4300 6259
1077 742 1248 808 qnam
1442 730 1580 795 {stis
1629 729 1695 791 in
1740 730 1868 792 vita
1919 730 2213 811 praesenti
2251 737 2364 792 :et

876 851 951 900 ,a
989 823 1252 906 potestis
1292 845 1316 872 t
1363 867 1386 892 1
1418 829 1705 910 quotidie
1743 827 2136 902 benefacere,
2170 836 2363 909 atque

862 921 928 984 id
975 923 1191 986 damni
1248 927 1420 1007 quod
1469 926 1536 988 in
1587 926 1778 1008 hujus
1841 926 2147 1007 unguenti
2197 925 2363 988 effu-

862 1020 1040 1084 sione
1099 1024 1384 1105 perpessi
1444 1032 1614 1100 sunt,
1667 1025 1759 1086 eis
1813 1042 2203 1106 recuperare.
2256 1027 2363 1087 Me

860 1129 1074 1184 autem
1125 1143 1256 1183 non
1300 1143 1546 1201 semper
1588 1126 1900 1185 habebitis
1948 1123 2361 1205 corporaliter

861 1217 1330 1302 visibiliterque
1389 1230 1788 1304 praesentem,
1842 1230 1912 1283 ut
1969 1223 2156 1285 modo
2210 1241 2223 1285 :
2279 1222 2365 1284 id·

862 1315 1032 1381 circo
1071 1338 1197 1383 non
1239 1327 1445 1402 potest
1481 1319 1637 1382 mihi
1678 1320 1965 1402 quotidie
2005 1319 2152 1382 fieri
2191 1321 2363 1402 quod

865 1435 1036 1479 nunc
1069 1416 1310 1481 factum
1347 1426 1445 1481 est
1481 1419 1665 1481 mihi.
1699 1419 2149 1481 Verumtamen
2192 1419 2365 1482 Chri-

862 1523 996 1578 stus
1047 1517 1405 1579 secundum
1453 1536 1633 1580 suam
1682 1517 2103 1592 divinitatem,
2155 1517 2363 1581 omni-

862 1614 983 1676 bus
1022 1616 1220 1691 adest,
1256 1615 1384 1679 imo
1417 1615 1482 1678 in
1522 1616 1820 1680 omnibus
1855 1624 1970 1692 est,
2007 1635 2121 1698 per
2149 1634 2363 1679 essen-

861 1714 1037 1790 tiam,
1101 1715 1448 1796 potentiam
1515 1723 1706 1797 atque
1770 1716 2229 1798 praesentiam3
2290 1716 2357 1778 in

1636 459 1987 507 ENARRArlo
2030 459 2096 506 m
2135 458 2275 506 cAP.
2322 458 2409 505 xn
2450 459 2727 506 somme.
2772 479 2853 492 --
2894 461 3035 508 ΛΒΤ.
3084 461 3212 507 XXX

1409 633 1503 694 im
1559 613 1802 709 semper
1857 633 2102 693 habetis
2159 632 2361 692 vobis·
2389 627 2441 690 A
2470 630 2710 694 tionem
2760 651 2887 696 non
2938 632 3098 695 risit.
3142 632 3531 714 Augustinus
3576 631 3754 706 dicit,
3798 633 3971 714 quod

2470 725 2573 791 isti
2608 739 2922 794 venerunt
2958 731 3025 792 in
3056 731 3420 793 Bethaniam
3460 749 3537 792 ex
3576 730 3967 802 curiositate,

2472 847 2596 891 non
2647 830 2927 892 caritate.
2983 828 3088 891 Est
3144 839 3352 892 tamen
3414 829 3748 912 probabile
3796 831 3969 910 quod

2470 927 2657 990 multi
2698 947 2921 991 eorum
2952 947 3029 991 ex
3060 929 3392 992 devotione
3422 937 3758 991 venerunt.
3794 928 3970 1000 Quod

2471 1043 2548 1087 ex
2591 1026 2839 1090 duobus
2883 1027 3137 1089 elicitur
3174 1045 3188 1089 ε
3234 1028 3461 1109 primo,
3495 1027 3805 1108 quoniam
3850 1034 3972 1089 sta-

2471 1124 2588 1186 tim
2637 1124 3070 1206 subjungitur,
3122 1127 3293 1207 quod
3354 1133 3614 1208 propter
3664 1124 3968 1186 Lazarum

2473 1223 2656 1287 multi
2697 1224 3041 1287 credebant
3080 1225 3145 1286 in
3182 1225 3434 1304 Jesum3
3480 1225 3783 1300 secundo,
3816 1224 3969 1306 quia

2472 1322 2763 1403 sequenti
2812 1322 2915 1384 die
2950 1321 3398 1385 solennissime
3440 1341 3514 1385 ac
3556 1322 3967 1386 devotissime

2474 1421 2906 1502 perduxerunt
2944 1421 3160 1483 Jesum
3205 1421 3271 1482 in
3312 1421 3683 1483 Jerusalem.

2556 1521 3017 1597 Coyicaverunt
3060 1529 3302 1590 autem,
3354 1519 3417 1582 id
3466 1527 3582 1594 est,
3634 1519 3963 1601 cogitando
4084 1527 4143 1583 ¹0

2474 1618 2911 1681 decreverunt.
2974 1616 3257 1699 Cogitare
3319 1635 3465 1682 vero
3526 1619 3768 1681 malum
3830 1619 3965 1681 sine

2474 1734 2809 1791 consensu,
2854 1734 2979 1779 non
3028 1724 3125 1779 est
3170 1717 3326 1779 adeo
3373 1716 3654 1797 malum;
3704 1719 3815 1780 sed
3864 1719 3963 1780 isti

861 1813 1046 1876 bonis
1076 1832 1350 1896 quoque,
1373 1833 1486 1897 per
1514 1815 1798 1896 gratiam.
1821 1814 2184 1877 Secundum
2212 1834 2359 1896 quo·
2402 1815 2450 1878 B
2477 1814 2837 1895 cogitationi
2906 1814 3201 1895 malignae
3264 1815 3634 1895 adjecerunt
3700 1835 3965 1880 eonsen-

863 1931 991 1994 que
1035 1921 1322 1975 naturam
1368 1922 1782 1997 assumptam,
1814 1915 1993 1977 adest
2037 1914 2221 1978 nobis
2260 1913 2359 1994 ju-

862 2011 1026 2092 giter
1079 2020 1271 2093 atque
1328 2012 1614 2094 quotidie
1672 2031 1785 2096 per
1841 2013 2361 2076 sacramentalem

869 2110 1292 2191 praesentiam,
1327 2111 1679 2173 secundum
1708 2111 1879 2192 quod
1908 2110 1998 2173 ait
2024 2111 2194 2193 apud
2224 2110 2363 2172 Mat·

626 2217 800 2264 uam·-
869 2207 1106 2271 thaeum
1151 2226 1164 2270 ε
1215 2207 1373 2271 Ecce
1421 2226 1536 2290 ego
1585 2208 1920 2272 vobiscum
1969 2227 2112 2270 sum
2160 2209 2366 2272 omni-

573 2282 807 2332 ¹¹'¹¹¹'²⁰’
868 2305 990 2367 bus
1052 2305 1278 2369 diebus
1340 2325 1544 2389 usque
1605 2307 1684 2368 ad
1747 2307 2365 2371 consummationem

869 2405 1108 2467 saeculi.

685 2501 722 2556 9
951 2506 1256 2581 Coynovic
1298 2525 1446 2582 erqo
1491 2507 1680 2566 curba
1709 2507 1916 2566 multa
1947 2525 2028 2566 ex
2055 2506 2363 2575 Judaeis*,

571 2579 838 2698 {iamim
870 2602 931 2663 id
977 2610 1072 2665 est
1121 2602 1384 2684 plurimi
1431 2603 1814 2678 Judzeorum,
1861 2603 2214 2685 praesertim
2264 2621 2367 2666 eo-

867 2720 1009 2764 rum
1039 2702 1152 2783 qui
1185 2701 1250 2763 in
1280 2701 1625 2763 Jerusalem
1656 2701 2044 2777 habitabant,
2079 2702 2178 2765 vel
2212 2701 2365 2765 illuc

865 2808 1294 2863 convenerant
1322 2801 1400 2862 ad
1431 2799 1599 2861 diem
1631 2799 1960 2863 solennem
1993 2801 2358 2862 instantem.

861 2898 1208 2961 Jerusalem
1253 2899 1423 2961 enim
1471 2916 1668 2981 prope
1712 2897 2076 2961 Bethaniam
2121 2898 2245 2960 fuit
2284 2900 2362 2961 ad

2477 1933 2641 1975 sum.
2676 1913 3119 1994 Cogitaverunt
3148 1930 3296 1994 ergo
3317 1915 3652 1993 principes
3678 1919 3967 1976 sacerdo-

2478 2021 2639 2080 tum,
2670 2012 2782 2094 qui
2816 2011 3195 2074 videbantur
3234 2029 3449 2093 regere
3489 2013 3824 2095 populum,
3858 2016 3963 2077 sed

2476 2109 2762 2174 subditos
2800 2117 3263 2192 perverterunt,
3297 2111 3450 2192 quia
3476 2112 3833 2190 secundum
3867 2113 3963 2193 ju·
3984 2129 4199 2182 Exime.

2475 2209 2681 2271 dicem
2726 2209 2969 2291 populi,
3003 2209 3096 2271 sic
3142 2209 3414 2271 ministri
3455 2208 3616 2290 ejuS,
3650 2220 3727 2272 ut
3752 2221 3815 2273 ec
3841 2215 3963 2273 La-

2474 2329 2705 2370 zarum
2746 2309 3202 2385 interficerent.
3244 2308 3312 2370 In
3357 2327 3486 2390 quo
3530 2316 3701 2392 patet
3743 2328 3959 2374 eorum

2475 2406 2868 2470 intoleranda
2916 2407 3317 2488 perversitas,
3363 2425 3741 2490 summaque
3788 2411 3965 2472 caeci-

2474 2514 2568 2567 tas
2621 2524 2634 2568 :
2688 2505 2915 2586 primo,
2958 2505 3129 2586 quod
3180 2505 3363 2568 illum
3412 2506 3754 2569 voluerunt
3802 2509 3967 2572 occi-

2476 2603 2624 2665 dere
2661 2620 2854 2684 quem
2895 2602 3057 2664 Deus
3096 2609 3225 2664 tam
3264 2604 3835 2685 supernaturaliter
3878 2604 3966 2666 vi-

2476 2700 2799 2781 vificavi't3
2844 2701 3143 2774 secundo,
3186 2702 3357 2782 quod
3408 2702 3713 2783 putabant
3753 2703 3961 2765 Jesum

2476 2819 2602 2864 non
2652 2817 2836 2882 posse
2886 2799 3191 2861 suscitare
3237 2800 3541 2878 occisum,
3584 2819 3780 2882 quem
3830 2822 3965 2863 sus-

2475 2898 2693 2961 citavit
2736 2915 2851 2979 per
2892 2906 3165 2979 quatuor
3208 2898 3339 2960 dies
3385 2899 3729 2981 sepultum.
3767 2899 3961 2963 Causa

865 2995 1235 3078 quindecim
1285 2997 1483 3059 stadia
1517 3016 1531 3060 :
1568 2998 1789 3078 sicque
1831 2997 2103 3060 faciliter
2147 3015 2365 3079 perce-
2398 2999 2441 3062 C
2476 3015 2624 3061 vero
2671 3013 2869 3078 quare
2926 2995 3047 3059 hoc
3104 3002 3479 3076 statuerunt,
3529 2999 3891 3061 annectitur
3936 3018 3951 3061 :

866 3103 1100 3178 perunt
1133 3095 1344 3172 Jesum
1388 3096 1744 3170 advenisse,
1789 3095 2142 3177 praesertim
2184 3096 2357 3177 quia,

569 3204 834 3256 nid-11³⁹:
867 3193 1218 3256 secundum
1256 3192 1412 3256 alios
1451 3191 1903 3273 EvangelistaS,
1939 3211 2165 3274 magna
2206 3211 2363 3274 quo-

570 3270 836 3382 fflssffissffi
865 3307 994 3373 que
1032 3289 1223 3353 turba
1259 3291 1436 3354 venit
1472 3309 1618 3353 cum
1656 3291 1802 3353 Jesu
1843 3309 2045 3373 usque
2087 3292 2165 3352 ad
2209 3291 2363 3354 Jeri-

571 3396 810 3450 ⁸⁵·³⁶·⁴³·
867 3390 1008 3465 cho,
1043 3396 1106 3451 et
1136 3389 1300 3450 ultra
1329 3388 1492 3453 forte
1523 3407 1727 3470 usque
1756 3390 1833 3451 ad
1865 3389 2250 3452 Bethaniam.
2275 3393 2362 3451 Et

865 3498 1179 3549 venerunt
1234 3505 1310 3549 ex
1366 3485 1711 3549 Jerusalem
1771 3488 2056 3569 locisque
2104 3487 2355 3563 viciniS,

861 3587 940 3648 ad
980 3586 1194 3648 Jesum
1239 3585 1338 3647 vel
1385 3586 1464 3647 ad
1508 3584 1896 3660 Bethaniam,
1933 3606 2062 3646 non
2094 3596 2361 3664 propter

858 3687 1079 3746 Jesum
1121 3692 1394 3755 tantum,
1425 3687 1536 3744 sed
1573 3692 1646 3744 ut
1673 3687 2009 3745 Lazarum
2041 3687 2361 3756 viderent,

862 3803 1050 3862 quem
1090 3782 1269 3844 Jesus
1317 3783 1656 3843 suscitavit
1692 3803 1733 3841 a
1775 3785 2068 3844 mortuis,
2107 3781 2355 3863 Duplici

862 3898 1011 3961 ergo
1071 3881 1148 3942 de
1205 3899 1394 3941 causa
1451 3887 1765 3942 venerunt
1816 3898 1829 3941 :
1887 3898 2034 3953 una,
2098 3887 2360 3963 propter

859 3978 1094 4053 Jesum,
1149 3985 1219 4040 ut
1269 3978 1408 4059 ejus
1468 3978 1982 4059 praedicationem
2039 3978 2354 4054 audirent,

862 4077 1134 4158 ejusque
1165 4094 1500 4159 personam
1531 4075 1882 4150 visitarent,
1915 4084 1978 4138 et
2007 4095 2201 4159 opera
2230 4095 2361 4139 cer-

2471 3097 2627 3175 quia
2672 3098 2865 3155 multi
2892 3103 3158 3172 propter
3195 3097 3389 3157 illum
3424 3098 3690 3158 abibant
3726 3117 3810 3156 em
3844 3099 3957 3158 Ju-
4080 3105 4130 3159 ss

2469 3194 2650 3264 doeis,
2693 3192 2757 3254 id
2800 3199 2916 3266 est,
2951 3191 3135 3254 multi
3175 3193 3557 3274 Judaeorum,
3589 3202 3654 3256 et
3693 3212 3771 3257 ex
3816 3214 3961 3258 con-

2471 3290 2851 3352 sideratione
2900 3289 3056 3351 tanti
3113 3289 3426 3366 miraculi,
3478 3298 3541 3353 et
3589 3309 3665 3353 ex
3718 3292 3959 3356 visione

2472 3387 2756 3451 sensibili
2800 3387 3035 3462 Lazari,
3069 3387 3207 3451 loco
3246 3396 3309 3449 et
3348 3397 3512 3464 voto,
3547 3408 3660 3451 seu
3699 3409 3961 3472 corpore

2470 3496 2533 3551 et
2579 3495 2812 3561 mente,
2862 3493 3351 3567 segregaverunt
3399 3505 3467 3550 se
3512 3507 3551 3549 a
3594 3488 3827 3551 Judaeis
3874 3490 3963 3551 in-

2470 3586 2769 3659 credulis,
2802 3595 2859 3645 ec
2897 3587 3236 3646 credebant
3276 3587 3344 3646 in
3382 3571 3625 3656 Jesum,
3656 3589 3827 3668 quod
3870 3606 3965 3650 es-

2470 3693 2566 3747 set
2602 3685 2886 3748 Christus
2917 3691 2979 3745 et
3008 3683 3204 3746 Filius
3243 3683 3374 3745 Dei.
3408 3683 3536 3748 Hoc
3569 3685 3815 3768 quippe
3854 3686 3963 3748 mi-

2470 3782 2757 3844 raculum
2786 3780 2910 3843 fuit
2947 3779 3281 3842 sufficiens
3324 3781 3761 3844 testimonium
3790 3785 3961 3865 quod

2471 3899 2619 3944 vera
2665 3887 2832 3941 esset
2880 3879 3241 3960 praedieatio
3283 3878 3535 3942 Christi.
3569 3879 3657 3942 Ne
3702 3899 3851 3962 ergo
3894 3881 3960 3943 hi

2469 3979 2817 4052 crederent,
2868 3984 2931 4038 et
2979 3985 3049 4038 ut
3102 3976 3259 4038 tanti
3309 3977 3600 4040 miraculi
3654 3979 3961 4042 memoria

2470 4077 2808 4160 sopiretur,
2862 4075 3203 4138 voluerunt
3260 4075 3572 4157 perimere
3630 4075 3953 4152 Lazarum,

863 4183 1088 4238 nerent
1122 4194 1138 4256 ;
1189 4175 1332 4250 alia,
1396 4181 1656 4257 propter
1711 4174 2039 4255 Lazarum,
2101 4183 2170 4236 ut
2227 4183 2357 4238 tam
2387 4181 2435 4242 D
2466 4193 2661 4258 quem
2698 4174 2862 4236 Deus
2900 4175 3042 4237 ideo
3081 4175 3410 4238 suscitavit
3442 4183 3513 4237 ut
3549 4174 3841 4238 homines
3880 4177 3957 4239 si-

859 4273 1155 4336 mirabile
1213 4272 1453 4336 factum
1511 4273 2094 4354 experimentaliter
2152 4274 2358 4336 intue-

861 4380 1104 4448 rentur,
1133 4380 1325 4453 atque
1368 4372 1445 4433 de
1491 4372 1698 4453 poenis
1738 4372 2047 4452 gehennae
2084 4379 2146 4434 et
2190 4379 2355 4434 statu

860 4471 1120 4533 alterius
1161 4471 1308 4534 vitae
1342 4469 1558 4551 aliqua
1597 4470 2073 4533 sciscitarentur
2112 4471 2214 4534 vel
2255 4471 2357 4534 do-

861 4577 1176 4633 cerentur.
1218 4569 1518 4632 Homines
1565 4569 1809 4650 quippe
1855 4569 2040 4631 avide
2087 4576 2355 4631 currunt

857 4669 937 4730 ad
967 4668 1313 4730 videndum
1351 4667 1514 4728 mira
1543 4676 1606 4729 et
1634 4667 2025 4730 inconsueta.
2061 4667 2208 4729 Erat
2244 4687 2358 4729 au-

859 4775 987 4830 tem
1037 4765 1328 4829 mirabile
1377 4765 1579 4841 valde,
1632 4766 1914 4847 itemque
1968 4766 2351 4847 jucundum,

859 4884 1120 4928 cernere
1166 4865 1662 4948 quatriduanum
1712 4873 2034 4927 mortuum
2086 4865 2355 4927 resusci-

860 4971 1083 5040 tatum,
1122 4983 1269 5027 cum
1313 4963 1680 5027 hominibus
1724 4964 1934 5026 denuo
1977 4981 2357 5026 conversan-

862 5070 1010 5137 tem,
1037 5063 1546 5134 manducantem,
1581 5061 1930 5136 bibentem,
1964 5061 2353 5143 loquentem,

860 5167 923 5223 et
965 5169 1172 5224 cetera
1213 5161 1358 5224 vitae
1405 5177 1598 5242 opera
1639 5167 2062 5222 exercentem.
2097 5159 2354 5241 Legitur

859 5268 1092 5335 tamen,
1142 5260 1314 5341 quod
1359 5259 1626 5322 Lazarus
1675 5266 1819 5342 post
1864 5277 2043 5321 suam
2091 5259 2355 5321 suscita-

2468 4276 2611 4336 dem
2638 4272 3015 4335 adhiberent
3050 4272 3317 4336 Domino
3343 4273 3509 4335 Jesu.
3542 4271 3663 4336 Sed
3692 4293 3822 4338 non
3858 4283 3953 4337 est
4000 4297 4187 4339 mun.
4253 4315 4254 4348 2

2467 4372 2795 4455 sapientia,
2832 4390 2956 4434 non
2996 4378 3091 4433 est
3131 4371 3479 4453 prudentia,
3515 4390 3641 4434 non
3680 4381 3778 4435 est
3819 4393 3954 4437 con·
3977 4363 4037 4402 ³⁰·

2466 4472 2683 4534 silium
2726 4477 2943 4533 contra
2988 4469 3324 4532 Dominum
3369 4477 3431 4531 et
3470 4487 3713 4532 verum.
3748 4471 3951 4554 Atque

2466 4571 2530 4632 in
2590 4569 2728 4631 istis
2786 4568 3181 4631 sacerdotum
3246 4568 3646 4650 principibus
3712 4579 3953 4634 constat

2465 4669 2800 4750 impletum
2849 4667 3020 4749 quod
3066 4667 3154 4728 ait
3205 4666 3727 4749 psalmographus
3778 4688 3794 4732 ε
3846 4669 3955 4734 Do-
4010 4687 4191 4730 rama„

2464 4767 2678 4829 minus
2718 4765 2981 4847 dissipat
3020 4765 3283 4828 consilia
3317 4765 3626 4846 gentium,
3661 4767 3954 4849 reprobat
3980 4752 4113 4802 ¹⁰³¹·

2463 4873 2676 4928 autem
2728 4864 3135 4945 cogitationes
3186 4863 3589 4945 populorum,
3632 4871 3696 4926 et
3742 4883 3956 4948 repro-

2464 4964 2571 5026 bat
2613 4962 2877 5026 consilia
2917 4961 3314 5043 principum3
3357 4961 3693 5024 consilium
3741 4972 3949 5025 autem

2464 5060 2713 5124 Domini
2742 5059 2809 5122 in
2840 5069 3145 5123 aeternum
3179 5067 3411 5121 manet.
3448 5059 3636 5123 Porro
3662 5060 3777 5142 qui
3808 5079 3952 5124 con-

2464 5168 2559 5220 tra
2592 5158 2905 5239 justitiam
2941 5158 3353 5234 machinatur,
3388 5167 3451 5221 et
3484 5159 3810 5222 veritatem
3848 5179 3951 5242 op-

2465 5258 2741 5340 primere
2800 5257 3043 5333 nititur,
3102 5275 3233 5339 quo
3294 5256 3675 5339 profundius
3734 5259 3945 5322 modos
