4300 6259
657 2553 728 2610 23

626 5141 847 5188 rous-113.
876 5118 1002 5181 bllS
1063 5115 1296 5179 dicitur

680 5285 846 5324 ‚‚‚‚‚‚‚‚

861 493 982 557 538

862 683 1162 746 neraliter
1206 681 1490 764 loquitur
1536 681 1614 742 de
1660 687 1910 742 amante
1959 688 2022 743 et
2065 679 2357 742 mercede
2385 676 2438 737 A
2467 697 2593 741 non
2635 696 2891 760 peccem
2922 679 3062 742 tibi.
3096 679 3171 742 Et
3200 687 3371 742 certe
3396 680 3791 763 quicumque
3818 701 3958 746 eor—

862 783 1154 846 amantis.

946 884 1122 944 Dicit
1161 883 1222 940 ei
1257 883 1482 952 Judas,
1527 899 1656 940 non
1696 880 1808 938 ille
1849 881 2202 949 [scariote-s,
2236 879 2355 942 hoc

862 989 958 1043 est
989 1000 1111 1043 non
1145 979 1453 1042 oriundus
1492 979 1570 1040 de
1610 976 1748 1040 vico
1789 979 2046 1040 nomine
2076 979 2351 1052 Carioth,

861 1079 973 1162 qui
1032 1078 1289 1141 tradidit
1334 1076 1695 1158 Dominum,
1749 1077 1858 1138 sed
1913 1076 2101 1138 Judas
2159 1076 2355 1139 frater

859 1176 1070 1242 Jacobi
1109 1176 1366 1240 Minoris
1395 1174 1610 1256 (cujus
1646 1175 1820 1237 Judae
1862 1183 1958 1238 est
1997 1174 2223 1238 ultima
2260 1194 2356 1238 se-

862 1284 1034 1359 ptem
1084 1275 1532 1338 canonicarum
1581 1273 2044 1355 epistolarum),
2086 1293 2353 1338 consan-

857 1375 1130 1457 guineus
1179 1373 1432 1448 Christi,
1486 1371 1788 1454 quoniam
1837 1371 2014 1434 filius
2063 1381 2355 1436 materte-

861 1492 947 1536 1·ae
1003 1472 1143 1552 ejus
1195 1491 1209 1534 ε
1265 1471 1561 1542 Domine,
1611 1471 1776 1549 quid
1818 1470 2073 1546 factum
2125 1481 2235 1542 est,
2289 1470 2351 1533 id

861 1580 978 1651 est,
1029 1591 1143 1633 cur
1197 1569 1448 1643 accidit,
1497 1571 1658 1649 quia
1706 1570 2244 1648 manifestaturus
2290 1591 2354 1630 es

859 1673 1039 1734 nobis
1083 1680 1138 1730 te
1181 1672 1418 1746 ipsum,
1461 1678 1521 1728 et
1565 1687 1688 1727 non
1734 1669 2026 1728 mundo?
2069 1667 2189 1730 hoc
2232 1676 2348 1743 est,

860 1787 975 1831 cur
1036 1775 1278 1829 tantum
1342 1765 1602 1848 praefers
1668 1783 1781 1826 nos
1839 1764 2086 1836 ceteriS,
2148 1785 2352 1847 quum

860 1867 1061 1929 simus
1119 1866 1383 1946 abjectae
1430 1865 1758 1946 personae?
1807 1861 2146 1924 Mirabatur
2202 1863 2355 1926 hinc
2391 1864 2682 1926 Bamans
2726 1864 3046 1928 Christum
3097 1873 3159 1928 et
3208 1865 3265 1928 ei
3316 1864 3617 1928 obediens
3658 1867 3957 1948 diligetur

856 1965 1062 2040 sudas,
1083 1964 1238 2046 quia
1267 1961 1621 2024 humilibus
1653 1961 1888 2023 mirum
1921 1960 2172 2024 videtur
2204 1963 2355 2025 dum

859 2062 1002 2124 aliis
1063 2061 1510 2144 praeferuntur,
1562 2077 1762 2140 quum
1814 2058 1935 2140 ipsi
1989 2059 2147 2122 alios
2199 2079 2356 2141 prae-

862 2160 1071 2223 serant
1107 2159 1252 2222 sibi.
1296 2158 1372 2220 Et
1415 2158 1580 2220 sicut
1624 2157 1884 2239 patebit,
1927 2176 2116 2220 causa
2161 2158 2355 2240 hujus

863 2258 1006 2331 fuit,
1040 2258 1193 2341 quia
1231 2257 1531 2339 discipuli
1572 2256 1636 2318 in
1682 2255 2124 2338 spiritualibus
2169 2257 2354 2320 bonis

861 2357 1338 2420 excellentiores
1387 2355 1646 2418 suerunt
1694 2357 1955 2430 mundo,
2000 2356 2109 2437 qui
2168 2357 2357 2438 perti-

863 2464 970 2519 net
1011 2458 1087 2519 ad
1131 2474 1402 2518 massam
1448 2453 1844 2538 perditionis,

941 2557 1296 2635 Respondit
1342 2557 1542 2626 JesuS,
1587 2562 1647 2613 et
1693 2554 1871 2613 dimit
1918 2553 1980 2613 ei
2019 2573 2041 2612 .·
2082 2554 2162 2615 Si
2208 2556 2356 2633 quis

859 2657 1084 2732 dz‘liyit
1129 2675 1226 2715 me
1262 2675 1285 2714 .·
1326 2671 1452 2716 non
1498 2651 1631 2718 sola
1674 2651 2012 2715 dilectione
2057 2651 2352 2726 naturali,

858 2772 986 2835 qua
1035 2761 1096 2815 et
1144 2750 1398 2834 reprobi
1449 2750 1724 2832 diligunt
1771 2749 1990 2824 Deum,
2035 2759 2097 2813 et
2145 2751 2353 2831 angeli

857 2859 1156 2934 apostatae
1207 2852 1398 2912 Deum
1455 2849 1819 2912 dilexerunt
1871 2857 2016 2911 ante
2077 2850 2352 2922 ruinam,

858 2950 1045 3014 etiam
1081 2950 1224 3032 plus
1257 2969 1451 3031 quam
1482 2966 1549 3010 se
1580 2948 1774 3030 ipSOS,
1810 2950 2159 3011 secundum
2194 2948 2357 3012 Tho-

859 3069 1028 3112 mam
1077 3057 1139 3111 et
1181 3048 1456 3120 Scotum,
1493 3048 1623 3109 imo
1663 3047 2016 3110 secundum
2061 3048 2355 3130 Augusti·
2393 3051 2436 3114 C
2465 3053 2740 3114 adventu
2800 3049 2997 3112 Patris
3056 3057 3117 3110 et
3167 3049 3310 3111 Filii
3368 3052 3445 3113 ad
3503 3069 3611 3113 cor
3666 3051 3962 3126 amantiS,

859 3168 1037 3222 num,
1091 3148 1203 3230 qui
1255 3147 1410 3210 dicit
1456 3147 1628 3228 quod
1683 3146 2128 3208 intellectualis
2185 3165 2357 3210 crea-

857 3255 1001 3314 tura
1039 3246 1310 3309 naturali
1351 3245 1690 3309 dilectione
1730 3245 1874 3326 plus
1915 3244 2120 3324 diligit
2156 3244 2353 3308 Deum

858 3366 1052 3428 quam
1110 3363 1176 3408 se
1236 3345 1437 3426 ipsam
1497 3343 1708 3424 (aliter
1764 3342 2008 3424 aliquid
2069 3344 2355 3406 naturale

857 3452 1026 3506 esset
1055 3443 1508 3516 inordinatum,
1541 3459 1740 3522 quum
1783 3448 1990 3502 tamen
2025 3447 2354 3520 peccatum

857 3563 985 3607 non
1037 3542 1118 3604 sit
1166 3542 1288 3604 nisi
1339 3559 1624 3604 recessus
1671 3540 1750 3602 ab
1795 3559 1870 3604 eo
1913 3541 2084 3623 quod
2129 3547 2226 3602 est
2262 3559 2357 3602 se-

859 3643 1142 3704 cundum
1211 3648 1524 3710 naturam,
1595 3639 1948 3701 secundum
2025 3637 2353 3700 Damasce-

859 3759 1036 3814 num,
1091 3740 1190 3802 vel
1240 3757 1526 3801 recessus
1574 3737 1652 3799 ab
1702 3737 1945 3811 ordine,
1992 3737 2176 3818 juxta
2223 3757 2357 3799 ma-

856 3857 1054 3920 gnum
1085 3847 1277 3920 atque
1307 3836 1596 3900 divinum
1627 3835 2065 3917 Dionysium);
2101 3837 2210 3898 sed
2242 3836 2355 3917 qui

860 3937 1070 4017 diligit
1128 3955 1230 3998 me
1287 3935 1626 3998 dilectione
1676 3935 1950 4015 gratuita
2005 3943 2066 3996 et
2117 3934 2351 4010 infusa,

861 4055 1006 4118 quae
1072 4043 1166 4096 est
1231 4041 1408 4096 actus
1467 4033 1721 4096 virtutis
1788 4032 2157 4112 theologicae
2214 4052 2357 4114 quae

863 4134 1090 4197 caritas
1135 4131 1494 4214 appellatur
1537 4131 1950 4212 (quandoque
2001 4139 2208 4193 tamen
2265 4132 2361 4194 di-

1583 507 1934 556 ENARRATIO
1976 508 2036 552 ΙΝ
2079 506 2218 553 GAP.
2265 507 2372 552 xlv
2411 505 2687 554 JOANNIS.
2732 526 2812 538 -—
2853 508 2995 553 Am.
3044 509 3233 556 xxxv1

2464 775 2715 839 dialiter
2772 777 2980 858 diligit
3036 778 3338 860 aliquem,
3391 777 3583 841 verba
3633 779 3775 860 ejus
3824 799 3957 842 me-

2465 877 2725 939 moriter
2774 879 3024 950 retinet,
3068 877 3207 958 ejus
3256 879 3658 942 sermonibus
3704 881 3773 942 in
3816 879 3955 942 liei-

2461 976 2543 1037 tis
2590 976 2957 1060 acquiescit.
3012 975 3101 1039 Ex
3161 977 3417 1040 caritate
3473 996 3621 1059 ergo
3669 980 3956 1060 procedit

2462 1075 2841 1138 obedientia.

2544 1177 2629 1234 Et
2671 1176 2873 1236 Pater
2912 1194 3087 1234 meus
3128 1175 3359 1252 diliget
3400 1195 3569 1236 eum.
3612 1174 3727 1248 Qui
3778 1177 3951 1238 enim

2462 1272 2684 1353 diligit·
2720 1291 2911 1335 unam
2960 1272 3323 1335 divinarum
3370 1272 3809 1348 Personarum,
3860 1276 3956 1338 di-

2465 1370 2605 1452 ligit
2649 1390 2869 1434 omnes
2930 1380 3075 1446 treS,
3128 1380 3190 1434 et
3238 1373 3349 1454 qui
3398 1372 3476 1435 ab
3524 1392 3651 1435 una
3698 1374 3951 1437 illarum

2466 1468 2774 1549 diligitur,
2836 1469 3027 1533 simul
3083 1490 3120 1533 a
3176 1470 3381 1532 tribus
3436 1479 3685 1534 amatur
3735 1491 3750 1535 t
3802 1473 3955 1555 quia

2464 1567 2629 1630 sicut
2668 1587 2783 1631 nos
2823 1567 3148 1648 diligimus
3187 1569 3553 1631 Trinitatem
3597 1572 3817 1632 eadem
3860 1572 3957 1634 di-

2464 1667 2757 1738 lectione,
2811 1667 2897 1728 ita
2951 1687 2987 1729 a
3046 1668 3313 1748 singulis
3372 1668 3605 1730 divinis
3664 1669 3955 1732 Personis

2464 1767 2682 1828 eadem
2729 1766 2985 1828 caritate
3027 1785 3335 1828 amamur.
3378 1766 3700 1840 Quomodo
3743 1777 3956 1831 autem

2462 1983 2499 2026 a
2556 1962 2752 2038 Patre,
2810 1964 2943 2044 jam
3000 1963 3240 2026 dictum
3298 1972 3396 2026 est
3452 1964 3705 2046 plenius
3764 1985 3959 2048 super
4020 1989 4193 2030 man.
4253 2019 4254 2046 ᾖ

2464 2061 2624 2124 illud
2678 2080 2691 2124 :
2742 2060 2860 2134 Qui
2911 2062 3117 2142 diligit
3177 2080 3300 2137 mc,
3350 2062 3649 2144 diligetur
3696 2083 3733 2126 a
3779 2065 3959 2126 Patre
4253 2061 4254 2078 ³

2465 2179 2628 2223 meo.
2682 2160 2985 2223 Dominus
3044 2162 3215 2223 enim
3273 2161 3478 2243 diligit
3522 2161 3749 2244 justos.
3800 2163 3955 2237 imo,
3990 2187 4203 2230 pacans

2464 2262 2815 2323 seeundum
2847 2259 3267 2336 Aristotelem,
3301 2261 3401 2322 vir
3430 2263 3961 2344 contemplativus
4253 2255 4254 2268 ¹

2464 2369 2657 2442 atque
2695 2359 3037 2434 theoricus,
3080 2368 3176 2422 est
3212 2360 3687 2424 amantissimus
3727 2361 3874 2426 Deo.

2550 2463 2631 2520 Et
2660 2461 2748 2518 ad
2776 2478 2924 2518 eum
2956 2459 3302 2530 veniemus,
3341 2477 3464 2522 non
3508 2477 3622 2540 per
3660 2460 3782 2522 loci
3823 2479 3965 2521 mu-

2464 2558 2791 2632 tationem,
2846 2556 2945 2619 vel
2996 2558 3389 2638 corporalem
3448 2576 3798 2631 accessum,
3848 2559 3960 2621 sed

2466 2675 2581 2738 per
2628 2656 2845 2736 gratiae
2890 2656 3491 2736 augmentationem,
3546 2675 3661 2738 per
3717 2657 3964 2719 dilecti-

2464 2756 2605 2819 onis
2658 2754 3143 2828 incrementum,
3199 2772 3314 2836 per
3359 2755 3647 2817 omnium
3698 2755 3965 2836 spiritu-

2464 2855 2663 2918 alium
2730 2853 3044 2915 bonorum
3110 2852 3729 2934 multiplicationem.
3790 2854 3961 2916 lstud

2464 2953 2639 3014 enim
2680 2951 3166 3031 intelligendum
3214 2958 3329 3025 est,
3366 2971 3491 3014 non
3531 2953 3609 3014 de
3656 2951 3964 3034 primaevo

2464 3149 2770 3231 quoniam
2802 3166 2989 3210 nemo
3027 3147 3235 3229 diligit
3267 3148 3367 3211 vel
3410 3147 3645 3223 obedit,
3680 3149 3805 3211 nisi
3836 3151 3968 3230 pri-

2464 3267 2569 3311 mo
2612 3255 2741 3311 tota
2784 3247 3054 3308 Trinitas
3098 3265 3247 3309 eum
3294 3247 3695 3328 praevenerit,
3738 3255 3803 3310 et
3850 3267 3969 3330 per

2462 3346 2681 3428 gratiae
2727 3344 3113 3407 infusionem
3176 3353 3451 3407 mentem
3501 3345 3643 3426 ejus
3692 3346 3969 3409 intrave-

2466 3446 2570 3508 rit.
2606 3444 2726 3507 Sed
2769 3444 2881 3525 qui
2927 3442 3154 3524 diligit,
3195 3444 3413 3524 gratiis
3460 3443 3816 3525 potioribus
3858 3447 3968 3508 ad-
4253 3501 4254 3516 ,

2466 3543 2793 3625 impletur.
2829 3542 3094 3604 Habenti
3139 3542 3311 3604 enim
3356 3541 3633 3604 dabitur.
3674 3541 3751 3604 Et
3786 3563 3967 3606 amor
3996 3561 4221 3665 ,uastam
4253 3547 4254 3594 i

2466 3641 2622 3705 facit
2676 3641 2891 3704 omnia
2952 3659 3091 3703 esse
3152 3641 3537 3704 communia.
3596 3640 3775 3704 Unde
3836 3629 4063 3724 quo¹··

2469 3741 2663 3802 Deum
2712 3759 2999 3802 amamus
3038 3739 3387 3815 ardentiuS,
3422 3757 3497 3802 eo
3542 3740 3759 3802 omnia
3801 3740 3969 3804 bona

2468 3858 2583 3902 sua
2621 3837 2939 3919 copiosius
2982 3837 3165 3900 nobis
3204 3836 3632 3900 communicat
3660 3845 3725 3899 et
3752 3837 3971 3900 infun-

2467 3938 2581 4000 dit.
2632 3936 2709 3998 Et
2757 3936 2810 3997 si
2860 3934 3235 3998 timentibus
3296 3934 3493 3997 Deum
3552 3935 3712 3998 nihil
3766 3937 3965 4012 deest,
4024 3959 4223 4002 pamm,

2467 4035 2625 4117 quid
2668 4033 2898 4116 poterit
2936 4035 3155 4095 deesse
3192 4033 3472 4095 amanti?
3512 4033 3623 4103 Vel
3660 4035 3817 4116 quid
3858 4055 3973 4117 po-
3999 4025 4064 4065 ¹⁰·

2467 4134 2617 4196 terit
2676 4132 2837 4194 Deus
2903 4149 3131 4212 negare
3190 4151 3305 4195 suo
3366 4131 3613 4196 fervido
3674 4133 3967 4208 amatori,

862 4233 1050 4297 lectio
1096 4251 1210 4313 pro
1255 4230 1474 4292 habitu
1519 4230 1812 4304 sumitur,
1854 4230 1917 4291 id
1961 4237 2056 4292 est
2102 4250 2217 4312 pro
2261 4250 2360 4292 ca-
2393 4237 2444 4299 D
2472 4250 2673 4313 quum
2708 4231 2887 4311 juxta
2920 4230 3315 4311 Apostolum,
3348 4229 3463 4302 Qui
3503 4231 3781 4294 adhaeret
3820 4231 3967 4308 Deo,
4035 4256 4215 4299 ιεοωι,
4253 4193 4254 4234 3

865 4330 1103 4409 ritate);
1134 4349 1486 4390 sermonem
1517 4349 1732 4390 meam
1759 4329 2055 4400 servabit,
2086 4329 2205 4392 hoc
2240 4338 2351 4406 est,

863 4428 1292 4508 evangelicam
1341 4426 1690 4490 doctrinam
1743 4426 2074 4500 custodiet,
2128 4446 2361 4508 praece-

866 4529 990 4611 ptis
1049 4526 1321 4598 obediet,
1383 4524 1758 4587 testimoniis
1818 4525 2050 4587 credet.
2105 4527 2360 4591 Amator

867 4627 1036 4689 enim
1091 4624 1396 4688 voluntati
1459 4623 1672 4686 dilecti
1732 4641 1799 4686 se
1852 4623 2064 4705 ipsum
2115 4624 2363 4689 confor-

872 4733 998 4787 mat
1051 4743 1064 4787 ε
1117 4722 1352 4785 ideirco
1401 4722 1513 4803 qui
1565 4740 1712 4785 vere
1760 4721 1967 4802 diligit
2016 4722 2357 4796 Christum,

870 4821 1179 4905 approbat
1208 4839 1352 4902 quae
1379 4820 1688 4902 approbat
1718 4820 2023 4895 ChristuS,
2058 4821 2192 4884 odit
2221 4841 2365 4902 quae

873 4920 1172 5003 reprobat
1229 4919 1358 4992 ille,
1411 4918 1562 4980 facit
1610 4919 1780 4999 quod
1830 4918 2076 4981 Christo
2134 4920 2363 5001 placet,

876 5019 1028 5082 vitat
1073 5018 1243 5100 quod
1287 5016 1582 5098 displicet
1627 5015 1744 5077 illi.
1791 5016 1962 5078 Unde
2007 5017 2072 5078 in
2117 5017 2371 5081 Prover-

1359 5134 1372 5178 :
1434 5114 1626 5179 Serva
1693 5115 1984 5177 mandata
2049 5123 2111 5177 et
2166 5116 2369 5196 legem

879 5216 1058 5298 quasi
1124 5215 1436 5297 pupillam
1494 5214 1660 5277 oculi
1720 5214 1855 5293 tui3
1907 5221 1969 5275 et
2021 5213 2369 5290 Psalmista,

883 5315 950 5376 ln
1011 5314 1200 5377 corde
1255 5331 1398 5376 meo
1453 5312 1753 5376 abscondi
1811 5312 2066 5394 eloquia
2122 5320 2251 5389 tua,
2307 5320 2377 5374 ut

2475 4349 2641 4392 unus
2680 4328 2945 4411 spiritus
2975 4331 3113 4390 est?
3145 4327 3355 4402 Porro,
3392 4329 3442 4389 si
3474 4327 3717 4410 aliquid
3758 4338 3967 4410 negat,
4001 4323 4065 4363 ¹⁷·

2476 4430 2595 4492 hoc
2625 4427 2777 4489 facit
2805 4445 2882 4489 ex
2914 4445 3139 4507 magna
3170 4426 3449 4502 caritate,
3474 4427 3792 4501 videlieet,
3818 4430 3973 4509 quia

2475 4525 2711 4590 amanti
2756 4545 2882 4588 non
2922 4525 3179 4606 expedit
3216 4525 3558 4606 impetrare
3594 4525 3767 4606 quod
3808 4535 3969 4600 orat,

2476 4626 2575 4691 vel
2618 4625 2755 4706 ipsa
2797 4623 3014 4686 dilatio
3058 4623 3234 4686 utilis
3277 4624 3333 4685 ei
3380 4623 3687 4686 consistit.

2558 4727 2644 4786 Ec
2676 4723 3074 4784 mansionem
3105 4724 3286 4800 apud
3313 4741 3457 4782 eum
3489 4722 3828 4800 faciemus,
3850 4721 3973 4784 hoe

2478 4828 2593 4894 est,
2648 4827 2925 4882 mentem
2986 4819 3124 4899 ejus
3180 4819 3453 4900 gratiose
3509 4825 3573 4881 et
3624 4819 3729 4901 pie
3788 4819 3973 4881 inha-

2477 4919 2847 4982 bitabimus.
2898 4917 2960 4979 Si
3017 4917 3189 4979 enim
3247 4924 3408 4979 teste
3463 4916 3784 4998 Apost010‚
3836 4936 3977 4980 cor-
4030 4928 4203 4974 man.
4253 4925 4254 4928 ¹

2480 5036 2634 5100 pora
2693 5023 2905 5078 nostra
2965 5024 3113 5077 sunt
3171 5014 3479 5096 templum
3539 5014 3669 5088 Dei,
3731 5022 3975 5097 quanto

2481 5114 2681 5195 magis
2721 5113 2988 5175 animas?
3022 5111 3095 5174 Et
3131 5112 3183 5174 si
3219 5111 3525 5174 debemus
3561 5111 3757 5174 Deum
3788 5113 3977 5194 glori·
4032 5134 4201 5179 mas.

2481 5212 2677 5275 ficare
2718 5220 2781 5274 et
2814 5219 3065 5293 portare
3100 5211 3162 5272 in
3203 5227 3465 5292 corpore
3508 5217 3741 5287 nostro,
3774 5230 3978 5292 quan-

2482 5319 2548 5375 to
2580 5310 2781 5392 magis
2823 5311 2889 5372 in
2919 5311 3133 5372 anima
3171 5327 3285 5392 per
3319 5308 3536 5391 jugem
3575 5311 3975 5385 memoriam,
