4300 6259
664 2457 731 2513 17

623 4146 685 4189 18.
709 4160 779 4195 vn,
800 4148 840 4195 9.

577 4209 701 4265 juxta
721 4208 838 4256 Lxx.

857 488 977 555 412

1627 504 1976 553 manuue
2017 503 2083 551 m
2123 504 2263 552 GAP.
2308 503 2394 550 vu
2434 503 2711 551 somma.
2756 522 2837 534 —
2876 504 3021 551 Am.
3065 504 3173 585 {IX

857 680 949 743 sic
996 680 1122 744 dici
1172 686 1378 762 potest
1422 679 1709 743 doctrina
1755 676 1975 753 PatriS,
2027 676 2181 758 quia
2238 694 2353 758 per
2381 675 2434 737 A
2542 673 2707 737 Talis
2754 694 3013 759 quoque
3068 676 3421 739 certissime
3468 675 3609 751 scit,
3661 677 3824 758 quod
3866 675 3921 737 in

857 780 1071 863 ipsum
1129 779 1388 842 instruit
1441 796 1683 843 omnes.
1734 778 1951 859 Itaque
1999 776 2085 837 ait
2136 794 2152 838 t
2204 778 2350 838 Mea

854 881 1176 947 doctrina,
1210 879 1328 941 hoc
1367 885 1462 939 est
1499 876 1808 959 sapientia
1845 894 1990 957 quae
2027 892 2141 955 ego
2182 894 2347 949 sum,

855 996 988 1037 non
1026 986 1115 1036 esc
1155 996 1315 1046 mea,
1359 974 1478 1037 hoc
1516 980 1611 1035 est
1647 993 1684 1035 a
1723 990 1824 1035 me
1875 972 2035 1053 ipso,
2067 973 2179 1031 sed
2214 971 2353 1048 ejus

855 1077 974 1155 qui
1003 1075 1181 1135 misit
1210 1094 1332 1142 me,
1365 1072 1608 1135 scilicet
1636 1070 1855 1147 PatriS,
1891 1078 2193 1151 tanquam
2228 1068 2355 1151 pri·

857 1173 945 1235 mi
1009 1173 1358 1254 aeternique
1423 1171 1617 1236 fontis
1678 1178 1869 1251 atque
1931 1168 2187 1232 datoris.
2250 1166 2354 1229 Sic

858 1273 1132 1354 quilibet
1171 1278 1458 1334 nostrum
1499 1271 1904 1333 considerans
1938 1286 2006 1329 se
2035 1284 2111 1329 ex
2152 1285 2219 1329 se
2257 1267 2354 1329 ni-

860 1370 950 1432 hil
990 1370 1244 1445 habere,
1279 1370 1387 1431 sed
1428 1376 1629 1432 totum
1660 1368 1831 1449 quod
1873 1366 2062 1429 habet
2091 1365 2191 1427 vel
2233 1372 2349 1439 est,

859 1469 1166 1531 divinitus
1217 1468 1553 1549 recepisse,
1606 1466 1816 1529 dicere
1874 1472 2082 1547 potest
2127 1483 2201 1525 ac
2248 1465 2353 1526 de-

859 1566 966 1629 bet
999 1585 1012 1628 ε
1047 1566 1178 1630 Mea
1224 1567 1457 1641 anima,
1503 1583 1642 1627 mea
1689 1563 1914 1635 virtuS,
1960 1580 2101 1624 mea
2148 1562 2355 1624 scien-

857 1666 966 1741 tia,
1002 1685 1128 1729 non
1169 1672 1262 1728 est
1302 1683 1460 1738 mea,
1496 1665 1604 1726 sed
1645 1662 1951 1727 Creatoris
1991 1661 2139 1723 mei.
2182 1660 2354 1723 Unde

861 1766 1212 1827 secundum
1253 1763 1699 1844 Augustinum,
1741 1761 2091 1825 doctrinam
2135 1759 2356 1841 appel-

2460 777 2805 841 christiana
2842 777 2977 857 lege
3016 776 3290 838 maxime
3327 777 3780 840 condemnatur
3814 794 3929 839 om-

2464 896 2543 939 ne
2579 884 2833 959 pactum
2882 894 3028 937 cum
3070 876 3375 949 daemone‚
3418 874 3628 938 omnis
3674 876 3931 956 operatio

2462 976 2723 1057 magicae
2766 974 2944 1048 artiS,
2978 974 3186 1036 omnis
3234 972 3556 1035 simulatio
3598 980 3785 1055 atque
3830 973 3935 1035 cal·

2464 1074 2674 1137 liditas
2709 1092 2723 1136 ε
2758 1073 2979 1155 sicque
3013 1072 3333 1153 cognoscit
3372 1071 3679 1133 miracula
3708 1091 3747 1133 a
3782 1070 3940 1134 Chri-

2465 1172 2685 1235 stianis
2726 1170 3049 1233 uberrime
3088 1169 3272 1243 facta,
3307 1189 3432 1233 non
3464 1188 3605 1232 esse
3642 1168 3805 1233 facta
3836 1188 3941 1252 ope

2467 1269 2779 1333 diabolica
2814 1276 3077 1350 arteque
3117 1268 3379 1349 magica,
3416 1275 3527 1329 aut
3563 1267 3945 1330 circumven-

2466 1370 2639 1433 tione
2680 1376 2745 1431 et
2782 1368 3124 1431 calliditate
3162 1366 3459 1441 humana,
3504 1367 3616 1428 sed
3656 1373 3945 1448 potestate

2466 1468 2702 1543 divina,
2754 1484 2899 1548 quae
2956 1465 3177 1528 falsam
3236 1465 3588 1529 doctrinam
3637 1465 3946 1527 miraculis

2466 1588 2593 1631 non
2648 1566 3004 1631 confirmat.
3056 1565 3340 1647 Denique
3398 1564 3543 1626 talis
3600 1564 3724 1626 scit
3767 1583 3946 1645 quam

2466 1675 2701 1741 sancta,
2740 1664 3038 1749 perfecta,
3070 1664 3343 1746 simplex
3377 1671 3440 1725 et
3478 1682 3641 1745 pura
3680 1662 3764 1724 sit
3800 1663 3949 1725 chri·

2466 1768 2669 1830 stiana
2715 1764 2977 1846 Religio,
3029 1764 3095 1825 in
3153 1781 3281 1844 qua
3336 1762 3551 1825 omnia
3598 1763 3676 1824 ad
3728 1762 3945 1845 privati

861 1865 946 1926 lat
986 1863 1092 1925 hic
1121 1863 1428 1937 ChristuS,
1458 1882 1584 1925 non
1619 1860 1972 1924 doctrinam
2003 1858 2350 1922 volubilem
2391 1861 2438 1923 B
2464 1865 2697 1929 amoris
2747 1864 3001 1945 plenam
3059 1860 3581 1944 exstirpationem
3626 1868 3691 1923 et
3738 1862 3817 1923 ad
3866 1861 3951 1922 di-

861 1969 923 2023 et
955 1980 1269 2034 sonoram,
1295 1961 1404 2022 sed
1435 1959 1834 2022 essentialem
1865 1976 1975 2020 seu
2009 1958 2350 2019 increatam

863 2061 1208 2124 scientiam.
1229 2060 1413 2122 Istam
1443 2058 1902 2141 expositionem
1927 2075 2051 2120 non
2081 2055 2355 2118 arbitror

863 2159 1224 2234 litteralem,
1275 2157 1429 2240 quia
1477 2157 1827 2220 secundum
1881 2174 2018 2217 eam
2069 2153 2355 2217 Christus

865 2277 990 2322 non
1036 2258 1274 2320 directe
1315 2256 1609 2319 solvisset
1655 2254 2072 2336 quaestionem
2117 2252 2359 2315 Judaeo-

867 2378 1008 2421 rum
1040 2357 1411 2430 dicentium,
1436 2354 1758 2428 Quomodo
1787 2354 1893 2415 hic
1923 2353 2163 2416 litteras
2200 2352 2356 2415 seit?

948 2458 1026 2518 Si
1062 2458 1208 2537 quis
1239 2456 1518 2515 voluerit
1549 2454 1871 2517 voluntate
1909 2451 2182 2524 efficaci,
2218 2468 2361 2532 pro-

863 2556 1126 2619 cedente
1156 2553 1222 2616 in
1261 2572 1422 2636 opus
1462 2571 1660 2634 quum
1705 2558 1930 2633 potest,
1965 2554 2360 2611 voluntatem

860 2656 1001 2731 ejus
1058 2654 1295 2731 facere,
1345 2650 1465 2714 hoc
1523 2658 1618 2712 est
1674 2650 1798 2713 Deo
1853 2648 2015 2711 Patri
2074 2648 2356 2722 obedire,

863 2750 1003 2833 ejus
1044 2756 1359 2833 praecepta
1398 2750 1727 2824 servando,
1760 2756 1950 2831 atque
1981 2748 2044 2809 in
2077 2765 2181 2809 me
2220 2746 2360 2808 uni-

865 2869 1011 2912 cum
1054 2849 1285 2910 Filium
1329 2847 1469 2928 ejus
1510 2848 1845 2923 credendo,
1879 2846 2354 2929 passionesque,

866 2947 1190 3030 propriam
1230 2946 1640 3020 voluntatem,
1673 2966 1746 3008 ac
1788 2945 1938 3009 vitia
1977 2953 2221 3009 rectum
2262 2943 2360 3025 ju-

2466 1964 2597 2027 vini
2646 1961 2880 2026 amoris
2936 1958 3415 2042 perfectionem,
3470 1976 3583 2040 per
3628 1958 3955 2022 ordinatis-

2466 2064 2625 2125 sima
2675 2060 2883 2123 media
2928 2058 3321 2121 ordinantur.
3356 2056 3486 2120 Scit
3526 2057 3716 2119 etiam
3768 2077 3955 2139 quam

2467 2158 2733 2223 virtuosi
2777 2157 3039 2220 fuerunt
3087 2165 3295 2240 patres
3345 2156 3458 2238 qui
3508 2155 3800 2219 fecerunt
3846 2156 3961 2218 mi-

2468 2260 2701 2333 racula,
2734 2276 2927 2340 quam
2979 2257 3312 2339 patientes,
3348 2256 3501 2319 casti
3548 2263 3612 2317 et
3660 2255 3957 2330 humiles„

2467 2377 2659 2440 quam
2692 2356 3025 2430 caritativi‚
3060 2354 3559 2437 contemplativi,
3594 2372 3849 2417 veraces
3876 2364 3963 2417 at-

2468 2476 2595 2541 que
2637 2454 2913 2539 pacifici.
2956 2454 3047 2517 Ex
3087 2453 3323 2537 quibus
3364 2462 3755 2535 cognoscunt
3791 2456 3963 2536 quod

2468 2557 2687 2620 divina
2725 2556 2806 2618 sit
2844 2553 3073 2617 Christi
3114 2552 3420 2617 doctrina.
3456 2552 3615 2615 Hinc
3652 2571 3801 2634 ergo
3840 2553 3961 2616 viri

2470 2654 2725 2729 interni,
2760 2652 3027 2717 virtuosi
3065 2660 3128 2714 et
3168 2650 3668 2739 contemplativi,
3700 2659 3852 2715 sunt
3896 2653 3959 2714 in

2467 2754 2598 2817 fide
2640 2751 2975 2817 certissimi
3020 2759 3211 2832 atque
3254 2744 3635 2813 immobiles.

2550 2855 2677 2923 Qui
2714 2874 2754 2913 a
2792 2852 3123 2930 semetipso
3164 2850 3480 2928 loquitur,
3509 2848 3629 2912 hoc
3668 2856 3783 2924 est,
3818 2869 3963 2933 pro-

2468 2953 2638 3035 prias
2695 2949 3197 3023 adinventioneS,
3250 2966 3377 3011 non
3426 2948 3721 3011 veritates
3777 2950 3961 3011 desu-

867 3046 1106 3109 dicium
1141 3044 1570 3127 impedientia,
1604 3044 1980 3127 abjiciendo,
2013 3053 2358 3120 coquoscec,
2396 3048 2439 3112 C
2468 3070 2583 3135 per
2626 3048 2952 3123 revelatas,
2992 3049 3173 3111 docet
3214 3053 3278 3108 et
3323 3046 3641 3128 praedicat,
3676 3049 3963 3125 gloriam

868 3164 983 3228 per
1033 3146 1272 3208 donum
1321 3143 1700 3218 intellectuS,
1743 3162 1858 3226 per
1899 3141 2358 3225 experientiam
2456 3150 2803 3229 propriam
2842 3148 3099 3227 quoerit.
3132 3144 3438 3228 Operatur
3466 3145 3635 3207 enim
3676 3164 3752 3207 ex
3788 3164 3963 3209 amo-

867 3247 1230 3328 quamdam,
1273 3252 1334 3307 et
1374 3245 1523 3307 item
1575 3262 1688 3326 per
1735 3242 2176 3306 admirabilem
2228 3260 2362 3304 cer-

868 3346 1206 3407 titudinem
1252 3362 1327 3407 ex
1373 3344 1589 3407 divina
1638 3342 2058 3405 illustratione
2102 3360 2361 3403 manan-

865 3451 1018 3517 tem,
1059 3446 1138 3503 de
1184 3444 1507 3512 doctrina,
1549 3442 1667 3506 hoc
1715 3448 1810 3503 est
1857 3440 2221 3521 evangelica
2268 3440 2361 3501 di-

867 3542 1139 3625 sciplina
1168 3560 1360 3622 quam
1393 3541 1606 3615 doce0,
1645 3550 1866 3601 utrum
1895 3560 1977 3599 ex
1996 3543 2125 3601 Deo
2154 3541 2260 3612 sic,
2296 3538 2358 3600 id

866 3649 981 3714 est,
1023 3659 1102 3703 an
1145 3658 1292 3702 vera
1333 3647 1394 3701 et
1442 3639 1601 3701 mihi
1645 3658 1681 3700 a
1717 3638 1896 3700 Patre
1943 3638 2169 3701 collata
2214 3656 2362 3700 con-

867 3738 1065 3811 sistat,
1109 3759 1194 3799 an
1236 3758 1346 3814 eqo
1386 3759 1425 3798 a
1466 3757 1562 3797 me
1605 3739 1740 3814 ipso
1779 3740 2034 3815 loquar,
2073 3735 2194 3798 hoc
2240 3743 2355 3809 est,

867 3855 944 3899 ex
987 3836 1244 3918 proprio
1291 3837 1478 3899 corde
1519 3854 1658 3897 eam
1701 3835 2086 3915 confingam,
2129 3842 2193 3897 et
2234 3854 2359 3897 non

867 3936 1100 3997 missus
1152 3955 1189 3996 a
1243 3935 1390 4009 Deo,
1443 3936 1550 3997 scd
1610 3952 1712 3996 me
1769 3933 1982 4015 ipsum
2039 3934 2357 4014 ingerenS,

870 4034 1230 4115 praedicem.
1265 4032 1380 4095 Per
1422 4032 1616 4096 fidem
1660 4032 1831 4095 enim
1879 4033 2251 4117 pervenitur
2283 4033 2360 4094 ad

872 4132 1287 4208 intellectum,
1336 4132 1516 4213 juxta
1562 4132 1720 4193 illud
1769 4131 1942 4193 lsaiae
1989 4149 2003 4193 :
2049 4130 2180 4192 Nisi
2232 4148 2364 4193 cre-

2469 3267 2536 3311 re
2595 3247 2864 3330 private,
2919 3264 3046 3308 non
3094 3244 3337 3319 divino,
3389 3251 3453 3306 et
3500 3262 3701 3306 vanus
3746 3253 3843 3307 est
3886 3263 3963 3307 ae

2468 3346 2807 3429 superbuS.
2842 3344 3019 3407 Tales
3068 3342 3332 3404 fuerunt
3374 3342 3677 3417 haeretici,
3722 3350 3785 3404 et
3830 3362 3964 3404 ma-

2468 3447 2673 3510 larum
2712 3444 2927 3524 legum
2960 3442 3268 3515 doctoreS,
3303 3448 3374 3502 ut
3406 3438 3809 3503 Mahometus.
3844 3440 3959 3513 Qui

2469 3545 2620 3607 licet
2649 3541 2928 3605 dixerint
2958 3559 3025 3603 se
3056 3558 3343 3622 quaerere
3371 3538 3481 3601 Dei
3513 3539 3837 3614 honorem,
3870 3548 3963 3601 ta-

2471 3661 2617 3705 men
2677 3639 2927 3703 mentiti
2986 3646 3136 3701 sunt
3188 3658 3202 3702 z
3256 3657 3402 3701 nam
3460 3638 3848 3719 quaesierunt
3894 3656 3963 3701 se

2472 3742 2666 3823 ipSOS,
2718 3738 3048 3820 cupientes
3094 3737 3174 3799 ab
3228 3736 3596 3800 hominibus
3644 3736 3957 3800 honorari.

2469 3840 2579 3901 Vel
2631 3838 2725 3899 sic
2776 3855 2791 3899 t
2845 3835 2961 3908 Qui
3010 3855 3047 3897 a
3094 3835 3435 3917 semetipso
3488 3834 3791 3915 loquitur,
3840 3834 3965 3899 hoe

2471 3945 2567 4000 est
2594 3956 2670 3999 ex
2702 3934 2962 4018 proprio
2992 3934 3245 4015 spiritu,
3280 3952 3406 3996 non
3442 3950 3518 3995 ex
3550 3934 3965 4016 inspiratione

2472 4035 2707 4109 divina,
2744 4032 3065 4116 propriam
3094 4032 3360 4113 gloriam
3391 4030 3639 4113 quaerit,
3673 4031 3965 4113 quamvis

2473 4134 2773 4217 praedicet
2812 4150 2960 4195 vera
2998 4150 3071 4194 ac
3110 4138 3343 4193 sancta.
3378 4129 3556 4193 Tales
3594 4137 3741 4192 sunt
3776 4132 3965 4193 modo

873 4230 1180 4305 didm-itis,
1217 4250 1342 4293 non
1382 4229 1770 4311 intelligetis.
1806 4228 1878 4291 Et
1917 4236 2030 4311 p'er
2065 4228 2364 4291 obedien·
2394 4232 2443 4294 D
2471 4230 2995 4305 innumerabiles,
3038 4228 3151 4311 qui
3190 4236 3485 4311 quaerunt
3523 4229 3745 4303 videri,
3780 4246 3968 4311 repu-

872 4329 1024 4391 tiam
1085 4330 1456 4411 pervenitur
1511 4329 1590 4391 ad
1647 4336 1946 4409 gustum;
2009 4346 2123 4409 per
2172 4346 2364 4410 opera

870 4446 1148 4509 quoque,
1181 4429 1258 4490 ad
1302 4428 1856 4490 illuminationem.
1900 4426 2014 4500 Qui
2064 4445 2215 4507 ergo
2257 4446 2365 4491 vo-

869 4526 1175 4589 luntatem
1207 4528 1314 4589 Dei
1346 4527 1496 4589 facit
1526 4527 1712 4589 modo
1743 4534 2058 4608 praetacto,
2086 4535 2366 4589 meretur

872 4626 1037 4687 dono
1072 4625 1428 4687 intellectus
1463 4624 1713 4708 impleri
1745 4626 1822 4687 ad
1855 4626 2362 4705 cognoscendum

871 4724 1135 4805 ea'quae
1183 4723 1335 4786 fidei
1386 4731 1575 4801 sunt;
1629 4730 1909 4785 meretur
1955 4740 2214 4804 quoque
2264 4742 2368 4785 su-

873 4823 1360 4903 pernaturaliter
1433 4822 1742 4885 consolari
1822 4820 2367 4904 ineffabiliterque

871 4921 1169 4985 delectari
1221 4921 1284 4983 in
1326 4921 1612 4995 Domino,
1654 4930 1716 4983 et
1765 4920 2102 4984 certificari
2148 4922 2228 4983 ab
2274 4922 2369 5004 ip-

873 5039 944 5083 so
998 5038 1012 5083 t
1066 5038 1179 5101 per
1225 5038 1369 5101 quae
1414 5018 1493 5081 fit
1551 5018 1616 5080 in
1670 5020 1843 5083 omni
1894 5020 2157 5083 veritate
2215 5019 2368 5083 fidei

877 5138 1134 5201 prorsus
1175 5117 1586 5193 certissimuS,
1625 5119 1710 5181 ita
1749 5126 1818 5181 ut
1862 5119 2023 5181 nihil
2063 5120 2120 5181 ei
2166 5120 2374 5183 videa-

878 5224 982 5279 tur
1041 5215 1500 5291 rationabiliuS,
1553 5217 1810 5291 certius,
1869 5218 2225 5300 pulchriuS,
2278 5237 2374 5280 as-

881 5314 1264 5378 sertionibus
1308 5315 1460 5378 fidei
1504 5315 1874 5379 benedictae.

2474 4331 2613 4405 tari,
2667 4328 3051 4412 promoveri,
3105 4345 3397 4411 praeesse,
3446 4336 3509 4390 et
3556 4329 3632 4390 ad
3682 4328 3811 4390 haec
3852 4327 3969 4391 ob-

2474 4430 2733 4494 tinenda
2788 4428 3097 4501 laborant,
3160 4427 3491 4501 studendo,
3554 4428 3851 4499 docendo,
3902 4434 3967 4487 et

4099 2860 4163 2914 18

2476 4529 2675 4591 multa
2704 4526 2915 4608 specie
2946 4532 3131 4587 tenus
3170 4525 3337 4588 bona
3364 4524 3624 4605 agendo.
3658 4522 3765 4586 Est
3792 4524 3965 4586 enim
4024 4551 4253 4596 gotum,

2474 4627 2586 4709 qui
2620 4625 2914 4707 nequiter
2946 4641 3014 4685 se
3054 4622 3369 4698 humiliat,
3405 4630 3469 4685 et
3501 4622 3799 4687 interiora
3824 4621 3967 4703 ejus
3998 4615 4080 4658 ²³·

2476 4726 2665 4808 plena
2714 4729 2862 4785 sunt
2918 4723 3084 4786 dolo.
3137 4722 3581 4784 Verumtamen
3638 4720 3791 4783 tales
3840 4722 3969 4804 pri-

2477 4842 2581 4887 mo
2624 4830 2688 4885 et
2728 4821 3003 4883 maxime
3047 4819 3279 4883 fallunt
3322 4837 3390 4882 se
3433 4819 3625 4902 ipsos,

2564 4923 2690 4991 Qui
2721 4930 2937 4981 autem
2965 4922 3203 4998 quoerit
3224 4919 3507 4995 qloriam
3536 4919 3677 4997 ejus
3705 4920 3822 4997 qui
3848 4920 3975 4979 mi-

2477 5023 2562 5082 sit
2593 5023 2814 5090 illum,
2844 5018 2965 5082 hoc
3006 5024 3102 5080 est
3144 5035 3258 5098 ego
3301 5024 3364 5078 et
3402 5016 3515 5098 qui
3556 5034 3697 5079 mea
3732 5023 3977 5079 sectan-

2480 5127 2586 5181 tur
2632 5117 2918 5198 vestigia,
2971 5116 3085 5198 qui
3145 5114 3493 5198 quaerimus
3548 5114 3811 5196 gloriam
3862 5114 3977 5176 Dei

2481 5216 2702 5291 Patris,
2740 5217 2845 5276 hic
2887 5236 3088 5276 veram
3123 5223 3215 5275 est
3258 5212 3523 5277 veritate
3569 5211 3869 5276 doctrinae
3916 5220 3981 5275 et

2486 5316 2653 5391 vitae,
2716 5314 2869 5396 quia
2922 5313 3050 5377 Deo
3113 5314 3467 5376 instruente
3526 5310 3859 5393 profatur;
3918 5321 3983 5373 et
