4300 6259
124 2827 185 2883 18

1076 497 1433 544 numano
1478 497 1539 542 ΙΝ
1580 495 1719 543 cxl».
1765 496 1871 543 xlv
1912 494 2101 544 LUGAE.
2147 517 2230 528 -
2268 497 2412 546 Aur.
2457 500 2671 547 xxxvl!

3349 484 3430 548 95

308 667 513 748 magis
562 686 759 749 quam
820 665 1185 748 prandium,
1238 665 1543 747 quoniam
1591 665 1715 728 alia
1762 665 1820 726 ei
1854 663 1907 728 A
1938 684 2214 748 namque
2244 675 2305 729 et
2335 668 2600 732 ambitio
2639 669 3000 750 impediunt
3028 676 3306 731 mentem
3353 687 3433 732 ne

310 785 438 828 non
478 767 779 827 succedet
827 763 1112 838 refectio,
1154 771 1218 825 et
1258 764 1443 845 quies
1486 771 1721 825 {eterna
1762 763 1821 824 ei

307 865 616 944 adjuncta
657 872 774 938 est,
814 863 1357 944 quemadmodum
1401 880 1599 924 coenae
1637 861 1820 943 quies

310 973 630 1026 nocturna
675 961 1111 1042 conjungitur.
1148 960 1231 1022 De
1272 979 1401 1040 qua
1442 979 1625 1022 eoena
1667 961 1824 1022 scri-

264 1109 279 1131 ,
310 1068 496 1143 ptum
537 1070 635 1123 est
674 1061 740 1123 in
769 1059 1146 1142 Apocalypsi
1185 1077 1200 1121 :
1234 1058 1403 1119 Beati
1434 1059 1548 1140 qui
1589 1059 1667 1120 ad
1698 1076 1822 1122 coe-

310 1179 459 1224 nam
512 1160 884 1242 nuptiarum
928 1158 1090 1239 Agni
1136 1156 1340 1221 vocati
1392 1164 1562 1218 sunt.
1594 1159 1822 1218 Dicere

306 1261 640 1328 invitatis,
672 1259 737 1322 id
777 1265 875 1320 est
913 1257 1151 1320 hortari
1194 1256 1486 1320 homines
1524 1257 1602 1318 ad
1644 1256 1818 1336 regni

306 1357 590 1420 coelestis
625 1355 887 1438 praemia
920 1354 1363 1436 promerenda,
1397 1363 1471 1415 uc
1499 1358 1817 1426 venirent,

305 1455 373 1517 id
412 1461 533 1528 est,
568 1454 768 1516 Deum
808 1453 1263 1536 proximosque
1301 1453 1593 1526 amando,
1628 1459 1691 1514 et
1724 1452 1821 1532 ju-

304 1563 403 1615 ste
440 1573 517 1616 ac
558 1553 855 1616 timorate
896 1551 1194 1625 vivendo,
1237 1551 1313 1611 ad
1359 1550 1629 1632 patriam
1672 1549 1819 1611 Bea-

304 1659 521 1714 torum
583 1652 975 1713 incessanter
1030 1649 1551 1731 appropinquare
1608 1649 1821 1710 stude-

305 1757 492 1812 rent:
519 1766 753 1830 nempe
781 1748 1075 1822 amando,
1100 1755 1163 1809 et
1190 1746 1361 1828 juste
1390 1748 1654 1826 agendo,
1689 1766 1817 1810 non

1934 783 2003 826 se
2043 766 2316 828 Creatori
2363 786 2478 830 suo
2514 767 2878 829 substernat
2911 785 2924 830 ε
2961 768 3198 831 idcirco
3241 765 3437 829 influ-

1936 882 2088 925 xum
2127 865 2347 944 gratiae
2391 865 2531 944 ejus
2572 866 2797 947 nequit
2841 865 3187 948 suscipere.
3223 865 3432 941 Porro,

1936 979 2051 1042 per
2100 962 2218 1024 hoc
2266 964 2435 1044 quod
2486 964 2594 1038 ait,
2638 962 2805 1044 Rogo
2853 972 2936 1038 te,
2979 965 3143 1026 habe
3191 983 3294 1027 me
3335 983 3438 1026 ex·

1936 1070 2248 1136 cusatum‚
2274 1062 2457 1122 datur
2489 1062 2756 1143 intelligi
2797 1064 2969 1144 quod
2999 1063 3284 1145 superbi,
3319 1063 3438 1126 sic-

1937 1165 2007 1219 ut
2035 1165 2098 1219 et
2127 1159 2322 1221 ceteri
2354 1159 2878 1234 vitiosi,maxime
2911 1168 3119 1224 tamen
3150 1161 3436 1244 superbi,

1937 1257 2014 1318 de
2062 1257 2196 1318 suis
2245 1275 2313 1319 se
2361 1265 2664 1320 excusant
2722 1259 3026 1340 peecatiS.
3069 1259 3224 1322 Nam
3274 1259 3440 1323 sicut

1935 1356 2252 1418 accusatio
2283 1357 2381 1418 sui
2414 1356 2640 1439 ipsiuS,
2667 1356 2936 1420 effectus
2967 1365 3064 1420 est
3091 1366 3154 1420 et
3183 1359 3438 1439 signum

1936 1471 2048 1514 seu
2086 1472 2298 1516 comes
2341 1454 2758 1536 humilitatis3
2805 1457 2892 1518 ita
2930 1457 3252 1520 excusatio
3291 1476 3438 1539 pro-

1936 1551 2220 1632 priorum
2263 1552 2586 1626 vitiorum,
2621 1562 2716 1616 est
2751 1552 3044 1622 effectus.
3079 1555 3332 1635 signum
3373 1563 3435 1617 et

1934 1667 2145 1712 comes
2189 1650 2528 1732 superbiae.
2563 1651 2824 1734 Propter
2865 1653 3035 1734 quod
3084 1661 3220 1716 orat
3266 1653 3434 1716 Psal-

1933 1748 2121 1810 mista
2164 1747 2364 1811 Deum
2399 1768 2412 1811 :
2445 1749 2578 1812 Non
2626 1750 2906 1812 declines
2949 1769 3059 1814 cor
3101 1769 3316 1814 meum
3361 1752 3427 1815 in
3459 1771 3536 1816 rs.
3567 1775 3716 1822 ma.

308 1847 729 1930 corporaliter
786 1845 1196 1918 transeundo,
1254 1845 1507 1908 venitur
1552 1853 1617 1906 et
1674 1863 1820 1928 pro-
1855 1849 1902 1911 B
1934 1847 2127 1908 verba
2186 1847 2463 1922 malitiae,
2512 1849 2591 1910 ad
2643 1850 3032 1910 excusandas
3081 1850 3433 1913 excusatio-

310 1946 667 2027 pinquatur
713 1946 793 2006 ad
842 1961 1112 2024 regnum
1160 1942 1437 2006 coeleste.
1476 1945 1645 2012 Quia
1667 1944 1821 2021 jam

296 2055 549 2122 parata
574 2053 731 2104 sunt
758 2044 1010 2111 omnia,
1039 2042 1103 2102 id
1133 2049 1251 2115 est,
1286 2058 1565 2122 superna
1590 2042 1821 2121 gaudia

310 2143 543 2205 merito
590 2140 908 2223 passionis
959 2139 1191 2202 Christi
1251 2138 1621 2201 hominibus
1670 2147 1823 2201 sunt

308 2247 553 2321 parata,
584 2239 933 2302 dummodo
974 2238 1199 2310 virtuS,
1232 2237 1436 2317 gratia
1473 2255 1585 2299 seu
1626 2237 1817 2299 meri-

307 2347 451 2402 tum
502 2338 819 2421 passionis
861 2336 1094 2400 Christi
1135 2336 1229 2398 eis
1274 2353 1389 2416 per
1430 2343 1823 2398 sacramenta

310 2437 613 2500 Ecclesiae
668 2435 1053 2517 applicetur,
1104 2442 1169 2496 et
1216 2433 1341 2516 ipsi
1393 2433 1643 2496 obicem
1692 2453 1823 2497 suae

308 2555 440 2598 non
494 2542 737 2616 ponant
784 2533 994 2596 saluti.
1036 2533 1180 2596 ldeo
1229 2533 1385 2594 dicit
1432 2530 1817 2613 Gregorius:

308 2634 541 2698 Omnia
584 2641 737 2695 sunt
784 2640 1022 2714 parata,
1065 2631 1369 2713 quoniam
1414 2631 1661 2694 Christo
1705 2630 1824 2693 im·-

312 2734 555 2797 molato
597 2739 770 2816 patet
810 2729 1107 2793 introitus
1152 2729 1329 2810 regni
1374 2729 1671 2793 coelestis.

392 2835 485 2894 Ει
533 2839 861 2909 coeperunt
901 2831 1106 2890 simul
1147 2848 1361 2890 omnes
1401 2848 1709 2889 excusare
1756 2845 1824 2889 se

312 2931 395 2992 ab
424 2929 839 2992 exsecutione
868 2945 1138 3010 operum
1168 2927 1619 3001 virtuosorum,
1652 2932 1715 2988 et
1742 2925 1821 2988 ab

1933 1963 2045 2006 nes
2089 1946 2154 2008 in
2202 1947 2498 2026 peccatis.
2533 1946 2709 2009 Unde
2745 1947 2954 2009 taliter
2997 1966 3064 2009 se
3101 1949 3428 2011 excusanti

1930 2043 2236 2106 Dominus
2278 2044 2366 2106 ait
2405 2062 2519 2126 per
2554 2043 2891 2107 Ieremiam
2925 2065 2939 2108 ε
2974 2046 3136 2109 Ε666
3172 2065 3288 2128 ego
3328 2047 3431 2129 ju·
3469 2067 3707 2121 laamas.

1931 2141 2098 2204 dicio
2141 2142 2520 2204 contendam
2562 2148 2795 2217 tecum,
2839 2161 2912 2207 eo
2955 2145 3126 2225 quod
3170 2145 3429 2220 dixeriS,

1930 2237 2065 2302 Non
2111 2240 2392 2322 peccavi.
2429 2239 2769 2316 Postremo,
2805 2243 3155 2305 secundum
3205 2242 3436 2324 Grego-

1933 2337 2123 2412 rium,
2169 2339 2339 2419 quod
2387 2339 2495 2413 ait,
2542 2338 2711 2420 Rogo
2753 2345 2837 2410 te,
2881 2340 3045 2403 habe
3093 2360 3195 2404 me
3244 2360 3434 2404 excu-

1934 2443 2164 2510 satum,
2211 2443 2452 2498 tantum
2503 2444 2601 2498 est
2642 2455 2716 2498 ac
2757 2436 2810 2498 si
2862 2437 3030 2500 dicat
3081 2459 3094 2502 :
3149 2438 3269 2502 Ora
3316 2457 3433 2522 pro

1933 2552 2058 2608 me,
2114 2533 2270 2615 quia
2327 2535 2610 2597 converti
2670 2555 2798 2599 non
2859 2555 3143 2618 possum.
3200 2538 3433 2619 Sicque

1935 2632 2262 2694 humilitas
2294 2640 2474 2695 sonat
2502 2633 2569 2694 in
2601 2652 2777 2714 voce,
2811 2635 2963 2696 dum
2997 2636 3104 2710 ait,
3139 2634 3306 2716 Rogo
3335 2645 3430 2717 te3

1932 2731 2237 2812 superbia
2265 2749 2414 2794 vero
2444 2732 2510 2793 in
2551 2731 2818 2808 actione,
2853 2734 3006 2795 dum
3038 2735 3256 2796 venire
3286 2753 3437 2798 con-

1931 2830 2182 2893 temnit.

2016 2931 2101 2990 E'c
2149 2931 2317 2990 alter
2352 2929 2531 2989 dimit
2570 2948 2594 2989 .·
2621 2931 2791 3007 Juya
2832 2933 3020 2992 boum
3067 2934 3198 2994 emi
3242 2935 3434 3014 quin·
3571 2935 3638 2992 19

312 3028 661 3110 adeptione
710 3025 888 3107 regni
940 3025 1204 3106 superni
1249 3043 1263 3087 ε
1307 3025 1420 3105 qui
1470 3032 1721 3086 terrena
1763 3030 1826 3084 et
1862 3029 1907 3094 G
1936 3048 2081 3107 que,
2133 3027 2198 3089 id
2258 3034 2353 3088 est
2409 3027 2700 3109 quinque
2757 3029 2934 3110 paria
2990 3030 3208 3108 boum,
3260 3042 3319 3093 et
3365 3053 3434 3094 eo

314 3126 655 3190 sensibilia
694 3125 906 3207 potius
944 3141 1139 3205 quam
1174 3122 1532 3204 spiritualia
1569 3130 1632 3184 et
1668 3121 1829 3185 divi-

315 3245 401 3288 na
454 3224 779 3299 amabant,
831 3223 974 3286 ideo
1033 3229 1501 3285 excusaverunt
1558 3239 1647 3295 se,
1707 3219 1829 3282 etsi

316 3343 447 3386 non
494 3321 713 3396 verbo,
755 3329 969 3384 tamen
1012 3319 1201 3382 facto.

398 3422 679 3484 Primus
704 3421 884 3480 dia-it
911 3420 975 3478 ei
1000 3439 1022 3477 .·
1051 3419 1282 3478 Villam
1311 3418 1463 3484 emi,
1493 3425 1553 3476 et
1590 3435 1830 3476 necesse

316 3522 521 3580 habeo
557 3520 739 3578 exire
773 3527 835 3576 ec
876 3518 1094 3576 videre
1130 3517 1315 3575 illam
1338 3537 1367 3586 ,·
1405 3533 1556 3591 royo
1600 3521 1679 3586 te,
1715 3516 1831 3574 Iza-

318 3621 389 3678 be
430 3638 539 3678 me
575 3625 976 3678 eoemwatum.
1023 3612 1139 3674 Per
1188 3613 1469 3695 primum
1519 3612 1692 3673 hunc
1738 3612 1833 3673 in-

320 3717 619 3790 vitatum,
652 3714 769 3796 qui
806 3731 886 3775 ex
931 3710 1348 3793 occupatione
1400 3710 1569 3772 circa
1610 3710 1829 3772 villam

318 3834 517 3897 quam
560 3813 739 3887 emit,
786 3811 1066 3892 neglexit
1114 3810 1238 3873 Deo
1286 3809 1527 3871 servire
1569 3827 1642 3870 66
1683 3808 1833 3872 obe-

320 3916 483 3989 dire,
523 3913 892 3994 designatur
930 3908 1261 3992 pluralitas
1303 3907 1727 3989 superborum
1770 3915 1833 3968 et

316 4013 814 4076 ambitiosorum
858 4027 871 4071 :
912 4007 1025 4090 qui
1064 4008 1152 4069 ita
1196 4024 1263 4069 se
1306 4013 1623 4088 occupant
1665 4005 1833 4068 circa

317 4113 655 4185 honorem,
691 4108 1124 4192 principatum
1155 4113 1216 4166 et
1250 4104 1691 4167 excellentiam
1730 4123 1833 4166 66-

1930 3128 2207 3204 probare
2235 3128 2394 3198 ilca,·
2422 3146 2572 3204 royo
2605 3136 2683 3199 te,
2715 3130 2875 3188 habe
2907 3149 3008 3190 me
3034 3142 3434 3194 excusatum.

1937 3223 2053 3286 Per
2096 3224 2270 3286 hunc
2311 3224 2686 3298 secundum,
2730 3225 3107 3307 intelligitur
3154 3231 3443 3292 multitu-

1941 3324 2021 3386 do
2051 3322 2384 3385 hominum
2427 3340 2764 3386 avarorum
2798 3343 2812 3386 :
2847 3325 2960 3407 qui
3000 3326 3087 3388 ita
3115 3327 3283 3390 circa
3320 3336 3443 3391 ter-

1943 3439 2125 3483 renas
2165 3421 2419 3484 divitias
2458 3423 2926 3502 congregandas
2956 3442 3032 3486 ac
3060 3442 3437 3490 conservan-

1942 3521 2052 3582 das
2115 3519 2343 3581 intenti
2409 3526 2580 3594 sunt,
2640 3521 2812 3600 quod
2874 3521 3306 3603 spiritualium
3367 3544 3440 3588 66

1941 3618 2295 3682 coelestium
2329 3616 2798 3680 obliviscuntur
2834 3619 3184 3702 bonorum3
3219 3623 3440 3704 sicque

1941 3718 2108 3779 circa
2158 3716 2460 3798 pecunias
2509 3724 2571 3778 et
2620 3717 3050 3800 possessiones
3105 3738 3251 3782 suas
3297 3720 3442 3783 affi-

1942 3815 2219 3889 ciuntur,
2256 3814 2442 3896 quasi
2479 3832 2582 3876 eas
2625 3833 2955 3897 nunquam
2997 3825 3211 3880 essent
3249 3820 3442 3881 amis-

1942 3914 2095 3988 suri,
2150 3921 2214 3975 et
2260 3913 2442 3994 quasi
2503 3931 2628 3976 non
2677 3922 2843 3975 esset
2893 3914 3022 3976 vita
3080 3925 3220 3997 post
3275 3917 3440 3980 hane

1942 4013 2159 4085 vitam,
2203 4019 2266 4073 et
2313 4019 2614 4092 tanquam
2663 4030 2892 4094 eorpus
2943 4023 3109 4076 esset
3155 4016 3436 4080 nobilius

1940 4111 2173 4173 anima.
2217 4108 2411 4172 Tanta
2457 4109 2736 4191 denique
2777 4119 2872 4172 est
2916 4113 3190 4193 gravitas
3238 4115 3434 4197 hujus

316 4211 675 4293 quit-endas
713 4224 826 4268 seu
869 4204 1284 4287 possidendos
1316 4203 1381 4265 in
1413 4202 1644 4265 saeculo
1684 4202 1826 4276 isto,
1861 4212 1911 4274 D
1943 4208 2209 4290 peceati,
2253 4215 2321 4269 ut
2359 4207 2688 4269 avaritiam
2730 4209 3016 4273 nominet
3063 4213 3432 4277 servitutem
3465 4235 3727 4292 ephesus,

316 4310 497 4390 quod
546 4306 764 4370 divina
813 4303 1142 4384 negligunt
1198 4301 1551 4382 adimplere
1600 4318 1833 4382 praece-

319 4415 449 4489 pta,
496 4423 619 4467 nec
658 4405 739 4466 ad
786 4412 1055 4466 aeternos
1103 4419 1370 4462 summae
1418 4399 1829 4461 beatitudinis

318 4505 655 4588 adspirant
710 4501 1004 4574 honoreS,
1057 4499 1166 4560 sed
1214 4497 1587 4580 temporalia
1641 4507 1832 4578 atque

322 4602 667 4686 praesentia
712 4599 967 4662 aeternis
1018 4595 1367 4678 praeferunt
1413 4614 1486 4657 ac
1535 4594 1769 4658 futuris
1812 4614 1825 4659 :

322 4701 589 4784 propria
633 4696 927 4760 excaecati
986 4693 1310 4776 superbia,
1360 4713 1504 4775 quae
1552 4701 1830 4757 mentem

321 4797 745 4862 ineffabiliter
802 4793 1379 4873 damnabiliterque
1435 4792 1827 4868 obtenebrat,

326 4901 413 4962 ita
461 4897 637 4980 quod
690 4895 890 4958 fidem
947 4892 1284 4957 formatam
1333 4899 1397 4952 et
1446 4891 1653 4953 vivam
1706 4911 1831 4955 non

329 4999 590 5070 habent,
626 4995 980 5058 secundum
1018 4992 1191 5073 quod
1228 4989 1461 5052 talibus
1500 4990 1589 5052 ait
1626 4990 1837 5054 Salva-

108 5115 246 5162 Jm
263 5135 304 5174 v.
332 5108 429 5162 tor
476 5118 491 5162 z
538 5095 864 5169 Quomodo
915 5091 1177 5174 potestis
1228 5109 1339 5155 vos
1387 5091 1667 5165 eredere,
1721 5093 1832 5172 qui

82 5181 135 5222 u.

333 5197 601 5277 gloriam
648 5193 731 5256 ab
780 5192 1055 5255 invicem
1103 5189 1415 5270 accipitiS,
1462 5197 1523 5250 et
1568 5189 1835 5269 gloriam

337 5313 481 5378 quae
507 5313 544 5356 a
573 5293 712 5356 solo
740 5291 869 5353 Deo
896 5297 991 5351 est
1022 5306 1149 5352 non
1177 5287 1499 5369 quaeritisi
1526 5286 1839 5369 Superbia

1944 4306 2256 4370 idolorum
2285 4306 2646 4387 Apostolus.
2673 4305 2748 4368 Et
2777 4307 3009 4371 iterum
3045 4327 3059 4372 ε
3092 4309 3289 4373 Radix
3313 4314 3435 4393 (in-
3491 4334 3640 4380 irim.
3664 4353 3719 4392 v..

1941 4405 2110 4486 quit)
2136 4403 2426 4466 omnium
2454 4404 2768 4468 malorum
2797 4413 2896 4468 est
2923 4407 3258 4490 cupiditas.
3277 4409 3432 4474 Nam
3467 4400 3531 4441 ¹⁰·

1942 4505 2107 4565 sicut
2155 4502 2481 4565 idololatra
2531 4502 2681 4566 colit
2737 4503 2904 4567 idola
2950 4525 3066 4568 sua
3111 4505 3436 4592 salsosque

1942 4603 2091 4664 deos
2140 4600 2340 4681 magis
2387 4619 2580 4682 quam
2628 4619 2851 4665 verum
2899 4603 3119 4680 Deum,
3163 4607 3248 4670 ita
3295 4627 3440 4672 ava-

1944 4719 2051 4762 rus
2100 4699 2246 4781 plus
2297 4699 2494 4781 cupit,
2536 4707 2705 4762 amat
2742 4709 2804 4763 et
2841 4702 2992 4766 colit
3038 4723 3193 4787 opes
3240 4713 3439 4769 terre-

1943 4818 2077 4873 naS,
2108 4817 2302 4880 quam
2333 4798 2529 4860 Deum
2558 4798 2964 4863 altissimum.
2998 4803 3142 4866 Ideo
3179 4806 3434 4887 sapiens

1944 4898 2042 4960 vir
2078 4903 2345 4959 testatur
2387 4915 2402 4960 ε
2443 4897 2612 4960 Nihil
2663 4899 2950 4982 iniquius
2991 4919 3184 4983 quam
3225 4922 3440 4968 amare
3463 4930 3724 4986 nomme.

1945 4995 2323 5077 pecuniam3
2366 5002 2428 5056 et
2459 5015 2700 5071 rursm,
2735 4997 2976 5060 Avarus
3013 5001 3292 5064 animam
3332 5023 3437 5066 su-
3501 5031 3688 5080 mam,

1944 5112 2043 5155 am
2078 5093 2264 5155 habet
2295 5094 2604 5156 venalem.
2637 5094 2843 5168 Quum
2874 5098 3044 5160 enim
3085 5099 3251 5163 bona
3279 5111 3437 5165 tem-

1946 5191 2188 5272 poralia
2235 5191 2365 5252 sint
2409 5191 2688 5254 finaliter
2733 5196 3083 5258 ordinanda
3125 5200 3204 5261 ad
3247 5201 3437 5282 spiri-

1946 5289 2142 5351 tualia
2187 5289 2372 5364 bona,
2417 5309 2543 5354 non
2587 5291 2732 5373 plus
2774 5293 3080 5358 debemus
3122 5317 3334 5361 amare
3371 5307 3436 5362 et
