4300 6259
176 872 246 927 Π

137 1471 315 1514 Malui.

85 1548 196 1583 xxxxx
210 1536 360 1578 69-74.

92 2817 242 2924 ’ἔδει
267 2883 338 2923 sa.

135 4227 148 4270 1
175 4229 279 4271 Cor.

155 4293 194 4333 2.

95 4523 283 4574 Βιώτην,
296 4525 359 4567 n.

1201 495 1552 542 RNARRATIO
1596 494 1660 540 1N
1703 495 1839 542 CAP.
1885 494 1994 540 ΧΠ
2032 494 2309 541 JOANMS.
2356 515 2435 524 —
2478 496 2619 541 ΛΒΤ.
2667 497 2700 540 1.

3378 475 3498 540 617

392 687 596 744 aynos
657 687 842 728 meos.
904 666 1027 728 Ista
1081 666 1210 748 jam
1271 666 1466 728 semel
1526 665 1693 729 dicta
1748 673 1899 728 sunt
1926 665 1974 726 A
2007 667 2311 747 gentiam,
2363 667 2769 730 dilectionem
2818 675 2882 728 et
2929 648 3145 729 curam
3205 684 3319 749 pro
3365 665 3500 728 suis

393 773 590 847 atque
633 764 938 847 exposita.

476 866 656 924 Dicit
703 866 766 924 ei
817 867 1002 925 certio
1043 886 1066 924 .·
1109 866 1338 926 Simon
1373 864 1670 934 loanni&
1714 883 1896 932 amas

393 964 548 1022 me?
589 961 710 1024 Ter
758 963 1044 1026 Christus
1092 964 1435 1042 interrogat
1477 969 1538 1023 et
1579 961 1898 1023 examinat

393 1059 648 1124 Petrum
701 1062 780 1125 dc
828 1080 943 1123 sua
988 1061 1350 1140 dilectione,
1400 1060 1552 1141 quia
1600 1060 1894 1141 praelatus

395 1159 665 1241 diligere
704 1159 894 1224 debet
933 1161 1128 1222 Deum
1160 1160 1421 1223 cordiali
1451 1159 1712 1234 affectu,
1745 1157 1896 1220 affe-

393 1259 635 1320 ctuosis
683 1259 1110 1334 sermonibuS,
1153 1258 1498 1321 caritativis
1547 1257 1891 1341 operibus3

393 1365 458 1418 et
506 1355 766 1432 iterum,
811 1365 882 1421 ut
929 1359 1148 1420 Petrus
1192 1357 1362 1421 trina
1409 1359 1609 1422 divini
1661 1357 1894 1420 amoris

393 1456 820 1532 confessione,
865 1474 1342 1538 recompensam
1391 1456 1581 1519 faciat
1628 1474 1743 1538 pro
1785 1455 1896 1517 tri-

395 1570 475 1613 na
516 1553 752 1616 Christi
794 1553 1096 1618 timorosa
1134 1555 1506 1636 negatione3
1552 1555 1652 1617 vel
1692 1554 1768 1616 ad
1802 1553 1897 1614 in-

393 1649 784 1714 sinuandum
827 1653 999 1734 quod
1051 1652 1463 1735 promovendi
1509 1653 1585 1714 ad
1635 1650 1897 1734 praelati·

389 1766 604 1824 onem,
649 1769 820 1832 saepe
861 1769 934 1813 ac
977 1752 1314 1832 diligenter
1361 1750 1745 1813 discutiendi
1784 1767 1892 1812 seu

2006 763 2332 839 fidelibus,
2375 784 2567 846 quam
2619 765 2891 828 sollicite
2940 766 3093 828 velit
3139 783 3247 828 eos
3296 771 3504 826 custo-

2006 863 2152 938 diri,
2195 883 2388 945 quam
2428 864 2711 926 districte
2750 864 3032 944 requiret
3066 883 3105 925 a
3142 862 3502 945 pastoribus

2009 962 2315 1026 rationem
2367 963 2445 1024 de
2486 962 2599 1025 eiS.
2654 962 2728 1023 Et
2777 962 2929 1044 quia
2979 962 3220 1044 praelati
3269 961 3502 1024 debent

2007 1078 2144 1122 esse
2192 1061 2391 1142 parati
2440 1062 2517 1123 ad
2568 1061 2971 1124 moriendum
3020 1079 3135 1142 pro
3185 1059 3336 1134 fide,
3387 1078 3502 1141 pro

2003 1157 2271 1239 justitia,
2325 1177 2440 1240 pro
2488 1158 2757 1232 Christo,
2813 1178 2928 1240 pro
2972 1177 3160 1239 grege
3208 1156 3503 1220 commis-

2007 1275 2098 1330 s0,
2153 1256 2295 1319 ideo
2351 1264 2816 1338 consequenter
2873 1257 3157 1320 Christus
3216 1255 3504 1337 praedicit

2006 1354 2186 1418 Petro
2226 1355 2305 1417 de
2346 1355 2650 1436 qualitate
2692 1356 2792 1418 sui
2834 1355 3135 1435 martyrii.

2085 1455 2321 1523 Amen,
2361 1475 2549 1515 amen
2591 1455 2735 1515 dico
2782 1455 2928 1524 tibi,
2960 1475 3163 1534 quum
3201 1474 3359 1514 esses
3382 1453 3504 1530 ju-

2006 1552 2157 1610 nior
2186 1551 2371 1612 annis
2402 1569 2595 1632 quam
2628 1571 2821 1625 nunc,
2856 1553 3110 1633 quando
3148 1551 3338 1614 etiam
3370 1570 3505 1615 mo-

2008 1647 2187 1710 ribus
2224 1648 2443 1728 junior
2470 1667 2607 1710 eras
2645 1668 2837 1730 quam
2880 1650 3087 1722 modo,
3120 1651 3415 1726 cinqebas
3448 1657 3505 1708 te

3640 1464 3709 1520 18

2009 1747 2264 1827 cingulo
2315 1747 2624 1809 materiali
2666 1749 2742 1809 ad
2784 1747 3057 1822 lumboS,
3102 1747 3399 1829 cingebas
3439 1756 3501 1810 te

391 1847 839 1910 considerandi
897 1858 1070 1923 sunt,
1122 1869 1203 1911 an
1263 1849 1393 1911 sint
1452 1867 1599 1913 vere
1657 1847 1890 1922 idonei,
1931 1847 2267 1926 Bquoque
2313 1845 2570 1925 cingulo
2619 1846 3025 1908 continentiae
3063 1853 3373 1927 quantum
3422 1846 3500 1908 ad

393 1944 678 2027 itemque
710 1947 775 2008 in
809 1947 1066 2010 caritate
1097 1948 1428 2029 praecipui.
1468 1948 1896 2009 Contristatus

387 2051 478 2103 est
501 2046 759 2114 Petrum
789 2049 949 2124 quia
977 2049 1157 2106 dimit
1186 2048 1250 2105 ei
1281 2048 1492 2116 certic,
1523 2048 1722 2107 Ama-s·
1751 2048 1896 2105 me?

389 2140 739 2204 Videbatur
797 2143 970 2205 enim
1033 2144 1217 2225 quasi
1285 2144 1569 2207 Christus
1635 2161 1895 2224 respon-

389 2239 638 2302 sionem
679 2260 856 2303 suam
900 2260 1028 2305 non
1077 2243 1482 2325 approbaret,
1525 2260 1642 2303 nec
1683 2242 1896 2303 crede-

391 2346 488 2400 ret
545 2339 760 2402 verbis
821 2341 1049 2422 ipsius.
1102 2340 1179 2403 Et
1230 2341 1394 2404 forte
1452 2340 1667 2402 timuit
1722 2341 1892 2420 quod

393 2436 535 2500 ideo
577 2437 866 2501 Christus
913 2438 1101 2503 toties
1141 2439 1336 2503 verba
1379 2457 1494 2501 sua
1537 2437 1890 2521 replicavit,

389 2536 544 2618 quia
579 2536 771 2607 vellet
808 2537 866 2600 ei
897 2537 1140 2619 aliquid
1183 2538 1628 2621 praenuntiare‚
1665 2536 1732 2598 in
1766 2554 1894 2617 quo

391 2637 836 2698 ostenderetur
884 2655 1009 2700 non
1060 2637 1324 2718 diligere
1372 2636 1690 2699 Christum
1727 2653 1741 2697 ε
1777 2634 1896 2696 sic-

104 2751 266 2832 {met
281 2765 368 2802 xm,
395 2741 465 2794 ut
493 2753 698 2816 quum
729 2734 1118 2798 fiducialiter
1147 2736 1328 2809 dixit,
1362 2735 1654 2796 Animam
1686 2752 1892 2796 meam

395 2851 512 2914 pro
552 2841 614 2896 te
659 2851 914 2915 ponam,
948 2835 1192 2896 audivit
1224 2853 1237 2896 :
1270 2833 1404 2896 Non
1447 2833 1723 2895 cantabit
1764 2831 1896 2913 gal-

395 2931 516 3005 lus,
556 2932 761 3022 donec
797 2940 894 2993 ter
931 2950 1034 2993 me
1074 2949 1286 3013 neges.
1322 2934 1408 2993 Et
1440 2934 1602 2992 dicit
1629 2932 1693 2991 ei
1721 2951 1744 2990 .·
1771 2933 1896 2992 Do—

394 3031 596 3099 mine,
651 3040 722 3091 tu
768 3032 993 3092 omnia
1042 3031 1249 3094 cordis
1299 3049 1546 3105 arcana,
1600 3038 1663 3092 et
1709 3029 1895 3111 quid·
1932 3035 1975 3098 C
2006 3029 2218 3091 naculi
2261 3029 2427 3108 mei3
2468 3032 2766 3090 extendes
2794 3050 3030 3091 manus
3062 3041 3204 3092 tuas
3242 3032 3319 3093 ad
3360 3031 3501 3094 bra·

392 3127 552 3209 quid
582 3126 722 3202 fuit,
747 3136 843 3190 est
873 3129 972 3192 vel
1005 3128 1144 3203 erit,
1165 3131 1350 3199 nosti,
1377 3147 1502 3191 non
1542 3129 1746 3191 solum
1780 3146 1895 3209 per

395 3233 688 3288 naturam
725 3226 1034 3298 divinam,
1078 3227 1188 3288 sed
1234 3226 1498 3309 insuper
1540 3227 1892 3288 secundum

393 3332 686 3387 naturam
735 3333 1150 3408 assumptam,
1202 3343 1317 3407 per
1366 3324 1696 3387 scientiam
1746 3341 1894 3386 con-

394 3431 667 3486 creatam
719 3441 831 3486 seu
889 3424 1197 3504 inditam3
1253 3435 1323 3486 tu
1371 3426 1493 3484 scis
1540 3424 1698 3502 quia
1748 3442 1892 3483 amo

395 3531 472 3590 te,
506 3521 648 3586 ideo
686 3541 811 3586 non
851 3529 1101 3605 oportet
1135 3530 1197 3584 te
1233 3523 1508 3605 amplius
1550 3522 1893 3602 interroga-

395 3637 484 3694 re,
527 3627 592 3681 et
638 3639 741 3682 me
788 3620 1102 3683 famulum
1151 3627 1332 3682 tuum
1377 3619 1688 3701 affligere.

479 3719 660 3780 Dicit
713 3721 775 3779 ei
822 3740 846 3779 .·
893 3723 1094 3782 Pasce
1148 3740 1291 3780 oves
1345 3739 1537 3781 meas.
1586 3718 1892 3800 Superius

394 3815 555 3878 dixit
614 3816 734 3892 bis,
789 3817 978 3880 Pasce
1033 3835 1226 3898 agnos
1284 3835 1498 3898 meos3
1551 3837 1723 3880 nunc
1779 3818 1888 3893 ait,

396 3913 586 3977 Pasce
625 3933 776 3979 oves
815 3933 1007 3978 meaS.
1054 3917 1227 3978 Unde
1272 3935 1387 3999 per
1428 3936 1621 3998 agnos
1661 3917 1893 3979 intelli-

392 4014 581 4094 gendi
615 4021 767 4076 sunt
805 4013 1185 4097 incipientes
1215 4024 1277 4077 et
1312 4015 1744 4098 proficienteS,
1777 4015 1892 4097 qui

394 4112 672 4175 solidum
722 4113 940 4175 cibum
991 4133 1217 4195 capere
1260 4121 1607 4195 nequeunt.
1652 4114 1892 4186 Quibus

396 4310 684 4392 parvulis
735 4310 800 4402 in
842 4311 1110 4386 Christo,
1155 4311 1250 4375 lac
1292 4311 1472 4375 vobis
1524 4320 1742 4393 potum
1789 4313 1895 4374 de-

395 4409 482 4484 di,
534 4429 662 4473 non
710 4427 942 4473 escam.
993 4409 1126 4473 lam
1175 4419 1385 4473 autem
1437 4429 1551 4492 per
1597 4429 1746 4475 oves
1790 4413 1895 4474 de-

394 4508 728 4590 signantur
777 4508 1066 4591 perfecti,
1108 4510 1218 4590 qui
1271 4528 1386 4591 pro
1436 4509 1894 4573 consuetudine

393 4608 768 4671 exercitatos
817 4607 1054 4672 habent
1101 4625 1348 4683 sensus,
1399 4615 1463 4670 et
1510 4609 1693 4689 quasi
1742 4608 1895 4672 alio-

395 4725 538 4769 rum
587 4712 837 4768 exstant
892 4713 1206 4788 parentes.
1257 4705 1558 4768 Praeterea
1607 4706 1891 4769 Christus

395 4803 738 4868 committit
778 4802 960 4868 Petro
996 4811 1093 4866 ter
1129 4821 1384 4886 gregem
1430 4823 1641 4879 suum,
1675 4806 1751 4867 ad
1798 4804 1893 4867 in-

394 4901 782 4965 sinuandum
830 4903 1001 4983 quod
1053 4902 1349 4984 praelatus
1399 4921 1657 4984 pascere
1704 4903 1892 4965 debet

393 5000 514 5064 sibi
568 5000 940 5064 commissos
989 5019 1177 5082 prece
1226 5001 1510 5076 mentali,
1564 5001 1892 5065 instructi-

393 5118 514 5162 one
563 5098 789 5174 vocali,
842 5099 1338 5181 operationeque
1395 5098 1594 5174 vitali,
1649 5100 1888 5182 triplici

393 5197 560 5272 cibo,
607 5204 677 5258 ut
718 5195 960 5258 dictum
997 5203 1134 5278 est3
1175 5196 1275 5260 vel
1321 5196 1484 5272 ideo,
1529 5205 1599 5258 ut
1647 5197 1886 5279 praelati

391 5303 735 5376 agnoscant
785 5303 1090 5377 quantam
1138 5295 1366 5358 habeat
1413 5295 1698 5359 Christus
1745 5296 1890 5359 dili-

2004 1943 2359 2026 appetitum
2408 1943 2997 2026 concupiscibilem,
3042 1951 3105 2006 et
3140 1944 3219 2006 ab
3259 1944 3501 2006 illicitis

2006 2050 2068 2104 te
2111 2041 2555 2122 restringebaS.
2600 2042 2776 2104 Unde
2826 2043 2889 2104 in
2937 2043 3197 2106 Actibus
3239 2044 3503 2125 Aposto-

2006 2141 2211 2204 lorum
2258 2139 2469 2202 Petrus
2513 2148 2779 2203 testatur
2822 2160 2835 2205 :
2875 2141 3212 2224 Nunquam
3254 2143 3496 2206 comedi
3545 2143 3791 2214 A01.=,u.

2005 2258 2345 2302 commune
2392 2240 2551 2322 quid
2600 2247 2709 2302 aut
2757 2241 3182 2304 immundum.
3235 2245 3323 2304 Et
3366 2264 3501 2304 am-

2005 2341 2269 2399 bulabas
2310 2341 2425 2399 ubi
2469 2342 2734 2410 volebas,
2766 2341 3085 2421 pergendo
3127 2341 3204 2402 de
3241 2340 3379 2404 loco
3422 2342 3500 2404 ad

2007 2437 2215 2500 locum
2254 2438 2332 2499 ad
2370 2437 2627 2499 libitum
2672 2447 2878 2520 tuum,
2914 2446 3211 2520 tanquam
3256 2457 3380 2502 non
3428 2439 3501 2501 li-

2003 2543 2185 2616 gatus
2232 2536 2313 2598 ab
2360 2537 2599 2618 aliquo,
2654 2537 2937 2618 itemque
2992 2538 3291 2619 praedicta
3347 2537 3500 2600 faci-

2005 2636 2169 2698 endo
2228 2636 2487 2717 propria
2538 2635 2848 2710 libertate,
2902 2636 3040 2698 sine
3089 2635 3391 2700 violentia
3438 2645 3501 2698 et

2006 2733 2467 2814 compulsione.
2504 2737 2715 2803 Quum
2746 2744 2957 2795 autem
2992 2737 3281 2796 senueris
3318 2741 3500 2797 aetate

2005 2838 2067 2894 et
2092 2832 2313 2913 gratia,
2342 2833 2587 2894 scilicet
2617 2839 2817 2894 morte
2846 2839 2955 2894 tua
2985 2833 3281 2908 instante,
3306 2852 3501 2914 quan-

2004 2931 2084 2993 do
2125 2931 2410 2993 dicturus
2451 2949 2539 3005 65,
2580 2931 2773 2994 Velox
2812 2939 2907 2992 est
2949 2931 3262 3013 depositio
3300 2932 3500 2994 taber·
3556 2953 3591 2996 ιι
3609 2953 3739 2996 Petr.
3761 2966 3791 3004 ι,

3530 3019 3597 3060 u.

2007 3128 2148 3190 chia
2185 3129 2393 3190 crucis
2432 3129 2534 3190 cui
2579 3129 2962 3210 appenderis
3004 3146 3019 3190 t
3061 3129 3233 3210 quod
3279 3129 3501 3212 utique

2006 3226 2223 3289 Petrus
2274 3228 2749 3309 promptissime
2796 3227 2949 3290 fecit
3005 3230 3357 3290 secundum
3409 3248 3504 3291 ra-

2007 3326 2245 3389 tionem
2282 3335 2345 3388 et
2382 3326 2737 3408 appetitum
2779 3326 3205 3408 superiorem3
3240 3337 3297 3388 ec
3328 3331 3503 3390 alius

2008 3434 2064 3486 te
2108 3426 2344 3502 cinqec,
2396 3424 2517 3488 hoe
2566 3431 2681 3498 est,
2728 3425 3051 3506 apparitor
3101 3424 3501 3506 imperatoris

2002 3520 2269 3585 Neronis
2318 3541 2544 3584 manus
2596 3530 2734 3584 tuas
2787 3522 2961 3585 cruci
3008 3523 3311 3603 alligabit.
3362 3523 3499 3588 Non

2003 3620 2178 3682 enim
2218 3620 2415 3683 clavis
2454 3619 2713 3696 affixuS,
2748 3622 2857 3683 sed
2899 3620 3165 3684 funibus
3206 3620 3500 3702 alligatus

2004 3718 2128 3781 fuit
2190 3719 2476 3802 patibulo
2536 3721 2766 3782 crucis.
2830 3719 3075 3802 Ligavit
3136 3720 3327 3783 etiam
3387 3721 3497 3783 Pe-

2006 3827 2175 3882 trum
2214 3818 2278 3880 in
2321 3817 2478 3880 urbe
2510 3817 2703 3880 Roma
2740 3826 3080 3900 antequam
3122 3820 3501 3882 educeretur

2003 3918 2080 3980 ad
2133 3924 2425 3981 mortem.
2460 3919 2545 3978 Εε
2581 3919 2771 3978 ducet
2811 3924 2875 3978 te
2918 3937 3043 3998 quo
3096 3928 3167 3980 tu
3204 3939 3331 3981 non
3376 3923 3500 3990 υἰε,

2004 4017 2126 4079 h'oc
2169 4024 2265 4078 est
2305 4016 2382 4077 ad
2428 4015 2637 4077 locum
2683 4015 3017 4097 passioniS,
3050 4024 3114 4078 et
3153 4017 3231 4080 ad
3272 4017 3502 4079 amari-

2007 4115 2293 4177 tudinem
2338 4114 2583 4189 mortiS,
2624 4132 2819 4195 quam
2860 4115 3211 4177 secundum
3256 4124 3501 4179 natura-

304 4241 363 4279 ιιι,
395 4211 682 4293 loquitur
725 4211 955 4274 Paulus
995 4214 1071 4275 ad
1113 4211 1470 4277 Corinthios
1514 4232 1526 4276 :
1572 4213 1892 4295 Tanquam
1927 4215 1975 4276 D
2004 4212 2130 4275 lem
2178 4232 2251 4276 ac
2300 4212 2679 4275 sensitivum
2727 4213 3081 4294 appetitum
3124 4214 3497 4279 abhorrebis

2002 4318 2194 4393 atque
2252 4310 2551 4392 refugies,
2612 4311 2907 4392 quamvis
2970 4313 3319 4374 secundum
3380 4333 3494 4396 ap-

2003 4411 2273 4494 petitum
2344 4409 2805 4472 intellectivum
2870 4428 3007 4471 eam
3071 4409 3495 4474 libentissime

2003 4508 2286 4592 patieris,
2330 4507 2597 4589 cupiens
2645 4507 2905 4572 dissolvi
2951 4515 3016 4569 et
3060 4526 3199 4571 esse
3243 4527 3495 4572 mecum
3542 4537 3743 4594 mmm,
3758 4551 3789 4588 1,

2003 4610 2068 4670 in
2116 4625 2330 4688 regno.
2364 4606 2813 4669 Verumtamen
2860 4607 3183 4689 appetitus
3234 4608 3353 4671 iste
3395 4609 3494 4671 in-
3525 4602 3593 4644 ²³·

2000 4706 2197 4769 ferior
2254 4704 2577 4786 refugiens
2640 4713 2926 4779 mortem,
2992 4705 3118 4768 fuit
3183 4707 3249 4768 in
3316 4707 3497 4771 Petro

1995 4804 2281 4868 finaliter
2338 4802 2631 4866 subditus
2691 4803 2951 4867 rationis
3006 4804 3249 4885 judicio
3303 4813 3496 4888 atque

1999 4903 2293 4986 imperio,
2327 4902 2415 4964 ita
2448 4903 2619 4984 quod
2661 4920 2789 4966 non
2828 4902 3043 4966 timuit
3081 4903 3495 4968 immoderate
3556 4921 3786 4974 mum,

1997 5023 2103 5067 eos
2153 5002 2264 5083 qui
2314 5019 2547 5081 corpus
2588 5000 2981 5063 occiderunt.
3523 4986 3592 5027 ²⁸·
3754 4991 3778 5006 '

2077 5100 2287 5163 Sancti
2338 5099 2575 5161 etenim
2614 5106 2679 5161 et
2717 5098 2982 5182 perfecti
3024 5100 3144 5164 viri
3184 5109 3495 5184 appetunt

1998 5207 2060 5262 et
2100 5217 2225 5263 non
2260 5205 2570 5281 appetunt
2609 5205 2877 5262 mortem
2916 5198 3051 5262 sive
3090 5199 3489 5283 martyrium,

1997 5297 2537 5380 quemadmodum
2576 5314 2742 5378 aeger
2772 5298 2909 5360 vult
2948 5305 3011 5360 et
3049 5316 3174 5363 non
3208 5298 3345 5363 vult
3383 5317 3495 5381 po-
