4300 6259
1124 490 1473 538 anam-no
1517 491 1579 538 nv
1622 491 1760 540 cm».
1804 491 1895 538 111
1935 491 2125 539 Lucia.
2171 511 2252 522 —
2293 493 2435 540 aar.
2481 492 2673 539 xxxiv
3369 471 3448 536 75

148 666 211 720 56
422 667 827 743 Hypocricoe.
859 663 1037 727 Sicut
1079 665 1146 726 iu
1190 664 1477 730 Matthaeo
1516 664 1841 738 scribitur,
1873 662 1924 723 A
1956 662 2284 737 miracula,
2331 669 2548 744 utpote
2589 669 2715 724 tam
2752 661 3191 724 auctoritative
3231 668 3292 723 et
3331 661 3449 722 im-

74 745 219 786 Mania,
234 761 256 787 x

76 761 309 862 „004”
344 764 633 828 Christus
684 763 1090 846 potissimum
1139 764 1274 826 haec
1327 763 1652 826 Pharisaeis
1702 761 1847 824 Sad-

337 863 709 944 ducaeisque
740 862 1052 942 dixit,qui
1086 862 1259 944 pleni
1292 870 1471 924 erant
1502 861 1839 944 hypocrisi.

336 963 632 1029 Faciem,
664 961 727 1023 id
759 969 857 1022 est
884 961 1393 1042 dispositionem,
1427 963 1572 1024 coeli
1600 961 1753 1023 aerii
1786 972 1845 1022 ec

336 1071 527 1122 terrae
560 1063 865 1138 probare,
906 1060 1027 1122 hoc
1074 1067 1170 1122 est
1212 1078 1327 1142 per
1366 1059 1627 1141 praefata
1666 1060 1845 1140 signa

334 1159 936 1242 praeconjecturare,
1006 1160 1235 1229 nostis,
1306 1159 1602 1221 videlicet
1671 1160 1841 1239 quod

330 1265 683 1339 tempestas
724 1258 847 1320 erit
887 1265 997 1319 aut
1039 1258 1252 1338 calor3
1293 1261 1409 1319 lzoc
1444 1268 1661 1320 autem
1693 1267 1843 1318 tem-

324 1377 455 1434 pus·
487 1359 805 1436 quomodo
844 1376 974 1416 non
1012 1358 1353 1432 probatis?
1399 1355 1461 1417 id
1520 1362 1635 1428 est,
1688 1374 1844 1435 qua-

334 1473 401 1516 re
433 1474 513 1516 ex
541 1454 819 1518 oraculis
850 1453 1307 1535 Prophetarum
1346 1473 1473 1516 non
1514 1453 1841 1515 advertitis

333 1571 547 1634 neque
598 1552 881 1633 probatis
931 1553 1106 1632 quod
1145 1553 1333 1614 modo
1378 1551 1714 1632 impletum
1762 1551 1844 1613 sit

334 1661 593 1732 tempus
644 1650 836 1732 primi
896 1651 1207 1712 adventus
1259 1650 1490 1713 Christi
1542 1649 1724 1712 vobis
1776 1649 1839 1711 in

334 1750 473 1829 lege
520 1757 585 1810 et
636 1749 967 1831 Prophetis
1020 1749 1365 1830 promissi?
1410 1748 1567 1821 Quia
1613 1767 1690 1810 ex
1741 1748 1840 1810 his

1956 761 2280 842 perialiter
2321 769 2513 842 atque
2555 768 2814 843 repente
2853 779 2926 822 ea
2965 761 3228 840 agendo,
3273 759 3449 822 Chri-

1954 870 2122 922 stum
2173 859 2284 922 Dei
2332 859 2565 921 Filium
2615 878 2684 922 se
2729 877 2868 920 esse
2920 859 3232 940 probavit.
3287 858 3450 920 Dicit

1956 966 2258 1039 praeterea
2305 957 2604 1038 Origenes
2651 975 2666 1019 :
2710 956 2842 1018 Nisi
2893 965 3061 1019 esset
3111 957 3294 1020 nobis
3345 976 3452 1018 na-

1951 1055 2245 1117 turaliter
2292 1055 2556 1117 insitum
2599 1055 2661 1117 id
2703 1056 2876 1136 quod
2913 1054 3160 1134 justum
3211 1062 3305 1116 est
3351 1053 3452 1133 ju-

1954 1154 2185 1225 dicare,
2237 1173 2565 1234 nunquam
2627 1152 2911 1217 Salvator
2961 1152 3228 1216 verbum
3281 1153 3450 1214 istud

1953 1252 2242 1315 dixisset.

2031 1349 2338 1414 Praeterea
2377 1351 2662 1414 Christus
2712 1352 2998 1414 hortatur
3037 1353 3114 1413 ad
3165 1351 3453 1413 cautissi-

1952 1468 2119 1511 mam
2153 1435 2585 1531 periculorum
2617 1450 3038 1513 damnationis
3069 1458 3320 1512 aeternae
3348 1451 3454 1512 de·

1952 1547 2383 1612 clinationem.
2423 1551 2636 1617 Quum
2674 1558 2890 1610 autem
2929 1550 3117 1608 vadis
3153 1569 3300 1608 cum
3337 1551 3452 1608 ad·
3586 1557 3659 1613 58

1952 1650 2236 1708 versario
2270 1658 2375 1708 tuo
2416 1651 2504 1709 ad
2537 1649 2926 1725 principem,
2960 1655 3081 1710 etc.
3114 1646 3450 1727 Gregorius

1951 1753 2013 1808 et
2040 1746 2224 1818 Beda,
2254 1765 2365 1827 per
2394 1745 2825 1807 adversarium
2862 1745 3052 1808 istum
3089 1746 3452 1825 intelligunt

331 1867 477 1929 quae
522 1848 589 1909 in
630 1847 769 1927 lege
807 1855 869 1908 et
905 1847 1235 1928 Prophetis
1277 1847 1514 1928 scripta
1550 1847 1836 1921 fuerunt,
1879 1849 1925 1909 B
1954 1845 2145 1907 verba
2189 1863 2382 1906 sacrae
2429 1844 2791 1925 Scripturae,
2835 1863 2947 1906 sou
2993 1845 3280 1907 divinum
3328 1863 3452 1906 ser-

333 1947 455 2009 hoc
491 1946 855 2008 debuerunt
884 1947 1211 2008 advertere
1252 1945 1658 2028 potissimum
1690 1945 1843 2006 Pha-

334 2044 529 2107 risaei.
562 2045 719 2106 Nam
752 2043 1001 2107 Christo
1039 2044 1160 2105 ista
1196 2044 1521 2124 loquente.
1557 2044 1837 2106 ablatum

333 2142 459 2205 fuit
490 2150 819 2225 sceptrum
860 2162 897 2204 a
932 2141 1110 2214 Juda,
1148 2148 1211 2204 et
1247 2142 1607 2222 alienigena
1641 2142 1842 2223 impe·

332 2241 500 2304 ravit
526 2241 758 2304 Judaeis
785 2259 801 2304 ε
835 2259 952 2323 per
980 2241 1153 2323 quod
1183 2241 1390 2322 patuit
1420 2259 1558 2302 esse
1588 2248 1841 2322 tempus

336 2340 533 2421 primi
565 2340 877 2402 adventus
910 2338 1165 2412 Christi,
1201 2339 1743 2419 quemadmodum
1776 2338 1840 2400 in

88 2455 183 2500 aa..
204 2471 304 2507 xm,
330 2437 562 2501 Genesi
590 2437 782 2502 Jacob
814 2437 1109 2520 praedixit
1141 2456 1155 2499 ε
1187 2436 1323 2500 Non
1356 2436 1681 2498 auferetur
1712 2455 1847 2499 sce-

76 2521 128 2558 ¹⁰'
336 2546 559 2620 ptrum
607 2538 685 2598 de
733 2537 913 2609 suda,
967 2544 1031 2599 et
1076 2539 1205 2598 dux
1258 2537 1336 2598 de
1385 2535 1628 2598 femore
1676 2536 1839 2616 ejuS,

334 2638 543 2700 donec
592 2636 807 2699 veniat
854 2635 968 2717 qui
1018 2635 1368 2697 mittendus
1417 2642 1553 2710 est3
1600 2641 1663 2696 et
1708 2635 1843 2716 ipse

334 2735 459 2797 erit
494 2734 887 2816 exspectatio
921 2735 1232 2814 gentium.
1268 2732 1579 2795 Similiter
1621 2752 1845 2795 nume-

89 2847 307 2901 oan.·1.2³
336 2853 447 2895 rus
482 2833 1025 2896 hebdomadarum
1064 2833 1143 2894 de
1183 2832 1423 2912 quibus
1458 2831 1671 2893 Daniel
1706 2851 1846 2912 pro-

76 2917 206 2966 ΜΨ
338 2931 649 3014 phetavit,
683 2939 747 2992 et
780 2929 948 2992 infra
983 2949 1142 3010 quas
1184 2929 1507 2992 Christum
1554 2929 1845 3011 praedixit

1952 1962 2230 2017 monem,
2274 1944 2384 2024 qui
2435 1945 2667 2006 nostris
2717 1943 3076 2006 carnalibus
3121 1943 3452 2004 desideriis

1952 2043 2394 2105 contrariatur.
2437 2043 2828 2124 Augustinus
2868 2049 3077 2104 autem
3135 2043 3450 2104 interdum

1954 2159 2067 2222 per
2098 2142 2534 2204 adversarium
2566 2141 2760 2203 istum
2797 2141 3098 2220 intelligit
3131 2141 3455 2203 conscien-

1951 2240 2105 2302 tiam
2148 2242 2639 2303 remordentem.
2673 2238 2972 2320 Origenes
3004 2259 3156 2302 vero
3198 2257 3312 2322 per
3349 2240 3456 2301 ad-

1954 2339 2308 2403 versarium
2352 2339 2543 2400 istum
2590 2339 2888 2419 intelligit
2931 2338 3278 2402 diabolum.

2030 2436 2269 2518 Itaque,
2304 2437 2656 2498 secundum
2691 2437 2958 2518 primam
2991 2437 3451 2517 acceptionem,

1954 2537 2071 2598 iste
2111 2542 2206 2597 est
2251 2553 2474 2598 sensus
2514 2553 2526 2597 τ
2569 2537 2776 2602 Quum
2809 2536 2997 2595 vadis
3035 2555 3178 2595 cum
3222 2538 3452 2595 adver-

1951 2637 2126 2694 sario
2163 2643 2290 2703 tac,
2326 2633 2388 2694 id
2428 2640 2526 2694 est
2561 2651 2706 2694 cum
2760 2650 3050 2694 sermone
3093 2632 3333 2704 divino,
3369 2636 3457 2692 ad

1943 2733 2340 2808 principem,
2393 2731 2456 2792 id
2505 2737 2600 2792 est
2646 2731 2723 2792 ad
2784 2729 3102 2792 Christum
3165 2730 3453 2793 omnium

1955 2828 2435 2892 dominatorem.
2469 2829 2649 2891 Nunc
2689 2829 2860 2890 enim
2903 2828 3196 2891 habendo
3237 2829 3300 2890 in
3344 2847 3456 2891 no-

1955 2926 2055 2988 bis
2109 2927 2302 2989 verba
2354 2927 2483 3000 Dei,
2538 2928 3044 3010 propinquamus
3093 2928 3170 2989 ad
3222 2926 3452 2990 Christi

334 3039 706 3102 venturum,
763 3037 915 3090 tunc
962 3027 1085 3089 fuit
1134 3027 1513 3110 completuS.
1557 3027 1844 3090 Christus
1884 3027 1927 3092 C
1958 3024 2260 3099 tribunal,
2299 3027 2694 3107 properando
2732 3026 2808 3087 ad
2852 3033 3142 3087 mortem.
3182 3027 3283 3103 [In
3324 3026 3452 3103 cia]

330 3147 599 3209 quoque
634 3125 787 3188 fecit
822 3126 1128 3188 miracula
1163 3145 1309 3206 quae
1338 3125 1527 3186 Isaias
1571 3144 1717 3187 eum
1758 3143 1847 3188 es-

88 3237 311 3287 mant-
336 3245 405 3288 se
444 3227 771 3288 facturum
813 3223 1105 3306 praedixit
1146 3242 1160 3286 :
1206 3223 1367 3286 Ecce
1406 3223 1569 3285 Deus
1612 3232 1839 3298 vester,

1955 3128 2041 3184 da
2070 3143 2354 3200 operam,
2389 3123 2454 3184 id
2493 3131 2586 3184 est
2627 3131 2857 3204 satage,
2894 3125 3163 3184 liberari
3201 3126 3282 3185 ab
3312 3125 3452 3191 illo,

1955 3223 2018 3284 id
2050 3230 2146 3284 est
2174 3221 2254 3283 ab
2285 3221 2424 3301 ejus
2463 3221 2862 3284 accusatione
2897 3240 2910 3284 :
2947 3222 3067 3284 hoc
3097 3230 3211 3296 est,
3246 3221 3457 3302 acqui-

76 3302 110 3341 θ’
337 3325 597 3406 inquit;
640 3323 779 3405 ipse
819 3323 1033 3385 veniet
1070 3330 1131 3384 et
1180 3321 1452 3384 salvabit
1492 3341 1625 3384 vos.
1668 3321 1843 3385 Tunc
1954 3339 2097 3382 esce
2140 3327 2205 3382 et
2245 3320 2548 3383 obediens
2592 3327 2725 3382 esto
2769 3319 2987 3382 divino
3035 3321 3334 3392 sermoni,
3373 3337 3453 3381 ne

332 3423 711 3506 aperientur
740 3420 908 3484 oculi
942 3439 1276 3494 caecorum,
1311 3428 1374 3482 et
1407 3438 1594 3483 aures
1624 3421 1845 3483 surdo·
1957 3439 2067 3501 per
2112 3419 2554 3499 allegationem
2595 3419 2796 3500 ipsius
2838 3419 2901 3480 in
2948 3419 3164 3481 divino
3209 3418 3452 3500 judicio

334 3542 479 3584 rum
533 3519 890 3602 patebunt3
945 3526 1095 3580 tunc
1156 3519 1338 3580 saliet
1393 3519 1559 3581 sicut
1616 3537 1841 3595 cervus
1953 3516 2301 3579 inveniaris
2351 3535 2496 3578 reus
2545 3522 2736 3597 atque
2784 3515 3162 3578 damnabilis
3205 3536 3218 3580 :
3266 3525 3453 3598 prout

334 3621 629 3692 clauduS‚
682 3628 745 3680 et
789 3624 1008 3698 aperta
1055 3617 1179 3679 erit
1225 3617 1443 3698 lingua
1491 3625 1837 3680 mutorum.
1950 3617 2120 3698 apud
2167 3615 2471 3678 Joannem
2532 3614 2814 3696 loquitur
2873 3614 3179 3688 ChristuS,
3234 3614 3452 3678 Sermo
3501 3633 3746 3682 Joanmn.

412 3717 538 3780 Sed
589 3734 671 3778 ne
716 3715 916 3796 aliqui
962 3714 1321 3778 Judaeorum
1366 3716 1443 3776 de
1488 3715 1842 3794 ignorantia
1950 3733 2143 3795 quem
2190 3714 2438 3776 locutus
2481 3732 2644 3785 sum,
2684 3712 2998 3792 judicabit
3039 3731 3186 3774 eum
3233 3714 3297 3775 in
3344 3733 3454 3776 no-
3482 3697 3551 3738 ⁴⁸·

332 3815 814 3897 Scripturarum
858 3815 1089 3875 veteris
1131 3813 1515 3876 Testamenti
1556 3832 1623 3875 se
1654 3832 1841 3876 excu-
1951 3813 2216 3875 vissimo
2265 3811 2408 3884 die3
2461 3831 2542 3872 ne
2582 3812 2749 3887 forte
2794 3813 3010 3872 trahat
3053 3821 3108 3872 te
3145 3815 3234 3872 acl
3263 3814 3454 3888 judi-

150 3917 210 3972 57
332 3920 571 3985 sarent,
606 3912 895 3974 Christus
932 3911 1166 3992 adjecit
1200 3931 1213 3974 ε
1252 3913 1425 3981 Quid
1455 3921 1673 3973 autem
1704 3923 1765 3973 ec
1799 3936 1839 3972 α
1948 3931 2102 3981 cem,
2140 3911 2202 3972 id
2243 3917 2358 3982 est,
2397 3927 2476 3970 ne
2516 3908 2930 3989 transgressio
2970 3907 3171 3970 divini
3214 3927 3452 3973 sermo-

331 4015 511 4073 vobis
542 4013 725 4088 ipsi-³,
760 4010 884 4074 hoc
919 4017 1036 4082 est,
1072 4029 1186 4073 cur
1224 4028 1303 4072 ex
1342 4009 1612 4072 naturali
1658 4011 1841 4074 ratio·
1950 4010 2049 4070 nis
2090 4027 2201 4070 seu
2243 4007 2690 4090 praenuntiatio
2731 4006 2894 4087 ejuS,
2929 4007 3012 4068 sit
3052 4026 3240 4069 causa
3279 4009 3448 4088 quod

333 4130 413 4173 ne
456 4118 691 4182 vestra,
726 4130 857 4170 non
873 4110 1203 4186 judicatis
1233 4112 1405 4188 quod
1419 4110 1683 4185 justum
1724 4121 1835 4182 esc,
1950 4107 2138 4168 etiam
2188 4107 2430 4170 invitus
2489 4105 2890 4186 compellaris
2943 4123 3152 4168 coram
3203 4106 3450 4168 Christo

332 4209 396 4272 id
426 4218 551 4283 est,
587 4227 716 4272 non
758 4206 1138 4270 concluditis
1178 4226 1280 4268 me
1318 4225 1457 4268 esse
1491 4207 1835 4282 Christum,
1871 4211 1922 4272 D
1947 4206 2164 4287 judice
2193 4223 2600 4287 comparere:
2629 4205 2794 4266 sicut
2821 4204 2910 4266 ait
2940 4205 3290 4285 ApostoluS,
3315 4204 3451 4268 Om-
3509 4221 3632 4264 Rom.
3660 4234 3746 4269 m.

332 4327 542 4390 quum
582 4325 697 4388 per
738 4313 829 4368 tot
869 4304 1177 4366 miracula
1214 4322 1316 4366 me
1346 4323 1485 4366 esse
1518 4304 1838 4368 Christum
1951 4323 2062 4366 nes
2111 4304 2420 4366 stabimus
2469 4309 2615 4364 ante
2666 4301 2943 4363 tribunal
2990 4303 3243 4365 Christi.
3289 4303 3451 4367 Dicit
3483 4287 3547 4328 ¹⁰·

332 4407 805 4469 demonstrem?
836 4402 1041 4475 Quum
1074 4403 1245 4464 enim
1281 4403 1494 4464 verbis
1531 4412 1843 4485 protester
1948 4411 2183 4477 autem,
2227 4401 2429 4475 Forte,
2475 4408 2733 4482 propter
2776 4400 3134 4462 libertatem
3173 4401 3444 4476 arbitrii,

332 4523 437 4566 me
468 4522 613 4565 esse
644 4502 991 4573 Christum,
1024 4500 1078 4561 si
1120 4501 1206 4562 ita
1246 4519 1373 4563 non
1414 4508 1600 4574 esset,
1634 4519 1841 4564 essem
1949 4520 2078 4582 qua
2116 4507 2322 4583 potest
2362 4501 2551 4563 homo
2597 4500 2834 4560 malum
2881 4501 3098 4561 vitare.
3137 4503 3451 4576 Etjudeoe

336 4603 663 4684 pessimus
703 4598 1197 4680 blasphemator,
1241 4617 1359 4660 nec
1400 4617 1652 4680 possem
1694 4619 1843 4683 ope—
1952 4602 2170 4660 tradat
2203 4607 2259 4658 te
2286 4599 2595 4668 emaccori,
2643 4596 2708 4658 id
2749 4605 2843 4658 est
2883 4596 3156 4669 diab010‚
3191 4597 3301 4678 qui
3343 4616 3451 4660 ex-

335 4701 460 4764 rari
503 4697 817 4762 miracula
857 4697 1115 4779 proprie
1153 4697 1340 4771 dicta,
1377 4697 1491 4760 soli
1537 4697 1660 4759 Deo
1701 4717 1842 4779 pos·
1950 4697 2063 4777 igit
2111 4696 2226 4758 tibi
2282 4714 2531 4777 poenam
2585 4714 2700 4776 pro
2747 4694 2937 4775 culpa
2983 4694 3214 4775 infligi,
3261 4702 3450 4776 teque

334 4798 575 4866 sibilia.
600 4814 807 4878 quum
836 4794 1001 4857 Deus
1040 4813 1167 4857 non
1198 4794 1282 4856 sit
1312 4795 1489 4856 testis
1521 4794 1835 4868 falsitatis,
1950 4795 2071 4857 sibi
2107 4793 2502 4876 puniendum
2534 4792 2904 4872 adjudicari.
2923 4795 3006 4854 Ec
3025 4804 3283 4853 eaeaccor
3309 4797 3450 4854 mic-

336 4916 453 4960 ncc
520 4914 637 4977 per
686 4893 919 4974 impios
974 4892 1103 4973 agit
1162 4893 1467 4955 miracula
1522 4893 1600 4954 ad
1658 4893 1842 4957 robo-
1948 4902 2041 4954 tat
2092 4904 2147 4954 te
2196 4894 2270 4952 in
2317 4911 2633 4951 carcerem
2684 4889 3060 4952 infernalem
3117 4910 3130 4953 ε
3184 4892 3261 4953 de
3317 4911 3448 4972 quo

1946 4993 2115 5074 apud
2145 4990 2364 5053 isaiam
2401 4989 2784 5071 praedicitur,
2811 4989 3195 5052 Claudentur
3225 4990 3290 5051 in
3325 5010 3448 5052 car·
3479 5014 3742 5064 [μηκας.

100 5097 309 5156 ‘mu-xv.
338 5093 627 5157 Christus
675 5090 913 5152 fatetur
959 5108 973 5151 :
1025 5088 1088 5151 Si
1132 5107 1325 5170 opera
1366 5110 1493 5153 non
1540 5090 1837 5153 fecissem
1948 5108 2109 5152 cere.
2157 5091 2314 5150 Dico
2359 5090 2501 5156 tibi,
2544 5107 2666 5150 non
2719 5088 2920 5151 solum
2975 5088 3441 5162 comminando,
3584 5109 3657 5169 59

338 5191 401 5254 in
450 5193 569 5266 θὶς,
618 5208 768 5272 quae
824 5205 1013 5250 nemo
1070 5187 1235 5249 alius
1286 5188 1456 5263 fecit,
1506 5197 1834 5270 peccatum
1946 5189 2055 5250 sed
2106 5187 2297 5250 etiam
2346 5185 2700 5249 certissime
2758 5186 3262 5268 praenuntiandO,
3315 5209 3448 5252 non

340 5307 463 5355 non
502 5287 837 5352 haberent.
872 5285 1003 5348 imo
1030 5284 1233 5360 JesuS‚
1266 5304 1342 5348 ex
1384 5287 1571 5349 modo
1609 5287 1835 5368 agendi
1942 5288 2116 5346 exies
2159 5289 2339 5356 inde,
2378 5285 2440 5346 id
2487 5291 2602 5360 est,
2647 5286 2724 5346 de
2775 5284 2982 5370 poenis
3033 5284 3268 5350 inferni
3321 5307 3446 5352 non

338 4996 651 5058 rationem
714 4991 1216 5054 mendaciorum.
1269 4991 1429 5054 Hinc
1478 4991 1543 5054 in
1602 4991 1838 5054 Ioanne
