4300 6259
575 795 675 839 ler.
695 808 720 836 x

555 3465 634 3508 Pe.
647 3465 819 3516 αιν,3,4.

645 3751 718 3806 24

555 3858 722 3902 Joann.
737 3869 822 3908 xiv,

591 4347 702 4391 Luc.
725 4359 750 4388 x

575 4442 746 4517 jfatth.
757 4484 826 4520 xx,

562 4539 632 4580 21.

855 495 978 560 562

1631 512 1983 559 BNARRATto
2025 512 2090 557 m
2131 511 2273 558 CAP-
2320 511 2423 557 ΧΠ
2466 509 2743 557 somnis.
2792 530 2873 542 —
2916 510 3057 558 Aur.
3105 511 3181 558 xt.

855 685 942 745 ait
969 685 1046 746 ad
1075 683 1409 746 Jeremiam
1442 684 1518 746 de
1555 683 1794 765 populo
1820 683 2181 746 Judaeorum
2214 701 2356 765 pra-
2386 681 2437 742 A
2464 689 2587 744 tate
2624 691 2686 744 et
2716 684 2793 745 de
2832 684 3057 746 ceteris
3098 684 3239 764 ejus
3278 684 3619 766 mysteriis.
3654 683 3965 746 Praeterea

723 808 765 844 v.
815 782 1120 846 -vissimo
1170 800 1182 844 :
1235 781 1298 844 Si
1359 782 1647 844 steterint
1703 781 1940 864 Moyses
1991 789 2054 842 et
2101 779 2352 842 Samuel

857 899 1066 943 eoram
1117 898 1241 955 me,
1277 899 1402 944 non
1445 889 1540 942 est
1587 880 1800 942 anima
1844 898 1984 942 mea
2027 881 2104 942 ad
2157 897 2358 961 popu-

855 977 990 1039 lum
1035 979 1250 1040 istum.

921 1075 1183 1139 Oremus
1213 1095 1362 1159 ergo
1391 1097 1538 1140 cum
1568 1077 1740 1141 omni
1775 1077 2126 1139 reverentia
2156 1075 2354 1136 Deum

854 1175 1098 1237 Patrem
1159 1194 1274 1258 per
1321 1176 1582 1238 unicum
1638 1176 1868 1238 Filium
1919 1175 2082 1255 ejuS,
2135 1173 2355 1235 certis-

857 1273 1002 1335 simi
1050 1275 1222 1356 quod
1268 1275 1558 1336 exaudiet
1605 1293 1718 1337 nos
1759 1274 1924 1336 ultra
1963 1281 2027 1336 et
2074 1271 2351 1354 amplius

855 1391 1046 1453 quam
1101 1391 1443 1447 meremur,
1476 1392 1678 1455 quum
1724 1373 1805 1435 sit
1849 1379 2080 1436 nostrae
2127 1369 2351 1432 salutis

854 1480 1115 1535 amator.
1149 1471 1212 1534 Si
1255 1471 1730 1535 consideremus
1773 1479 2010 1552 quanta
2047 1469 2226 1532 Pater
2265 1468 2352 1530 fe-

855 1571 942 1632 cit
973 1590 1088 1652 pro
1127 1571 1332 1645 nobiS,
1369 1577 1676 1653 quantum
1715 1570 1938 1632 dilexit
1978 1587 2115 1642 nos,
2149 1587 2353 1649 quan-

856 1677 916 1730 ta
945 1668 1260 1732 beneficia
1289 1669 1578 1742 contulit,
1605 1678 1843 1750 quanta
1874 1668 2186 1750 promissa
2216 1684 2352 1747 spo-

855 1769 1098 1850 pondit,
1163 1768 1453 1831 dubitare
1519 1785 1924 1849 nequaquam
1996 1765 2349 1848 poterimus

2463 780 2747 844 Christus
2794 801 2918 846 non
2965 791 3148 863 negat
3194 803 3259 844 se
3304 791 3629 846 exoratum
3672 783 3753 844 ab
3790 785 3967 864 Apo-

2465 879 2662 953 stolis,
2708 882 2820 943 sed
2866 882 3036 963 quod
3086 882 3175 943 nil
3227 883 3547 964 petierunt
3594 881 3837 944 Patrem
3890 882 3961 942 in

2466 979 2721 1042 nomine
2761 1000 2897 1054 suo,
2931 981 3083 1062 quia
3124 1000 3248 1044 non
3292 989 3459 1043 recte
3504 989 3843 1042 senserunt
3880 981 3965 1042 de

2464 1076 2711 1140 Christo
2758 1078 2823 1140 in
2870 1078 3193 1154 omnibuS‚
3242 1080 3594 1161 praesertim
3642 1086 3961 1160 quantum

2462 1176 2541 1237 ad
2582 1175 2723 1256 ejus
2765 1177 3191 1252 divinitatem.

2542 1276 2751 1336 Petite
2798 1276 2862 1336 in
2914 1277 3171 1340 nomine
3221 1295 3361 1339 meo
3410 1275 3866 1349 indesinenter,
3898 1287 3963 1336 ec

2462 1373 2792 1448 accipietis
2840 1375 3009 1454 quod
3063 1372 3299 1455 petitis.
3350 1372 3567 1435 Omnis
3619 1373 3801 1443 enim,
3838 1373 3959 1454 qui
4012 1392 4257 1440 nattam.

2466 1469 2643 1548 petit,
2694 1470 2960 1551 accipit;
3009 1479 3072 1532 et
3118 1470 3231 1552 qui
3279 1471 3529 1552 quaerit,
3576 1471 3861 1548 invenit;
3894 1477 3963 1531 et
3994 1459 4045 1498 ⁸·

2466 1567 2741 1647 pulsanti
2772 1568 3114 1650 aperietur.
3148 1569 3307 1632 Hine
3334 1568 3537 1632 fertur
3568 1569 3633 1631 in
3664 1568 3953 1631 Psalmo:

2464 1663 2731 1746 Sperent
2770 1666 2834 1727 in
2866 1673 2928 1728 te
2966 1668 3078 1748 qui
3120 1675 3434 1731 noverunt
3474 1686 3705 1731 nomen
3742 1677 3955 1746 tuum,
4008 1687 4095 1729 Ρ..
4118 1693 4245 1734 ωε.

2464 1763 2764 1842 quoniam
2824 1783 2951 1828 non
3008 1765 3404 1847 dereliquisti
3462 1773 3819 1847 quaerentes
3867 1774 3955 1840 te,

853 1867 1010 1949 quin
1077 1867 1497 1930 libentissime
1557 1885 1776 1949 preces
1841 1872 2083 1928 nostras
2143 1862 2348 1926 susci·
2390 1864 2435 1926 B
2465 1861 2747 1924 Domine.
2781 1862 2883 1924 Sic
2930 1865 3237 1927 veraciter
3283 1873 3401 1926 est.
3434 1863 3496 1926 Si
3546 1882 3959 1928 nosceremus

855 1965 1006 2047 piat.
1059 1965 1179 2028 Sed
1225 1966 1488 2029 omnino
1537 1967 1765 2028 decens
1824 1972 1886 2026 et
1932 1963 2175 2045 justum
2228 1968 2344 2036 est,

855 2071 923 2125 ut
971 2082 1116 2125 eum
1167 2064 1374 2126 cordis
1422 2064 1726 2137 custodia,
1763 2081 1908 2124 cum
1962 2060 2205 2141 ingenti
2257 2059 2350 2121 di-

853 2161 1133 2242 ligentia,
1185 2181 1330 2224 cum
1392 2162 1666 2243 puritate
1713 2161 1943 2223 mentis
1997 2166 2061 2221 et
2109 2157 2353 2220 stabili-

853 2267 978 2322 tate
1007 2261 1344 2323 Dominum
1376 2260 1720 2342 majestatis
1749 2277 2023 2331 oremuS,
2047 2276 2126 2320 ne
2157 2275 2350 2338 quem

851 2360 1088 2422 orando
1129 2359 1418 2440 mitigare
1464 2359 1813 2431 studemuS‚
1849 2357 2046 2439 impie
2089 2373 2352 2419 conver-

851 2459 1048 2520 sando
1085 2456 1557 2520 exacerbemus.
1591 2457 2038 2520 Verumtamen
2080 2455 2201 2519 hoc
2232 2455 2352 2516 im-

852 2556 1049 2637 plere,
1102 2556 1380 2620 maximo
1427 2563 1567 2636 eget
1625 2555 1839 2618 labore
1897 2555 1974 2616 ad
2023 2553 2350 2616 refrenan-

851 2656 1002 2717 dum
1071 2655 1268 2716 animi
1335 2655 1790 2735 evagationem.
1854 2654 2111 2735 Propter
2175 2654 2349 2734 quod

849 2753 1044 2815 abbas
1078 2753 1363 2834 Agathou
1405 2753 1564 2815 dixit
1600 2772 1613 2816 :
1647 2753 1780 2816 Non
1825 2760 1921 2813 est
1965 2751 2144 2814 labor
2184 2751 2350 2813 sicut

849 2870 1028 2914 orare
1077 2850 1296 2913 Deum.
1344 2851 1560 2932 Itaque
1607 2859 2201 2932 quantumcumque
2258 2849 2351 2912 vi-

849 2950 1076 3011 demur
1120 2969 1158 3011 a
1206 2949 1328 3012 Deo
1377 2949 1623 3031 repelli,
1678 2969 1801 3012 non
1853 2948 2166 3022 exaudiri,
2220 2965 2347 3010 non

2464 1978 2696 2022 nomen
2748 1961 2851 2023 Dei
2904 1962 3124 2038 nostri,
3171 1963 3235 2025 id
3284 1969 3401 2036 est,
3447 1961 3801 2036 formatam,
3850 1983 3962 2025 ex-

2462 2065 2703 2139 pertam
2742 2067 2805 2120 et
2843 2060 3261 2123 illuminatam
3303 2061 3590 2125 notitiam
3629 2062 3709 2123 de
3746 2080 3823 2124 eo
3856 2063 3962 2124 ha-

2457 2155 2776 2231 beremUS,
2812 2159 3175 2220 nullatenus
3214 2159 3675 2230 diffideremus,
3710 2177 3829 2222 nee
3870 2161 3961 2222 fa-

2458 2255 2803 2336 tigaremur
2858 2265 2967 2318 aut
3023 2276 3437 2332 cessaremm,
3492 2259 3763 2320 scientes
3822 2279 3959 2322 suae

2458 2352 2758 2416 bonitatis
2804 2354 3128 2438 abyssum,
3166 2376 3298 2419 suae
3344 2357 3797 2420 misericordiae
3846 2375 3959 2438 pe-

2461 2451 2660 2531 lagus,
2702 2471 2833 2516 suae
2878 2454 3155 2516 caritatis
3200 2456 3511 2518 ardorem.
3560 2455 3689 2518 Hoc
3738 2456 3958 2537 itaque

2463 2550 2816 2631 postuletiS,
2850 2562 2923 2613 ut
2956 2555 3286 2630 glaudium
3326 2563 3609 2614 vestrum
3653 2553 3961 2635 spiritua-

2462 2647 2540 2722 lc,
2573 2650 2745 2731 quod
2784 2659 2925 2731 post
2963 2651 3491 2715 resurrectionem
3538 2651 3818 2714 habituri
3858 2671 3959 2713 es-

2461 2747 2540 2808 tis
2581 2749 2659 2808 de
2704 2765 2826 2821 me,
2858 2750 2945 2809 sit
2975 2753 3269 2828 plenum,
3312 2750 3375 2812 id
3424 2759 3539 2823 est,
3578 2749 3957 2832 perficiatur

2459 2845 2524 2906 in
2567 2846 2789 2927 patria,
2825 2854 2893 2907 ut
2927 2847 3252 2926 gaudeatis
3293 2849 3371 2909 de
3414 2866 3539 2922 me,
3574 2868 3702 2912 non
3744 2848 3955 2912 solum

2459 2945 2810 3006 secundum
2868 2946 3039 3025 quod
3098 2945 3286 3009 homo
3342 2965 3508 3021 sum,
3562 2966 3787 3028 passus
3838 2967 3956 3029 pro

849 3048 1115 3129 adspici,
1151 3048 1512 3110 nullatenus
1551 3049 1984 3130 desperemuS,
2023 3065 2140 3108 nec
2185 3046 2349 3107 fran-
2384 3046 2428 3110 C
2463 3044 2663 3118 vobiS,
2698 3044 2811 3106 sed
2849 3044 3113 3126 insuper
3152 3053 3221 3106 ut
3258 3045 3421 3106 Deus
3460 3055 3704 3109 creator
3745 3055 3955 3109 vester

847 3155 1032 3228 gatur
1063 3165 1206 3228 spes
1239 3154 1476 3226 nostra3
1504 3148 1614 3208 sed
1645 3147 1973 3208 veritatem
2002 3145 2347 3228 Scripturae

853 3253 1211 3328 pensanteS,
1263 3245 1536 3308 sciamus
1594 3253 1954 3326 sperantem
2014 3245 2080 3306 in
2133 3243 2344 3307 Domi·

851 3363 932 3407 no
981 3363 1109 3407 non
1162 3362 1345 3424 posse
1393 3343 1640 3425 repelli.
1695 3344 1834 3406 ldeo
1882 3344 2037 3405 dicit
2085 3342 2347 3405 Psalmi-

850 3451 944 3505 sta
978 3461 992 3504 :
1025 3441 1296 3504 Laetetur
1338 3460 1446 3503 cor
1492 3441 1915 3522 quaerentium
1958 3441 2341 3520 Dominum3

849 3541 1115 3624 quaerite
1143 3539 1505 3614 Dominum,
1539 3548 1601 3601 et
1639 3538 2136 3614 confirmamini,
2172 3558 2345 3621 quae-

853 3640 970 3701 rite
1012 3639 1239 3702 faciem
1282 3637 1423 3718 ejus
1467 3656 1741 3719 semper.

941 3741 1146 3818 Usque
1185 3741 1367 3798 modo
1408 3757 1533 3798 non
1573 3736 1830 3816 petistis
1866 3737 2229 3816 quidquam
2271 3737 2343 3796 in

851 3838 1112 3897 nomine
1143 3855 1296 3897 meo,
1330 3834 1535 3917 Supra
1571 3835 1774 3897 oravit
1812 3833 2144 3916 Philippus
2180 3853 2193 3896 :
2230 3833 2345 3896 Do-

852 3933 1047 4008 mine,
1099 3934 1359 3996 ostende
1419 3932 1602 3996 nobis
1665 3932 1926 4007 Patrem,
1979 3940 2042 3994 ct
2098 3931 2345 3994 sufficit

854 4032 1060 4097 nobis.
1109 4031 1316 4105 Porro,
1363 4039 1430 4093 ut
1477 4032 1542 4093 in
1592 4031 1734 4093 aliis
1782 4029 2200 4112 Evangelistis
2250 4031 2347 4092 in-

854 4132 1128 4206 venitur,
1162 4130 1462 4212 discipuli
1505 4138 1650 4192 ante
1688 4131 1853 4192 hanc
1890 4148 2138 4193 coenam
2184 4130 2349 4191 mul-

2457 3151 2519 3204 et
2577 3140 2990 3218 beatificator,
3048 3151 3114 3204 ut
3162 3144 3409 3206 bonitas
3460 3143 3737 3219 infinita,
3786 3145 3953 3207 Deus

2456 3241 2828 3314 immensus,
2862 3240 3004 3304 fons
3035 3241 3227 3304 totius
3258 3241 3673 3305 beatitudinis
3705 3253 3949 3307 vestrae.

2452 3338 2789 3422 Nunquam
2839 3339 3069 3420 poterit
3114 3340 3415 3420 gaudium
3472 3350 3763 3404 nostrum
3812 3359 3955 3404 esse

2456 3440 2741 3520 plenum,
2776 3439 2899 3500 nisi
2949 3439 3229 3520 primum
3273 3440 3597 3502 veritatem
3648 3459 3763 3522 per
3806 3460 3956 3524 spe—

2455 3538 2617 3600 ciem
2678 3537 3205 3618 contemplemur,
3255 3546 3447 3619 atque
3496 3539 3713 3602 divina
3770 3539 3957 3602 boni-

2456 3645 2583 3698 tate
2630 3637 2697 3698 in
2747 3654 2814 3698 se
2862 3635 3001 3717 ipsa
3050 3636 3411 3699 immediate
3462 3635 3754 3699 fruamur
3806 3657 3820 3700 ε
3873 3657 3953 3701 ex

2456 3754 2585 3816 qua
2622 3734 3154 3816 contemplatione
3196 3743 3258 3796 et
3296 3734 3599 3798 fruitione
3639 3744 3812 3798 tanta
3846 3739 3954 3800 de—

2458 3833 2710 3896 lectatio
2753 3833 2975 3907 oritur,
3028 3834 3199 3914 quod
3258 3833 3561 3915 majorem
3618 3834 3829 3898 Sancti
3880 3836 3949 3899 in

2460 3932 2663 4014 patria
2720 3938 3047 4012 nequeunt
3100 3928 3420 3992 affectare.
3481 3930 3727 3994 Habent
3776 3935 3951 3997 enim

2458 4036 2522 4091 et
2552 4029 2878 4111 possident
2910 4028 3309 4110 possessione
3348 4047 3567 4091 secura
3604 4049 3678 4093 ac
3716 4033 3957 4116 sempi—

2458 4137 2657 4202 terna,
2684 4127 2997 4210 quidquid
3028 4125 3315 4189 absolute
3344 4128 3718 4202 desiderant,
3744 4150 3950 4211 quum

854 4237 917 4292 ta
965 4228 1382 4291 saluberrima
1434 4229 1751 4309 deprecati
1803 4236 1951 4289 sunt
1999 4228 2343 4302 Christum,
2380 4231 2428 4292 D
2460 4225 2727 4288 felicitas
2758 4227 2840 4288 sit
2868 4227 3106 4289 bonum
3140 4225 3419 4307 perfecte
3448 4229 3953 4292 contentativum

797 4359 826 4395 ι,
856 4327 1124 4390 dicendo
1157 4345 1170 4388 :
1206 4326 1460 4407 Adauge
1510 4325 1690 4388 nobis
1739 4325 1957 4388 fidem.
2003 4326 2143 4387 Filii
2193 4344 2351 4407 quo-

855 4443 983 4506 que
1036 4424 1316 4487 Zebedaei
1379 4424 1719 4505 petierunt,
1776 4432 1844 4485 ut
1902 4443 2067 4485 unus
2126 4441 2348 4486 eorum

855 4525 934 4586 ad
964 4525 1284 4586 dexteram
1314 4521 1560 4595 Christi,
1593 4521 1886 4602 aliusque
1915 4523 1992 4583 ad
2025 4521 2348 4583 sinistram

857 4623 1105 4684 sederet
1151 4622 1217 4682 in
1268 4638 1481 4701 regno.
1529 4618 1883 4682 Orationem
1933 4638 2193 4701 quoque
2242 4621 2352 4682 do-

858 4721 1158 4783 minicam
1221 4719 1511 4800 legerunt
1572 4717 1962 4799 frequenter.
2026 4718 2349 4791 Quomodo

854 4836 1004 4898 ergo
1057 4818 1389 4897 hucusque
1447 4816 1535 4877 nil
1595 4816 1916 4898 pet-ierunt
1974 4817 2039 4877 in
2091 4817 2349 4879 nomine

856 4917 1130 4980 Christi?
1177 4915 1544 4988 Dicendum,
1591 4916 1762 4995 quod
1814 4915 2028 4976 nullus
2076 4916 2235 4997 petit
2282 4916 2347 4977 in

859 5015 1116 5077 nomine
1173 5013 1424 5086 Christi,
1479 5013 1602 5074 nisi
1663 5013 1982 5076 Christum
2042 5031 2191 5077 vere
2249 5032 2352 5077 co-

856 5121 1134 5193 gnoscat,
1169 5129 1446 5192 eumque
1483 5111 1868 5174 Salvatorem
1911 5129 2048 5172 esse
2091 5130 2353 5193 perpen-

860 5212 981 5273 dat.
1005 5210 1285 5292 Apostoli
1315 5217 1526 5272 autem
1559 5209 1892 5291 hucusque
1925 5209 2167 5271 nullam
2198 5209 2352 5272 fidei

863 5309 1270 5372 stabilitatem
1317 5308 1678 5370 habuerunt
1723 5310 1802 5371 de
1844 5307 2074 5371 Christi
2126 5308 2357 5371 divini—

2456 4333 2650 4406 atque
2678 4324 2992 4405 quietanS,
3029 4331 3245 4406 utpote
3286 4332 3482 4387 status
3520 4327 3811 4389 omnium
3850 4329 3956 4392 bo-

2461 4443 2687 4486 norum
2727 4423 3167 4504 aggregatione
3210 4413 3553 4505 perfectus

2541 4525 2696 4584 Hoec
2741 4524 2815 4582 in
2858 4523 3215 4599 proverbiis
3262 4525 3508 4582 locutus
3554 4544 3698 4586 sum
3754 4531 3951 4599 vobi-5,

2460 4619 2521 4682 id
2573 4628 2669 4681 est
2716 4638 2861 4681 cum
2910 4620 3182 4700 quadam
3225 4620 3629 4696 obscuritate,
3664 4631 3729 4685 et
3776 4625 3955 4687 simi-

2461 4717 2731 4780 litudine
2772 4716 3149 4798 parabolica.
3184 4716 3287 4780 Sic
3324 4718 3497 4780 enim
3534 4717 3824 4784 Christus
3864 4725 3954 4786 lo-

2461 4816 2572 4898 qui
2624 4815 2845 4878 solitus
2894 4814 3017 4876 fuit
3061 4823 3207 4877 ante
3255 4816 3638 4897 passionem.
3672 4817 3851 4882 Unde
3892 4831 3955 4884 et

2464 4933 2635 4977 nunc
2672 4913 3157 4976 similitudinem
3198 4914 3484 4976 mulieris
3522 4917 3827 4997 parientis
3858 4921 3953 4983 in-

2462 5014 2663 5076 duxit.
2736 5015 2918 5073 Venit
2968 5013 3153 5080 hora,
3204 5013 3267 5074 id
3324 5020 3439 5088 est,
3492 5022 3745 5096 tempus
3806 5039 3947 5101 pro-

2464 5113 2754 5194 pinquat,
2788 5103 2989 5190 quam
3014 5111 3167 5187 jam
3198 5130 3327 5170 non
3364 5113 3433 5172 in
3469 5117 3853 5189 proverbiis,
3886 5117 3947 5178 id

2464 5219 2561 5272 est
2592 5210 2863 5273 obscure
2901 5208 3067 5270 sicut
3102 5209 3459 5290 hucusque,
3492 5214 3723 5290 loquar
3756 5217 3941 5275 vobis.

2465 5307 2762 5380 Quamvis
2800 5314 3012 5369 autem
3044 5305 3328 5369 Christus
3361 5306 3693 5391 discipulis
3732 5312 3947 5394 loque-

4088 4541 4161 4594 25
