4300 6259
1152 496 1502 544 mumulo
1544 493 1609 540 IN
1650 495 1789 541 CAP-
1835 492 1881 540 11
1922 493 2200 561 somme.
2243 516 2325 528 —
2366 498 2508 546 ΛΒΤ.
2553 500 2638 546 vn

3329 484 3448 549 317

324 674 835 742 consummatas,
898 666 1255 744 continuas,
1307 667 1540 749 gaudio
1600 667 1842 749 plenaS,
1873 665 1926 726 A
1958 683 2037 728 ne
2082 667 2406 749 passiones
2453 669 2773 752 appetitus
2821 671 3342 754 concupiscibilis
3385 677 3448 733 et

330 763 454 826 ubi
486 783 617 828 non
646 773 741 828 est
772 765 1163 828 desiderium
1200 766 1353 830 boni
1396 765 1594 827 futuri
1636 764 1844 846 quoad

328 863 685 944 praemium
744 865 1105 941 essentiale,
1166 865 1277 927 sed
1340 863 1845 947 perfectissimus

326 979 521 1025 amor
553 963 909 1044 praesentiS.
943 962 992 1025 Ο
1029 982 1225 1045 quam
1258 962 1531 1025 libenter
1560 970 1622 1024 et
1652 980 1845 1044 quam

326 1061 817 1142 superlibenter
874 1059 1153 1124 celebrat
1210 1061 1493 1125 Christus
1544 1061 1729 1124 modo
1778 1060 1843 1120 in

323 1158 556 1221 anima
614 1161 840 1224 devota
903 1161 1161 1242 nuptias
1228 1159 1591 1242 spirituales
1629 1165 1643 1220 1
1706 1159 1846 1241 lpse

328 1276 578 1340 nempe
616 1265 712 1320 est
747 1259 859 1340 qui
900 1259 989 1321 ait
1032 1277 1145 1341 per
1175 1258 1575 1322 Salomonem
1605 1257 1671 1320 in
1702 1257 1847 1321 Pro-

62 1369 183 1411 Ρνου.
208 1383 296 1420 vm.
330 1356 585 1420 verbiis
620 1375 635 1420 :
674 1356 923 1421 Deliciae
962 1375 1141 1432 meae,
1176 1375 1315 1419 esse
1356 1377 1499 1420 cum
1540 1355 1698 1419 filiis
1737 1357 1848 1419 ho-

50 1433 297 1547 ³2„,·„,‚
330 1456 637 1536 minum3
696 1465 763 1519 et
816 1456 883 1519 in
938 1457 1319 1540 Apocalypsi
1376 1476 1389 1519 ε
1442 1456 1571 1537 Ego
1623 1462 1719 1520 sto
1768 1457 1846 1518 ad

48 1557 107 1598 2⁰·
330 1554 603 1630 ostium,
638 1561 701 1617 et
742 1556 968 1637 pulso;
1011 1555 1066 1616 si
1109 1556 1259 1638 quis
1294 1555 1617 1637 aperuerit
1659 1555 1843 1630 mihi,

332 1652 597 1716 intrabo
644 1663 707 1715 et
755 1653 1022 1717 coenabo
1066 1673 1215 1716 cum
1257 1652 1390 1728 illo,
1433 1661 1497 1716 et
1540 1653 1676 1735 ipse
1719 1671 1850 1715 me-

330 1771 496 1814 cum.
522 1751 698 1815 Dicat
726 1770 875 1832 crgo
903 1752 1118 1814 anima
1147 1759 1359 1815 nostra
1388 1751 1634 1815 Christo
1665 1771 1851 1834 spon-

1957 763 2296 830 irascibilis
2364 768 2590 832 rationi
2660 778 3018 852 repugnent
3080 778 3142 833 et
3210 789 3449 852 praeva-

1958 863 2148 938 leant,
2221 867 2331 928 sed
2397 868 2774 930 sensualitas
2842 869 3104 932 rationis
3178 868 3478 951 imperio'

1957 980 2210 1044 semper
2253 964 2595 1046 subjaceat.
2641 966 2816 1030 Tunc
2861 967 3146 1030 Christus
3191 986 3454 1031 conver-

1958 1067 2046 1122 tet
2094 1061 2208 1123 has
2252 1080 2448 1144 aquas
2493 1064 2558 1126 in
2604 1065 2850 1140 vinum,
2894 1065 3290 1129 infundendo
3327 1067 3458 1129 ani·
3535 1095 3542 1101 ·

1958 1176 2077 1220 mae
2142 1167 2386 1241 septem
2446 1162 2610 1225 dona
2675 1162 2949 1246 Spiritus
3009 1164 3242 1240 Sancti,
3306 1183 3451 1227 cum

1957 1257 2372 1320 exuberantia
2417 1262 2714 1341 quadam,
2768 1261 2854 1324 ita
2903 1272 2972 1325 ut
3032 1263 3188 1326 ratio
3236 1271 3301 1326 et
3349 1282 3456 1326 vo-

1958 1353 2190 1430 luntaS,
2244 1375 2387 1437 quae
2433 1366 2583 1421 sunt
2631 1359 2918 1441 subjecta
2966 1369 3206 1444 septem
3264 1363 3456 1425 dono-

1960 1471 2124 1528 rum,
2161 1453 2289 1516 sint
2328 1464 2620 1539 prompte
2657 1476 2730 1520 ac
2761 1459 3219 1521 delectabiliter
3258 1459 3457 1522 mobi-

1960 1550 2050 1611 les
2088 1569 2123 1612 a
2161 1550 2402 1634 Spiritu
2433 1553 2680 1629 Sancto,
2710 1557 3058 1638 praesertim
3103 1558 3167 1620 in
3207 1558 3454 1620 actibus

1959 1649 2455 1732 theologicarum
2496 1653 2828 1730 virtutum,
2873 1655 2938 1718 in
2983 1657 3206 1720 ordine
3249 1658 3326 1719 ad
3370 1658 3456 1719 ul·

1958 1748 2188 1811 timum
2219 1750 2568 1835 sinem,qui
2599 1761 2695 1815 est
2726 1753 3047 1818 beatitudo
3077 1763 3458 1838 supernatu-

68 1863 297 1939 σιω-,ῆι
332 1870 409 1913 so
458 1849 727 1926 coelesti,
772 1851 931 1913 illud
983 1849 1385 1914 Canticorum
1430 1868 1445 1912 ε
1488 1849 1709 1912 Veniat
1754 1850 1849 1912 di-
1884 1846 1930 1908 B
1962 1847 2130 1914 ralis.
2166 1848 2340 1912 Tunc
2371 1867 2486 1932 per
2513 1852 2752 1915 donum
2783 1853 3130 1935 sapientiae,
3154 1855 3454 1918 sortietur

330 1949 545 2011 lectus
586 1967 771 2011 meus
810 1948 877 2010 in
918 1949 1177 2011 hortum
1216 1967 1427 2023 suum,
1461 1957 1523 2011 et
1562 1951 1848 2012 comedat

332 2047 629 2110 fructum
659 2065 993 2129 pomorum
1036 2065 1342 2126 suorum3
1386 2054 1448 2108 et
1488 2046 1670 2120 illud,
1704 2046 1847 2109 Om—

332 2145 447 2208 nia
486 2163 677 2227 poma
716 2163 881 2209 nova
921 2152 984 2207 et
1028 2152 1262 2219 vetera,
1304 2143 1531 2207 dilecte
1570 2144 1681 2220 mi,
1717 2163 1845 2208 ser-

334 2244 481 2308 vavi
512 2243 658 2307 tibi.
691 2243 882 2307 Poma
911 2243 1051 2318 ista,
1087 2250 1239 2305 sunt
1274 2250 1491 2305 sancta
1530 2243 1845 2306 desideria

52 2059 158 2106 [bid.

330 2343 585 2424 patriae,
629 2341 861 2404 fervidi
912 2349 1122 2404 motus
1172 2341 1237 2404 in
1286 2341 1506 2414 Deum,
1560 2349 1844 2405 contem-

328 2441 653 2523 plationes
692 2441 957 2504 sincerae
991 2439 1347 2503 coelestium
1383 2458 1398 2502 :
1431 2439 1669 2521 quibus
1708 2459 1843 2504 cer-

328 2547 467 2602 tum
512 2547 614 2602 est
654 2539 974 2602 Christum
1022 2538 1342 2620 praecipue
1384 2538 1705 2602 delectari.

408 2637 966 2710 Quemadmodum
1015 2645 1229 2698 autem
1279 2635 1347 2697 in
1404 2636 1648 2718 nuptiis
1708 2635 1837 2698 illis

326 2736 799 2818 corporalibus,
843 2734 1185 2797 deficiente
1222 2734 1393 2810 vino,
1444 2734 1604 2797 dixit
1648 2734 1839 2797 Mater

322 2834 475 2896 Jesu
526 2835 605 2896 ad
650 2853 823 2909 eum,
856 2833 1091 2895 Vinum
1142 2851 1267 2896 non
1313 2832 1588 2914 habent3
1634 2833 1727 2896 sic
1770 2833 1836 2896 in

329 2933 839 3016 praememoratis
890 2931 1121 2994 animae
1176 2931 1443 3013 nuptiis,
1497 2931 1839 2995 deficiente

1956 1945 2168 2010 anima
2209 1947 2462 2010 dulcem
2504 1957 2764 2029 gustum
2809 1951 2874 2013 in
2919 1953 3452 2035 contemplatione

1958 2044 2344 2121 divinorum,
2378 2055 2441 2108 et
2473 2046 2842 2129 impellente
2877 2067 3015 2111 eam
3045 2051 3280 2114 amoris
3310 2070 3455 2113 san-

1956 2143 2039 2204 cti
2103 2142 2378 2220 fervore,
2449 2145 2662 2232 faciet,
2710 2149 2898 2210 corde
2970 2149 3450 2231 promptissimo

1954 2240 2269 2322 quidquid
2313 2243 2561 2306 noverit
2604 2243 2878 2308 Creatori
2925 2246 3194 2328 placere,
3227 2256 3289 2310 et
3334 2266 3449 2330 pro

1950 2338 2091 2419 ejus
2142 2341 2498 2404 reverentia
2543 2360 2704 2404 esse.
2756 2342 2858 2406 Sic
2905 2346 3198 2409 animalis
3256 2347 3446 2412 homo

1950 2436 2030 2499 fit
2075 2439 2450 2521 spiritualiS,
2501 2441 2899 2505 introductus
2959 2444 3024 2507 in
3075 2444 3302 2508 cellam
3352 2446 3444 2508 vi·
3483 2461 3617 2505 Cant.
3636 2472 3679 2510 ιι,
3698 2459 3737 2503 ι.

1952 2537 2216 2613 nariam,
2279 2547 2470 2620 atque
2537 2539 2886 2604 inebriatus
2953 2542 3101 2606 vino
3166 2543 3440 2625 Spiritus

1950 2633 2184 2710 Sancti,
2219 2636 2306 2698 ita
2353 2645 2422 2699 ut
2471 2638 2842 2702 memoriam
2890 2640 3294 2706 abundantiae
3340 2661 3445 2704 su·
3474 2655 3739 2705 noxum.

1950 2734 2200 2797 evitatis
2241 2734 2346 2796 Dei
2385 2743 2648 2811 eructet,
2681 2737 2898 2800 dicens
2935 2757 2950 2802 :
2981 2739 3179 2813 Quam
3218 2759 3443 2822 magna
3473 2752 3738 2805 Ps-xxmo-

1951 2833 2292 2897 multitudo
2335 2835 2690 2898 dulcedinis
2734 2845 2878 2914 tuae,
2913 2838 3214 2902 Domine!

329 3032 507 3106 vinc,
541 3032 663 3095 hoc
702 3039 799 3094 est
835 3030 1153 3113 spirituali
1186 3031 1637 3106 consolatione,
1656 3032 1841 3094 devo-
1874 3033 1919 3098 C
2030 3033 2183 3092 Post
2227 3033 2384 3102 hoec,
2425 3031 2720 3095 videlicet
2766 3043 2909 3116 post
2955 3037 3324 3118 nuptiarum
3373 3038 3440 3100 in
3581 3040 3648 3096 12

326 3129 527 3194 tionis
566 3147 815 3212 sapore,
860 3129 1125 3211 mystico
1163 3127 1514 3204 intellectu,
1550 3128 1841 3210 perfecti-

322 3230 606 3311 onisque
644 3229 865 3309 gratia,
899 3228 1199 3291 advocata
1236 3246 1311 3290 ac
1340 3227 1597 3290 domina
1627 3236 1840 3292 nostra

326 3328 685 3391 intercedet
717 3345 831 3408 pro
861 3325 1046 3389 nobis
1075 3326 1155 3388 ad
1186 3325 1529 3402 Christum,
1566 3334 1636 3388 ut
1674 3327 1839 3390 desi-

324 3428 614 3490 deratam
664 3423 1023 3488 dulcedinis
1062 3443 1193 3486 suae
1233 3425 1656 3505 praesentiam,
1692 3445 1839 3490 con-

323 3525 711 3588 solationem
751 3523 1090 3596 internam,
1134 3521 1409 3585 solidum
1450 3523 1688 3604 cibum,
1724 3533 1839 3588 sta-

324 3623 531 3687 bilem
562 3622 931 3705 puritatem,
968 3620 1153 3684 nobis
1192 3621 1484 3684 conferre
1515 3623 1830 3703 dignetur.

322 3721 391 3784 Si
422 3729 643 3786 autem
672 3719 1017 3783 fecerimus
1047 3720 1221 3801 quod
1251 3719 1411 3782 dixit
1441 3720 1626 3802 Virgo
1656 3722 1838 3785 beata

326 3821 670 3895 ministriS,
712 3818 1171 3900 Quodcumque
1208 3818 1567 3899 (inquiens)
1605 3820 1838 3884 dixerit

326 3918 538 3993 vobis,
572 3917 794 3998 facite3
828 3925 982 3979 tunc
1008 3916 1187 3978 Jesus
1220 3915 1410 3978 faciet
1439 3917 1622 3980 nobis
1654 3921 1839 4000 quid-

324 4019 489 4100 quid
528 4016 723 4079 Mater
759 4015 900 4097 ejus
941 4034 1058 4097 pro
1098 4014 1282 4078 nobis
1328 4016 1660 4096 rogaverit.

410 4115 529 4178 Per
565 4131 677 4177 sex
716 4131 977 4196 quoque
1018 4113 1299 4195 lapideas
1338 4113 1615 4197 hydriaS,
1652 4115 1838 4178 intel-

1949 3127 2113 3192 Cana
2157 3128 2488 3212 factarum,
2530 3141 2593 3194 et
2637 3134 2922 3214 praedicti
2965 3136 3258 3199 miraculi
3304 3156 3444 3220 per-

1949 3229 2389 3309 petrationem,
2431 3233 2758 3293 deseendit
2807 3235 3288 3310 Capharrmum,
3341 3256 3444 3299 ur·-

1949 3324 2095 3386 bem
2153 3325 2420 3390 Galilaeae
2475 3329 2880 3411 metropolim
2946 3340 3137 3414 atque
3205 3335 3446 3397 mariti-

1947 3442 2136 3500 mam,
2172 3428 2328 3503 ipse,
2367 3436 2426 3487 et
2465 3431 2678 3492 Mater
2705 3431 2868 3508 ejch,
2900 3441 2960 3492 et
2995 3435 3237 3511 fratres
3272 3435 3437 3512 ejus,

1948 3524 2069 3586 hoc
2117 3531 2214 3585 est
2259 3526 2712 3606 consanguinei
2761 3536 2823 3590 et
2869 3528 3099 3593 affines
3142 3549 3219 3594 ex
3265 3541 3442 3614 parte

1948 3620 2250 3701 virgineae
2278 3622 2635 3686 GenitriciS.
2657 3624 2792 3688 Non
2824 3627 2993 3689 enim
3026 3627 3288 3692 fuerunt
3319 3630 3440 3694 filii

1946 3718 2171 3795 Mariae,
2225 3728 2294 3783 ut
2340 3722 2500 3784 dixit
2545 3722 3025 3788 infelicissimus
3082 3727 3191 3790 ille
3241 3729 3442 3794 Helvi-

1946 3818 2090 3880 dius
2129 3819 2486 3894 haereticuS,
2519 3839 2804 3884 asserens
2845 3822 3091 3888 Christo
3131 3835 3297 3902 nato,
3327 3829 3443 3893 Ma-

1945 3923 2108 3980 trem
2148 3919 2290 3998 ejus
2329 3919 2641 4000 cognitam
2681 3938 2820 3982 esse
2861 3941 2898 3984 a
2936 3922 3190 4006 Joseph.
3222 3927 3437 4009 Aliqui

1946 4034 2097 4080 vero
2138 4017 2456 4093 dixerunt,
2491 4019 2661 4099 quod
2704 4028 2884 4082 erant
2925 4019 3049 4084 filii
3091 4023 3323 4108 Ioseph
3363 4045 3440 4090 ex

1945 4114 2069 4177 alia
2125 4116 2417 4197 conjuge.
2479 4117 2600 4180 Sed
2659 4119 3056 4200 probabilius
3115 4131 3212 4186 est
3268 4127 3440 4207 quod

327 4214 459 4295 ligo
489 4231 602 4276 sex
636 4212 1023 4295 principales
1054 4211 1285 4274 animae
1316 4212 1484 4274 vires
1514 4231 1527 4275 :
1562 4233 1835 4295 quarum
1864 4219 1915 4287 D
1946 4214 2137 4275 etiam
2173 4215 2404 4298 Ioseph
2447 4216 2625 4297 virgo
2664 4216 2786 4279 fuit
2821 4235 2834 4280 :
2869 4221 3022 4300 quia
3060 4241 3186 4285 non
3229 4224 3442 4288 decuit

324 4322 458 4375 tres
516 4319 669 4374 sunt
726 4311 793 4373 in
855 4319 1031 4393 parte
1079 4310 1488 4386 intellectiva,
1542 4313 1839 4375 videlicet

326 4411 514 4486 ratio,
565 4410 897 4486 memoria,
946 4417 1011 4472 et
1064 4408 1407 4489 voluntas;
1463 4421 1523 4472 et
1582 4419 1709 4473 tres
1769 4412 1834 4474 in

327 4517 513 4593 parte
560 4509 887 4583 sensitiva,
941 4508 1187 4571 scilicet
1232 4509 1554 4591 appetitus
1604 4529 1835 4574 concu-

328 4607 677 4692 piscibilis,
716 4606 1078 4682 irascibiliS,
1121 4613 1183 4668 et
1223 4607 1425 4670 virtus
1474 4608 1830 4690 cogitativa,

326 4726 477 4790 quae
516 4706 752 4769 dicitur
789 4725 827 4768 a
860 4704 1265 4788 Philosopho,
1300 4705 1658 4769 intellectus
1698 4727 1835 4789 pas-

328 4807 513 4869 sivus
570 4812 635 4868 et
691 4804 851 4868 ratio
910 4804 1333 4887 particularia.
1394 4804 1531 4868 Istae
1588 4806 1832 4889 quippe

331 4905 637 4988 potentiae
683 4911 833 4965 sunt
881 4903 1169 4984 subjecta
1216 4903 1497 4967 scientiae
1546 4922 1658 4966 seu
1708 4906 1835 4969 vir-

329 5011 547 5067 tutum
582 5020 596 5064 :
632 5002 871 5066 idcirco
913 5001 1254 5082 implendae
1296 5009 1447 5063 sunt
1486 5002 1671 5083 aquis
1714 5003 1835 5065 sci-

326 5102 521 5164 entiae
558 5099 877 5175 salutariS,
918 5107 981 5161 et
1022 5100 1291 5162 humore
1330 5118 1403 5161 ac
1449 5117 1587 5163 rore
1630 5099 1835 5164 virtu-

326 5207 493 5273 tum,
532 5206 601 5261 ut
628 5214 853 5261 omnes
884 5197 951 5259 in
981 5197 1114 5258 suis
1151 5197 1511 5260 actionibus
1546 5198 1832 5262 ordinate

328 5315 401 5362 se
442 5297 743 5374 habeant,
793 5295 1052 5358 rationis
1094 5313 1431 5358 censuram
1480 5298 1828 5378 sequenda,

1948 4320 2183 4375 tantam
2233 4313 2566 4394 virginem,
2621 4315 2745 4378 nisi
2801 4336 2840 4378 a
2885 4337 3119 4401 sponso
3170 4322 3435 4404 virgine,

1944 4431 1981 4472 a
2029 4411 2445 4493 pudicissimo
2490 4422 2681 4496 atque
2737 4417 3092 4483 castissimo
3141 4421 3278 4486 viro
3331 4441 3442 4484 cu-

1945 4510 2188 4573 stodiri.
2235 4509 2306 4571 Et
2347 4511 2524 4587 item,
2564 4531 2769 4594 quum
2814 4514 3098 4580 Christus
3146 4517 3210 4580 in
3251 4538 3440 4584 cruce

1943 4615 2212 4683 erectuS,
2267 4627 2394 4672 non
2441 4613 2910 4676 commendavit
2955 4614 3210 4678 Matrem
3257 4637 3436 4681 suam

1939 4707 2071 4787 jam
2120 4715 2434 4788 provectae
2489 4709 2709 4784 aetatis,
2764 4712 2888 4774 nisi
2946 4713 3260 4796 discipulo
3309 4718 3436 4781 vir·
3461 4737 3724 4792 nomm,

1939 4805 2097 4887 gini,
2132 4805 2480 4868 verisimile
2517 4815 2612 4868 est
2649 4810 2820 4889 quod
2856 4810 3266 4892 juvenculam
3305 4835 3432 4880 non
3463 4803 3535 4847 ²⁷·

1942 4904 2262 4968 commisit
2300 4905 2798 4983 custodiendam,
2842 4909 2966 4972 nisi
3012 4913 3296 4992 virgineo
3343 4915 3435 4979 vi-

1943 5023 2033 5066 ro.
2077 5002 2386 5064 Dicuntur
2434 5003 2646 5085 itaque
2685 5007 2950 5083 fratres,
2985 5008 3166 5088 juxta
3208 5029 3437 5074 consu-

1942 5100 2267 5163 etudinem
2297 5119 2489 5164 sacrae
2518 5100 2881 5184 Scripturae,
2908 5124 3052 5186 quae
3083 5108 3432 5189 saepissime

1942 5199 2234 5263 homines
2262 5199 2546 5279 ejusdem
2583 5200 2966 5282 genealogiae
3005 5204 3288 5268 nominat
3317 5206 3434 5269 fra·
3475 5263 3567 5308 Gen
3683 5269 3707 5309 3

1942 5307 2071 5361 tres
2117 5316 2131 5361 ε
2183 5297 2348 5360 sicut
2395 5297 2462 5360 in
2511 5297 2759 5374 Genesi,
2799 5299 2915 5364 Lot
2957 5301 3188 5366 dicitur
3236 5303 3432 5369 frater
3465 5279 3725 5380 11;2'..¹‚¹'i‘4.'
