4300 6259
574 704 637 748 Ic.
658 718 740 755 mi,
767 706 830 746 ¹2.

593 1693 829 1729 ιιιιιιιιιι

622 3662 641 3683 *
660 3661 757 3716 eju»

582 3855 700 3899 leid.
734 3867 817 3903 xix,

552 3920 621 3967 2³,
651 3919 721 3961 24.

861 494 999 561 2415
1028 518 1034 523 ·

1635 513 1983 560 manum
2028 513 2091 559 m
2132 512 2272 559 GAP.
2319 510 2473 558 xxm
2517 510 2704 559 LucAE.
2751 530 2830 541 —
2871 512 3014 559 ΛΒΤ.
3059 512 3202 558 xmx

862 684 1128 755 dictum,
1183 684 1322 766 lpse
1373 692 1628 765 peccata
1678 684 2024 747 multorum
2081 683 2248 757 tulit,
2302 690 2364 745 et
2395 682 2545 744 Aac
2604 682 2948 757 raritatem,
2994 682 3212 764 quivis
3262 681 3536 743 militum
3585 680 3972 743 desideravit

864 802 979 865 pro
1015 784 1583 865 transgressoribus
1616 784 1872 864 rogavit.
1905 783 2190 864 Denique
2231 783 2364 844 haec

863 881 1093 944 Christi
1126 882 1325 944 oratio
1354 881 1647 943 exaudita
1674 880 1799 942 fuit
1829 900 1945 963 pro
1977 881 2197 943 multis
2229 880 2364 941 mil-

863 979 1032 1041 libus
1089 980 1473 1053 ludaeorum,
1527 980 1656 1042 imo
1712 998 1829 1061 pro
1886 978 2186 1042 omnibus
2246 996 2362 1059 pro

861 1076 1099 1157 quibus
1149 1096 1288 1139 eam
1337 1076 1503 1139 fudit
1546 1095 1623 1139 ex
1671 1077 1915 1139 ratione
1962 1076 2356 1138 deliberata:

861 1175 940 1236 de
989 1194 1260 1256 quorum
1312 1174 1725 1239 conversione
1776 1174 1841 1235 in
1890 1174 2153 1236 Actibus
2197 1172 2363 1254 Apo-

861 1274 1167 1335 stolorum
1226 1273 1516 1335 habetur.
1570 1272 1802 1335 Taliter
1860 1274 2053 1346 enim,
2117 1272 2362 1333 scilicet

861 1390 939 1433 ex
978 1372 1219 1435 ratione
1260 1371 1627 1447 deliberata,
1662 1371 1945 1435 Christus
1992 1389 2117 1433 non
2158 1370 2363 1434 oravit

862 1488 978 1551 pro
1035 1469 1347 1551 reprobiS,
1402 1471 1514 1533 sed
1573 1488 1687 1552 pro
1745 1469 1963 1531 electis
2012 1469 2355 1530 dumtaxat.

860 1568 1035 1630 Unde
1092 1576 1154 1630 et
1202 1570 1371 1651 apud
1417 1568 1719 1631 Ioannem
1778 1567 1865 1629 ait
1921 1567 2001 1629 ad
2050 1567 2294 1628 Patrem
2341 1584 2355 1628 :

859 1666 994 1730 Non
1046 1686 1161 1749 pro
1209 1668 1449 1730 mundo
1502 1685 1672 1748 rog0,
1726 1668 1836 1727 sed
1880 1685 1993 1747 pro
2045 1665 2145 1727 his
2196 1683 2358 1746 quos

862 1766 1089 1827 dedisti
1137 1764 1295 1826 mihi
1340 1765 1417 1826 de
1461 1766 1721 1838 mundo,
1768 1763 1922 1844 quia
1963 1763 2057 1825 tui
2102 1770 2272 1825 sunt.

2475 780 2758 843 tunicam
2813 780 2988 843 illam
3047 781 3358 862 integram
3412 780 3703 861 adipisci.
3747 779 3972 859 ltaque

2475 885 2665 959 patet,
2705 880 2877 960 quod
2931 898 3124 961 super
3172 880 3370 943 solam
3416 878 3695 940 tunicam
3742 877 3970 940 incon-

2474 977 2726 1039 sutilem
2793 978 2988 1040 missa
3052 978 3135 1041 sit
3195 998 3352 1053 sorS,
3417 984 3488 1038 ut
3543 975 3974 1039 communiter

2473 1076 2726 1151 dicitur,
2780 1083 2850 1137 ut
2906 1076 3285 1157 impleretur
3343 1077 3513 1157 quod
3570 1074 3810 1137 dictum
3869 1081 3974 1135 est

2474 1191 2587 1255 per
2643 1173 3043 1255 Prophetam,
3097 1175 3414 1237 dicentem
3472 1174 3539 1236 in
3599 1173 3840 1235 Psalmo
3901 1172 3970 1233 in

2471 1272 2701 1335 Christi
2735 1290 3004 1354 persona
3037 1290 3052 1335 ε
3088 1273 3450 1337 Diviserunt
3478 1271 3599 1333 sibi
3629 1271 3974 1333 vestimen·
3999 1288 4070 1331 1³1.
4083 1292 4214 1336 nme».

2472 1378 2532 1432 ta
2579 1388 2742 1446 mea,
2797 1380 2860 1433 et
2907 1390 3100 1453 super
3148 1379 3389 1434 vestem
3439 1389 3667 1445 meam,
3721 1370 3971 1432 scilieet

2468 1470 2748 1531 tunicam
2794 1470 3266 1553 inconsutilem,
3310 1470 3620 1531 miserunt
3662 1476 3922 1532 sortem.

2548 1570 2634 1629 Ec
2653 1570 2862 1631 stabat
2882 1574 3166 1647 populus
3195 1578 3583 1646 exspectans,
3612 1567 3677 1629 id
3707 1574 3824 1641 est,
3855 1584 3970 1627 ex-

2471 1665 2630 1727 itum
2682 1667 2772 1728 rei
2815 1667 3030 1730 videre
3073 1666 3460 1740 desideranS,
3493 1675 3550 1726 et
3589 1666 3972 1726 deridebant

2468 1785 2637 1837 eum,
2692 1765 2937 1827 scilicet
2994 1765 3335 1838 Christum,
3379 1766 3715 1842 principes
3761 1780 3974 1825 sacer-

4089 1571 4148 1624 35

942 1864 1101 1926 Dicit
1130 1862 1525 1935 AmbrosiuS,
1555 1863 1724 1943 quod
1758 1861 2043 1924 Christus
2074 1860 2360 1923 ascendit
2394 1859 2442 1921 B
2473 1864 2690 1926 dotum
2721 1884 2864 1924 cum
2900 1864 3018 1933 eis,
3048 1864 3113 1925 id
3151 1871 3248 1925 est
3276 1882 3420 1925 cum
3459 1862 3716 1943 populo.
3749 1861 3972 1942 Aliqui

862 1962 1003 2023 talis
1048 1962 1115 2023 in
1159 1978 1367 2035 cruce,
1412 1961 1633 2041 quales
1678 1977 1792 2022 nos
1835 1958 2132 2023 formavit
2177 1966 2360 2019 natu-

859 2080 949 2135 ra,
1005 2068 1068 2122 et
1122 2060 1329 2142 qualis
1387 2058 1633 2141 primus
1691 2057 1883 2120 homo
1940 2057 2005 2119 in
2067 2056 2359 2138 paradiso

857 2157 1003 2234 fuit,
1038 2157 1335 2221 videlicet
1365 2158 1595 2218 nudus.
1629 2155 1845 2236 Aliqui
1875 2162 2084 2217 tamen
2116 2155 2352 2229 dicunt,

856 2261 1027 2341 quod
1068 2258 1402 2321 benedicta
1431 2257 1607 2337 virgo
1645 2256 1835 2318 Maria
1872 2255 2086 2319 velum.
2130 2254 2356 2337 capitis

854 2357 954 2419 sui
1005 2358 1143 2421 loco
1194 2356 1590 2419 verecundiae
1637 2354 1778 2416 Filii
1830 2354 1928 2416 sui
1979 2354 2358 2416 circumvol-

853 2457 965 2519 vit.
1023 2454 1141 2518 Sed
1193 2455 1253 2517 S.
1305 2454 1565 2535 Brigitta
1624 2453 1869 2527 scribit,
1921 2453 2093 2533 quod
2150 2471 2355 2533 quum

852 2555 1135 2618 Christus
1176 2554 1343 2617 circa
1382 2571 1635 2615 crucem
1668 2552 2141 2632 crucifigendus
2183 2551 2354 2613 sede-

850 2662 965 2729 ret,
1008 2653 1271 2734 quidam
1313 2652 1411 2713 vir
1458 2669 1535 2713 ex
1585 2650 1859 2731 quadam
1910 2648 2350 2730 compassione

846 2750 1133 2825 accessit,
1196 2756 1257 2811 et
1317 2749 1530 2811 locum
1588 2746 1988 2809 verecundiae
2050 2746 2228 2821 texit,
2289 2754 2353 2807 et

847 2850 1022 2931 quod
1071 2848 1355 2911 Christus
1400 2866 1479 2909 ex
1525 2845 1692 2909 facto
1732 2845 1854 2908 viri
1904 2844 2079 2906 illius
2127 2863 2351 2925 quam-

848 2948 993 3010 dam
1042 2946 1537 3010 consolationem
1585 2944 1853 3025 accepit‚
1905 2951 1969 3005 et
2017 2943 2227 3006 virum
2278 2943 2350 3005 il-

2471 1970 2680 2023 tamen
2731 1962 2820 2024 ibi
2871 1961 3133 2025 fuerunt
3180 1981 3306 2025 non
3367 1960 3770 2023 mediocriter
3819 1978 3976 2022 con-

2469 2060 2798 2135 dolentes;
2851 2062 2958 2122 sed
3019 2060 3114 2122 illi
3173 2060 3638 2141 comparatione
3695 2058 3970 2121 aliorum

2471 2166 2596 2221 tam
2629 2158 2811 2240 pauci
2853 2157 3137 2238 suerunt,
3172 2167 3241 2219 ut
3272 2176 3387 2239 pro
3428 2156 3628 2219 nihilo
3668 2164 3971 2238 reputen-

2468 2264 2592 2319 tur.
2626 2258 2771 2321 ldeo
2803 2257 3087 2335 Christus
3117 2257 3205 2318 ait
3244 2258 3310 2319 in
3341 2256 3584 2319 Psalmo
3618 2275 3632 2319 ε
3666 2255 3740 2317 Et
3775 2256 3969 2317 susti·
4019 2280 4206 2324 eamn..

2466 2356 2578 2417 nui
2610 2356 2724 2438 qui
2765 2356 2956 2418 simul
2997 2356 3496 2428 contristaretur,
3528 2362 3592 2417 et
3629 2373 3756 2417 non
3789 2354 3962 2437 fuit3
3991 2343 4056 2386 ²¹·

2465 2463 2527 2517 et
2575 2455 2688 2536 qui
2748 2454 3202 2528 consolaretur,
3249 2461 3312 2515 et
3369 2472 3496 2516 non
3556 2452 3795 2514 inveni.
3845 2452 3967 2515 Per

2463 2553 2687 2615 lsaiam
2727 2570 2985 2634 quoque
3019 2571 3033 2615 ε
3069 2550 3526 2633 circumspexi,
3561 2557 3624 2613 et
3660 2569 3788 2613 non
3826 2560 4204 2620 erat12.um.s.

2463 2652 2839 2723 auxiliator:
2882 2651 3171 2733 quaesivi,
3205 2658 3269 2711 et
3303 2669 3430 2713 non
3469 2648 3593 2711 fuit
3628 2649 3741 2731 qui
3779 2650 3966 2730 adju-

2463 2756 2658 2813 varet.
2691 2751 2910 2811 Alios*
2937 2752 3147 2809 salvos
3175 2750 3350 2828 fecit,
3385 2748 3449 2810 id
3477 2755 3593 2822 est,
3627 2766 3664 2809 a
3700 2747 3965 2829 languo-
4002 2764 4206 2810 ‘mee-ta<

2463 2848 2640 2911 ribus
2698 2847 2919 2910 multis
2977 2847 3274 2927 curavit3
3335 2846 3443 2908 sed
3501 2846 3716 2927 plures
3774 2847 3964 2927 spiri·
3989 2832 4104 2873 ΑΜ

2462 2947 2717 3010 tualiter
2773 2946 2980 3010 salvos
3027 2944 3200 3019 fecit,
3251 2963 3358 3008 eos
3407 2945 3832 3008 convertendo
3877 2946 3961 3007 ad

847 3046 983 3108 lum
1040 3045 1285 3126 adjuvit
1343 3044 1409 3105 in
1468 3042 1720 3123 ligando
1780 3042 1994 3104 velum
2051 3042 2211 3104 illud
2269 3043 2345 3105 ad
2389 3046 2432 3109 C
2463 3044 2682 3106 Deum.
2705 3044 2866 3106 Ecce
2895 3042 3292 3106 obtenebrati
3325 3042 3428 3105 isti
3460 3042 3668 3123 iniqui
3700 3043 3962 3124 propria

848 3144 1060 3209 locum
1105 3144 1460 3226 praefatum.
1503 3139 1605 3203 Sic
1647 3148 1855 3203 autem
1902 3140 2188 3203 Christus
2231 3160 2349 3202 nu-

850 3244 986 3306 dari
1031 3243 1325 3323 dignatus
1365 3248 1481 3315 est,
1519 3247 1587 3299 ut
1628 3258 1743 3302 nos
1787 3238 2013 3301 merito
2058 3258 2188 3301 suae
2230 3258 2350 3299 nu-

852 3342 1123 3406 dationis
1164 3340 1504 3402 induamur
1544 3337 1671 3418 jam
1714 3336 1997 3399 vestibus
2036 3337 2343 3400 virtutum

852 3449 914 3502 et
950 3440 1187 3522 gratiae,
1221 3438 1450 3501 deinde
1491 3435 1557 3497 in
1590 3436 1715 3497 vita
1754 3435 1971 3497 futura
2009 3436 2349 3499 vestimen-

852 3540 933 3602 tis
974 3538 1191 3619 gloriae
1234 3534 1659 3616 sempiternae.

930 3638 1307 3700 Dividentes
1346 3653 1489 3694 vero
1528 3633 1906 3693 vestimenta
1939 3632 2122 3702 saa'ss
2163 3636 2349 3693 mise-

850 3746 1007 3797 runt
1046 3743 1259 3795 sor-tea.
1303 3731 1625 3804 Quomodo
1675 3728 1912 3791 factum
1962 3730 2044 3790 sit
2092 3729 2232 3805 hoc,
2278 3730 2343 3791 in

845 3835 1082 3897 Joanne
1131 3832 1383 3914 plenius
1435 3830 1686 3909 legitur,
1730 3828 1839 3889 ubi
1890 3827 2161 3890 habetur
2194 3847 2207 3890 ε
2243 3828 2348 3890 Mi-

849 3934 991 3995 lites
1023 3948 1225 4012 quum
1257 3927 1729 3989 crucifixissent
1759 3944 1929 4001 eum,
1962 3935 2348 4009 acceperunt

850 4030 1226 4094 vestimenta
1264 4026 1404 4106 ejus
1430 4026 1521 4105 (et
1564 4025 1855 4087 fecerunt
1891 4032 2166 4105 quatuor
2205 4044 2348 4107 par-

846 4138 963 4205 teS,
1000 4128 1348 4207 unicuique
1386 4124 1573 4186 militi
1616 4123 1909 4205 partem),
1943 4130 2007 4184 et
2033 4124 2341 4186 tunicam.

2462 3159 2529 3204 se
2578 3144 3002 3206 condemnant
3059 3140 3413 3220 sententia3
3463 3148 3524 3201 et
3581 3140 3733 3202 dum
3780 3140 3962 3203 Chri-

2461 3250 2628 3303 stum
2673 3259 2741 3303 se
2789 3246 3014 3323 putant
3054 3239 3436 3321 vituperare,
3488 3237 3761 3301 maxime
3806 3256 3956 3301 eum

2461 3340 2928 3413 commendant,
2977 3338 3150 3419 quod
3197 3336 3646 3399 miraculorum
3707 3337 3790 3398 sit
3846 3357 3960 3420 po-

2461 3447 2602 3501 tens
2641 3437 2927 3501 effector.
2961 3436 3046 3498 De
3076 3435 3521 3517 ingratissimis
3559 3434 3697 3497 istis
3725 3436 3956 3498 ludaeis

2462 3538 2748 3601 Christus
2795 3535 3090 3619 praedixit
3136 3535 3202 3596 in
3252 3533 3496 3597 Psalmo
3542 3552 3556 3596 ε
3604 3532 3718 3597 Pro
3763 3551 3838 3597 eo
3887 3542 3958 3596 ut
3995 3558 4203 3605 ramus..

2460 3654 2563 3697 me
2603 3635 2938 3715 diligerent
2980 3632 3394 3696 detrahebant
3440 3630 3620 3706 mihi,
3661 3640 3726 3693 et
3769 3650 3958 3713 posu·
3982 3624 4024 3662 ⁵·

2459 3742 2649 3797 erunt
2695 3735 3032 3795 adversum
3089 3748 3192 3792 me
3242 3730 3410 3792 mala
3467 3748 3581 3811 pro
3636 3729 3845 3806 bonis,
3894 3738 3958 3791 et

2458 3832 2676 3896 odium
2723 3850 2837 3913 pro
2881 3830 3219 3892 dilectione
3257 3846 3418 3890 mea.
3453 3830 3537 3889 Se
3571 3830 3790 3905 ipsum
3831 3832 3958 3889 sal-

2459 3952 2610 3991 vum
2642 3932 2872 4007 faciat,
2908 3928 2973 3990 id
3011 3936 3126 4002 est,
3163 3927 3240 3988 de
3279 3926 3486 4008 poenis
3527 3926 3664 3988 istis
3703 3926 3953 4008 eripiat,

2457 4032 2516 4089 si
2545 4030 2653 4089 hic
2680 4036 2768 4087 est
2803 4028 3094 4089 Christus
3113 4027 3236 4085 Dei
3262 4028 3519 4095 electus,
3548 4024 3611 4085 id
3643 4033 3740 4085 est
3766 4043 3805 4085 a
3835 4024 3956 4087 Deo

2459 4144 2708 4189 summe
2756 4126 2995 4187 electus
3043 4124 3392 4186 secundum
3436 4130 3724 4184 naturam
3775 4142 3954 4185 suam

848 4227 995 4291 Erat
1026 4234 1237 4288 autem
1277 4222 1493 4285 tunica
1531 4222 1953 4295 inconsutiliS,
1990 4221 2053 4284 id
2083 4229 2179 4283 est
2219 4241 2346 4285 non
2379 4230 2428 4292 D
2458 4224 2824 4286 humanam.
2860 4221 2943 4283 De
2985 4240 3113 4302 quo
3155 4238 3268 4303 per
3305 4220 3526 4282 lsaiam
3567 4219 3732 4281 Deus
3771 4227 3954 4283 testa-

848 4334 1131 4397 consuta,
1178 4324 1453 4404 desuper
1500 4328 1791 4383 contexta
1840 4338 1952 4401 per
1998 4326 2226 4395 totum,
2280 4321 2346 4383 id
2457 4332 2563 4385 tur
2597 4341 2610 4384 ε
2647 4321 2803 4384 Ecce
2841 4338 3062 4383 servus
3103 4338 3306 4394 meuS,
3341 4318 3684 4400 suscipiam
3725 4318 3944 4397 illum3
3991 4344 4048 4387 ι..

848 4433 942 4487 est
1000 4422 1344 4485 artificiose
1400 4419 1685 4482 confecta
1740 4436 1932 4500 opere
1990 4418 2340 4496 reticulato,
2455 4422 2695 4483 electus
2737 4436 2938 4492 meuS,
2977 4416 3362 4499 complacuit
3399 4416 3522 4479 sihi
3564 4416 3628 4477 in
3668 4416 3781 4479 illo
3817 4416 3952 4479 ani-

847 4524 967 4587 hoc
999 4530 1093 4583 est
1124 4538 1238 4602 per
1271 4519 1530 4581 modum
1564 4517 1712 4578 retis
1742 4524 1933 4597 atque
1963 4517 2180 4593 cilicii,
2218 4538 2342 4582 non
2456 4538 2562 4582 ma
2609 4537 2769 4579 mea.
2823 4515 2982 4579 Ecce
3029 4534 3222 4597 quam
3272 4514 3619 4578 ineffabilis
3665 4514 3793 4577 fuit
3837 4516 3952 4577 ista

848 4620 1048 4683 incisa
1092 4638 1105 4681 ε
1148 4636 1342 4700 quam
1390 4615 1578 4696 Virgo
1628 4615 2025 4677 sanctissima
2064 4617 2345 4678 creditur
2452 4619 2812 4680 Judaeorum
2870 4616 3135 4689 insania,
3188 4613 3434 4676 caecitas
3489 4622 3553 4675 et
3608 4614 3944 4695 imperitia.

4069 4354 4148 4388 xm,
4167 4344 4194 4381 1.

847 4717 1124 4801 propriis
1166 4714 1461 4778 manibus
1512 4732 1627 4775 suo
1666 4712 1903 4776 Dilecto
1951 4711 2201 4775 secisse.
2246 4715 2346 4777 Di-

846 4824 1075 4880 xerunt
1105 4832 1254 4895 crgo
1285 4812 1520 4874 milites
1549 4812 1627 4874 ad
1658 4812 1933 4873 invicem
1970 4830 1983 4873 :
2015 4810 2150 4875 Non
2184 4814 2344 4877 scin-

846 4918 1071 4979 damus
1122 4932 1284 4987 eam,
1334 4911 1398 4973 id
1447 4918 1562 4984 est,
1618 4929 1743 4973 non
1795 4910 2154 4973 dividamus
2203 4930 2342 4975 eam

846 5016 913 5077 in
972 5020 1245 5096 quatuor
1296 5016 1502 5091 partes
1553 5008 1718 5069 sicut
1768 5007 1890 5070 alia
1940 5009 2338 5087 vestimenta,

846 5114 956 5175 sed
1013 5110 1352 5174 sortiamur
1408 5108 1485 5169 de
1545 5106 1652 5168 illa
1710 5106 1893 5187 cujus
1954 5106 2055 5179 sit,
2101 5108 2164 5170 id
2223 5118 2338 5185 est,

845 5219 1080 5275 sortem
1124 5208 1449 5270 mittamus
1492 5206 1570 5268 ad
1614 5223 1809 5288 quem
1853 5212 1980 5269 tota
2024 5207 2339 5270 deveniat.

844 5310 1029 5401 Forte
1092 5306 1266 5370 enim
1328 5312 1589 5388 propter
1644 5304 1855 5386 operis
1920 5304 2340 5370 subtilitatem

2454 4716 2711 4789 Qualem
2773 4713 2948 4776 enim
3004 4712 3523 4793 consequentiam
3580 4711 3825 4789 habuit,
3883 4719 3949 4773 ut

2450 4816 2630 4878 lesus
2675 4832 2743 4876 se
2780 4814 2859 4875 de
2903 4812 3109 4894 poenis
3159 4811 3287 4874 illis
3337 4812 3634 4893 eriperet,
3675 4810 3726 4873 si
3777 4810 3949 4874 Chri—

2455 4922 2589 4977 stus
2649 4919 2834 4987 esset,
2886 4919 2947 4973 et
3004 4928 3130 4973 non
3190 4910 3403 4992 potius
3450 4928 3554 4971 eas
3615 4926 3817 4991 usque
3871 4909 3944 4971 ad

2455 5019 2724 5075 mortem
2776 5009 3088 5071 inclusive
3138 5007 3490 5090 perferret?
3537 5006 3756 5070 Nonne
3806 5006 3946 5069 Pro-

2453 5111 2661 5192 phetae
2693 5107 2922 5172 Christi
2953 5106 3332 5170 occisionem
3364 5105 3764 5188 apertissime
3791 5123 3944 5187 prae-

2454 5209 2794 5272 dixerunt?
2833 5204 3052 5269 Nonne
3081 5204 3278 5267 David
3316 5204 3382 5266 in
3415 5203 3643 5266 Christi
3680 5220 3942 5285 persona

2455 5306 2790 5381 cecinerat,
2843 5304 2910 5365 ln
2971 5303 3300 5385 pulverem
3358 5302 3578 5365 mortis
3627 5300 3936 5364 deduxisti
3977 5320 4194 5369 amu.
