4300 6259
1227 471 1576 520 mannum
1619 470 1682 517 m
1723 469 1862 517 car.
1907 468 2018 517 vm
2057 469 2334 518 ioannis,
2379 492 2461 505 —
2500 474 2643 521 aar.
2688 476 2820 521 xxn
3448 457 3571 523 433

445 634 774 699 debemus
807 641 1072 704 omnino
1108 640 1360 705 auferre
1397 643 1477 706 ab
1518 644 1608 706 eis
1649 642 1964 725 quidquid
1995 642 2048 704 A
2077 643 2476 709 discordabat
2513 647 2803 710 voluntas
2852 647 3131 710 humana
3169 667 3206 710 a
3241 646 3456 709 divina
3499 646 3565 709 in

443 732 972 817 imperfectionis
1011 740 1372 804 includunt.
1404 741 1641 824 Itaque,
1676 743 1829 804 dum
1869 742 1966 802 Fi-

443 833 587 895 lius
635 838 990 900 secundum
1033 847 1322 901 naturam
1371 841 1652 904 divinam
1694 842 1848 904 dicit
1896 858 1964 903 se

440 933 735 1009 audisse,
774 936 872 997 vel
921 938 1097 1018 quod
1134 937 1314 1001 Pater
1360 941 1574 1003 docuit
1621 958 1790 1013 eum,
1835 958 1960 1001 non

441 1031 768 1095 debemus
821 1043 1044 1116 putare
1102 1038 1273 1118 quod
1332 1037 1528 1101 Filius
1587 1039 1670 1101 sit
1716 1038 1961 1119 aliquid

437 1130 632 1193 aliud
671 1150 868 1213 quam
913 1136 1225 1216 sapientia
1267 1136 1492 1218 ipsius,
1528 1137 1627 1199 vel
1666 1138 1836 1218 quod
1881 1137 1964 1199 sit

441 1231 813 1293 secundum
857 1250 924 1293 se
963 1232 1146 1314 quasi
1191 1234 1502 1316 insipiens
1541 1241 1604 1296 et
1642 1235 1956 1310 indoctuS,

445 1327 562 1389 vel
604 1336 750 1391 ante
788 1328 985 1393 fuerit
1021 1332 1299 1412 genituS,
1334 1342 1396 1395 et
1435 1341 1654 1415 postea
1694 1334 1958 1413 doctus3

447 1427 572 1487 sed
610 1427 752 1490 ideo
793 1428 970 1491 Pater
1000 1430 1234 1493 dicitur
1272 1449 1420 1493 eum
1459 1432 1770 1505 docuisse,
1804 1451 1965 1513 quo-

451 1524 640 1587 niam
693 1529 1056 1607 generando
1115 1547 1288 1603 eum,
1350 1530 1846 1594 communicavit
1903 1532 1961 1592 ei

451 1640 721 1685 omnem
781 1626 1158 1707 sapientiam
1219 1646 1421 1701 suam,
1484 1646 1626 1709 quae
1684 1636 1804 1689 est·
1837 1648 1964 1691 una

453 1739 734 1786 numero
764 1722 829 1784 in
865 1723 1072 1787 tribus
1109 1724 1422 1789 Personis.
1459 1726 1692 1788 Verum
1734 1726 1800 1789 in
1830 1745 1964 1789 om·

2077 741 2345 806 Christo.
2391 743 2653 826 Propter
2698 747 2869 827 quod
2918 746 3005 807 ait
3052 746 3118 807 in
3169 743 3463 808 Psalmo:
3497 745 3564 808 In
3616 760 3854 815 rmum,

2076 841 2282 923 capite
2312 841 2458 904 libri
2490 844 2800 925 scriptum
2830 851 2926 905 est
2954 844 3031 905 de
3062 862 3164 905 me
3195 852 3265 905 ut
3294 844 3565 907 facerem
3596 826 3696 876 ⁸⁹⁹·

2075 940 2464 1003 voluntatem
2521 947 2738 1021 tuam3
2790 942 2953 1003 Deus
3003 957 3206 1015 meuS,
3259 942 3455 1017 volui,
3506 950 3569 1004 et

2075 1036 2280 1117 legem
2310 1045 2483 1100 tuam
2524 1040 2592 1101 in
2623 1039 2833 1102 medio
2862 1040 3069 1103 cordis
3111 1040 3258 1102 mei.
3292 1040 3369 1102 Et
3402 1039 3569 1103 infra

2076 1142 2382 1198 testatur:
2417 1135 2593 1198 Sicut
2634 1138 2999 1199 mandatum
3045 1138 3218 1200 dedit
3259 1138 3419 1200 mihi
3460 1137 3569 1200 Pa·
3606 1162 3858 1215 summ,

2073 1239 2191 1306 ter,
2246 1231 2338 1294 sic
2385 1232 2570 1295 facio.
2621 1232 2844 1296 Factus
2892 1242 2987 1296 est
3032 1235 3202 1298 enim
3263 1234 3565 1299 obediens
3592 1229 3857 1346 mmmm

2074 1348 2279 1412 usque
2320 1332 2398 1393 ad
2448 1339 2737 1406 mortem,
2772 1334 3123 1396 secundum
3165 1334 3559 1415 Apostolum.
3592 1354 3633 1395 s.

2073 1426 2148 1489 Et
2186 1429 2487 1509 quoniam
2530 1429 2878 1493 incarnatio
2906 1430 3095 1493 Verbi
3125 1431 3411 1494 ordinata
3444 1432 3569 1496 fuit

2071 1527 2148 1588 ad
2209 1526 2471 1588 humani
2526 1528 2777 1608 generis
2836 1530 3360 1611 redemptionem,
3414 1531 3568 1593 fecit

2073 1623 2358 1687 Christus
2412 1625 2649 1706 jugiter
2695 1646 2839 1708 quae
2896 1635 3045 1689 sunt
3102 1628 3331 1710 placita
3376 1629 3563 1705 Patri,

2073 1723 2377 1804 quoniam
2426 1731 2628 1787 totum
2676 1725 2847 1806 quod
2894 1726 3109 1806 gessit,
3160 1728 3239 1788 ad
3287 1735 3566 1790 nostram

451 1819 658 1882 nibus
697 1820 1128 1884 locutionibus
1177 1822 1432 1897 talibuS,
1474 1826 1827 1888 cavendum
1868 1832 1964 1887 est
1999 1824 2046 1887 B
2075 1820 2344 1882 salutem
2404 1823 2756 1884 secundum
2811 1821 3009 1884 Patris
3069 1825 3565 1907 praedispositio-

453 1937 544 1981 ne
584 1919 832 2000 aliquid
866 1920 1345 2002 potentialitatis
1382 1929 1492 1983 aut
1525 1923 1964 2005 dependentiae

449 2017 816 2080 aestimetur
860 2036 998 2081 esse
1047 2018 1113 2079 in
1163 2017 1322 2082 Filio
1371 2020 1471 2082 vel
1519 2018 1762 2102 Spiritu
1810 2020 1965 2083 San-

451 2123 562 2179 cto
616 2134 631 2179 :
683 2116 988 2199 quoniam
1048 2136 1450 2200 unaquaeque
1497 2118 1715 2181 divina
1762 2119 1962 2202 hypo·

451 2214 668 2289 stasis,
704 2222 800 2277 est
837 2224 1014 2278 actus
1059 2235 1260 2298 purus
1303 2234 1546 2298 ensque
1585 2217 1965 2299 simpliciter

449 2312 864 2395 perfectum3
907 2321 970 2376 et
1015 2315 1331 2378 emanatio
1375 2334 1516 2396 quae
1558 2324 1654 2378 est
1703 2316 1769 2378 in
1815 2317 1959 2393 De0,

451 2431 590 2474 non
641 2420 736 2474 est
780 2412 906 2474 nisi
956 2411 1227 2476 effluxio
1275 2413 1438 2476 lucis
1485 2434 1522 2476 a
1569 2414 1734 2489 luce,
1787 2424 1964 2479 actus

451 2510 540 2573 ab
580 2518 748 2584 actu,
783 2518 847 2573 et
885 2510 992 2573 Dei
1032 2530 1070 2573 a
1107 2511 1254 2575 Deo.
1289 2511 1357 2573 In
1398 2532 1525 2594 qua
1563 2512 1741 2576 nullo
1781 2515 1967 2578 modo

457 2627 591 2672 non
643 2626 784 2671 esse
836 2609 1140 2691 praecedit
1184 2628 1346 2685 esse,
1389 2612 1499 2673 scd
1547 2619 1643 2673 est
1691 2612 1781 2673 ibi
1828 2631 1966 2693 pro-

457 2707 670 2770 cessio
711 2707 877 2771 entis
921 2706 1187 2790 perfecti
1229 2708 1309 2769 ab
1352 2716 1498 2770 ente
1541 2708 1842 2791 perfecto.

575 2808 663 2869 Et
719 2807 839 2886 qui
893 2827 995 2867 me
1050 2808 1254 2875 misit,
1315 2827 1561 2868 mecum
1614 2817 1726 2869 est.
1791 2807 1968 2871 Pater

459 2904 642 2969 enim
699 2904 1211 2987 inseparabiliter
1265 2912 1362 2967 est
1419 2906 1483 2966 in
1535 2905 1693 2968 Filio
1745 2924 1969 2968 secun-

2075 1936 2223 1979 nem
2261 1917 2791 1982 affectuosissime
2822 1922 3159 1984 ordinavit.
3191 1922 3351 1985 Hinc
3389 1922 3569 1985 Pater

2074 2018 2165 2079 ait
2216 2036 2330 2099 per
2378 2018 2600 2080 lsaiam
2649 2018 2727 2081 de
2775 2018 3021 2084 Christo
3070 2039 3083 2083 :
3137 2020 3297 2083 Ecce
3344 2040 3567 2085 servus
3608 2040 3675 2086 ιι.
3696 2054 3792 2095 mn,
3818 2042 3857 2085 ι.

2078 2134 2279 2190 meus,
2315 2117 2661 2199 suscipiam
2691 2134 2870 2198 eum3
2904 2118 3143 2181 electus
3174 2138 3376 2195 meuS,
3400 2140 3571 2185 com-

2077 2214 2318 2295 placuit
2369 2214 2497 2277 sibi
2540 2216 2606 2277 in
2656 2215 2765 2277 illo
2806 2216 3017 2278 anima
3060 2235 3219 2291 mea,
3255 2218 3399 2281 dedi
3446 2219 3571 2300 spi-

2076 2312 2273 2374 ritum
2341 2329 2555 2375 meum
2622 2331 2816 2395 super
2882 2331 3053 2377 eum.
3119 2315 3248 2379 Hoc
3313 2335 3571 2399 quoque

2076 2410 2430 2485 sciendum,
2462 2413 2633 2492 quod
2672 2410 2869 2473 Filius
2909 2412 3018 2474 Dei
3070 2415 3419 2477 secundum
3466 2434 3574 2477 na—

2078 2516 2283 2570 turam
2318 2509 2599 2571 divinam
2634 2510 2784 2591 agit,
2821 2528 2942 2573 non
2984 2509 3157 2587 facit,
3192 2513 3572 2575 aeternaliter

2077 2626 2221 2689 quae
2273 2608 2502 2689 placita
2548 2616 2697 2670 sunt
2747 2607 2906 2670 Patri
2944 2628 2957 2671 :
3000 2609 3154 2691 quia
3200 2629 3347 2673 cum
3393 2611 3572 2674 Patre

2081 2706 2281 2788 spirat
2308 2706 2614 2788 Spiritum
2650 2706 2973 2781 Sanctum,
3009 2709 3473 2791 contemplatur
3510 2718 3572 2773 et

2077 2812 2246 2867 amat
2276 2803 2520 2867 Patrem
2547 2823 2761 2869 amore
2797 2805 3033 2881 debito,
3069 2807 3405 2890 diligitque
3434 2807 3573 2891 Spi-

2079 2902 2271 2964 ritum
2304 2900 2601 2965 Sanctum
2642 2922 2856 2967 amore
2887 2905 3182 2985 gratuito,
3216 2908 3570 2970 secundum

459 3006 620 3067 dum
662 3011 1001 3085 utramque
1041 3002 1182 3083 ejus
1233 3009 1543 3065 naturam.
1578 3003 1686 3066 Est
1722 3004 1966 3087 quippe
2003 3006 2049 3071 C
2076 3001 2480 3065 Richardum.

460 3103 528 3165 in
573 3102 734 3166 Filio
777 3101 1133 3164 secundum
1176 3102 1348 3183 quod
1393 3101 1588 3163 Filius
1638 3110 1732 3165 est
1777 3103 1962 3179 DeuS,

459 3220 582 3284 per
611 3200 1006 3263 identitatem
1039 3200 1368 3279 essentiae3
1411 3201 1520 3262 sed
1556 3200 1620 3262 in
1653 3208 1966 3281 quantum

457 3310 560 3364 est
610 3300 822 3373 homo,
875 3307 971 3361 est
1020 3297 1200 3361 Pater
1247 3300 1312 3361 in
1360 3318 1435 3363 eo
1485 3317 1600 3381 per
1647 3300 1967 3381 specialis-

459 3400 694 3462 simam
733 3397 1261 3460 inhabitationem
1293 3404 1355 3459 et
1392 3398 1963 3479 singularissimam

453 3498 753 3579 gratiam,
786 3495 1079 3557 intimam
1117 3513 1192 3557 ac
1220 3495 1711 3577 inseparabilem
1748 3497 1965 3577 gratiae

459 3596 770 3659 unionem
812 3602 1005 3675 atque
1044 3592 1408 3656 beatificam
1455 3593 1845 3657 fruitionem.
1879 3599 1965 3658 Ec

461 3714 598 3757 non
638 3693 909 3772 reliquit
947 3714 1048 3754 me
1087 3694 1320 3763 solum,
1358 3692 1662 3773 quoniam
1714 3692 1966 3775 insepa-

461 3792 756 3855 rabiliter
797 3792 974 3853 adest
1017 3789 1197 3851 mihi.
1233 3788 1428 3870 Cujus
1466 3808 1674 3865 causa,
1711 3791 1807 3854 vel
1855 3810 1965 3873 po-

455 3891 594 3954 tius
637 3890 914 3971 signum,
961 3888 1422 3969 subjungitur:

547 3992 720 4060 Quia
746 4008 858 4066 eqo
889 4008 1033 4068 quae
1055 3989 1307 4064 placita
1336 3997 1489 4048 sunt
1517 3990 1579 4047 ei
1604 3988 1780 4065 facio
1807 4009 1964 4051 sem-

445 4110 598 4168 per.
625 4088 822 4149 Filius
853 4087 1090 4148 etenim
1122 4086 1254 4161 Dei,
1289 4086 1641 4147 secundum
1673 4093 1960 4150 naturam

2147 3099 2748 3182 Quomodocumque
2776 3108 2987 3164 autem
3020 3102 3369 3184 accipiatur
3397 3105 3571 3186 quod

2074 3198 2165 3260 ait
2205 3198 2509 3273 Salvator,
2543 3197 2671 3280 Ego
2715 3218 2859 3280 quaa
2903 3200 3134 3282 placita
3178 3210 3327 3264 sunt
3375 3204 3433 3265 ei
3482 3203 3575 3266 fa-

2077 3298 2176 3360 cio
2226 3316 2499 3379 semper,
2552 3306 2794 3360 certum
2846 3306 2941 3361 est
2987 3301 3160 3381 quod
3216 3300 3407 3365 factio
3455 3303 3573 3367 ista

2076 3415 2203 3459 non
2234 3404 2330 3458 est
2360 3414 2547 3457 causa
2574 3415 2611 3457 a
2640 3396 2859 3478 priori,
2893 3396 3012 3460 hoc
3042 3405 3137 3460 est
3165 3418 3354 3461 causa
3379 3419 3572 3482 agens

2077 3494 2517 3576 principaliter
2546 3512 2657 3555 seu
2688 3495 3034 3569 meritorie,
3069 3498 3241 3578 quod
3269 3497 3449 3562 Pater
3477 3507 3573 3563 est

2077 3612 2224 3655 cum
2262 3591 2442 3667 Filio,
2487 3609 2605 3654 nec
2647 3610 2796 3653 eum
2842 3592 3049 3655 solum
3098 3594 3380 3677 reliquit.
3413 3597 3569 3661 Nam

2074 3690 2255 3753 Pater
2290 3697 2386 3753 est
2425 3708 2572 3752 cum
2610 3688 2768 3753 Filio
2816 3692 3217 3769 aeternaliter,
3250 3702 3396 3757 ante
3438 3715 3573 3759 om-

2077 3808 2225 3851 nem
2262 3787 2603 3851 factionem
2642 3805 2755 3849 seu
2786 3789 3220 3870 operationem
3248 3792 3327 3854 ad
3365 3802 3564 3872 extra,

2075 3887 2394 3969 loquendo
2433 3887 2511 3948 de
2547 3885 2705 3949 Filio
2751 3887 3103 3949 secundum
3146 3896 3434 3953 naturam
3484 3892 3571 3955 di-

2075 3984 2312 4048 vinam.
2374 3983 2737 4046 Secundum
2795 3991 3085 4047 naturam
3142 4006 3293 4051 vero
3349 3989 3573 4052 huma-

2075 4103 2244 4157 nam,
2293 4082 2803 4165 inseparabiliter
2854 4083 3069 4146 unitus
3117 4084 3242 4147 fuit
3284 4086 3569 4151 Christus

456 4187 750 4250 divinam
797 4185 950 4247 fecit
1007 4184 1444 4246 indesinenter
1491 4203 1636 4266 quae
1687 4186 1965 4267 compla-
1995 4190 2044 4252 D
2073 4181 2237 4244 Patri
2287 4181 2532 4263 totique
2589 4181 3255 4263 supergloriosissimae
3303 4184 3572 4249 Trinita-
3624 4260 3629 4265 ,

459 4292 612 4351 cent
660 4283 849 4359 Patri,
901 4302 940 4345 a
985 4282 1304 4364 principio
1362 4282 1608 4357 mundi,
1659 4284 1961 4364 quoniam

459 4384 751 4468 operatio
789 4381 987 4444 Patris
1034 4400 1110 4443 ac
1147 4379 1288 4442 Filii
1328 4380 1407 4443 ad
1448 4389 1624 4443 extra
1665 4390 1760 4443 est
1803 4382 1965 4445 indi-

463 4484 625 4557 visa,
661 4489 885 4563 estque
923 4480 1257 4544 amborum
1291 4498 1416 4541 una
1446 4479 1735 4543 voluntas
1773 4487 1963 4562 atque

465 4589 746 4667 potestas
783 4600 796 4644 ε
833 4581 1002 4642 unde
1040 4578 1356 4660 quidquid
1395 4576 1546 4641 facit
1586 4598 1773 4653 unuS,
1809 4578 1964 4642 facit

461 4690 528 4746 et
561 4680 750 4754 aliuS,
791 4686 857 4741 et
897 4695 1146 4740 summe
1186 4676 1538 4759 complacet
1582 4678 1787 4740 alteri.
1820 4678 1966 4742 Pro—

464 4790 612 4863 pter
667 4779 840 4861 quod
898 4795 1092 4860 supra
1149 4774 1398 4838 locutus
1457 4783 1553 4838 est
1606 4776 1890 4839 Christus
1944 4793 1958 4839 :

107 4908 330 4953 ιοωυι.
365 4910 424 4948 v.
463 4880 648 4943 Pater
686 4894 870 4939 meus
915 4892 1119 4956 usque
1162 4874 1350 4937 modo
1390 4881 1708 4955 operatur,
1745 4880 1810 4935 et
1850 4892 1965 4955 ego

79 4976 160 5015 ¹7.

463 4993 718 5059 operor.
751 4972 963 5045 Porr0,
998 4970 1352 5033 secundum
1393 4978 1684 5033 naturam
1725 4989 1969 5033 assum-

464 5084 643 5158 ptam
682 5071 835 5133 fecit
863 5070 1062 5132 Filius
1089 5089 1126 5131 a
1156 5068 1475 5151 principio
1514 5069 1966 5133 incarnationis

83 5202 350 5257 Philipp.
373 5207 432 5245 u.
464 5191 614 5256 qum
663 5168 1062 5251 complacent
1105 5165 1294 5241 Patri,
1327 5167 1482 5248 quia
1529 5166 1969 5231 obedientissi-

79 5272 132 5311 8.

463 5289 615 5335 mus
677 5267 804 5331 fuit
859 5264 1170 5330 voluntati
1230 5264 1486 5340 divinae,
1545 5272 1609 5328 et
1665 5266 1731 5327 in
1790 5266 1970 5329 nullo

717 5402 786 5455 T.
819 5401 900 5454 12.

2076 4280 2144 4354 ti,
2188 4286 2333 4341 ante
2376 4297 2633 4342 omnem
2681 4280 3110 4361 operationem
3154 4301 3227 4344 ac
3272 4284 3570 4347 meritum

2075 4378 2237 4460 ejuS,
2281 4378 2600 4460 loquendo
2642 4378 2721 4440 de
2763 4377 3088 4460 prioritate
3137 4388 3398 4457 naturae,
3443 4400 3568 4446 non

2075 4476 2403 4559 temporis.
2436 4477 2653 4558 Itaque
2693 4475 2881 4541 factio
2918 4476 3301 4560 beneplaciti
3345 4479 3565 4557 Patris,

2077 4583 2174 4637 est
2218 4593 2405 4637 causa
2450 4594 2487 4636 a
2536 4574 2894 4656 posteriori,
2927 4576 3027 4640 vel
3076 4576 3355 4657 signum,
3396 4581 3569 4661 quod

2075 4674 2254 4736 Pater
2300 4682 2397 4735 est
2444 4691 2591 4735 cum
2640 4672 2821 4749 Filio,
2864 4691 2982 4736 nec
3028 4691 3176 4736 eum
3226 4676 3434 4739 solum
3474 4696 3569 4741 re-

2075 4772 2287 4854 liquit.
2322 4771 2667 4835 Concordia
2709 4791 2987 4854 namque
3030 4772 3096 4835 in
3140 4792 3353 4856 opere,
3388 4778 3569 4841 unio-

2075 4872 2176 4933 nis
2220 4878 2283 4932 et
2322 4870 2555 4933 amoris
2598 4878 2801 4932 exstat
2842 4871 3173 4934 indicium.

2157 4971 2311 5032 Haec
2350 4976 2479 5031 tam
2531 4968 2866 5051 profunda,
2920 4969 3188 5052 pulchra
3232 4990 3305 5033 ac
3351 4971 3571 5036 divina
3702 4984 3775 5042 30

2075 5071 2192 5129 illo
2244 5071 2559 5147 loquente,
2610 5070 2807 5130 multi
2850 5067 3208 5131 Judaeorum
3254 5070 3571 5134 audienti-

2079 5187 2189 5230 um
2220 5184 2293 5229 ea
2319 5168 2733 5227 erediderunt
2761 5168 2837 5227 in
2863 5186 3033 5228 eum.
3065 5164 3212 5228 Erat
3249 5168 3419 5231 enim
3461 5171 3571 5235 do-
3614 5188 3861 5238 Maiiam.

2079 5283 2230 5329 cens
2272 5265 2439 5327 sicut
2485 5271 2855 5347 potestatem
2900 5264 3165 5342 habenS,
3213 5266 3570 5351 unicusque
3596 5254 3665 5295 ²⁹·

3258 5400 3323 5455 28
