4300 6259
71 791 130 832 Ιε.
155 805 196 840 v,
221 794 265 832 7.

57 989 220 1038 oneex,
245 993 288 1032 1.

39 1186 200 1228 Halm.
213 1201 310 1238 ιιι,

43 1253 88 1292 33
95 1282 106 1292 .

349 1585 502 1628 sum
553 1568 702 1630 vitis
754 1572 946 1631 vera?
986 1568 1358 1643 Dicendum,
1405 1569 1576 1650 quod
1627 1567 1860 1630 dicitur
1969 1567 2120 1630 serit
2156 1585 2169 1629 :
2204 1567 2421 1629 Omnis
2450 1567 2639 1629 arbor
2667 1585 2811 1648 quae
2841 1585 2967 1630 non
2998 1565 3150 1629 facit
3178 1565 3459 1629 fructum
3508 1584 3753 1635 metam.

353 1665 508 1727 vitis
559 1685 706 1731 vera
763 1675 1026 1750 propter
1073 1685 1286 1730 veram
1347 1667 1854 1742 similitudinem,
1964 1665 2230 1740 bonum,
2283 1665 2609 1728 excidetur
2657 1674 2719 1728 et
2766 1666 2831 1727 in
2885 1667 3097 1746 ignem
3148 1665 3455 1728 mittetur.
3492 1649 3558 1689 ¹⁰·

353 1783 486 1828 non
521 1775 782 1848 propter
811 1785 1026 1830 veram
1065 1775 1306 1829 naturae
1343 1766 1858 1829 communionem
1967 1764 2142 1837 Quod
2186 1766 2239 1826 si
2292 1765 2423 1828 sola
2470 1764 2766 1826 sterilitas
2810 1765 3287 1836 condemnatur,
3323 1765 3463 1847 ipsa

77 1880 94 1919 ι
195 1883 292 1930 .,·ι.
353 1881 510 1925 cum
559 1864 710 1939 vite,
759 1865 926 1928 sicut
975 1865 1039 1927 in
1087 1865 1245 1928 lsaia
1292 1865 1615 1928 inducitur
1651 1864 1859 1928 :Vere
1897 1867 1940 1928 Β
1969 1863 2327 1946 iniquitatis
2384 1863 2705 1927 exsecutio
2760 1870 3074 1945 quantum
3134 1863 3464 1945 torquebi-

353 1961 608 2025 foenum
639 1970 733 2025 est
773 1965 1072 2046 populus.
1109 1964 1182 2026 Et
1219 1965 1395 2038 item,
1431 1972 1500 2025 ut
1539 1982 1605 2026 se
1635 1964 1860 2027 distin·
1969 1967 2113 2024 tur?
2162 1963 2335 2025 lstud
2393 1962 2877 2043 intelligendum
2926 1969 3022 2024 est
3071 1963 3150 2025 de
3197 1962 3299 2024 his
3346 1962 3459 2044 qui

351 2067 510 2140 guat
555 2080 592 2122 a
641 2079 836 2144 prava
891 2081 964 2125 ac
1022 2062 1222 2125 sterili
1274 2051 1480 2136 vinea,
1532 2063 1632 2125 cui
1687 2063 1858 2144 apud
1968 2062 2032 2124 in
2080 2062 2461 2144 negligentia
2502 2061 2783 2124 finaliter
2827 2068 3255 2144 perseverant.

59 2175 192 2217 sen„
227 2177 303 2218 ει.
348 2159 692 2222 Jeremiam
755 2161 1060 2224 Dominus
1119 2168 1500 2243 protestatur
1551 2180 1565 2224 :
1624 2160 1747 2242 Ego
1795 2169 1857 2223 te
2045 2163 2131 2222 Ec
2160 2181 2413 2223 omnem
2439 2164 2555 2241 qui
2584 2163 2713 2242 fert
2742 2160 3061 2237 fructum,
3091 2160 3157 2222 id
3196 2167 3291 2222 est
3334 2178 3464 2223 om-

357 2259 639 2340 plantavi
691 2258 944 2321 vineam
993 2261 1280 2334 electam,
1334 2261 1652 2341 quomodo
1705 2277 1854 2341 ergo
1967 2276 2113 2320 nem
2173 2257 2429 2321 fidelem
2481 2259 2594 2340 qui
2655 2258 2844 2321 habet
2898 2258 3093 2321 fidem
3144 2278 3289 2340 quaa
3348 2277 3463 2341 per
3494 2277 3758 2331 Galeam.

1086 511 1440 558 ENARRATIO
1482 510 1544 556 ΙΝ
1587 511 1725 556 CAP.
1771 509 1853 555 XV
1892 507 2170 556 scamus.
2215 529 2295 538 —-
2337 510 2479 557 Aur.
2525 509 2740 556 xxxvn

3340 491 3461 558 543

343 677 532 740 libus
573 680 822 760 poculis
864 679 1234 745 reficiendo.
1267 682 1444 744 Unde
1484 682 1672 744 lsaias
1711 679 1864 743 dicit
1891 679 1940 740 A
1970 680 2199 754 delem‚
2246 680 2361 763 qui
2412 680 2543 743 fide
2592 679 2873 754 informi,
2918 699 3043 743 non
3094 678 3351 742 caritate
3401 687 3464 741 et

344 777 436 838 de
473 776 801 860 Synagoga
843 798 856 843 ε
901 779 1098 842 Vinea
1149 781 1393 843 Domini
1445 779 1714 847 Sabaoth
1756 779 1864 842 do-

345 895 502 938 mus
550 877 741 939 lsrael
792 885 908 955 est,
952 887 1014 940 et
1053 879 1150 941 vir
1184 879 1342 942 Juda
1388 897 1648 960 germen
1696 879 1863 939 dele-

344 975 590 1037 ctabile
639 975 804 1056 ejus.
856 976 933 1039 Et
981 977 1046 1038 in
1097 977 1252 1040 Osee
1295 996 1309 1041 :
1353 976 1511 1039 Vitis
1561 976 1863 1040 frondosa

346 1073 586 1135 domus
629 1074 841 1136 lsrael.
884 1075 1058 1138 Unde
1097 1077 1266 1158 apud
1306 1074 1664 1138 Matthaeum
1709 1073 1864 1136 dicit

344 1169 643 1236 Salvator
703 1191 718 1236 :
781 1172 979 1237 Homo
1039 1182 1175 1236 erat
1231 1172 1687 1257 paterfamilias
1746 1173 1858 1254 qui

348 1268 670 1350 plantavit
713 1271 992 1342 vineam,
1039 1280 1160 1335 etc.

435 1368 560 1432 Sed
612 1388 816 1451 quum
867 1370 1154 1434 Christus
1204 1390 1329 1435 non
1381 1371 1459 1433 sit
1512 1370 1680 1445 vitis,
1733 1369 1858 1433 nisi

351 1485 472 1549 per
502 1468 1018 1544 similitudinem,
1043 1471 1362 1552 quomodo
1393 1471 1696 1551 loquitur,
1731 1468 1860 1549 Ego

353 2375 665 2419 conversa
693 2375 760 2419 es
793 2357 858 2420 in
894 2376 1182 2439 pravum,
1217 2359 1402 2420 vinea
1440 2358 1688 2420 aliena?
1718 2357 1853 2422 Non

352 2456 528 2517 enim
580 2463 676 2518 est
713 2456 862 2519 vitis
902 2474 1072 2532 vera,
1105 2475 1249 2538 quae
1289 2457 1431 2519 talis
1469 2466 1565 2519 cst
1605 2458 1682 2518 de
1728 2476 1856 2539 qua

357 2571 474 2635 per
519 2554 744 2626 lsaiam
790 2555 879 2616 ait
936 2555 1240 2618 Dominus
1293 2573 1307 2617 :
1363 2555 1732 2637 Exspectavi
1788 2564 1856 2618 ut

354 2651 596 2714 faceret
644 2671 822 2728 uvas,
863 2659 926 2715 et
973 2652 1127 2716 fecit
1172 2653 1515 2716 labruscas.
1559 2653 1661 2716 Sic
1707 2672 1856 2735 ergo

355 2749 646 2814 Christus
675 2751 910 2813 dicitur
942 2751 1110 2826 vitis,
1144 2753 1462 2834 quomodo
1494 2753 1854 2835 appellatur

1971 779 2156 842 bonis
2213 780 2537 862 operibuS‚
2592 778 2750 842 mihi
2810 778 3240 859 conjungitur,
3295 778 3464 840 unde

1972 897 2096 940 non
2129 876 2253 939 fert
2279 878 2562 940 fructum
2603 878 2665 940 in
2711 895 2833 951 me,
2870 877 2929 939 id
2972 884 3086 950 est,
3122 895 3315 959 opera
3355 876 3465 940 bo-

1972 995 2052 1038 na
2107 985 2171 1038 et
2228 984 2442 1038 sancta
2498 975 2810 1039 desideria
2867 994 2992 1038 non
3048 975 3340 1057 producit
3395 975 3463 1036 in

1970 1074 2229 1136 caritate
2286 1080 2348 1135 et
2403 1074 2605 1154 gratia
2662 1091 2849 1154 mea3
2902 1078 3097 1143 tollet,
3150 1073 3213 1138 id
3260 1081 3378 1150 est,
3429 1092 3467 1135 a

1969 1174 2287 1236 consortio
2329 1173 2676 1236 electorum
2722 1173 3038 1255 separabit
3076 1194 3222 1234 eum
3260 1172 3461 1248 Pater,

1969 1291 2141 1333 nunc
2176 1259 2443 1352 gratiam
2483 1271 2914 1336 subtrahendo
2954 1290 3067 1334 seu
3106 1291 3232 1334 non
3268 1270 3466 1333 influ-

1968 1371 2153 1444 end0,
2192 1376 2254 1432 et
2303 1371 2368 1433 in
2417 1369 2634 1432 futuro
2677 1370 2881 1450 gloria
2928 1388 3075 1432 eum
3128 1370 3459 1452 privando.

1967 1469 2126 1531 Huic
2167 1468 2377 1530 simile
2414 1475 2511 1530 est
2546 1471 2717 1550 quod
2744 1468 3013 1532 loannes
3051 1467 3329 1550 Baptista
3366 1487 3463 1530 as-

1964 2357 2368 2421 dilectionem
2425 2366 2742 2440 operatur,
2806 2366 2870 2420 et
2924 2357 3050 2421 Deo
3106 2357 3340 2429 obedit,
3390 2377 3463 2422 ac

1967 2456 2210 2539 profert
2256 2455 2501 2518 fructus
2548 2457 2625 2517 de
2674 2457 2909 2538 quibus
2956 2457 3034 2519 ad
3078 2455 3319 2520 Galatas
3370 2457 3465 2520 di-

1965 2557 2051 2618 cit
2097 2555 2433 2638 Apostolus
2487 2572 2501 2617 :
2554 2554 2817 2616 Fructus
2866 2555 3139 2637 Spiritus
3192 2563 3309 2630 est,
3364 2574 3465 2618 ca-
3490 2571 3756 2626 [masau.

1967 2654 2115 2715 ritas
2141 2653 2236 2734 (id
2266 2660 2360 2714 est
2387 2660 2565 2714 actus
2597 2652 2921 2732 caritatis),
2952 2652 3279 2733 gaudium,
3316 2673 3457 2736 pax,

1967 2752 2289 2835 patientia,
2336 2750 2802 2832 longanimitaS,
2848 2751 3116 2826 bonitaS‚
3165 2771 3462 2815 mansue·
3571 2809 3581 2816 .

96 2864 256 2908 mm..
289 2881 320 2916 ι.
354 2869 582 2931 agnus,
629 2851 750 2925 leo,
799 2859 999 2932 petra.
1965 2851 2138 2923 tudo,
2172 2858 2331 2930 etc.;
2355 2851 2669 2927 puryabic
2716 2869 2867 2908 eum
2916 2847 3111 2924 Pater,
3147 2851 3371 2913 saltem
3422 2871 3461 2915 a

57 2929 323 3041 Ξιῖζῗξ
437 2949 652 3024 Porro,
683 2968 888 3031 quum
919 2950 1065 3013 vitis
1095 2958 1158 3012 et
1196 2949 1488 3032 palmites
1530 2951 1658 3013 sint
1688 2950 1858 3032 ejus-
1967 2948 2321 3012 venialibus
2370 2956 2432 3011 et
2476 2966 2513 3009 a
2563 2954 2738 3010 reatu
2784 2949 3248 3030 praeteritorum
3294 2969 3463 3014 mor-

55 3053 93 3093 ⁴·
355 3050 504 3111 dem
545 3057 809 3125 naturae,
848 3049 1116 3132 ipsaque
1152 3050 1299 3112 vitis
1340 3051 1423 3112 sit
1459 3050 1578 3112 sub
1618 3050 1858 3131 agrico-
1892 3050 1934 3115 C
1963 3047 2208 3124 talium,
2250 3048 2303 3110 si
2353 3047 2576 3110 babuit
2624 3065 2717 3109 ea.
2758 3047 2824 3111 ln
2876 3047 3095 3110 multis
3146 3049 3319 3111 enim
3368 3049 3462 3112 of-
3488 3071 3751 3124 amanus.

1964 3146 2286 3208 sendimus
2333 3164 2589 3227 omnes3
2636 3155 2699 3208 et
2746 3146 2957 3227 justus
3007 3148 3242 3230 septies
3294 3149 3461 3211 cadit
3488 3171 3751 3226 promum,

1964 3245 2030 3307 in
2064 3245 2198 3325 die;
2224 3263 2443 3308 omnes
2473 3263 2733 3326 quoque
2758 3245 3021 3326 justitiae
3052 3254 3280 3310 nostrae
3312 3255 3461 3310 sunt
3488 3237 3557 3343 Ἀ)-

355 3148 438 3224 la,
493 3148 786 3229 indigens
841 3148 982 3229 ejus
1034 3148 1284 3210 cultura
1332 3149 1432 3210 vel
1490 3147 1850 3225 influentia,

354 3256 604 3310 constat
649 3248 821 3329 quod
865 3246 1150 3310 Christus
1198 3247 1366 3310 dicat
1413 3266 1481 3309 se
1517 3247 1712 3310 vitem
1761 3265 1857 3310 se·
3574 3314 3685 3348 mv,
3712 3303 3753 3346 ⁶,

69 3461 322 3515 mmm,
353 3464 554 3527 quam
591 3445 680 3506 ait
712 3462 726 3508 :
763 3444 940 3506 Pater
969 3443 1171 3525 maj0r
1203 3462 1303 3507 me
1341 3453 1458 3506 est.
1492 3443 1854 3508 Secundum
1964 3442 2126 3504 Deus
2171 3442 2374 3523 justos
2424 3443 2489 3503 in
2529 3441 2632 3504 via
2669 3441 2748 3503 ab
2796 3441 3018 3504 babitu
3064 3443 3461 3506 dissimilitu-

61 3525 122 3567 ’δ’
355 3543 758 3606 divinitatem
789 3560 960 3617 vero,
995 3542 1134 3624 ipse
1170 3543 1444 3623 agricola
1483 3550 1597 3618 est,
1633 3562 1856 3625 quem-
1964 3541 2132 3606 dinis
2182 3547 2244 3602 et
2289 3540 2709 3602 minoratione
2760 3539 3194 3622 perfectioniS‚
3240 3561 3465 3623 quem-

351 3643 700 3706 admodum
765 3641 944 3703 Pater
996 3659 1010 3703 ε
1064 3641 1192 3704 imo
1245 3649 1372 3704 tota
1419 3640 1690 3704 Trinitas
1749 3663 1854 3705 su·
1962 3641 2305 3705 admodum
2342 3638 2522 3719 juxta
2557 3637 2954 3722 Dionysium,
2988 3639 3197 3720 angeli
3245 3640 3465 3702 inferi-

351 3741 809 3826 perbenedicta
846 3748 911 3802 et
941 3740 1530 3821 superdignissima,
1564 3749 1658 3803 est
1689 3761 1854 3805 unus
1962 3758 2102 3804 ores
2132 3739 2433 3802 dicuntur
2464 3738 2718 3819 purgari
2751 3755 2865 3820 per
2895 3738 3015 3801 hoc
3046 3739 3219 3820 quod
3249 3739 3461 3802 lumen

350 3841 651 3923 agricola.
685 3839 912 3902 Subdit
941 3857 1090 3919 ergo
1116 3857 1128 3900 :
1153 3849 1212 3900 et
1241 3842 1442 3900 Pater
1471 3861 1652 3901 meus
1679 3844 1853 3918 ayri-
1964 3836 2392 3900 intellectuale
2440 3836 2506 3897 in
2546 3835 2639 3898 eis
2679 3844 2946 3916 augetur
2992 3855 3104 3898 seu
3154 3836 3465 3901 conforta·

350 3943 494 4001 cola
541 3949 654 4010 esc,
691 3938 752 4001 id
801 3946 897 4000 est
942 3937 1232 4018 agricolae
1278 3937 1507 3999 similis
1555 3956 1569 4000 ε
1619 3938 1850 4015 Primo,
1963 3945 2087 3998 tur.
2148 3936 2377 4015 Purgat
2430 3941 2643 3996 autem
2705 3934 2866 3996 Deus
2924 3935 3193 3998 diversis
3256 3937 3463 4000 modis

350 4037 662 4122 quoniam
721 4038 886 4099 sicut
930 4035 1204 4116 agricola
1261 4035 1458 4097 mittit
1516 4055 1734 4099 semen
1785 4038 1851 4100 in
1964 4035 2211 4110 fideleS,
2265 4032 2562 4096 videlicet
2607 4050 2621 4095 ε
2671 4051 2783 4114 per
2833 4033 3295 4114 poenitentiam,
3349 4053 3465 4117 per

353 4147 615 4210 terram,
668 4142 730 4197 et
778 4134 1020 4216 'plantat
1065 4133 1358 4214 arbusta;
1405 4134 1496 4197 sic
1547 4135 1708 4198 Deus
1759 4137 1857 4199 in-
1963 4134 2368 4197 lacrimarum
2416 4130 2823 4204 effusionem,
2878 4149 2993 4212 per
3038 4133 3321 4208 adversa,
3372 4135 3466 4197 vi-

353 4236 520 4298 fudit
553 4235 783 4297 animae
813 4233 1042 4297 Christi
1079 4232 1368 4313 gratiam,
1403 4252 1546 4314 quae
1581 4243 1676 4296 est
1705 4254 1855 4316 qua·
1889 4241 1935 4303 D
1965 4233 2194 4296 delicet
2252 4249 2365 4313 per
2418 4229 2815 4303 tentationes,
2869 4231 3341 4311 persecutiones
3400 4241 3463 4296 et

353 4335 408 4397 si
460 4352 678 4396 semen
731 4331 1063 4406 virtutum,
1116 4331 1424 4412 plantavit
1479 4350 1738 4414 quoque
1786 4335 1852 4396 in
1966 4330 2393 4393 infirmitates.
2444 4328 2571 4390 Nec
2619 4327 2887 4391 dubium
2936 4327 3095 4411 quin
3144 4347 3259 4411 per
3305 4331 3463 4393 cari-

353 4451 430 4495 ea
471 4449 726 4495 omnem
773 4429 1103 4492 scientiam
1151 4447 1224 4490 ac
1262 4429 1584 4492 virtutem.
1619 4429 1856 4493 Secun-
1965 4429 2108 4491 tatis
2157 4429 2493 4500 fervorem,
2544 4425 2658 4507 qui
2716 4427 2923 4508 operit
2982 4427 3458 4492 multitudinem
3492 4447 3750 4500 wemno.

354 4533 460 4606 do,
512 4530 817 4612 quoniam
876 4527 1026 4591 colit
1085 4528 1272 4591 corda
1329 4526 1644 4604 fidelium,
1690 4547 1764 4591 ea
1818 4549 1856 4592 a
1966 4533 2391 4609 peccatorum,
2426 4525 2923 4607 continuamque
2955 4525 3020 4588 in
3053 4526 3289 4591 divinis
3320 4528 3464 4590 dili-

353 4628 649 4694 sentibus
691 4626 992 4692 vitiorum
1043 4627 1391 4708 purgando,
1437 4645 1551 4708 per
1585 4628 1851 4708 gratiam
1962 4626 2264 4706 gentiam,
2296 4623 2571 4685 maxime
2610 4623 2940 4686 deleantur
2969 4634 3227 4707 peccata
3260 4645 3466 4708 quan-

353 4728 784 4798 fecundando,
828 4743 1046 4788 semen
1095 4723 1274 4786 verbi
1323 4725 1597 4787 coelestis
1645 4724 1712 4787 in
1763 4726 1854 4788 eis
1965 4733 2100 4786 tum
2147 4723 2227 4785 ad
2276 4721 2589 4784 maculam
2638 4729 2702 4784 et
2748 4731 3013 4785 reatum.
3059 4727 3137 4785 Ut
3166 4725 3463 4804 fructum

353 4826 736 4910 spargendo,
771 4831 832 4885 et
877 4823 1132 4884 tandem
1175 4821 1240 4882 in
1285 4821 1582 4885 horreum
1635 4823 1856 4905 patriae
1957 4827 2112 4902 plus
2138 4827 2393 4899 afferat,
2427 4820 2491 4882 id
2520 4827 2636 4894 est,
2672 4820 2738 4882 in
2780 4820 2963 4884 bonis
3000 4823 3305 4905 operibus
3338 4844 3464 4887 ma-

355 4924 840 4988 introducendo.
878 4920 1036 4984 Hinc
1065 4918 1410 4983 Corinthiis
1441 4921 1664 4984 scribit
1692 4921 1855 5003 Apo·
1961 4921 2058 5001 gis
2097 4921 2397 4982 abundet.
2430 4918 2585 4980 Nam
2626 4919 2691 4981 in
2734 4919 2834 4982 via
2875 4919 2980 4982 Dei
3023 4919 3149 4985 non
3190 4923 3459 5004 profice-

75 5037 322 5094 mommo.
356 5023 559 5088 stolus
613 5043 626 5086 ε
683 5021 789 5084 Dei
839 5020 1226 5102 agricultura
1271 5019 1444 5093 estiS‚
1499 5018 1606 5082 Dei
1655 5019 1857 5082 aedifi-
1966 5037 2054 5095 re,
2089 5027 2185 5080 est
2233 5017 2527 5080 deficere.
2563 5017 2737 5080 Unde
2774 5026 3022 5099 oportet
3070 5020 3461 5084 incessanter

356 5122 523 5185 catio
566 5122 740 5184 estis.
1963 5136 2147 5200 agere
2188 5118 2374 5192 bona,
2408 5124 2469 5178 et
2507 5117 2583 5180 de
2617 5116 2848 5179 virtute
2887 5117 2953 5180 in
2984 5119 3283 5181 virtutem
3320 5140 3460 5203 pro·
3500 5141 3749 5198 Paua»...

175 5223 208 5276 2
443 5223 709 5284 Omnem
739 5221 1082 5298 palmitem
1121 5219 1195 5278 in
1235 5237 1333 5278 me
1375 5236 1504 5278 non
1543 5217 1856 5294 ferentem
1964 5218 2209 5279 cedere.
2243 5215 2362 5278 Sed
2394 5216 2448 5277 si
2479 5215 2567 5276 ita
2604 5223 2720 5290 est,
2753 5215 2909 5296 quid
2940 5223 3035 5278 est
3063 5218 3235 5299 quod
3269 5218 3455 5280 multi
3487 5208 3527 5248 ⁸·

355 3347 642 3408 cundum
691 3353 983 3408 naturam
1033 3353 1446 3428 assumptam,
1501 3347 1852 3410 secundum

355 5322 680 5401 fructum,
711 5317 778 5380 id
826 5324 922 5378 est
967 5334 1223 5378 omnem
1271 5314 1738 5379 infructuosum
1778 5314 1858 5376 fi·-

1964 3344 2146 3427 quasi
2208 3362 2455 3426 pannus
2514 3351 2941 3407 menstruatae.
2993 3344 3222 3426 Purgat
3269 3347 3459 3409 etiam

1965 5334 2167 5397 quum
2226 5313 2537 5396 coeperint
2592 5331 2776 5394 agere
2834 5313 3022 5392 bona,
3083 5335 3229 5379 mox
3289 5317 3460 5380 deci-
