4300 6259
876 482 997 549 3⁰2

1715 502 2061 549 numano
2103 501 2168 547 IN
2208 501 2348 548 CAP.
2393 501 2414 547 1
2455 500 2730 549 mamus,
2773 522 2854 533 --
2895 502 3037 549 ΛΒΤ.
3081 502 3144 549 V!

2003 915 2657 1003 ARTICULUS
2735 918 2848 1001 vl

1168 1190 1525 1239 amomum
1568 1190 1754 1237 umus
1798 1189 1967 1235 Palm
2010 1186 2310 1245 currum,
2356 1188 2436 1232 AB
2477 1188 2554 1233 130
2597 1187 2745 1234 Loco
2788 1188 2905 1243 Quo
2947 1188 3190 1235 mertun
3235 1190 3248 1234 :
3296 1191 3537 1237 ALTERA
3579 1190 3682 1236 ma

1744 1288 1909 1334 vum·
1950 1286 2222 1334 JOANNES
2264 1287 2452 1333 maun
2493 1286 2839 1332 vammum
2879 1288 2965 1333 AD
3007 1289 3099 1333 SE.

1010 1570 1261 1633 EINDE
1306 1571 1582 1635 ostendit
1623 1568 2021 1651 Evangelista
2063 1567 2361 1643 lucidiuS‚
2401 1570 2450 1633 A
2561 1568 2768 1631 Prima
2807 1589 2954 1634 vcro
2996 1571 3306 1654 expositio
3345 1572 3594 1634 videtur
3631 1571 3974 1635 rationabi-

1028 1671 1346 1751 quomodo
1379 1668 1730 1732 Praecursor
1760 1668 2194 1731 testimonium
2235 1684 2370 1749 per-

870 1768 1082 1831 hibuit
1144 1769 1413 1843 Christo,
1479 1768 1543 1830 in
1612 1766 1949 1850 praesentia
2006 1765 2237 1828 Christi
2306 1772 2367 1826 et

2481 1667 2621 1740 lior,
2684 1677 2746 1730 et
2803 1670 3002 1732 textui
3062 1670 3259 1750 magis
3317 1688 3611 1733 consona.
3660 1670 3834 1732 Unde
3889 1671 3969 1731 ad

2477 1775 2920 1847 argumentum
2964 1768 3234 1831 aliorum
3277 1768 3582 1831 facillime
3623 1769 3967 1843 diceretur,

662 1870 735 1924 29
868 1867 1094 1930 turbae.
1146 1872 1373 1929 Altera
1423 1869 1531 1927 die
1587 1869 1757 1927 vidit
1807 1868 2089 1926 loannes
2145 1868 2366 1926 lesum
2476 1866 2646 1945 quod
2700 1866 2968 1928 Ioannes
3025 1866 3300 1948 Baptista
3356 1887 3480 1931 non
3539 1867 3699 1929 dixit
3753 1869 3973 1931 omnia

871 1968 1226 2028 venientem
1274 1970 1363 2027 ad
1408 1986 1492 2026 se.
1549 1964 1751 2027 Verba
1799 1965 1955 2038 haec,
2006 1982 2043 2025 a
2096 1963 2364 2026 diversis
2479 1964 2671 2026 verba
2711 1966 3044 2045 sequentia
3087 1966 3302 2039 simul,
3337 1968 3444 2028 sed
3488 1967 3776 2047 quaedam
3821 1976 3972 2029 ante

869 2064 1294 2128 diversimode
1343 2071 1770 2146 exponuntur.
1812 2062 1987 2135 Quod
2036 2062 2207 2124 enim
2261 2060 2365 2124 hic
2475 2060 2703 2124 Christi
2764 2062 3175 2145 baptismum,
3238 2072 3301 2125 et
3355 2063 3476 2126 alia
3534 2065 3967 2146 postmodum,

868 2162 1123 2238 dicitur,
1158 2163 1369 2225 Altera
1417 2162 1540 2237 die,
1590 2161 1877 2225 referunt
1921 2160 2119 2242 aliqui
2170 2161 2248 2222 ad
2292 2179 2366 2223 ea
2473 2160 2639 2223 sicut
2669 2162 2929 2243 patebit.
2963 2160 3359 2243 Evangelista
3395 2170 3604 2225 tamen
3645 2163 3868 2225 recitat
3895 2182 3974 2225 ea

866 2279 1011 2342 quae
1070 2262 1433 2324 immediate
1494 2260 1891 2341 Evangelista
1949 2260 2229 2321 narravit
2286 2260 2364 2322 de
2473 2259 2592 2321 sub
2640 2279 2766 2323 uno
2806 2268 3125 2336 contextu,
3159 2261 3309 2342 quia
3346 2262 3580 2324 omittit
3613 2280 3760 2343 quae
3789 2263 3974 2325 novit

867 2359 1171 2424 missione
1212 2360 1606 2422 sacerdotum
1647 2378 1720 2422 ac
1757 2358 2119 2421 Levitarum
2161 2359 2238 2420 ad
2266 2358 2365 2421 Jo—
2471 2358 2551 2420 ab
2599 2358 2742 2420 aliis
2786 2359 2991 2421 tribus
3030 2359 3447 2440 Evangelistis
3490 2361 3828 2442 descripta,
3871 2361 3974 2422 vi-

864 2475 1121 2520 annem.
1174 2458 1249 2520 Et
1296 2458 1408 2532 sic,
1456 2458 1628 2539 quod
1676 2456 2089 2537 subjungitur
2138 2458 2216 2518 de
2265 2476 2367 2518 ac·
2471 2456 2723 2537 delicet,
2757 2458 3076 2539 quomodo
3101 2457 3369 2521 Joannes
3409 2457 3727 2521 Christum
3767 2458 3976 2541 bapti-

866 2574 1047 2619 cessu
1090 2556 1318 2620 Christi
1359 2557 1438 2619 ad
1476 2555 1801 2629 Ioannem,
1847 2554 2115 2636 intelligi
2153 2562 2367 2637 posset
2472 2556 2673 2635 zavit3
2721 2563 2782 2617 et
2833 2555 3025 2618 refert
3071 2574 3216 2637 quae
3263 2555 3356 2618 illi
3404 2556 3776 2631 omiserunt,
3811 2566 3974 2640 puta

865 2656 943 2718 de
992 2656 1103 2719 illo
1148 2657 1425 2719 adventu
1472 2674 1602 2737 quo
1635 2656 1814 2718 Jesus
1864 2654 2038 2717 venit
2085 2656 2162 2717 ad
2208 2653 2366 2717 Prae·
2473 2652 2667 2715 verba
2699 2653 2978 2728 Joannis,
3021 2673 3295 2735 quorum
3337 2654 3550 2736 aliqua
3587 2654 3748 2716 dixit
3786 2654 3976 2717 Chri-

865 2773 1213 2829 cursorem,
1278 2762 1347 2816 ut
1403 2754 1829 2836 baptizaretur
1884 2752 1964 2815 ab
2027 2771 2123 2827 eo,
2183 2753 2365 2833 juxta
2401 2752 2442 2813 B
2471 2758 2566 2815 sto
2595 2753 2673 2813 ad
2703 2752 3151 2834 baptizandum
3184 2753 3672 2835 propinquante,
3705 2752 3828 2815 alia
3859 2773 3974 2817 ve-

585 2867 833 2919 nantia...
867 2853 1024 2916 illud
1076 2854 1314 2916 dictum
1359 2852 1626 2916 Matthaei
1664 2872 1677 2916 :
1712 2852 1897 2914 Venit
1942 2852 2120 2914 Jesus
2167 2871 2204 2913 a
2248 2851 2364 2914 Ga·
2471 2867 2541 2911 ro
2582 2868 2658 2913 eo
2697 2850 2828 2930 jam
2871 2850 3206 2932 baptizato.

571 2932 638 2974 ¹³·
862 2952 1026 3015 lilaea
1074 2952 1139 3014 in
1185 2952 1517 3015 Jordanem
1566 2953 1642 3013 ad
1681 2952 2005 3024 Joannem,
2054 2958 2121 3012 ut
2157 2950 2363 3031 bapti·
2549 2948 2721 3011 Vidit
2756 2967 2906 3030 ergo
2939 2949 3207 3011 Joannes
3233 2949 3444 3011 Jesum
3485 2949 3842 3013 venientem
3885 2952 3970 3013 ad

861 3058 1108 3112 zaretur
1144 3050 1223 3112 ab
1272 3068 1367 3113 eo.
1411 3048 1620 3112 Missio
1662 3049 1833 3112 enim
1876 3048 2243 3111 nuntiorum
2286 3048 2364 3110 il-
2470 3066 2558 3122 se,
2595 3048 2890 3110 videlicet
2919 3048 3255 3111 Dominum
3286 3048 3362 3109 ad
3394 3048 3780 3123 ministrum,
3816 3049 3974 3112 Cre-

863 3148 1069 3212 lorum
1127 3150 1204 3211 ad
1255 3149 1557 3211 Joannem
1618 3146 2042 3211 communiter
2101 3148 2360 3229 ponitur
2467 3154 2704 3209 atorem
2767 3148 2844 3209 ad
2907 3153 3281 3221 creaturam,
3343 3146 3822 3229 Redemptorem
3884 3150 3970 3211 ad

863 3247 1262 3329 praecessisse
1305 3246 1693 3329 baptismum
1745 3246 1975 3310 Christi
2018 3266 2055 3307 a
2094 3246 2353 3308 Joanne.
2469 3245 2932 3319 redimendum,
2977 3243 3276 3306 Sanctum
3319 3243 3690 3307 Sanctorum
3733 3246 3810 3307 ad
3855 3246 3972 3309 ho-

950 3346 1073 3407 Alii
1126 3345 1367 3419 dicunt,
1420 3345 1592 3427 quod
1636 3344 1764 3424 jam
1817 3363 1942 3407 non
2003 3352 2097 3406 est
2150 3362 2358 3407 sermo
2468 3344 2708 3406 minem
2767 3342 3126 3407 venialibus
3183 3362 3310 3406 non
3360 3350 3702 3405 carentem.
3751 3342 3968 3415 Quum

861 3445 938 3507 de
990 3445 1264 3507 adventu
1325 3443 1553 3506 Christi
1606 3444 1683 3505 ad
1742 3443 2154 3524 baptismum,
2207 3444 2358 3525 quia
2467 3460 2614 3523 ergo
2641 3442 2909 3506 Joannes
2943 3441 3204 3504 vidisset
3241 3440 3632 3503 Altissimum
3676 3449 3806 3503 tam
3842 3442 3970 3504 hu-

591 3560 712 3605 ma.
738 3562 803 3605 1⁶.
860 3543 925 3605 in
976 3542 1296 3625 baptismo
1343 3540 1597 3615 Christi,
1641 3542 1801 3606 vidit
1845 3542 2113 3604 Joannes
2162 3540 2359 3623 Spiri-
2467 3541 2704 3603 militer
2753 3540 2918 3602 inter
2969 3539 3305 3622 populares
3355 3540 3738 3615 venientem,
3773 3558 3973 3624 expa-

858 3648 997 3703 tum
1047 3640 1347 3703 Sanctum
1408 3640 1472 3701 in
1532 3640 1747 3722 specie
1803 3640 2115 3703 columbae
2165 3658 2358 3722 super
2467 3640 2578 3713 vit,
2631 3648 2693 3701 et
2740 3648 2946 3702 tacere
2996 3658 3120 3702 non
3171 3638 3410 3720 potuit3
3460 3638 3570 3699 sed
3617 3638 3972 3703 humilian-

860 3739 1182 3804 Christum
1215 3740 1619 3813 descendere,
1656 3746 1725 3801 ut
1752 3748 1848 3801 est
1884 3740 2053 3821 apud
2083 3738 2360 3802 Matthae-
2465 3746 2593 3800 tem
2635 3756 2702 3800 se
2739 3738 3058 3811 exaltavit,
3091 3747 3151 3798 et
3189 3739 3286 3797 ait
3323 3736 3720 3799 adstantibus
3753 3756 3768 3800 ε
3805 3742 3970 3800 Ecce

859 3858 990 3900 um.
1036 3838 1215 3900 Nunc
1263 3856 1413 3901 vero
1465 3844 1605 3919 post
1656 3856 1856 3919 pauca
1892 3837 2350 3918 subjungitur:
2463 3840 2692 3913 Aqnus
2741 3839 2887 3907 Dei,
2937 3836 3059 3899 hoc
3115 3844 3210 3897 est
3267 3834 3669 3897 immaculata
3729 3836 3962 3911 hostia,

600 3954 802 3997 vmaae.
859 3937 1317 4001 Testimonium
1369 3935 1695 4019 perhibuit
1738 3935 2029 4012 JoanneS,
2074 3937 2291 3999 dicens
2337 3956 2352 4001 :
2391 3934 2434 3998 C
2466 3954 2579 4017 per
2620 3954 2853 4016 agnum
2900 3934 3259 4017 paschalem
3307 3932 3730 4015 praefigurata,
3763 3954 3966 4017 quam

856 4035 1012 4108 Quia
1044 4036 1173 4098 vidi
1212 4034 1518 4116 Spiritum
1559 4035 2047 4097 descendentem
2083 4036 2162 4097 de
2193 4036 2354 4099 coelo
2466 4034 2628 4095 Deus
2677 4033 2856 4095 Pater
2906 4051 3018 4095 seu
3068 4032 3361 4107 TrinitaS,
3408 4050 3524 4114 pro
3571 4034 3812 4096 mundo
3859 4054 3966 4098 or-

856 4134 1038 4216 quasi
1091 4134 1474 4208 columbam,
1525 4140 1587 4194 et
1645 4134 1877 4195 mansit
1934 4152 2130 4215 super
2179 4152 2348 4195 eum.
2464 4132 2706 4194 dinavit
2744 4131 2865 4193 sibi
2911 4129 3384 4203 immolandam,
3417 4131 3960 4210 quemadmodum

856 4231 1020 4313 Ergo
1070 4232 1204 4294 haec
1254 4232 1414 4294 dixit
1464 4239 1605 4313 post
1651 4231 1879 4295 Christi
1932 4231 2346 4314 baptismum.
2462 4230 2549 4291 ait
2578 4230 2914 4312 Apostolus
2949 4248 2962 4291 :
2999 4229 3113 4291 Pro
3149 4228 3449 4291 omnibus
3484 4228 3666 4291 nobis
3695 4230 3962 4292 tradidit
4017 4251 4222 4293 nonam.

855 4329 963 4392 Isti
1017 4330 1230 4411 itaque
1279 4329 1371 4391 sic
1420 4337 1749 4412 exponunt
1790 4348 1803 4392 :
1859 4330 2071 4391 Altera
2117 4330 2241 4403 die,
2274 4331 2350 4392 ,id
2463 4328 2668 4390 illum.
2711 4327 2786 4389 Et
2830 4326 3114 4391 Christus
3163 4326 3230 4387 in
3281 4326 3572 4408 passione
3607 4344 3622 4389 :
3656 4326 3954 4405 Calicem,
3986 4316 4228 4420 {amm

854 4436 950 4490 est
988 4427 1112 4489 alia
1148 4428 1415 4509 quadam
1455 4427 1577 4503 die,
1614 4446 1738 4490 non
1779 4434 1989 4489 tamen
2026 4427 2354 4491 immedia-

2463 4427 2694 4508 inquit,
2728 4444 2922 4508 quem
2953 4424 3128 4487 dedit
3155 4424 3312 4487 mihi
3345 4425 3544 4498 Pater,
3579 4444 3705 4488 non
3735 4426 3959 4489 bibam
3993 4443 4056 4481 ¹¹-

855 4534 917 4588 te
968 4533 1302 4608 postquam
1351 4524 1517 4588 facta
1564 4533 1714 4587 sunt
1760 4544 1905 4607 quae
1952 4524 2352 4607 Evangelista
2463 4525 2690 4587 illum?
2732 4524 3018 4587 Christus
3058 4524 3274 4605 itaque
3313 4524 3546 4586 dicitur
3582 4542 3805 4604 agnuS,
3841 4544 3960 4608 per

856 4625 1046 4687 modo
1088 4624 1166 4685 de
1210 4624 1512 4687 missione
1552 4624 1948 4687 sacerdotum
1988 4625 2348 4707 descripsit,
2463 4624 2936 4706 proprietatem,
2971 4640 3098 4685 non
3145 4640 3258 4703 per
3301 4630 3611 4696 naturam,
3655 4623 3821 4685 sicut
3861 4626 3963 4686 di-

856 4723 963 4785 sed
999 4730 1333 4805 postquam
1361 4722 1539 4784 Jesus
1572 4740 1863 4785 reversus
1894 4730 1990 4784 est
2016 4741 2053 4783 a
2082 4724 2348 4787 deserto.
2462 4723 2628 4785 citur
2685 4722 2846 4803 lapis
2905 4720 3250 4801 angulariS‚
3311 4721 3432 4793 leo,
3485 4720 3653 4783 vitis.
3715 4720 3960 4785 Dicitur
4011 4752 4164 4807 ἕρμα,
4198 4762 4220 4792 2

588 4820 991 4893 mmm-Mox
1030 4822 1201 4883 enim
1246 4828 1314 4882 ut
1360 4820 1714 4902 baptizatus
1764 4828 1880 4896 est,
1912 4820 2161 4902 expulit
2201 4841 2346 4883 eum
2460 4831 2672 4883 autem
2730 4838 2931 4900 agnus
2985 4837 2998 4881 :
3052 4818 3282 4900 primo,
3337 4825 3598 4900 propter
3654 4819 3961 4883 innocen·
3985 4814 4220 4927 Ξθὲῦξζρξ

562 4904 629 4947 ¹²·
855 4917 1130 5000 Spiritus
1163 4919 1227 4980 in
1257 4919 1601 4993 desertum,
1636 4926 1706 4979 ut
1737 4918 1968 4998 legitur
1998 4920 2168 5000 apud
2198 4918 2352 4981 Mar-
2460 4920 2655 4999 tiam3
2703 4919 3002 4992 secundo,
3051 4924 3312 4999 propter
3355 4918 3952 5003 mansuetudinem;
3985 4906 4222 4989 issam:

855 5035 1023 5079 cum.
1059 5017 1191 5091 Vel,
1228 5024 1299 5078 ut
1326 5016 1588 5098 quidam
1627 5016 1868 5091 dicunt,
1904 5016 2189 5080 Christus
2217 5018 2347 5098 jam
2461 5018 2668 5093 tertio,
2714 5026 2972 5099 propter
3014 5016 3375 5089 utilitatem,
3417 5015 3722 5096 quoniam
3763 5018 3958 5100 spiri·
3983 5018 4054 5047 “¹
4081 5004 4168 5049 Η·

852 5114 1227 5197 baptizatuS,
1255 5115 1581 5196 aliquanto
1610 5122 1897 5196 tempore
1927 5124 2350 5179 commoratus
2382 5117 2431 5178 D
2461 5116 2713 5179 tualiter
2744 5116 2931 5178 vestit
2967 5122 3031 5176 et
3065 5114 3180 5175 alit
3219 5132 3332 5176 nos
3359 5134 3374 5190 ;
3407 5121 3655 5195 quarto,
3693 5124 3956 5197 propter

852 5219 948 5274 est
992 5211 1171 5293 juxta
1214 5214 1571 5289 Jordanem,
1619 5220 1681 5275 et
1728 5220 1880 5275 tunc
1930 5214 2204 5294 quadam
2248 5214 2352 5276 die
2460 5217 2720 5279 modum
2760 5232 2890 5277 suae
2927 5212 3286 5288 occisionis,
3325 5212 3630 5294 quoniam
3673 5214 3828 5276 lsaia
3865 5224 3958 5277 te-

2459 5320 2684 5386 stante,
2737 5310 2902 5373 sicut
2947 5311 3084 5375 ovis
3141 5311 3220 5373 ad
3278 5309 3665 5373 occisionem
3725 5310 3956 5374 ductus
3998 5334 4058 5377 ι..
4078 5331 4200 5381 μω.

850 5310 1117 5373 accessit
1152 5312 1480 5375 Ioannem.
