4300 6259
34 880 93 925 29.
119 879 185 928 3ος
217 890 272 919 xx

35 941 103 989 δὸς
138 908 293 983 Mares

34 1015 111 1050 vm,
138 1003 263 1043 23-25
278 1015 291 1052 ς

34 1064 186 1106 lotan.
232 1077 291 1114 u.

36 1128 127 1175 §.Y-

1124 535 1479 583 malumno
1517 536 1581 582 IN
1622 535 1759 608 [RAP-
1805 536 1873 583 111
1915 536 2194 584 somus.
2240 557 2316 566 —
2357 537 2500 584 ΛΒΤ.
2545 537 2652 584 vm

325 703 578 780 vinum,
610 707 785 786 quod
822 705 977 770 facit
1018 714 1247 769 natura
1291 707 1597 788 paulatim
1640 708 1707 770 in
1745 707 1838 772 vi-
1862 707 1915 768 A
1944 710 2204 772 modum
2243 717 2454 772 autem
2494 710 2725 773 dicitur
2759 710 2950 774 homo
2989 709 3198 792 primo
3237 708 3432 784 nasci,

56 813 292 864 :totth-1¹.
320 802 542 884 tibus3
584 810 648 865 et
694 804 1118 869 illuminando
1165 824 1384 880 eaecoS,
1419 807 1590 888 quod
1640 807 1835 869 inter-
1944 808 2200 888 quando
2230 825 2344 890 per
2369 809 2840 889 generationem
2872 807 3188 870 carnalem
3225 825 3300 869 ac
3329 825 3438 869 na-

322 903 483 965 dum
532 901 611 965 fit
647 912 779 966 arte
830 904 1187 967 medicinae.
1224 903 1302 966 Et
1340 904 1461 968 ista
1507 923 1633 968 non
1684 913 1833 967 sunt

321 999 721 1064 sufficientia
775 1010 1149 1084 argumenta
1204 1001 1359 1065 fidei
1418 1011 1482 1066 et
1540 1021 1835 1086 coopera-

321 1099 521 1164 tionis
564 1101 819 1176 divinae,
863 1120 1068 1183 quum
1111 1101 1242 1164 sint
1286 1102 1473 1165 bonis
1518 1103 1832 1184 malisque

322 1199 714 1261 communia.
762 1199 1213 1263 Verumtamen
1263 1218 1339 1264 eo
1385 1202 1575 1264 modo
1621 1219 1751 1282 quo
1795 1219 1833 1262 a

322 1295 578 1359 Christo
637 1303 701 1359 et
762 1296 902 1378 ejus
968 1297 1281 1360 ministris
1344 1306 1598 1380 peracta
1656 1306 1825 1372 sunt,

320 1402 478 1457 sunt
528 1396 751 1477 utique
798 1394 1193 1459 sufficientia
1239 1396 1396 1460 fidei
1433 1404 1826 1479 argumenta.

321 1491 616 1556 Christus
654 1493 829 1556 enim
868 1493 1023 1557 fecit
1061 1513 1137 1558 ea
1178 1495 1617 1578 imperialiter,
1661 1502 1725 1558 et
1762 1495 1829 1557 in

321 1591 614 1654 instanti.
662 1591 909 1656 Fideles
967 1612 1226 1676 quoque
1284 1593 1529 1658 faciunt
1587 1613 1657 1657 ea
1718 1613 1833 1677 per

322 1690 798 1756 invocationem
845 1693 1124 1757 nominis
1172 1693 1305 1770 Dei,
1352 1713 1501 1757 cum
1550 1712 1834 1757 exsecra-

320 1790 501 1854 tione
530 1791 741 1854 omnis
776 1793 1245 1856 communionis
1278 1793 1538 1857 diaboli.
1561 1792 1833 1856 -Facit

1940 906 2214 968 turalem
2253 915 2585 988 parentum
2628 907 3003 990 producitur
3039 907 3106 968 in
3145 923 3284 968 esse
3323 925 3436 968 na-

1940 1003 2132 1065 turali
2172 1004 2496 1086 specifico,
2531 1005 2959 1069 contrahendo
2995 1024 3032 1067 a
3066 1003 3438 1086 parentibus

1942 1119 2081 1165 esse
2120 1111 2401 1184 naturae3
2443 1104 2534 1166 sic
2583 1104 2816 1167 dIcitur
2865 1103 3039 1167 nasci
3083 1104 3293 1166 denuo
3335 1102 3437 1166 vel

1943 1201 2210 1276 renasci,
2243 1203 2497 1282 quando
2537 1220 2650 1285 per
2683 1203 3114 1286 operationem
3155 1201 3437 1264 divinam

1940 1299 2218 1380 acquirit
2265 1318 2404 1363 esse
2449 1301 2685 1383 gratim,
2728 1302 2897 1383 quod
2947 1308 3042 1362 est
3089 1317 3228 1363 esse
3275 1297 3439 1362 divi-

1942 1417 2121 1474 num,
2174 1399 2656 1480 supernaturale
2701 1407 2764 1461 et
2809 1398 3202 1462 meritorium
3237 1416 3250 1462 :
3285 1397 3439 1480 quia

1945 1503 2014 1558 ut
2043 1496 2199 1560 dicit
2227 1497 2580 1580 DionysiuS,
2615 1497 2791 1561 Sicut
2829 1496 3274 1560 intellectualis
3305 1515 3440 1559 cre-

1942 1601 2116 1656 atura
2174 1596 2433 1677 ponitur
2480 1596 2547 1658 in
2605 1613 2742 1658 esse
2799 1593 3103 1678 specifico
3160 1613 3274 1677 per
3331 1613 3440 1656 na·-

1942 1699 2174 1767 turam,
2228 1711 2342 1774 per
2389 1712 2582 1775 quam
2630 1701 2725 1756 est
2770 1701 2918 1774 apta
2961 1712 3037 1755 ac
3085 1699 3308 1775 potens
3357 1693 3436 1754 ad

1942 1791 2340 1872 operationes
2370 1792 2685 1855 naturales
2709 1811 2726 1873 ;
2768 1791 2861 1854 sic
2889 1809 3003 1874 per
3030 1790 3298 1872 gratiam
3329 1809 3440 1873 po-

322 1895 637 1971 praeterea
689 1889 855 1952 Deus
903 1893 1289 1973 quandoque
1336 1891 1518 1972 signa
1576 1909 1691 1973 per
1738 1910 1835 1953 re-
1868 1891 1915 1955 B
1944 1890 2117 1951 nitur
2158 1889 2224 1951 in
2263 1907 2402 1952 esse
2438 1891 2676 1966 divino,
2713 1909 2827 1973 per
2864 1891 3035 1972 quod
3075 1896 3171 1952 est
3212 1889 3438 1952 idonea

323 1987 561 2070 probos
608 2005 723 2050 seu
766 1988 1039 2070 injustos
1081 2007 1095 2053 ε
1140 2008 1284 2071 quae
1322 1990 1472 2052 licet
1518 2009 1645 2054 non
1690 2009 1835 2073 pro-

320 2086 479 2148 bent
508 2087 681 2169 quod
713 2094 1077 2170 operatores
1108 2088 1480 2169 hujusmodi
1511 2089 1641 2152 sint
1678 2089 1830 2153 boni

322 2192 387 2247 et
434 2183 563 2249 Deo
601 2185 889 2268 accepti3
934 2186 1206 2268 probant
1251 2194 1462 2250 tamen
1513 2189 1684 2270 quod
1726 2205 1832 2251 ve-

322 2302 395 2345 ra
442 2284 531 2345 sit
570 2282 735 2347 fides
784 2303 913 2366 qua
961 2285 1261 2349 invocant
1306 2285 1529 2362 Deum,
1574 2293 1637 2350 et
1682 2304 1831 2350 vera

324 2381 617 2446 doctrina
663 2383 741 2444 ad
789 2381 976 2464 cujus
1026 2382 1579 2448 confirmationem
1627 2384 1833 2448 efficit

324 2480 491 2542 Deus
540 2481 693 2543 talia
738 2481 939 2563 signa.
982 2481 1244 2564 Propter
1281 2483 1453 2564 quod
1501 2483 1656 2546 dicit
1702 2483 1833 2546 Sal-

26 2589 297 2694 ἕαὲἑὶιπιι.
324 2586 507 2642 vator
542 2581 717 2661 apud
753 2578 1115 2642 Matthaeum
1154 2599 1169 2643 ε
1201 2580 1377 2642 Multi
1416 2581 1629 2643 dicent
1672 2581 1832 2645 mihi

321 2676 389 2738 in
440 2676 548 2739 die
597 2676 710 2739 illa
758 2695 773 2740 ε
824 2677 1113 2752 Domine,
1164 2677 1449 2754 Domine,
1504 2698 1717 2742 nonne
1765 2681 1831 2742 in

321 2775 591 2840 nomine
630 2782 740 2838 tuo
781 2776 1327 2858 prophetavimus,
1362 2784 1424 2839 et
1462 2777 1530 2839 in
1574 2778 1832 2841 nomine

318 2881 433 2939 tuo
475 2874 791 2937 daemonia
830 2874 1161 2956 eJ'ecimuS‚
1195 2881 1261 2937 et
1298 2875 1565 2938 virtutes
1600 2877 1831 2939 multas

318 2971 649 3034 fecImus?
698 2971 773 3035 Et
818 2979 973 3036 tunc
1022 2972 1379 3037 confitebor
1426 2973 1554 3035 illis
1608 2993 1622 3037 :
1676 2972 1833 3047 Quia

322 3090 665 3152 nunquam
708 3071 856 3135 novi
901 3090 1035 3135 vos,
1546 3065 1554 3080 ⁸

404 3169 483 3232 Et
523 3169 829 3251 quoniam
872 3169 1159 3233 Christus
1197 3169 1375 3234 novit
1412 3169 1831 3236 intentionem

319 3287 397 3330 ac
436 3267 830 3330 desiderium
868 3265 1216 3343 Nicodemi,
1260 3269 1373 3350 qui
1414 3268 1593 3332 venit
1634 3277 1704 3332 ut
1743 3270 1835 3331 in-

319 3372 705 3440 strueretur,
755 3365 995 3430 idcirco
1054 3365 1283 3448 incipit
1338 3384 1487 3429 eum
1546 3367 1831 3431 Christus

321 3465 669 3526 instruere.
702 3462 779 3524 Et
809 3463 1017 3545 primo
1047 3463 1307 3526 instruit
1334 3481 1483 3526 eum
1513 3465 1590 3527 de
1621 3465 1829 3547 primo

321 3567 727 3624 sacramento
773 3578 955 3623 novae
1002 3560 1160 3640 legis
1218 3561 1494 3623 maxime
1542 3580 1831 3624 necessa-

322 3661 445 3733 rio,
490 3658 791 3722 videlicet
839 3659 918 3720 de
960 3657 1299 3740 Baptismo‚
1343 3661 1515 3740 quod
1560 3667 1656 3722 est
1700 3661 1830 3743 spi-

320 3758 577 3822 ritualis
620 3757 1034 3838 regeneratio,
1070 3764 1251 3838 porta
1289 3757 1453 3820 vitae.
1476 3761 1829 3838 Respondit

314 3860 529 3925 lesus,
560 3865 621 3917 ec
656 3857 839 3917 dimit
874 3857 939 3915 ei
966 3876 990 3915 .·
1012 3857 1243 3927 Amen,
1277 3875 1462 3918 amen
1500 3859 1644 3916 dico
1684 3858 1823 3918 tibi.

314 3954 662 4037 Repetitio,
705 3951 1211 4017 confirmationis
1263 3953 1574 4016 indicium
1624 3961 1721 4016 est
1766 3962 1830 4016 et

315 4052 692 4136 provocatio
721 4051 1131 4114 advertentiae
1162 4051 1496 4131 diligentis,
1514 4053 1665 4114 Nisi
1682 4054 1830 4132 quis

312 4161 521 4214 natus
546 4150 757 4228 fuerit
784 4152 1017 4219 denuo,
1052 4149 1116 4211 id
1154 4157 1251 4211 est
1290 4155 1715 4230 regeneratuS,
1746 4150 1833 4213 vi-

1940 1990 2018 2050 ad
2061 1988 2454 2070 operandum
2498 2007 2689 2070 opera
2730 1988 3074 2053 meritoria.

2021 2086 2085 2149 Si
2116 2086 2212 2149 sic
2241 2086 2613 2168 accipimuS‚
2641 2085 2821 2150 Nasci
2851 2088 3076 2161 denuo,
3099 2093 3254 2148 tunc
3285 2105 3440 2149 nun-

1941 2204 2137 2269 quam
2186 2185 2393 2267 potuit
2445 2185 2678 2266 aliquis
2739 2184 2990 2260 salvari,
3044 2184 3167 2246 nisi
3217 2204 3438 2248 rursus

1940 2284 2278 2347 nascendo.
2330 2281 2560 2345 Omnes
2616 2301 2892 2364 namque
2941 2282 3072 2345 nati
3120 2290 3269 2345 sunt
3313 2283 3436 2346 filii
3467 2303 3725 2361 apuam.

1941 2383 2072 2457 irae,
2125 2382 2555 2445 contrahendo
2604 2389 2933 2464 peccatum
2993 2381 3299 2462 originale
3347 2401 3443 2444 se-

1941 2481 2225 2544 cundum
2268 2498 2671 2544 communem
2714 2480 2918 2561 legem
2953 2499 2967 2543 :
3003 2480 3224 2562 sicque
3259 2499 3446 2563 opor-

1942 2579 2113 2641 tebat
2144 2596 2252 2642 eos
2282 2577 2456 2640 intus
2487 2577 2754 2652 renasci,
2784 2578 3148 2660 recipiendo
3176 2578 3443 2660 gratiam

1944 2676 2422 2752 reformantem,
2484 2683 2546 2738 et
2603 2675 3034 2740 conferentem
3092 2694 3230 2738 esse
3289 2677 3444 2740 divi·

1946 2794 2125 2837 num.
2181 2775 2438 2850 Verum,
2494 2774 2647 2856 quia
2703 2773 2987 2837 Salvator
3031 2775 3109 2837 ad
3169 2774 3444 2837 litteram

1944 2873 2230 2956 loquitur
2274 2875 2352 2936 de
2395 2873 2868 2954 regeneratione
2915 2872 3338 2955 BaptismatiS,
3377 2880 3449 2935 ut

1946 2978 2118 3054 patet
2167 2971 2233 3033 in
2286 2970 2582 3047 subditis,
2635 2971 2894 3047 idcirco,
2946 2972 3117 3053 quod
3166 2971 3322 3034 dicit
3368 2972 3446 3034 de

1870 3071 1913 3135 C
1944 3069 2423 3151 regeneratione
2470 3069 2610 3145 ista,
2654 3068 3140 3151 intelligendum
3187 3077 3284 3132 est
3330 3088 3446 3152 pro

1941 3177 2230 3251 tempore
2270 3169 2417 3232 novi
2451 3168 2856 3231 Testamenti.
2891 3168 3310 3250 Temporibus
3342 3187 3447 3232 ve-

1942 3287 2012 3331 ro
2062 3266 2220 3348 legis
2265 3274 2506 3330 naturae
2551 3274 2615 3330 et
2662 3267 2818 3347 legis
2867 3267 3141 3349 scriptae,
3180 3265 3446 3330 fuerunt

1938 3365 2063 3429 alia
2120 3373 2338 3429 contra
2391 3365 2698 3446 originale
2755 3373 3084 3446 peccatum
3139 3367 3438 3442 remedia,

1944 3464 2189 3527 scilicet
2230 3463 2653 3538 circumcisio,
2700 3470 2764 3524 et
2803 3462 2967 3526 fides
3011 3471 3368 3546 parentum.

2024 3565 2204 3624 Dicit
2240 3565 2328 3622 ad
2364 3581 2511 3622 eum
2543 3562 2955 3629 Nicodemus,
2986 3579 3258 3642 arguens
3294 3582 3441 3626 con-

1946 3667 2040 3722 tra
2077 3660 2270 3724 verba
2313 3659 2565 3734 Christi,
2607 3677 2752 3741 quae
2787 3659 2952 3721 male
2988 3668 3180 3742 atque
3222 3679 3442 3724 carna-

1944 3760 2088 3822 liter
2134 3758 2468 3832 intellexit,
2502 3757 2654 3839 quia
2692 3757 2759 3819 in
2803 3757 2940 3838 lege
2977 3766 3266 3821 assuetus
3310 3779 3438 3824 non

1940 3858 2064 3921 fuit
2112 3855 2552 3939 spiritualibus
2604 3855 2812 3919 modis
2863 3855 3165 3937 loquendi
3215 3875 3229 3920 :
3280 3860 3444 3928 Quo-

1940 3959 2125 4018 modo
2158 3963 2360 4032 potest
2399 3957 2584 4015 homo
2623 3955 2805 4014 nasci
2831 3974 3037 4033 quum
3074 3958 3184 4024 sit,
3218 3955 3282 4018 id
3321 3965 3439 4034 est,

1940 4054 2197 4137 quando
2225 4059 2340 4127 est,
2363 4055 2598 4113 senem?
2627 4051 2912 4115 Christus
2950 4071 3080 4117 non
3110 4053 3272 4116 dixit
3301 4054 3448 4118 sim-

1941 4151 2214 4235 pliciter,
2267 4149 2398 4212 Nisi
2447 4149 2594 4232 quis
2641 4157 2826 4212 natus
2884 4149 3101 4226 fuerit,
3156 4170 3283 4216 non
3334 4171 3446 4234 po-

312 4249 557 4314 delicet
596 4264 712 4330 per
741 4246 1140 4329 spiritualem
1179 4247 1653 4329 generationem
1692 4265 1830 4310 esse
1862 4255 1913 4316 D
1943 4257 2063 4313 test
2110 4249 2328 4312 videre
2387 4265 2657 4329 regnum
2716 4247 2866 4328 Dei3
2922 4248 3054 4324 sed,
3105 4248 3238 4311 Nisi
3298 4251 3444 4333 quis

309 4347 562 4430 gratiae,
608 4344 886 4408 caritatis
932 4353 995 4407 et
1031 4343 1209 4420 fidei,
1245 4352 1397 4427 puta
1436 4363 1574 4408 esse
1612 4364 1832 4428 super-

314 4444 617 4508 naturale
654 4462 729 4506 ac
772 4441 1084 4506 deiforme
1129 4444 1419 4526 adeptuS,
1462 4463 1593 4504 non
1629 4453 1833 4523 potest

320 4547 549 4606 videre
596 4541 801 4605 oculis
849 4541 1080 4617 cordis,
1126 4541 1313 4616 clare,
1365 4559 1478 4623 per
1526 4541 1827 4623 speciem,

314 4661 606 4720 regnum
634 4641 784 4710 Dei,
814 4639 878 4702 id
909 4646 1005 4702 est
1035 4639 1303 4721 patriam
1332 4639 1685 4714 Beatorum,
1720 4657 1833 4702 seu

312 4741 531 4804 Deum
590 4745 961 4819 regnantem
1019 4737 1087 4800 in
1145 4738 1345 4802 coelis.
1395 4736 1601 4811 Quum
1659 4739 1831 4801 enim

316 4838 599 4902 ultimus
642 4835 797 4898 finis
842 4835 1143 4912 hominiS,
1191 4854 1305 4899 seu
1349 4837 1487 4918 ipsa
1538 4835 1831 4910 felicitaS,

313 4955 476 5022 quae
515 4944 614 4998 est
651 4935 816 5000 visio
854 4935 963 4998 Dei
1004 4953 1118 5018 per
1156 4935 1457 5018 speciem,
1492 4935 1575 4998 sit
1616 4954 1839 5019 super—

314 5033 663 5110 naturalis,
699 5035 917 5118 nul-lus
958 5043 1163 5117 potest
1192 5036 1272 5098 ad
1300 5053 1441 5098 eam
1479 5036 1839 5117 pertingere

316 5153 449 5220 per
500 5153 663 5216 pura
710 5133 1041 5208 naturalia,
1095 5134 1207 5196 sed
1254 5141 1501 5215 oportet
1550 5141 1835 5196 naturam

316 5230 628 5315 adjuvari
672 5249 747 5294 ac
792 5229 1018 5313 perfici
1063 5249 1175 5313 per
1213 5229 1411 5293 fidem
1448 5239 1511 5292 et
1547 5231 1835 5312 gratiam,

320 5339 680 5412 ceteraque
727 5330 892 5392 dona
938 5327 1213 5411 Spiritus
1260 5327 1491 5392 Sancti.
1538 5327 1844 5402 Quemad-

1944 4355 2129 4411 natus
2173 4346 2370 4408 fuerit
2418 4347 2649 4409 denuo.
2691 4345 2813 4409 Sed
2862 4347 3015 4428 quia
3065 4349 3309 4412 renasci
3354 4349 3446 4411 in-

1945 4445 2144 4509 cludit
2185 4445 2380 4520 nasci,
2415 4452 2478 4506 et
2515 4443 2893 4508 Nicodemus
2934 4464 3060 4508 non
3103 4447 3282 4510 novit
3319 4446 3443 4510 nisi

1946 4564 2140 4608 unam
2181 4543 2598 4623 nativitatem,
2631 4543 2772 4606 ideo
2811 4543 2904 4606 sic
2938 4544 3206 4606 resumit
3239 4563 3252 4608 :
3285 4542 3447 4617 Quo-

1949 4643 2136 4706 modo
2177 4649 2383 4725 potest
2421 4641 2610 4705 homo
2651 4641 2822 4704 nasci
2855 4660 3056 4723 quum
3098 4642 3181 4704 sit
3207 4646 3444 4706 senex?

1947 4741 2120 4815 Quod
2163 4759 2289 4804 non
2327 4746 2422 4802 est
2461 4740 2552 4802 sic
2590 4739 3093 4821 intelligendum,
3126 4740 3310 4823 quasi
3350 4759 3448 4804 se-

1949 4840 2230 4903 cundum
2270 4837 2686 4901 intentionem
2725 4837 3051 4902 Nicodemi
3094 4837 3306 4902 infans
3344 4841 3446 4904 vel

1946 4938 2204 5020 juvenis
2256 4937 2458 5020 possit
2513 4937 2800 5018 renasci3
2855 4938 2964 5000 sed
3014 4937 3320 5019 quoniam
3368 4940 3448 5002 de

1951 5054 2020 5100 se
2058 5036 2200 5119 ipso
2239 5035 2546 5099 sollicitus
2587 5034 2730 5111 fuit,
2764 5043 2828 5098 et
2861 5035 2998 5118 ipse
3032 5035 3164 5118 jam
3195 5038 3448 5101 vetulus

1951 5135 2213 5210 exstitit,
2267 5135 2505 5197 idcirco
2552 5134 2643 5196 sic
2693 5132 2864 5196 fatur
2911 5153 2924 5197 :
2971 5134 3292 5208 Quomodo
3340 5156 3450 5219 po-

1952 5240 2075 5296 test
2112 5233 2304 5296 homo
2348 5232 2518 5295 nasci
2560 5251 2761 5313 quum
2802 5232 2884 5294 sit
2921 5236 3158 5296 senex?
3190 5233 3264 5297 Et
3303 5254 3449 5317 pro-

1958 5331 2067 5394 bat
2105 5331 2280 5412 quod
2323 5349 2450 5394 non
2496 5330 2718 5413 possit.
2758 5333 3103 5412 Numquid
3130 5343 3334 5410 potest
3372 5335 3446 5395 in

3317 513 3452 580 325·

3581 3569 3619 3625 4
