4300 6259
63 2962 247 3017 Ephe·
248 2976 353 3013 11111

38 3028 111 3070 14,
134 3028 211 3068 15.

1271 504 1624 552 mltum-rio
1666 504 1731 549 tr<
1773 502 1911 550 clu».
1960 504 1980 547 1
2021 503 2298 549 somnis.
2345 522 2426 537 -
2469 504 2610 551 Ait-r.
2657 505 2703 550 11
3407 488 3523 551 271

399 671 583 734 Deus
632 672 815 737 Pater
860 677 937 737 de
986 694 1053 737 se
1100 676 1241 757 ipso
1290 676 1591 758 concipit,
1646 685 1709 739 et
1758 676 1923 739 intra
1952 674 2003 735 A
2032 693 2159 738 non
2200 683 2433 757 posset,
2469 676 2591 738 nisi
2632 676 2828 738 Filius
2866 684 3034 739 esset
3074 695 3220 740 vere
3258 677 3531 739 immen-

398 789 485 832 se
536 772 783 853 profert
842 792 954 837 seu
1014 775 1318 855 loquitur,
1370 775 1729 857 appellatur
1773 774 1923 835 Ver·
2031 794 2138 835 sus
2191 774 2583 856 aequalisque
2634 774 2820 849 Patri,
2861 783 2923 838 et
2970 793 3084 858 per
3131 794 3528 857 consequens

394 868 575 932 bum
615 874 847 934 mentis
888 882 1187 954 paternae,
1221 880 1285 934 et
1321 873 1518 935 Filius
1550 873 1654 935 Dei
1697 873 1916 934 Patris.

390 966 745 1034 Emanatio
804 972 1019 1053 itaque
1075 971 1265 1033 Verbi
1329 971 1537 1047 istiuS,
1595 971 1918 1052 generatio

391 1077 846 1150 nuncupatur,
888 1077 953 1131 et
990 1069 1263 1131 Verbum
1314 1087 1619 1131 emanans
1659 1077 1918 1132 vocatur

387 1164 609 1228 Filius
660 1167 1074 1249 intelligentis
1133 1167 1778 1249 intellectualiterque
1826 1168 1919 1229 di-

384 1265 635 1338 centis,
688 1266 993 1347 quoniam
1050 1266 1375 1347 generatio
1433 1267 1690 1348 proprie
1740 1286 1914 1328 surn-

388 1370 541 1444 pta,
576 1372 672 1425 est
702 1365 1035 1445 productio
1076 1365 1166 1427 rei
1199 1365 1473 1428 viventis
1504 1384 1541 1426 a
1572 1366 1739 1438 viv0‚
1774 1384 1919 1446 quae

385 1462 793 1524 terminatur
848 1464 925 1525 ad
984 1481 1125 1525 esse
1180 1464 1471 1544 ejusdem
1530 1472 1769 1525 naturae
1806 1481 1921 1525 -se-

389 1561 698 1622 cundum
732 1560 1041 1624 rationem
1072 1561 1513 1623 similitudinis
1552 1562 1913 1642 adaequatae.

388 1657 722 1721 Similiter
758 1660 835 1721 ad
881 1660 1187 1723 rationem
1232 1660 1355 1721 filii
1407 1660 1703 1741 pertinet,
1746 1659 1917 1740 quod

392 1759 718 1838 procedat
745 1777 823 1820 ex
860 1768 1203 1839 generante
1234 1759 1409 1821 vitali
1442 1759 1794 1821 secundum
1835 1757 1919 1819 si-

2030 890 2220 933 verus
2281 872 2466 946 DeuS,
2519 873 2803 935 eamdem
2857 891 3002 934 cum
3062 872 3239 933 Patre
3288 872 3526 936 habens

2028 970 2368 1031 essentiam
2397 969 2684 1051 (finitum
2728 988 3002 1051 namque
3039 990 3076 1032 a
3115 970 3392 1052 perfecta
3433 990 3528 1033 re-

2029 1069 2513 1148 praesentatione
2545 1067 2785 1131 infiniti
2816 1069 3004 1130 distat
3034 1068 3102 1131 in
3131 1068 3518 1151 infinitum);

2030 1174 2362 1248 propterea
2405 1167 2601 1229 Filius
2643 1166 3002 1249 appellatur
3044 1168 3356 1230 emanatio
3399 1168 3523 1230 cla-
3549 1187 3814 1244 sapsuas,

2030 1265 2230 1326 ritatis
2260 1267 2712 1348 omnipotentis
2747 1266 2874 1339 Dei,
2899 1268 3134 1329 candor
3163 1266 3322 1329 lucis
3351 1276 3523 1330 aeter-
3549 1252 3617 1294 ²⁶·

2028 1382 2146 1436 nae,
2199 1371 2262 1425 et
2309 1365 2642 1446 speculum
2694 1364 2831 1426 sine
2878 1365 3126 1427 macula
3173 1365 3520 1445 majestatis

2030 1470 2522 1546 paternae‚atque
2547 1464 2749 1544 imago
2778 1462 3076 1526 bonitatis
3107 1464 3523 1546 illiuS,quem·

2028 1562 2368 1625 admodum
2423 1565 2500 1625 de
2558 1563 2715 1626 Filio
2770 1563 2875 1625 Dei
2934 1562 3052 1624 sub
3111 1564 3370 1626 nomine
3427 1584 3524 1626 sa-

2030 1661 2286 1742 pientiae
2340 1662 2648 1743 scriptum
2706 1670 2820 1724 est.
2876 1662 3047 1724 Unde
3097 1662 3176 1723 ad
3227 1662 3520 1727 Hehraeos

2026 1760 2115 1821 ait
2142 1760 2478 1841 Apostolus
2515 1779 2528 1823 :
2558 1759 2675 1832 Qui
2705 1780 2906 1842 quum
2939 1762 3021 1822 sit
3059 1761 3359 1842 splendor
3385 1763 3522 1843 glo·
3563 1778 3704 1821 mbr.
3725 1783 3808 1831 με.

390 1855 846 1918 militudinem
895 1857 963 1918 in
1015 1858 1342 1920 identitate
1400 1864 1639 1919 naturae
1694 1855 1915 1918 saltem
1953 1859 2001 1922 B
2028 1858 2137 1920 riae
2175 1866 2238 1920 et
2273 1859 2482 1939 figura
2529 1859 2898 1922 substantiae
2944 1859 3124 1939 ejus;
3164 1859 3319 1921 alibi
3363 1879 3520 1942 quo-

390 1954 741 2036 specifica.
798 1955 1075 2018 Verbum
1133 1964 1343 2018 autem
1405 1956 1637 2018 mentis
1686 1955 1918 2017 divinae

388 2054 535 2116 hoc
584 2056 773 2117 modo
822 2055 1215 2136 producitur,
1268 2062 1333 2117 et
1380 2074 1525 2117 cum
1575 2061 1917 2135 generante

386 2153 733 2225 convenit,
778 2172 905 2216 non
957 2154 1163 2215 solum
1213 2153 1278 2214 in
1330 2151 1655 2235 specifica,
1698 2154 1809 2215 sed
1849 2153 1914 2215 in

384 2251 725 2313 numerali
764 2269 876 2313 seu
913 2251 1244 2314 individua
1283 2252 1611 2314 identitate
1651 2259 1910 2314 naturae.

380 2350 670 2431 Propter
711 2352 883 2432 quod
924 2350 1248 2431 generatio
1290 2359 1354 2412 et
1394 2349 1623 2413 filiatio
1669 2352 1917 2432 propri-

381 2448 631 2511 issime
676 2457 870 2531 atque
918 2450 1252 2513 verissime
1300 2449 1537 2511 hahent
1585 2450 1797 2512 locum
1848 2450 1913 2511 in

382 2548 557 2622 Deo,
595 2547 679 2609 ita
717 2548 889 2629 quod
930 2548 1089 2610 ratio
1132 2548 1329 2629 patris
1360 2556 1422 2609 et
1460 2548 1584 2609 filii
1628 2549 1804 2629 prius
1843 2567 1916 2610 ac

386 2644 761 2728 perfectius
791 2653 1165 2727 competunt
1192 2646 1317 2709 Deo
1349 2666 1543 2728 quam
1582 2647 1909 2721 creaturis,

388 2745 548 2806 imo
596 2761 631 2803 a
678 2741 803 2805 Deo
858 2743 1229 2805 derivantur
1286 2745 1636 2805 secundum
1697 2762 1920 2825 quam-

392 2842 565 2903 dam
597 2840 1015 2903 imitationem
1054 2842 1133 2903 ad
1164 2848 1503 2916 creaturaS,
1539 2850 1728 2923 prout
1757 2842 1951 2923 Apo—-

395 2940 621 3003 stolus
656 2940 809 3002 dicit
844 2958 858 3001 ε
891 2940 1102 3003 Flecto
1139 2957 1347 3020 genua
1385 2958 1527 3001 mea
1564 2941 1640 3002 ad
1678 2940 1918 3003 Patrem

2025 1974 2174 2037 que,
2232 1955 2348 2028 Qui
2405 1963 2500 2019 est
2558 1958 2765 2038 imago
2825 1958 2930 2020 Dei
2996 1958 3362 2021 invisibilis.
3424 1959 3522 2021 ln·
3585 1974 3806 2029 σοιωω,

2024 2074 2238 2136 super,
2271 2075 2473 2138 quum
2511 2056 2708 2117 Filius
2749 2058 3046 2138 procedat
3081 2056 3160 2120 ab
3193 2057 3517 2120 intellectu
3551 2040 3614 2079 ¹⁵·

2026 2152 2243 2228 PatriS‚
2289 2154 2524 2216 idcirco
2567 2154 2950 2236 pertinentia
2997 2157 3074 2217 ad
3123 2156 3520 2219 intellectum

2026 2252 2355 2334 potissime
2412 2260 2783 2334 competunt
2839 2252 3016 2315 Filio.
3077 2253 3356 2326 Quorum
3415 2256 3524 2317 ali-

2024 2369 2150 2431 qua
2181 2358 2328 2412 sunt
2357 2351 2414 2413 ei
2447 2351 2725 2432 propria,
2760 2358 2822 2412 et
2851 2351 3065 2433 aliqua
3092 2354 3516 2435 appropriata.

2026 2450 2282 2532 Propria
2331 2450 2503 2512 enim
2553 2450 2712 2513 Filio
2759 2457 2928 2523 sunt,
2977 2451 3288 2532 sapientia
3333 2470 3524 2533 gene-

2027 2557 2178 2623 rata,
2239 2568 2340 2611 ars
2395 2549 2632 2629 genita,
2699 2548 2988 2621 verbum,
3051 2549 3258 2630 imago
3311 2568 3324 2611 ε
3378 2570 3522 2632 quae

2024 2647 2239 2710 omnia
2294 2647 2698 2728 accipiuntur
2756 2646 2820 2707 in
2891 2645 3016 2709 Deo
3077 2648 3514 2728 personaliter.

2026 2745 2182 2806 Dum
2243 2752 2455 2807 autem
2512 2746 2745 2807 dicitur
2819 2744 3094 2806 Verbum
3153 2764 3265 2807 seu
3325 2746 3518 2810 Filius

2030 2844 2133 2905 Dei
2175 2862 2312 2905 esse
2350 2843 2659 2925 sapientia
2697 2843 2892 2905 Patris
2932 2850 2994 2905 et
3023 2844 3350 2925 exemplar
3389 2863 3521 2908 cre-
3551 2864 3810 2915 woman.

2026 2950 2373 3016 aturarum‚
2398 2960 2523 3004 non
2557 2951 2652 3003 est
2681 2942 2772 3004 sic
2803 2941 3312 3022 intelligendum,
3338 2945 3521 3025 quasi

398 3038 671 3100 Domini
716 3038 914 3101 nostri
950 3037 1099 3100 Jesu
1142 3038 1394 3112 Christi,
1430 3056 1506 3099 ex
1543 3057 1672 3120 quo
1712 3039 1920 3102 omnis
1958 3040 2001 3102 G
2032 3040 2208 3103 Pater
2231 3059 2368 3103 non
2415 3040 2497 3101 sit
2536 3040 2600 3102 in
2645 3058 2714 3102 se
2751 3047 2814 3102 et
2851 3058 2966 3122 per
3005 3058 3073 3102 se
3112 3041 3387 3122 sapienS‚
3431 3062 3526 3103 sa-

394 3136 767 3219 paternitas
811 3138 875 3198 in
920 3136 1083 3201 coelo
1119 3144 1182 3198 et
1224 3137 1287 3198 in
1335 3145 1499 3199 terra
1538 3138 1918 3200 nominatur.

495 3234 826 3309 Praeterea,
858 3236 1065 3299 activa
1100 3236 1425 3316 generatio
1458 3236 1666 3311 Verbi,
1701 3246 1798 3299 est
1826 3236 1923 3319 ip—

390 3352 483 3395 sa
532 3333 885 3396 intellectio
935 3334 1129 3396 Patris
1186 3334 1590 3397 notionaliter
1640 3343 1915 3418 sumpta,

388 3451 563 3514 quae
612 3432 987 3494 terminatur
1034 3434 1111 3494 ad
1162 3432 1349 3495 Verbi
1409 3435 1913 3515 productionem,

390 3548 529 3593 seu
570 3532 649 3592 ad
684 3531 897 3613 ipsum
932 3532 1199 3594 verbum
1239 3532 1413 3593 intus
1453 3533 1770 3613 prolatum
1806 3552 1819 3597 :
1857 3543 1918 3596 et

388 3630 723 3713 quoniam
762 3629 943 3691 Pater
982 3648 1109 3693 uno
1146 3629 1627 3711 simplicissimo
1663 3638 1806 3693 actu
1848 3650 1917 3695 se

390 3731 635 3811 ipsum
674 3737 735 3790 et
774 3737 1003 3790 cuncta
1046 3727 1366 3808 intelligit,
1401 3728 1541 3791 ideo
1588 3730 1776 3793 unico
1816 3750 1919 3793 ac—

386 3836 481 3890 tu
536 3826 929 3890 intellectivo
978 3846 1090 3889 seu
1142 3846 1267 3889 una
1323 3827 1662 3902 locutione,
1712 3829 1918 3910 gignit

387 3945 485 3989 ac
518 3926 765 4007 profert
793 3926 1332 4008 perfectissimum
1366 3927 1655 4001 verbum,
1691 3927 1755 3989 in
1788 3947 1917 4010 quo

390 4026 719 4087 universa
776 4026 1204 4107 resplendent,
1268 4033 1801 4106 repraesentantur
1856 4036 1919 4089 et

385 4124 845 4193 continentur,
878 4142 1022 4205 quae
1058 4143 1095 4185 a
1122 4123 1301 4185 Patre
1340 4132 1712 4198 noscuntur,
1748 4134 1811 4187 et
1850 4126 1913 4187 in

380 4222 553 4303 ejus
596 4222 907 4303 sapientia
942 4220 1333 4296 elucescunt,
1368 4222 1616 4302 fulgent
1654 4242 1727 4285 ac
1770 4232 1915 4287 con'-
1947 4231 1994 4292 D
2024 4223 2220 4304 tiquis
2243 4230 2582 4304 antequam
2612 4229 2777 4283 terra
2805 4219 3005 4282 fieret.
3021 4218 3308 4283 Nondum
3341 4229 3521 4283 erant

380 4320 795 4403 spiciuntur.
839 4319 999 4381 lllud
1049 4337 1198 4399 ergo
1251 4320 1507 4382 unicum
1561 4327 1623 4382 et
1670 4322 1913 4403 simpli-

380 4419 742 4484 cissimum
794 4418 1084 4492 verbum,
1132 4426 1228 4479 est
1276 4418 1578 4499 perfecta,
1632 4420 1911 4501 itemque

384 4518 717 4583 naturalis
768 4516 975 4598 imago
1022 4516 1241 4592 Patris,
1285 4525 1347 4579 et
1392 4518 1715 4580 character
1764 4519 1912 4581 sub-

380 4618 657 4684 stantiae
713 4617 877 4698 ejuS,
930 4623 1235 4697 tanquam
1294 4617 1372 4678 ad
1422 4617 1907 4679 similitudinem

380 4718 549 4799 ejus
611 4716 1014 4798 productum,
1068 4732 1349 4795 eumque
1401 4714 1769 4796 plenissime
1818 4734 1913 4778 re-

382 4822 823 4901 praesentans.
859 4812 965 4876 Est
994 4830 1253 4895 quoque
1284 4814 1628 4895 exemplar,
1664 4814 1910 4896 species

378 4935 473 4979 ae
528 4913 691 4976 ratio
747 4912 1036 4975 omnium
1097 4919 1552 4983 creaturarum,
1604 4913 1909 4995 quoniam

378 5030 629 5081 omnes
680 5011 968 5072 relucent
1014 5011 1080 5072 in
1129 5009 1357 5085 Vcrh0,
1409 5019 1601 5092 atque
1646 5013 1724 5073 ad
1771 5013 1909 5093 ejus

380 5110 830 5177 imitationem
876 5110 1200 5191 productae
1243 5116 1410 5170 sunt.

480 5209 803 5284 Quoniam
849 5226 998 5289 ergo
1044 5216 1171 5271 tota
1223 5206 1527 5289 perfectio
1575 5216 1638 5270 et
1686 5218 1911 5273 natura

382 5307 608 5375 Patris
649 5305 933 5390 perfecte
970 5306 1211 5369 relucet
1245 5306 1310 5368 in
1350 5305 1527 5381 Filio,
1561 5308 1733 5388 quod
1773 5324 1912 5371 esse

2033 3139 2272 3220 pientia
2317 3138 2618 3220 ingenita,
2670 3157 2814 3220 quae
2861 3146 2956 3201 est
3004 3138 3274 3221 ipsemet
3321 3138 3520 3215 Pater,

2028 3245 2218 3318 atque
2265 3237 2610 3319 exemplar,
2654 3237 2898 3319 species
2946 3255 3020 3299 ac
3063 3238 3223 3301 ratio
3273 3238 3526 3301 univer-

2030 3354 2266 3398 sorum.
2299 3335 2578 3418 Alioqui,
2621 3336 2940 3417 quomodo
2982 3334 3335 3417 sapientem
3379 3336 3526 3398 Fili-

2031 3453 2136 3495 um
2165 3438 2568 3515 generasset?
2599 3434 2822 3496 Nullus
2853 3434 3025 3495 enim
3055 3433 3236 3495 alteri
3278 3434 3524 3497 confert

2026 3534 2198 3615 quod
2241 3534 2380 3615 ipse
2423 3552 2550 3595 non
2593 3533 2805 3594 habet.

2105 3632 2190 3694 De
2237 3632 2355 3694 hac
2411 3638 2664 3705 interna,
2716 3630 2932 3693 divina
2989 3638 3054 3691 et
3109 3630 3519 3692 inenarrabili

2026 3730 2212 3792 Verbi
2239 3729 2646 3810 generatione
2675 3729 2944 3790 habetur
2974 3728 3040 3790 in
3076 3726 3323 3791 Psalmo
3358 3747 3372 3791 ε
3409 3727 3522 3790 Do-
3585 3749 3778 3799 Pam-1.

2027 3830 2237 3891 minus
2269 3828 2428 3890 dixit
2457 3828 2535 3889 ad
2566 3844 2668 3887 me
2703 3846 2716 3888 :
2750 3826 2946 3887 Filius
2980 3843 3160 3888 meus
3187 3844 3258 3899 es
3289 3833 3380 3899 tu,
3403 3844 3520 3907 ego

2025 3928 2212 3990 hodie
2258 3926 2450 4008 genui
2492 3933 2572 3987 te.
2619 3924 2692 3985 Et
2729 3925 2938 3987 denuo
2973 3942 2986 3987 :
3022 3923 3111 3985 Ex
3156 3931 3335 3987 utero
3373 3934 3519 3986 ante
3563 3943 3797 3996 amna.

2025 4025 2363 4088 luciferum
2421 4024 2616 4105 genui
2679 4031 2759 4085 te.
2821 4022 2889 4084 In
2947 4021 3305 4085 Proverbiis
3362 4041 3521 4104 quo-

2024 4144 2152 4206 que
2186 4144 2198 4187 ε
2234 4126 2327 4187 Ab
2367 4131 2604 4186 aeterno
2653 4122 2940 4185 ordinata
2989 4140 3156 4196 sum,
3187 4130 3250 4183 et
3286 4140 3362 4184 ex
3411 4141 3519 4185 an·
3548 4140 3823 4247 affinga„

2023 4322 2255 4404 abyssi,
2307 4330 2367 4383 et
2414 4339 2531 4402 ego
2576 4319 2705 4401 jam
2756 4326 3059 4400 concepta
3107 4337 3322 4401 eram3
3375 4328 3520 4383 ante

2024 4421 2215 4483 colles
2258 4438 2374 4500 ego
2424 4417 2846 4501 parturiebar.
2899 4416 3158 4489 Quando
3207 4437 3522 4500 praepara-

2023 4520 2130 4581 bat
2187 4518 2400 4592 coeIOS,
2453 4519 2728 4580 aderam.
2783 4517 3069 4597 Itemque
3127 4514 3520 4579 Ecclesiasti-

2024 4637 2133 4679 cus
2184 4636 2196 4679 :
2253 4615 2377 4697 Ego
2425 4635 2502 4679 ex
2551 4634 2659 4679 ore
2705 4614 3014 4677 Altissimi
3067 4614 3340 4695 prodivi,
3394 4616 3518 4695 pri·
3544 4631 3686 4676 Εοειῑ.
3703 4646 3812 4686 xm,

2023 4716 2340 4797 mogenita
2398 4722 2544 4777 ante
2608 4732 2862 4777 omnem
2923 4720 3296 4775 creaturam.
3360 4712 3517 4776 Hinc
3545 4696 3588 4737 ⁵·

2021 4816 2212 4877 etiam
2251 4814 2560 4895 scriptum
2601 4820 2696 4875 est
2729 4831 2742 4874 ε
2781 4812 3080 4893 Egressus
3110 4811 3251 4891 ejus
3281 4830 3318 4873 a
3347 4812 3519 4893 prin·
3546 4826 3750 4879 Micam,
3769 4830 3809 4871 ε.

2022 4916 2210 4996 cipio,
2237 4932 2274 4975 a
2303 4913 2528 4975 diebus
2559 4912 2939 4975 aeternitatis
2965 4910 3319 4983 Enimvero,
3345 4912 3516 4992 quod

2022 5014 2182 5075 Deus
2241 5010 2591 5076 ineffabilis
2649 5010 2878 5072 habeat
2933 5009 3165 5071 Filium
3223 5007 3518 5072 ineffabi-

2022 5112 2169 5187 lem,
2202 5121 2266 5173 et
2296 5130 2408 5193 per
2447 5127 2842 5191 consequens
2873 5108 2996 5170 sibi
3028 5108 3358 5189 aequalem‚
3392 5107 3518 5170 cla-

2020 5211 2271 5273 rissime
2321 5209 2660 5273 innotescit
2715 5226 2793 5269 ex
2840 5207 2960 5270 hoc
3017 5206 3189 5288 quod
3237 5206 3301 5266 in
3350 5206 3514 5270 libro
3559 5263 3789 5307 amam

2019 5310 2504 5373 Proverhiorum
2534 5307 2764 5388 legitur
2798 5324 2812 5369 :
2845 5304 2995 5378 Quis
3027 5303 3359 5368 suscitavit
3383 5322 3518 5368 om·
3543 5328 3584 5371 4.
3794 5296 3807 5317 '
