4300 6259
1116 477 1464 525 mutuno
1507 475 1571 522 m
1613 474 1751 522 GAP.
1797 475 1906 522 xlx
1946 473 2134 522 Lucffi.
2179 493 2260 505 —
2302 474 2443 520 ΛΒΤ.
2488 473 2611 520 xm

3177 519 3189 532 ‚
3292 456 3403 522 161

314 667 442 711 mea
473 668 727 713 mecum
757 657 874 726 est,
894 652 1042 712 dare
1074 649 1424 731 unicuique
1454 649 1805 712 secundum
1835 645 1886 707 A
1916 645 2122 722 Porro,
2141 648 2493 710 secundum
2524 645 2823 721 Glossam,
2847 664 2997 709 mna
3024 646 3243 710 decem
3274 646 3409 708 dra-

311 766 494 829 opera
535 768 674 811 sua.

383 845 590 909 Potest
625 853 838 908 autem
877 854 940 910 et
977 845 1064 908 ita
1105 845 1340 928 exponi
1376 864 1390 908 z
1427 849 1630 908 Homo
1661 847 1804 925 qui-

313 947 456 1006 dam
515 947 754 1006 nobilis
810 947 976 1006 abiit
1034 946 1110 1004 in
1159 947 1486 1023 regionem
1544 946 1801 1020 lonqin—

309 1064 522 1123 quam,
551 1043 674 1106 hoc
715 1051 831 1118 est,
875 1045 952 1106 de
1002 1062 1255 1106 summo
1305 1042 1464 1107 coelo
1508 1041 1684 1106 venit
1732 1042 1799 1103 in

308 1140 468 1203 hune
499 1143 814 1204 mundum
845 1140 1238 1216 inferiorem,
1262 1140 1799 1222 quemadmodum

80 1257 280 1306 rmum.
308 1239 610 1321 scriptum
667 1247 766 1301 est
817 1257 832 1302 :
883 1239 935 1300 A
993 1257 1247 1301 summo
1303 1239 1465 1302 coelo
1521 1237 1800 1318 egressio

306 1337 458 1418 ejus.
512 1337 776 1420 Propter
824 1337 998 1418 quod
1053 1335 1339 1399 Christus
1396 1337 1565 1418 apud
1618 1335 1802 1398 Joan-

271 1455 446 1504 ,nem
496 1437 784 1518 loquitur
821 1437 900 1498 de
939 1453 1008 1498 se
1045 1436 1186 1520 ipso
1221 1453 1234 1497 x
1275 1433 1472 1498 Nemo
1513 1433 1800 1496 ascendit

309 1534 369 1597 in
426 1534 685 1610 coelum,
738 1534 863 1596 nisi
924 1533 1038 1615 qui
1088 1532 1420 1596 descendit
1476 1532 1553 1593 de
1610 1531 1794 1606 coelo,

307 1631 494 1694 Filius
538 1633 820 1696 hominis
859 1632 974 1714 qui
1017 1639 1114 1695 est
1155 1631 1221 1693 in
1265 1631 1450 1694 coelo.
1492 1631 1798 1708 Accipere

305 1732 425 1791 sibi
467 1750 772 1809 requam,
819 1731 942 1795 hoc
993 1737 1110 1805 est,
1163 1748 1240 1792 ex
1295 1729 1513 1792 electis
1565 1727 1795 1791 Judaeis

95 1453 214 1498 loom
231 1467 265 1496 ιιι

77 1521 125 1560 13.

1914 745 2132 807 elimas
2174 746 2482 829 appendit
2522 763 2634 808 seu
2678 746 2865 810 valet.

1992 846 2080 905 Et
2118 847 2217 905 ait
2255 848 2343 906 ad
2380 848 2525 906 illos
2556 866 2579 905 .·
2613 845 3060 922 Neyotiamini
3101 847 3261 905 dum
3308 863 3411 904 ve-

1909 944 2044 1014 nie,
2078 943 2199 1005 hoc
2229 950 2344 1018 est,
2381 941 2714 1005 beneficiis
2745 942 3056 1023 donisque
3087 941 3195 1003 Dei
3227 941 3407 1005 vobis

1912 1041 2230 1104 concessis
2270 1040 2595 1104 fructuose
2637 1040 2925 1115 utamini,
2961 1041 3301 1102 crescendo
3340 1040 3407 1101 in

1911 1138 2024 1213 eiS,
2077 1147 2141 1201 et
2188 1139 2674 1222 multiplicando
2722 1157 2796 1201 ea
2844 1157 2959 1220 per
3002 1156 3197 1221 opera
3242 1137 3409 1203 bona

1911 1255 2021 1300 seu
2064 1238 2308 1312 merita,
2345 1237 2565 1319 sicque
2605 1255 2719 1319 per
2752 1236 2920 1300 bona
2958 1235 3103 1300 vitae
3144 1253 3408 1318 praesen-

1910 1335 1991 1398 tis
2021 1337 2361 1398 mercando
2399 1335 2566 1398 bona
2600 1334 2820 1416 gloriae
2850 1335 2995 1396 vitae
3032 1332 3263 1395 futurae
3296 1351 3309 1396 :
3344 1339 3407 1395 et

1909 1435 2050 1510 hoc,
2087 1453 2202 1517 per
2238 1442 2439 1508 totum
2477 1441 2732 1516 tempus
2772 1432 2918 1496 vitae
2960 1431 3166 1507 istiuS,
3204 1449 3407 1513 usque

1907 1533 1985 1594 ad
2035 1532 2238 1596 finem
2285 1532 2524 1608 saeculi,
2572 1531 2639 1594 in
2687 1549 2815 1613 quo
2865 1533 2942 1594 ad
2988 1529 3405 1611 judicandum

1910 1631 2152 1695 redibo.
2186 1631 2446 1694 Interim
2486 1647 2768 1711 namque
2797 1637 2892 1692 est
2922 1636 3119 1692 status
3158 1646 3409 1690 meren-

1908 1731 1971 1793 di
2017 1750 2090 1794 ac
2137 1729 2527 1793 demerendi.
2571 1728 2715 1792 Haec
2765 1735 2859 1790 est
2898 1727 3236 1809 negotiatio
3280 1727 3410 1810 spi-

307 1835 364 1889 et
404 1829 754 1910 gentilibus
811 1829 1110 1910 colligere
1158 1827 1283 1890 sibi
1337 1828 1673 1910 populum,
1728 1826 1794 1887 in
1832 1831 1879 1894 B
1912 1830 2155 1893 ritualis
2212 1848 2286 1892 ac
2342 1828 2529 1902 bona,
2590 1847 2719 1910 qua
2774 1845 3043 1908 regnum
3100 1827 3406 1890 coelorum

307 1943 428 2007 quo
473 1934 768 2008 regnaret
812 1945 926 2010 per
968 1926 1258 2008 gratiam.
1291 1925 1468 1988 Unde
1517 1925 1584 1987 in
1631 1923 1798 1986 Psal-

169 2055 204 2092 ιι,
245 2073 258 2086 .
307 2043 406 2088 mo
451 2025 632 2088 Pater
677 2026 965 2108 loquitur
1011 2024 1172 2087 Filio
1219 2043 1233 2087 :
1285 2023 1536 2088 Postula
1581 2043 1618 2086 a
1665 2041 1790 2098 me,

307 2133 366 2186 et
391 2124 554 2189 dabo
586 2124 706 2186 tibi
732 2132 952 2205 gentes
994 2123 1408 2185 hereditatem
1450 2129 1642 2196 tuam,
1670 2128 1790 2184 etc.

305 2221 414 2284 Per
460 2222 828 2286 Zachariam
884 2239 1146 2304 quoque
1203 2221 1280 2283 de
1339 2220 1585 2284 Christo
1638 2239 1796 2302 prae—

99 2335 276 2388 laem,
307 2320 540 2383 dictum
584 2329 683 2383 est
725 2339 739 2383 :
786 2319 1062 2384 Potestas
1111 2319 1252 2400 ejus
1298 2337 1335 2380 a
1382 2318 1540 2381 mari
1591 2335 1794 2399 usque

305 2421 379 2482 ad
425 2437 624 2495 mare,
670 2427 732 2481 et
773 2438 810 2480 a
851 2416 1238 2481 fluminibus
1289 2434 1492 2498 usque
1541 2417 1620 2478 ad
1666 2423 1794 2478 ter-

307 2517 507 2582 minos
556 2525 764 2581 terrae.
814 2521 897 2580 Et
946 2518 1185 2577 reverti
1233 2515 1298 2577 in
1355 2514 1490 2576 fine
1544 2513 1792 2589 mundi,

307 2617 402 2678 vel
461 2617 654 2699 paulo
711 2623 879 2690 ante,
932 2615 1189 2696 quando
1237 2631 1353 2696 per
1400 2613 1540 2694 ejus
1598 2613 1800 2675 virtu-

304 2721 429 2776 tem
467 2723 532 2777 et
567 2714 838 2796 gratiam
878 2712 1076 2776 Judaei
1113 2711 1495 2793 generaliter
1535 2729 1798 2773 conver—

307 2821 515 2876 tentur
551 2814 631 2875 ad
669 2812 868 2876 fidem
911 2829 1026 2894 per
1068 2810 1580 2894 praedicationem
1621 2809 1792 2885 Eliae,

69 2923 278 2979 ιιιιωιιη,
306 2917 372 2971 ut
413 2910 479 2972 in
520 2909 825 2973 Malachia
871 2909 1125 2990 legitur.
1170 2908 1254 2970 De
1295 2927 1424 2989 quo
1467 2914 1530 2970 et
1567 2906 1796 2970 Paulus

87 3017 200 3095 ’Μ’
223 3067 276 3105 n,
304 3008 377 3070 ad
435 3009 748 3074 Romanos
800 3015 1066 3070 testatur
1119 3025 1133 3070 :

69 3111 172 3162 Μ
307 3106 568 3188 contigit
615 3105 682 3167 in
733 3105 947 3180 lsrael,
998 3106 1200 3168 donec
1257 3103 1592 3189 plenitudo
1645 3122 1799 3185 gen-

305 3204 463 3268 tium
513 3205 802 3279 intraret,
850 3210 914 3267 et
963 3204 1058 3267 sic
1097 3204 1306 3268 omnis
1349 3203 1539 3265 Israel
1585 3203 1798 3266 salvus

305 3303 508 3366 fieret.

131 3403 187 3460 13
398 3404 648 3464 Vocati-s
693 3413 912 3464 autem
957 3405 1172 3463 decem
1218 3401 1420 3462 servis
1465 3401 1630 3470 suis,
1679 3399 1800 3462 hoc

305 3507 397 3561 est
443 3499 695 3563 cunctis
742 3500 1150 3563 credentibus
1195 3518 1208 3563 :
1252 3498 1366 3580 qui
1417 3515 1532 3580 per
1580 3499 1799 3560 decem

304 3597 658 3680 signantur,
722 3605 982 3682 propter
1048 3597 1334 3680 Decalogi
1397 3596 1800 3679 adimpletio-

305 3713 470 3772 nem,
517 3713 636 3778 per
682 3714 874 3777 quam
925 3695 1102 3777 digni
1145 3703 1292 3758 sunt
1333 3695 1500 3758 servi
1543 3694 1652 3757 Dei
1694 3713 1804 3758 vo-

305 3795 472 3876 cari3
515 3795 644 3870 vel,
676 3795 829 3876 quia
866 3794 1163 3858 denarius
1203 3801 1301 3856 est
1331 3794 1576 3876 primus
1617 3794 1800 3856 limes

305 3910 745 3968 numerorum,
805 3900 1274 3974 sequentesque
1338 3892 1590 3954 numeri
1654 3899 1804 3953 sunt

304 3989 754 4071 replicationes
793 3989 1019 4072 ipsius,
1055 4008 1129 4052 ae
1167 3990 1447 4071 partium
1497 3989 1659 4070 ejus.
1692 3989 1805 4053 Po-

301 4095 423 4150 test
473 4105 738 4170 quoque
799 4105 912 4170 per
963 4105 1180 4152 servos
1233 4087 1386 4152 istos
1443 4088 1804 4170 specialiter

1909 1929 2142 1991 emitur
2173 1934 2563 2011 paupertate,
2598 1926 2781 2008 quies
2812 1933 3045 1988 aeterna
3072 1924 3407 2006 temporali

1908 2026 2144 2100 labore,
2181 2027 2384 2090 honor
2422 2033 2486 2088 et
2529 2024 2835 2106 gaudium
2878 2022 3055 2104 regni
3105 2023 3403 2098 coelestiS,

1909 2124 2281 2188 confusione
2329 2131 2390 2186 et
2440 2123 2656 2187 dolore
2704 2122 3014 2186 incolatus
3064 2121 3402 2184 terrestriS.

1908 2222 2067 2286 Hinc
2106 2224 2275 2305 apud
2312 2221 2670 2284 Matthaeum
2708 2221 2796 2282 ait
2826 2218 3107 2283 Salvator
3139 2239 3153 2282 :
3188 2217 3407 2283 Simile
3435 2243 3698 2297 Mamm,

1908 2330 2003 2384 est
2046 2339 2314 2402 regnum
2364 2320 2671 2385 coelorum
2716 2318 2961 2382 homini
3010 2318 3402 2400 negotiatori.
3435 2309 3505 2352 ⁴⁵·

1908 2419 2016 2482 Est
2051 2428 2265 2482 autem
2296 2427 2360 2482 et
2396 2418 2739 2499 negotiatio
2780 2417 3122 2493 saeculariS,
3156 2436 3299 2499 quae
3341 2418 3408 2480 in

1908 2519 2046 2582 loco
2089 2537 2267 2582 sacro
2312 2517 2709 2601 prohibetur,
2754 2518 2831 2580 de
2869 2535 2996 2599 qua
3038 2516 3191 2579 dicit
3234 2515 3409 2580 Chri-

1909 2623 2043 2678 stus
2077 2635 2092 2679 :
2125 2615 2332 2680 Nolite
2374 2617 2638 2679 domum
2667 2614 2866 2677 Patris
2896 2614 3023 2676 mei
3063 2613 3270 2677 facere
3300 2615 3409 2678 do-
3474 2637 3638 2682 Joaan.
3658 2651 3704 2691 ιι,

1907 2735 2085 2778 mum
2130 2715 2598 2796 negotiationis,
3439 2704 3506 2745 ¹⁶·

1992 2815 2171 2876 Cives
2204 2823 2421 2874 autem
2458 2813 2621 2890 ejus,
2665 2819 2819 2894 puta
2863 2811 3083 2888 Judaei,
3127 2811 3205 2874 de
3252 2830 3409 2894 quo-
3548 2817 3617 2874 u

1909 2932 2052 2975 rum
2109 2920 2279 2975 terra
2325 2919 2388 2973 et
2444 2911 2682 2994 populo
2742 2913 3093 2974 seeundum
3152 2929 3407 2974 carnem

1188 3006 1444 3070 Caecitas
1493 3024 1570 3069 ex
1621 3013 1798 3088 parte
1835 3015 1880 3080 C
1911 3019 2092 3074 natus
2142 3018 2239 3073 est
2287 3009 2594 3084 ChristuS,
2633 3011 2903 3071 oderant
2942 3029 3109 3071 eum.
3143 3009 3297 3073 Nam
3345 3017 3410 3072 et

1908 3110 2143 3173 Pilatus
2182 3109 2371 3172 scivit
2399 3108 2569 3191 quod
2612 3125 2729 3190 per
2771 3107 3077 3170 invidiam
3117 3109 3409 3171 tradidis—
3486 3129 3659 3175 uacca.

1910 3216 2051 3270 sent
2093 3226 2264 3270 eum.
2300 3207 2374 3269 Et
2411 3207 2583 3289 apud
2619 3206 2923 3269 Joannem
2973 3207 3201 3269 asserit
3235 3207 3407 3271 Chri·
3435 3197 3648 3247 ¹¹'¹¹¹¹⁸·

1911 3314 2044 3368 stus
2090 3325 2103 3368 :
2147 3305 2302 3368 Odio
2350 3304 2711 3367 habuerunt
2754 3321 2857 3366 me
2894 3303 3111 3384 gratis.
3143 3304 3295 3380 Imo,
3338 3306 3405 3368 in
3452 3327 3704 3380 Joanmv.

1909 3411 2157 3467 tantum
2199 3404 2460 3467 oderant
2498 3421 2668 3477 eum,
2703 3403 2873 3483 quod
2912 3401 3124 3482 gravis
3163 3401 3286 3466 fuit
3315 3403 3405 3465 eis
3435 3392 3601 3509 ²24¹,AE
3631 3456 3698 3497 ¹5·

1910 3503 1987 3566 ad
2031 3502 2399 3565 videndum.
2444 3499 2637 3580 Cujus
2682 3518 2869 3562 causa
2909 3500 2977 3562 in
3021 3499 3187 3564 libro
3233 3499 3409 3584 Sapi-
3604 3485 3615 3508 ⁸

1910 3600 2098 3663 entiae
2146 3598 2497 3662 clarissime
2552 3597 2856 3679 aperitur,
2912 3597 3022 3659 ubi
3071 3598 3138 3660 in
3186 3616 3403 3662 eorum

1913 3715 2182 3781 persona
2223 3696 2526 3759 asseritur
2558 3715 2572 3758 :
2609 3695 2933 3777 Tanquam
2978 3715 3250 3777 nugaces
3296 3717 3409 3760 aes-
3434 3711 3701 3767 lamus,

1911 3797 2114 3859 timati
2147 3815 2369 3859 sumus
2399 3794 2478 3856 ab
2508 3794 2642 3868 illo,
2676 3801 2738 3855 et
2768 3793 3157 3878 improperat
3196 3796 3260 3858 in
3292 3815 3405 3860 nos
3437 3777 3504 3828 ¹⁰⁹
3525 3778 3595 3820 ¹⁵·

1913 3903 2171 3976 peccata
2198 3893 2397 3974 legis3
2439 3900 2501 3954 et
2533 3891 2808 3955 abstinet
2849 3911 2917 3954 se
2948 3912 2985 3954 a
3014 3893 3135 3957 viis
3176 3895 3406 3958 nostris

1911 4000 2215 4074 tanquam
2244 3990 2324 4053 ab
2358 3990 2811 4066 immunditiiS,
2844 3999 2908 4052 et
2944 3991 3274 4056 dissimilis
3313 4001 3408 4056 est

1911 4091 2053 4153 aliis
2094 4091 2227 4154 vita
2264 4089 2461 4152 illius.
2495 4088 2965 4171 impletumque
3008 4089 3132 4183 fuit
3174 4091 3241 4154 in
3288 4091 3403 4168 eiS,

301 4187 506 4270 accipi
537 4188 694 4251 ordo
725 4187 1150 4268 praelatorum,
1186 4185 1691 4269 praedicatorum,
1725 4187 1805 4250 si·
1833 4193 1884 4256 D
1913 4189 2084 4272 quod
2113 4189 2181 4250 in
2212 4186 2569 4251 Proverbiis
2599 4185 2949 4251 Salomonis
2981 4189 3211 4270 legitur
3236 4208 3249 4252 :
3272 4189 3406 4254 Non
3479 4206 3699 4260 Promv,

304 4303 378 4348 ve
417 4287 778 4350 doctorum.
810 4287 1006 4347 Dedit
1033 4286 1172 4345 illis
1203 4287 1415 4346 decem
1445 4306 1652 4355 mnas,
1683 4286 1805 4350 hoc

302 4392 395 4446 est
432 4385 616 4448 varia
656 4384 822 4447 dona
857 4390 987 4445 tam
1024 4383 1241 4464 gratiae
1276 4390 1528 4464 gratum
1569 4383 1807 4447 facien-

301 4481 402 4558 tis,
434 4501 640 4565 quam
665 4481 884 4563 gratiae
909 4481 1104 4562 gratis
1135 4482 1323 4563 dataeg
1358 4499 1475 4545 nec
1505 4482 1804 4546 omnibus

302 4599 480 4662 aeque
531 4580 836 4654 multum,
887 4580 998 4641 sed
1053 4579 1404 4661 unicuique
1451 4580 1803 4643 secundum

305 4677 505 4760 ipsius
537 4679 867 4754 virtutem,
903 4696 1016 4739 seu
1056 4678 1489 4759 capacitatem.
1524 4678 1682 4741 Hinc
1718 4679 1807 4741 ait

69 4783 275 4889 sigona,
299 4776 645 4860 Apostolus
679 4795 694 4840 ε
729 4777 854 4838 Alii
897 4793 1012 4858 per
1041 4773 1352 4858 Spiritum
1382 4777 1567 4838 datur
1597 4795 1806 4840 sermo

139 4882 150 4892 ·
303 4877 652 4958 sapientiae,
696 4875 806 4938 alii
855 4893 1064 4938 sermo
1108 4874 1410 4951 scientiae,
1451 4875 1560 4937 alii
1606 4876 1808 4956 gratia

303 4976 670 5050 sanitatum,
693 4974 803 5036 alii
837 4973 1122 5055 operatio
1153 4974 1476 5053 virtutum,
1493 4974 1601 5036 alii
1627 4993 1810 5057 gene-

305 5092 370 5134 ra
399 5073 792 5155 linguarum,
823 5071 934 5134 alii
965 5071 1263 5135 discretio
1298 5071 1664 5154 spirituum,
1697 5074 1806 5137 alii

69 5177 279 5236 numa.
304 5171 748 5256 interpretatio
795 5189 1205 5252 sermonum3
1258 5170 1562 5252 itemque,
1607 5171 1809 5236 Unus-

305 5270 586 5353 quisque
635 5268 972 5353 proprium
1026 5270 1266 5334 donum
1323 5268 1516 5333 habet
1568 5289 1605 5332 a
1655 5270 1803 5336 Deo.

554 5401 622 5454 T.
659 5402 739 5454 12.

1912 4294 2083 4351 amat
2123 4286 2428 4369 pestilens
2468 4303 2613 4348 eum
2657 4286 2769 4367 qui
2816 4304 2883 4349 se
2924 4287 3206 4369 corripit.
3250 4287 3412 4361 Quo-
3438 4271 3505 4313 ¹²·

1913 4404 2056 4448 rum
2088 4384 2567 4467 perversitatem
2607 4402 2779 4446 nunc
2809 4385 2995 4447 multi
3026 4395 3402 4467 sequuntur,

1914 4484 2027 4567 qui
2064 4482 2144 4545 ab
2181 4483 2538 4545 animarum
2579 4501 2837 4544 suarum
2880 4492 3189 4566 respuunt
3230 4503 3411 4547 cura-

1914 4583 1969 4644 ri
2020 4581 2415 4655 vulneribuS‚
2467 4587 2532 4642 et
2588 4581 3023 4643 indesinenter
3073 4582 3410 4646 vulnerant

1916 4679 2313 4761 semetipsos.
2352 4680 2439 4739 Ec
2482 4680 2798 4740 miserunt
2850 4682 3226 4758 leyationem
3262 4692 3410 4761 post

1916 4780 2110 4840 illum
2139 4799 2163 4838 .·
2195 4778 2315 4840 hoc
2356 4783 2473 4852 est,
2517 4785 2659 4859 post
2701 4776 2931 4840 Christi
2973 4779 3407 4842 ascensionem

1918 4876 2123 4940 conati
2164 4881 2315 4937 sunt
2353 4875 2781 4954 evangelicam
2821 4874 3018 4937 fidem
3060 4895 3134 4939 ac
3174 4876 3406 4959 legem,

1919 4991 2314 5057 regnumque
2344 4971 2576 5035 Christi
2616 4973 2684 5035 in
2721 4981 2891 5036 terra
2925 4974 3272 5037 destruere.
3315 4977 3409 5041 Ad

1916 5075 2087 5156 quod
2115 5071 2479 5136 faciendum
2520 5071 2826 5153 quosdam
2857 5072 3009 5136 hinc
3044 5073 3191 5136 inde
3218 5075 3412 5138 mise-

1916 5181 2068 5235 runt
2115 5190 2129 5234 :
2182 5187 2457 5253 quorum
2506 5170 2584 5232 ad
2630 5177 2883 5253 tempus
2946 5189 3111 5234 unus
3168 5174 3411 5237 exstitit

1916 5271 2167 5346 PauluS,
2200 5268 2514 5332 transiens
2550 5270 2630 5332 ad
2669 5268 3037 5332 Damascum
3075 5272 3154 5333 ad
3193 5289 3411 5355 perse-
3436 5296 3699 5349 Aeauma.

3093 5402 3156 5455 11
