4300 6259
131 2457 186 2512 41

109 3753 254 3798 Mateta.

69 3819 286 3864 :fluv-³9.

1083 517 1437 566 mannum
1480 517 1544 564 ΙΝ
1585 518 1725 564 cAP.
1770 517 1903 564 1111
1944 517 2134 564 LUCAE.
2179 537 2261 548 —
2301 518 2444 564 Am.
2489 518 2676 565 XLVIII

3306 495 3429 561 219

311 693 436 760 cat,
491 688 572 749 ad
630 707 1014 752 eonsensum
1066 690 1168 753 vel
1227 708 1390 772 opus
1449 707 1562 752 seu
1621 688 1817 751 debiti
1848 687 1901 748 A
1931 707 2062 750 ram
2116 689 2483 764 humanam,
2526 697 2679 753 tunc
2729 688 3081 762 mortalem,
3128 693 3191 750 et
3238 685 3429 769 paulo

309 786 531 866 operis
581 787 993 852 omissionem
1047 807 1158 852 vos
1209 788 1654 871 pertrahendo.
1705 787 1823 849 lni-

313 883 482 945 tium
521 885 769 967 quippe
807 886 1174 948 tentationis
1205 894 1301 948 est
1339 887 1658 966 suggestio
1689 886 1822 948 cul-

313 1000 434 1062 pae,
485 984 772 1045 medium
821 985 962 1064 ejus
1002 992 1098 1047 est
1147 1003 1494 1048 consensus
1545 985 1610 1046 in
1655 985 1824 1046 dele-

309 1081 658 1144 ctationem
686 1084 764 1145 ad
802 1101 988 1165 opuS‚
1023 1083 1487 1146 consummatio
1525 1091 1622 1144 est
1660 1102 1822 1165 opus

310 1179 640 1260 iniquum,
683 1191 794 1244 aut
839 1182 1038 1244 debiti
1086 1190 1264 1244 actus
1315 1183 1598 1245 omissio.
1642 1181 1826 1244 Deni-

307 1295 441 1358 que
481 1279 684 1343 oratio
715 1289 812 1342 est
847 1279 1238 1344 fortissimus
1278 1289 1497 1344 contra
1537 1281 1826 1344 tentatio-

309 1395 462 1437 nem
525 1377 788 1460 clypeus
837 1384 900 1440 et
948 1386 1287 1464 protector,
1340 1398 1544 1460 quum
1601 1378 1821 1452 oratio,

310 1475 669 1538 secundum
703 1476 1176 1550 Damascenum,
1207 1477 1290 1539 sit
1317 1495 1618 1540 ascensus
1649 1495 1828 1539 men-

309 1573 394 1634 tis
457 1574 524 1635 in
586 1573 786 1636 Deum
839 1594 853 1638 ε
909 1575 1132 1657 sicque
1193 1583 1470 1638 mentem
1529 1576 1734 1638 elevat
1789 1595 1826 1637 a

311 1672 612 1746 terreniS,
659 1672 912 1755 Deoque
959 1674 1312 1755 conjungit,
1357 1683 1419 1737 et
1457 1673 1598 1754 ejus
1637 1693 1822 1756 opem

313 1779 624 1834 meretur.
658 1770 976 1834 Orandum
1019 1781 1116 1835 est
1155 1781 1367 1835 autem
1413 1772 1820 1848 fiducialiter,

1932 795 2071 869 post
2113 787 2251 849 dire
2296 807 2647 869 passuram.

2012 887 2245 946 Dicens
2274 907 2297 946 .·
2330 890 2549 956 Pater,
2577 889 2637 947 si
2678 889 2799 958 vis,
2840 889 3123 966 transfer
3164 885 3431 945 calicem

1932 986 2131 1044 istum
2171 1006 2209 1044 α
2244 989 2360 1044 rite.
2395 983 2607 1048 Oravit
2640 985 2927 1048 Christus
2969 992 3037 1047 ut
3070 982 3251 1045 Pater
3284 981 3431 1044 cali-

1933 1101 2070 1144 cem
2113 1083 2331 1156 istum,
2366 1083 2427 1144 id
2464 1092 2560 1146 est
2597 1083 3059 1146 amarissimam
3098 1082 3261 1144 hanc
3294 1099 3435 1162 pas-

1935 1183 2202 1256 sionem,
2236 1182 2517 1245 auferret
2559 1203 2597 1245 a
2646 1201 2760 1246 se:
2796 1202 2922 1246 non
2971 1191 3183 1244 autem
3232 1180 3436 1244 oravit

1935 1281 2054 1344 hoc
2097 1282 2381 1344 oratione
2425 1281 2735 1356 absoluta,
2779 1289 2841 1343 et
2888 1281 3239 1343 secundum
3291 1278 3437 1340 rati-

1935 1397 2121 1442 onem
2166 1379 2666 1455 deliberativam,
2702 1387 2809 1442 aut
2853 1379 3245 1442 voluntatem
3288 1376 3439 1439 sim-

1936 1475 2191 1559 pliciter
2252 1478 2481 1539 dictam
2528 1497 2543 1549 ;
2606 1479 2716 1539 sed
2780 1475 3310 1549 conditionaliter,
3376 1483 3439 1537 et

1936 1576 2287 1637 secundum
2320 1575 2669 1637 naturalem
2704 1575 3214 1655 sensitivumque
3244 1591 3437 1655 appe-

1935 1672 2145 1747 titum,
2179 1691 2309 1754 quo
2349 1681 2617 1737 mortem
2652 1681 2776 1735 tam
2809 1673 3150 1736 violentam
3192 1691 3265 1734 ac
3304 1689 3437 1753 poe·

1935 1771 2328 1832 nalissimam
2370 1779 2593 1833 natura
2638 1771 2777 1852 ejus
2828 1771 3169 1833 tenerrima
3218 1769 3438 1831 inferi-

309 1867 586 1942 fervide,
651 1878 714 1933 et
783 1871 1114 1944 instanter,
1181 1888 1293 1933 seu
1361 1871 1820 1933 indesinenter.
1860 1871 1908 1934 B
1935 1889 2006 1932 or
2047 1869 2351 1933 sensitiva
2388 1870 2757 1932 naturaliter
2794 1868 3194 1932 abhorrebat.
3228 1866 3435 1930 Oratio

309 1968 864 2041 Quemadmodum
913 1969 1086 2031 enim
1137 1968 1242 2032 fur
1283 1969 1498 2032 audito
1548 1969 1826 2032 clamore

311 2066 504 2148 fugit,
547 2075 610 2128 et
657 2067 850 2130 amici
897 2075 1090 2150 atque
1131 2067 1324 2130 vicini
1365 2075 1709 2150 properant
1745 2069 1823 2130 ad

311 2183 740 2244 succursum3
792 2165 884 2228 sic
931 2165 1172 2229 clamor
1219 2165 1522 2229 orationis
1574 2165 1826 2228 ferven-

310 2263 392 2324 tis
455 2263 637 2345 fugat
693 2263 1040 2338 diabolum,
1093 2264 1350 2344 angelos
1400 2272 1700 2346 provocat
1745 2266 1821 2327 ad

311 2360 645 2442 juvamen,
696 2370 890 2444 atque
930 2382 967 2423 a
1009 2362 1133 2425 Deo
1177 2362 1438 2424 sortitur
1483 2362 1818 2424 auxilium.

395 2463 484 2522 Ει
525 2463 662 2538 ipse
699 2465 968 2521 avulsus
995 2471 1086 2522 est
1121 2463 1202 2520 ab
1238 2463 1330 2520 eis
1367 2469 1686 2541 quantum
1710 2463 1826 2538 ja-

313 2571 454 2620 ctus
503 2569 594 2619 est
647 2561 916 2636 lapidis,
966 2559 1027 2620 id
1089 2566 1206 2631 est,
1259 2566 1434 2621 tanto
1493 2558 1696 2640 spatio
1743 2559 1822 2620 ab

312 2657 637 2740 Apostolis
687 2657 968 2730 recessit,
1011 2676 1141 2738 quo
1181 2657 1343 2738 lapis
1393 2657 1550 2719 levis
1596 2655 1824 2739 projici

313 2764 553 2838 posset,
589 2755 810 2819 volens
841 2755 1218 2836 segregatim
1247 2769 1428 2818 orare
1453 2773 1467 2817 ε
1496 2773 1620 2816 non
1651 2756 1822 2836 quod

310 2855 454 2936 ejus
495 2872 680 2916 mens
725 2871 840 2936 per
877 2853 1148 2918 aliorum
1200 2853 1600 2934 praesentiam
1641 2873 1676 2914 a
1716 2853 1824 2915 Dei

309 2953 856 3034 contemplatione
886 2959 950 3013 et
978 2951 1280 3014 orationis
1321 2951 1668 3014 attentione
1707 2950 1827 3012 im-

1934 1968 2199 2049 quippe,
2236 1975 2307 2029 ut
2346 1967 2525 2029 aiunt
2563 1967 2953 2048 Augustinus
2996 1985 3069 2028 ac
3110 1967 3435 2028 Damasce-

1935 2085 2077 2137 nus,
2129 2074 2225 2128 est
2282 2066 2599 2148 interpres
2656 2085 2728 2128 ac
2783 2065 3007 2128 nuntia
3064 2064 3361 2126 desiderii
3416 2083 3429 2126 :

1934 2165 2075 2228 ideo
2104 2167 2277 2246 quod
2311 2165 2461 2228 licet
2489 2172 2811 2246 appetere,
2847 2164 2996 2226 licet
3024 2181 3225 2227 orare.
3259 2161 3435 2225 Unde

1933 2281 2006 2326 eo
2057 2264 2243 2328 modo
2291 2282 2419 2344 quo
2460 2263 2746 2326 Christus
2787 2262 3055 2345 appetiit
3104 2279 3231 2324 non
3280 2261 3437 2323 occi-

1934 2363 2020 2435 di,
2053 2362 2255 2425 oravit
2286 2362 2548 2424 calicem
2594 2361 2716 2423 sibi
2756 2360 3016 2422 auferri.
3050 2360 3182 2422 Non
3224 2367 3435 2421 autem

1935 2460 2205 2542 appetiit
2251 2460 2373 2522 hoc
2422 2461 2774 2522 secundum
2816 2460 3203 2522 voluntatem
3256 2477 3435 2520 suam

1937 2558 2219 2620 divinam
2250 2565 2313 2619 et
2342 2558 2911 2638 increatam,quam
2945 2556 3135 2619 habet
3165 2563 3229 2617 ut
3257 2555 3432 2629 DeuS,

1936 2675 2080 2737 quae
2127 2657 2193 2718 in
2247 2656 2385 2738 ipso
2425 2663 2487 2718 et
2534 2657 2599 2718 in
2651 2655 2827 2717 Patre
2876 2674 2948 2718 ac
2996 2653 3235 2737 Spiritu
3284 2653 3439 2716 San-

1938 2763 2037 2816 cto
2087 2773 2209 2816 una·
2250 2763 2344 2816 est
2389 2773 2677 2828 numero,
2720 2754 2885 2816 sicut
2934 2753 2997 2815 in
3044 2753 3247 2815 tribus
3295 2752 3438 2814 Per-

1936 2853 2108 2916 sonis
2148 2860 2244 2914 est
2285 2871 2410 2914 una
2448 2852 2759 2928 essentia;
2804 2871 2921 2914 nec
2958 2851 3228 2934 appetiit
3266 2852 3433 2913 istud

1936 2951 2289 3012 seeundum
2321 2950 2711 3014 voluntatem
2742 2969 2919 3012 suam
2955 2951 3295 3012 humanam
3330 2950 3435 3011 de-

313 3052 524 3135 pediri
576 3051 878 3133 potuerit,
919 3068 1124 3132 quum
1182 3057 1474 3112 cerneret
1523 3049 1824 3111 Deitatem
1865 3048 1906 3111 C
1936 3047 2356 3122 liberativam‚
2401 3047 2817 3129 superiorem,
2853 3055 2914 3109 et
2952 3047 3429 3121 intellectivam,

315 3170 428 3232 per
481 3149 810 3232 speciem3
863 3149 974 3210 sed
1015 3155 1086 3209 ut
1131 3166 1247 3209 suo
1291 3167 1406 3210 nos
1455 3146 1828 3210 informaret

313 3247 638 3330 exemplo,
683 3253 972 3329 tempore
1011 3245 1315 3310 orationis
1359 3245 1560 3307 libere
1609 3244 1828 3325 fugere

315 3347 656 3430 publicum
707 3354 769 3409 et
815 3343 1031 3406 omnia
1078 3362 1224 3424 quae
1274 3343 1508 3406 mentis
1569 3343 1830 3406 recolle-

316 3445 597 3508 ctionem
629 3443 696 3504 in
727 3441 853 3505 Deo
886 3441 1269 3523 impediunt,
1304 3441 1611 3522 quoniam
1639 3441 1826 3502 corde

317 3550 561 3607 attento
601 3548 664 3604 et
694 3548 906 3602 mente
945 3539 1290 3620 tranquilla
1333 3539 1828 3620 colloquendum

319 3650 414 3705 est
457 3642 588 3704 Deo
631 3639 894 3702 sublimi
935 3647 996 3700 et
1032 3638 1391 3700 benedicto.
1426 3638 1710 3719 Insuper,
1746 3645 1829 3700 te-

320 3749 414 3803 ste
464 3739 776 3813 Matthaeo,
819 3737 1108 3800 Christus
1151 3736 1500 3817 assumpsit
1549 3735 1824 3810 Petrum,

319 3848 382 3902 et
437 3838 634 3902 filios·
676 3835 957 3898 Zebcdaei
1018 3834 1320 3897 Jacobum
1380 3843 1441 3897 et
1497 3834 1823 3908 Joannem,

317 3957 466 4000 cum
501 3936 596 3998 eis
627 3934 706 3997 ab
735 3934 878 3996 aliis
908 3941 1049 3997 octo
1081 3933 1397 4015 Apostolis
1431 3951 1652 4014 parum
1690 3951 1828 4014 pro·

317 4037 577 4109 cedenS,
632 4032 958 4114 coepitque
1016 4030 1378 4094 contristari
1439 4038 1502 4092 et
1559 4038 1824 4092 moestus

121 4158 146 4186 a
190 4165 288 4200 ,nn
315 4151 456 4196 esse
481 4153 500 4214 3
552 4147 784 4213 pavere
833 4129 1024 4191 etiam
1065 4135 1128 4190 et
1175 4129 1426 4202 taedere,
1470 4129 1823 4190 secundum

1198 4226 1420 4288 Tristis
1470 4233 1566 4288 est
1613 4225 1824 4288 anima
1859 4232 1903 4294 D
1935 4225 2223 4288 formata.
2260 4224 2404 4286 Ideo
2453 4223 2738 4286 Christus
2786 4225 3056 4305 appetiit
3103 4225 3293 4299 istud,
3338 4245 3439 4290 so-

313 4231 620 4294 Marcum.
674 4229 751 4290 Et
798 4227 887 4290 ait
945 4227 1074 4289 illis
1129 4245 1142 4288 :

315 4350 458 4394 mea
507 4345 714 4410 usque
761 4328 838 4389 ad
889 4333 1202 4406 mortem3
1255 4325 1563 4386 sustinete
1613 4323 1718 4386 hic
1761 4332 1825 4386 et

314 4429 576 4510 vigilate
629 4445 906 4488 mecum.
957 4424 1332 4505 Progressus
1389 4441 1646 4504 quoque
1708 4443 1824 4504 pu-

313 4527 536 4590 sillum
566 4525 645 4588 ab
677 4525 794 4597 eiS,
822 4523 1122 4586 videlicet
1150 4529 1462 4603 quantum
1494 4528 1590 4582 est
1615 4520 1820 4601 jactus

311 4625 571 4709 lapidiS,
625 4621 899 4706 procidit
948 4622 1014 4683 in
1064 4619 1292 4683 faciem
1353 4638 1556 4694 suam,
1607 4637 1816 4682 orans.

311 4723 430 4788 Sed
461 4722 664 4785 Lucas
697 4739 870 4782 nunc
901 4719 1119 4782 subdit
1145 4737 1158 4781 :
1185 4721 1272 4780 Et
1293 4719 1524 4794 positis
1552 4718 1822 4794 ,qenibus

309 4825 559 4884 orabat.
611 4819 853 4882 Idcirco
901 4817 1270 4890 dicendum,
1325 4816 1494 4896 quod
1550 4822 1822 4896 utroque

313 4923 504 4985 modo
557 4937 672 4980 seu
729 4917 858 4979 situ
919 4915 1143 4980 oravit.
1207 4913 1283 4977 Et
1341 4912 1671 4996 probabile
1727 4921 1824 4975 est

313 5019 486 5101 quod
525 5017 734 5100 primo
761 5033 971 5096 genua
999 5013 1206 5092 flexit,
1240 5013 1470 5074 deinde
1502 5029 1568 5074 se
1600 5011 1666 5073 in
1698 5018 1822 5074 ter-

315 5136 447 5179 ram
501 5113 864 5198 prostravit,
911 5111 1034 5175 Deo
1081 5110 1246 5172 Patri
1295 5127 1364 5172 se
1411 5127 1658 5171 summe
1708 5109 1824 5170 hu-

315 5214 596 5288 milians,
630 5230 706 5274 ac
735 5209 1170 5273 intensissime
1199 5207 1572 5290 supplicans
1603 5225 1616 5269 :
1650 5197 1820 5288 quod

319 5318 562 5375 tantum
615 5307 739 5372 sibi
791 5306 1189 5392 competebat
1246 5305 1596 5372 secundum
1643 5312 1824 5366 natu—

1935 3165 2079 3227 quae
2137 3146 2394 3229 proprie
2444 3155 2645 3227 'atque
2708 3146 3085 3228 simpliciter
3148 3146 3431 3209 nomina-

1935 3251 2039 3306 tur
2071 3245 2384 3319 voluntaS,
2422 3261 2538 3306 nec
2576 3246 2925 3306 secundum
2966 3245 3295 3308 rationem.
3334 3244 3437 3307 Hae

1937 3343 2106 3405 enim
2149 3343 2441 3406 voluntas
2484 3349 2547 3404 ct
2586 3342 2743 3405 ratio
2780 3343 3008 3406 animae
3051 3343 3305 3423 Christi,
3337 3342 3438 3404 fu·—

1937 3449 2126 3504 erunt
2159 3440 2392 3503 divinae
2426 3447 2488 3502 et
2518 3440 2813 3503 increatae
2842 3441 3148 3504 voluntati
3183 3459 3436 3523 semper

1937 3537 2318 3612 conformeS,
2363 3546 2486 3600 tam
2536 3538 2599 3600 in
2647 3538 2863 3612 volito,
2896 3557 3089 3620 quam
3138 3539 3201 3600 in
3248 3540 3435 3602 modo

1934 3657 2008 3700 ac
2057 3656 2247 3700 causa
2290 3637 2564 3701 volendi.
2608 3636 2773 3698 'l'alis
2822 3655 3099 3718 namque
3141 3637 3433 3700 voluntas

1937 3736 2289 3798 secundum
2328 3753 2407 3808 se,
2444 3743 2539 3796 est
2578 3732 3063 3796 indeterminata
3100 3735 3177 3796 ad
3214 3753 3428 3808 unum,

1935 3843 1998 3896 et
2044 3833 2245 3895 libere
2296 3839 2584 3897 movetur
2631 3832 2708 3894 ad
2759 3831 3135 3894 utrumlibet
3179 3833 3436 3914 opposi-

1933 3939 2187 4010 torum3
2228 3930 2337 3991 sed
2378 3930 2441 3991 in
2477 3929 2723 3991 Christo
2761 3929 2885 3991 fuit
2914 3949 2949 3990 a
2982 3929 3189 4010 primo
3228 3931 3433 3992 incar-

1935 4029 2210 4092 nationis
2268 4028 2528 4089 instanti
2587 4027 2962 4090 confirmata
3012 4029 3077 4090 in
3130 4027 3317 4103 bono,
3371 4039 3434 4091 et

1933 4128 2167 4190 divinae
2198 4125 2506 4189 voluntati
2547 4123 2826 4207 perfecte
2866 4125 3151 4206 subjecta
3184 4145 3258 4188 ac
3287 4146 3437 4190 con-

1935 4324 2067 4386 lum
2127 4323 2479 4385 secundum
2538 4321 2895 4403 appetitum
2956 4323 3305 4387 naturalem
3364 4344 3437 4387 ac

1933 4419 2478 4500 sensitivumtqui
2512 4428 2609 4482 est
2639 4420 3094 4482 determinatus
3124 4422 3202 4484 ad
3235 4441 3431 4484 unum

1932 4518 2389 4601 oppositorum,
2409 4517 2474 4579 in
2507 4525 2816 4599 quantum
2850 4525 2945 4581 est
2976 4519 3280 4582 naturalis
3308 4527 3438 4582 tan-

1933 4624 2090 4690 tum,
2147 4634 2266 4678 nec
2314 4615 2513 4679 libere
2563 4614 2765 4677 fertur
2812 4616 2878 4678 in
2930 4625 3296 4698 utrumque,
3346 4619 3436 4680 id·

1933 4714 2101 4777 circo
2153 4733 2277 4777 non
2329 4721 2537 4795 potest
2592 4731 2845 4795 semper
2894 4713 3275 4778 conformari
3328 4735 3433 4780 vo-

1931 4813 2159 4875 luntati
2209 4813 2444 4874 divinae
2494 4813 2558 4875 in
2601 4812 2813 4886 volito,
2854 4813 3007 4894 quia
3054 4833 3179 4876 non
3226 4823 3433 4896 potest

1933 4911 2096 4974 velle
2127 4911 2253 4973 nisi
2286 4929 2487 4972 unum
2518 4917 2626 4972 aut
2658 4910 2926 4972 alterum
2962 4912 3425 4993 oppositorum.

1929 5010 2062 5074 Non
2108 5017 2318 5072 tamen
2366 5009 2431 5070 in
2477 5007 2723 5072 Christo
2759 5017 2870 5071 aut
2916 5011 3143 5072 ceteris
3184 5011 3429 5074 Sanctis

1929 5107 2054 5170 fuit
2098 5107 2362 5171 omnino
2400 5115 2508 5169 aut
2551 5106 2809 5188 proprie
2847 5106 3166 5188 loquendo
3206 5109 3430 5172 volun-

1929 5206 2039 5268 tati
2092 5205 2326 5269 divinae
2371 5224 2445 5268 ac
2493 5204 2807 5286 superiori
2859 5206 3234 5281 contrariuS,
3276 5208 3430 5289 quia

1929 5304 2202 5390 appetiit
2248 5303 2416 5368 sicut
2461 5303 2626 5370 Deus
2670 5302 2872 5369 voluit
2913 5322 3059 5372 eum
3100 5314 3424 5390 appetere.

3562 889 3633 944 42
