<?xml version="1.0" encoding="UTF-8"?>
<!DOCTYPE html PUBLIC "-//W3C//DTD XHTML 1.0 Transitional//EN"
    "http://www.w3.org/TR/xhtml1/DTD/xhtml1-transitional.dtd">
<html xmlns="http://www.w3.org/1999/xhtml" xml:lang="en" lang="en">
 <head>
  <title>
</title>
<meta http-equiv="Content-Type" content="text/html;charset=utf-8" />
  <meta name='ocr-system' content='tesseract 3.04.00' />
  <meta name='ocr-capabilities' content='ocr_page ocr_carea ocr_par ocr_line ocrx_word'/>
</head>
<body>
  <div class='ocr_page' id='page_1' title='image "./doctorisecstati09unkngoog_0240.png"; bbox 0 0 4300 6259; ppageno 0'>
   <div class='ocr_carea' id='block_1_1' title="bbox 580 1957 838 2009">
    <p class='ocr_par' dir='ltr' id='par_1_1' title="bbox 580 1957 838 2009">
     <span class='ocr_line' id='line_1_1' title="bbox 580 1957 838 2009; baseline 0.008 -8"><span class='ocrx_word' id='word_1_1' title='bbox 580 1957 728 2002; x_wconf 76' lang='lat' dir='ltr'><strong>E&#39;ecle.</strong></span> <span class='ocrx_word' id='word_1_2' title='bbox 741 1972 764 2000; x_wconf 76' lang='lat' dir='ltr'>x</span> <span class='ocrx_word' id='word_1_3' title='bbox 774 1991 784 2009; x_wconf 84' lang='lat'><strong>,</strong></span> <span class='ocrx_word' id='word_1_4' title='bbox 799 1961 838 2003; x_wconf 83' lang='lat'><strong>8.</strong></span> 
     </span>
    </p>
   </div>
   <div class='ocr_carea' id='block_1_2' title="bbox 593 2154 820 2206">
    <p class='ocr_par' dir='ltr' id='par_1_2' title="bbox 593 2154 820 2206">
     <span class='ocr_line' id='line_1_2' title="bbox 593 2154 820 2206; baseline 0.004 -8"><span class='ocrx_word' id='word_1_5' title='bbox 593 2154 688 2199; x_wconf 78' lang='lat' dir='ltr'><strong>Jer.</strong></span> <span class='ocrx_word' id='word_1_6' title='bbox 705 2168 762 2206; x_wconf 79' lang='lat' dir='ltr'><strong>ix,</strong></span> <span class='ocrx_word' id='word_1_7' title='bbox 779 2157 820 2199; x_wconf 75' lang='lat'><strong>8.</strong></span> 
     </span>
    </p>
   </div>
   <div class='ocr_carea' id='block_1_3' title="bbox 661 2531 728 2586">
    <p class='ocr_par' dir='ltr' id='par_1_3' title="bbox 661 2531 728 2586">
     <span class='ocr_line' id='line_1_3' title="bbox 661 2531 728 2586; baseline 0 0"><span class='ocrx_word' id='word_1_8' title='bbox 661 2531 728 2586; x_wconf 77' lang='lat'><strong>21</strong></span> 
     </span>
    </p>
   </div>
   <div class='ocr_carea' id='block_1_4' title="bbox 579 3431 834 3483">
    <p class='ocr_par' dir='ltr' id='par_1_4' title="bbox 579 3431 834 3483">
     <span class='ocr_line' id='line_1_4' title="bbox 579 3431 834 3483; baseline 0.008 -9"><span class='ocrx_word' id='word_1_9' title='bbox 579 3431 684 3476; x_wconf 72' lang='lat' dir='ltr'><strong>Aet.</strong></span> <span class='ocrx_word' id='word_1_10' title='bbox 706 3444 747 3483; x_wconf 79' lang='lat' dir='ltr'><strong>x,</strong></span> <span class='ocrx_word' id='word_1_11' title='bbox 765 3433 834 3476; x_wconf 64' lang='grc' dir='ltr'><strong>Ν.</strong></span> 
     </span>
    </p>
   </div>
   <div class='ocr_carea' id='block_1_5' title="bbox 889 466 1007 541">
    <p class='ocr_par' dir='ltr' id='par_1_5' title="bbox 889 466 1007 541">
     <span class='ocr_line' id='line_1_5' title="bbox 889 466 1007 541; baseline 0.008 -1"><span class='ocrx_word' id='word_1_12' title='bbox 889 466 1007 541; x_wconf 77' lang='lat'><strong>180</strong></span> 
     </span>
    </p>
   </div>
   <div class='ocr_carea' id='block_1_6' title="bbox 1691 486 3188 541">
    <p class='ocr_par' dir='ltr' id='par_1_6' title="bbox 1691 486 3188 541">
     <span class='ocr_line' id='line_1_6' title="bbox 1691 486 3188 541; baseline -0.001 -1"><span class='ocrx_word' id='word_1_13' title='bbox 1691 486 2040 540; x_wconf 61' lang='lat' dir='ltr'><strong>eumn-to</strong></span> <span class='ocrx_word' id='word_1_14' title='bbox 2081 489 2146 539; x_wconf 79' lang='lat' dir='ltr'><strong>m</strong></span> <span class='ocrx_word' id='word_1_15' title='bbox 2188 487 2327 540; x_wconf 69' lang='lat' dir='ltr'><strong>cn’.</strong></span> <span class='ocrx_word' id='word_1_16' title='bbox 2374 486 2459 538; x_wconf 77' lang='lat'><strong>11</strong></span> <span class='ocrx_word' id='word_1_17' title='bbox 2499 488 2688 540; x_wconf 74' lang='lat' dir='ltr'><strong>LUGAE.</strong></span> <span class='ocrx_word' id='word_1_18' title='bbox 2734 513 2815 522; x_wconf 96' lang='lat'><strong>—</strong></span> <span class='ocrx_word' id='word_1_19' title='bbox 2856 490 2997 541; x_wconf 72' lang='lat' dir='ltr'><strong>Am.</strong></span> <span class='ocrx_word' id='word_1_20' title='bbox 3042 489 3188 540; x_wconf 81' lang='lat' dir='ltr'><strong>mu</strong></span> 
     </span>
    </p>
   </div>
   <div class='ocr_carea' id='block_1_7' title="bbox 591 659 3977 846">
    <p class='ocr_par' dir='ltr' id='par_1_7' title="bbox 591 659 3977 846">
     <span class='ocr_line' id='line_1_7' title="bbox 883 659 3977 746; baseline -0.002 -21"><span class='ocrx_word' id='word_1_21' title='bbox 883 664 1101 746; x_wconf 89' lang='lat' dir='ltr'><strong>Itaque</strong></span> <span class='ocrx_word' id='word_1_22' title='bbox 1159 683 1285 728; x_wconf 93' lang='lat' dir='ltr'><strong>non</strong></span> <span class='ocrx_word' id='word_1_23' title='bbox 1343 672 1745 727; x_wconf 88' lang='lat' dir='ltr'><strong>accesserunt</strong></span> <span class='ocrx_word' id='word_1_24' title='bbox 1793 665 1860 726; x_wconf 93' lang='lat' dir='ltr'><strong>in</strong></span> <span class='ocrx_word' id='word_1_25' title='bbox 1919 681 2191 746; x_wconf 89' lang='lat' dir='ltr'><strong>persona</strong></span> <span class='ocrx_word' id='word_1_26' title='bbox 2240 682 2384 745; x_wconf 92' lang='lat' dir='ltr'><strong>pro-</strong></span> <span class='ocrx_word' id='word_1_27' title='bbox 2410 661 2463 724; x_wconf 83' lang='lat' dir='ltr'>A</span> <span class='ocrx_word' id='word_1_28' title='bbox 2556 662 2729 726; x_wconf 86' lang='lat' dir='ltr'><strong>Hanc</strong></span> <span class='ocrx_word' id='word_1_29' title='bbox 2756 663 3181 728; x_wconf 81' lang='lat' dir='ltr'><strong>adulationem</strong></span> <span class='ocrx_word' id='word_1_30' title='bbox 3214 661 3677 744; x_wconf 78' lang='lat' dir='ltr'><strong>praemiserunt‚</strong></span> <span class='ocrx_word' id='word_1_31' title='bbox 3694 668 3765 723; x_wconf 92' lang='lat' dir='ltr'><strong>ut</strong></span> <span class='ocrx_word' id='word_1_32' title='bbox 3790 659 3977 722; x_wconf 92' lang='lat' dir='ltr'><strong>emol-</strong></span> 
     </span>
     <span class='ocr_line' id='line_1_8' title="bbox 591 757 3977 846; baseline -0.001 -24"><span class='ocrx_word' id='word_1_33' title='bbox 591 777 853 829; x_wconf 67' lang='lat' dir='ltr'><strong>uaaemmu.</strong></span> <span class='ocrx_word' id='word_1_34' title='bbox 886 764 1046 846; x_wconf 90' lang='lat' dir='ltr'><strong>pria,</strong></span> <span class='ocrx_word' id='word_1_35' title='bbox 1072 765 1181 826; x_wconf 92' lang='lat' dir='ltr'><strong>sed</strong></span> <span class='ocrx_word' id='word_1_36' title='bbox 1213 771 1283 825; x_wconf 89' lang='lat' dir='ltr'><strong>ut</strong></span> <span class='ocrx_word' id='word_1_37' title='bbox 1313 764 1377 826; x_wconf 91' lang='lat' dir='ltr'><strong>in</strong></span> <span class='ocrx_word' id='word_1_38' title='bbox 1407 762 1690 826; x_wconf 85' lang='lat' dir='ltr'><strong>Matthaeo</strong></span> <span class='ocrx_word' id='word_1_39' title='bbox 1719 763 2044 836; x_wconf 89' lang='lat' dir='ltr'><strong>asseritur,</strong></span> <span class='ocrx_word' id='word_1_40' title='bbox 2070 762 2384 824; x_wconf 90' lang='lat' dir='ltr'><strong>miserunt</strong></span> <span class='ocrx_word' id='word_1_41' title='bbox 2489 760 2692 834; x_wconf 88' lang='lat' dir='ltr'><strong>lirent,</strong></span> <span class='ocrx_word' id='word_1_42' title='bbox 2713 770 2775 824; x_wconf 90' lang='lat' dir='ltr'><strong>et</strong></span> <span class='ocrx_word' id='word_1_43' title='bbox 2805 781 2961 824; x_wconf 85' lang='lat' dir='ltr'><strong>vane</strong></span> <span class='ocrx_word' id='word_1_44' title='bbox 2991 761 3387 836; x_wconf 79' lang='lat' dir='ltr'><strong>delectarent,</strong></span> <span class='ocrx_word' id='word_1_45' title='bbox 3409 779 3483 822; x_wconf 88' lang='lat' dir='ltr'><strong>ac</strong></span> <span class='ocrx_word' id='word_1_46' title='bbox 3512 759 3634 821; x_wconf 92' lang='lat' dir='ltr'><strong>sibi</strong></span> <span class='ocrx_word' id='word_1_47' title='bbox 3664 757 3977 821; x_wconf 74' lang='lat' dir='ltr'><strong>allicerent</strong></span> 
     </span>
    </p>
   </div>
   <div class='ocr_carea' id='block_1_8' title="bbox 872 860 2382 1821">
    <p class='ocr_par' dir='ltr' id='par_1_8' title="bbox 872 860 2382 1821">
     <span class='ocr_line' id='line_1_9' title="bbox 883 860 2376 944; baseline -0.002 -21"><span class='ocrx_word' id='word_1_48' title='bbox 883 863 963 924; x_wconf 91' lang='lat' dir='ltr'><strong>ad</strong></span> <span class='ocrx_word' id='word_1_49' title='bbox 1005 880 1152 925; x_wconf 91' lang='lat' dir='ltr'><strong>eum</strong></span> <span class='ocrx_word' id='word_1_50' title='bbox 1201 863 1550 944; x_wconf 89' lang='lat' dir='ltr'><strong>discipulos</strong></span> <span class='ocrx_word' id='word_1_51' title='bbox 1599 881 1745 924; x_wconf 92' lang='lat' dir='ltr'><strong>suos</strong></span> <span class='ocrx_word' id='word_1_52' title='bbox 1789 880 1935 924; x_wconf 91' lang='lat' dir='ltr'><strong>cum</strong></span> <span class='ocrx_word' id='word_1_53' title='bbox 1984 860 2376 935; x_wconf 79' lang='lat' dir='ltr'><strong>HerodianiS,</strong></span> 
     </span>
     <span class='ocr_line' id='line_1_10' title="bbox 881 959 2381 1042; baseline -0.001 -21"><span class='ocrx_word' id='word_1_54' title='bbox 881 969 1195 1042; x_wconf 87' lang='lat' dir='ltr'><strong>quatenus</strong></span> <span class='ocrx_word' id='word_1_55' title='bbox 1233 961 1313 1023; x_wconf 89' lang='lat' dir='ltr'><strong>ab</strong></span> <span class='ocrx_word' id='word_1_56' title='bbox 1353 961 1481 1023; x_wconf 92' lang='lat' dir='ltr'><strong>illis</strong></span> <span class='ocrx_word' id='word_1_57' title='bbox 1519 960 1884 1024; x_wconf 88' lang='lat' dir='ltr'><strong>observaret</strong></span> <span class='ocrx_word' id='word_1_58' title='bbox 1921 977 1989 1022; x_wconf 92' lang='lat' dir='ltr'><strong>se</strong></span> <span class='ocrx_word' id='word_1_59' title='bbox 2024 959 2259 1021; x_wconf 89' lang='lat' dir='ltr'><strong>minus.</strong></span> <span class='ocrx_word' id='word_1_60' title='bbox 2295 961 2381 1020; x_wconf 80' lang='grc' dir='ltr'><strong>Ει</strong></span> 
     </span>
     <span class='ocr_line' id='line_1_11' title="bbox 883 1059 2382 1137; baseline -0.001 -18"><span class='ocrx_word' id='word_1_61' title='bbox 883 1062 1210 1122; x_wconf 79' lang='lat' dir='ltr'><strong>traderent</strong></span> <span class='ocrx_word' id='word_1_62' title='bbox 1239 1061 1436 1122; x_wconf 82' lang='lat' dir='ltr'><strong>illum</strong></span> <span class='ocrx_word' id='word_1_63' title='bbox 1466 1061 1910 1137; x_wconf 78' lang='lat' dir='ltr'><strong>principatui,</strong></span> <span class='ocrx_word' id='word_1_64' title='bbox 1940 1059 2006 1120; x_wconf 92' lang='lat' dir='ltr'><strong>id</strong></span> <span class='ocrx_word' id='word_1_65' title='bbox 2044 1063 2140 1120; x_wconf 91' lang='lat' dir='ltr'><strong>est</strong></span> <span class='ocrx_word' id='word_1_66' title='bbox 2178 1059 2382 1121; x_wconf 93' lang='lat' dir='ltr'><strong>domi-</strong></span> 
     </span>
     <span class='ocr_line' id='line_1_12' title="bbox 881 1157 2379 1237; baseline 0 -21"><span class='ocrx_word' id='word_1_67' title='bbox 881 1157 1120 1222; x_wconf 83' lang='lat' dir='ltr'><strong>nationi</strong></span> <span class='ocrx_word' id='word_1_68' title='bbox 1150 1157 1436 1232; x_wconf 83' lang='lat' dir='ltr'><strong>Eerodis,</strong></span> <span class='ocrx_word' id='word_1_69' title='bbox 1459 1168 1520 1219; x_wconf 77' lang='lat' dir='ltr'><strong>et</strong></span> <span class='ocrx_word' id='word_1_70' title='bbox 1538 1159 1844 1235; x_wconf 77' lang='lat' dir='ltr'><strong>potestati</strong></span> <span class='ocrx_word' id='word_1_71' title='bbox 1866 1158 2196 1235; x_wconf 68' lang='lat' dir='ltr'><strong>praesidis,</strong></span> <span class='ocrx_word' id='word_1_72' title='bbox 2227 1162 2379 1237; x_wconf 85' lang='lat' dir='ltr'><strong>puta</strong></span> 
     </span>
     <span class='ocr_line' id='line_1_13' title="bbox 877 1253 2376 1338; baseline -0.001 -22"><span class='ocrx_word' id='word_1_73' title='bbox 877 1253 1074 1318; x_wconf 90' lang='lat' dir='ltr'><strong>Pilati.</strong></span> <span class='ocrx_word' id='word_1_74' title='bbox 1092 1256 1204 1318; x_wconf 87' lang='lat' dir='ltr'><strong>Vel</strong></span> <span class='ocrx_word' id='word_1_75' title='bbox 1237 1264 1582 1338; x_wconf 89' lang='lat' dir='ltr'><strong>utrumque</strong></span> <span class='ocrx_word' id='word_1_76' title='bbox 1613 1255 1886 1317; x_wconf 80' lang='lat' dir='ltr'><strong>refertur</strong></span> <span class='ocrx_word' id='word_1_77' title='bbox 1913 1255 1993 1316; x_wconf 91' lang='lat' dir='ltr'><strong>ad</strong></span> <span class='ocrx_word' id='word_1_78' title='bbox 2023 1254 2376 1336; x_wconf 83' lang='lat' dir='ltr'><strong>praesidem,</strong></span> 
     </span>
     <span class='ocr_line' id='line_1_14' title="bbox 877 1351 2379 1437; baseline 0.001 -23"><span class='ocrx_word' id='word_1_79' title='bbox 877 1351 1289 1434; x_wconf 85' lang='lat' dir='ltr'><strong>intelligendo</strong></span> <span class='ocrx_word' id='word_1_80' title='bbox 1336 1372 1450 1437; x_wconf 89' lang='lat' dir='ltr'><strong>per</strong></span> <span class='ocrx_word' id='word_1_81' title='bbox 1498 1354 1952 1437; x_wconf 84' lang='lat' dir='ltr'><strong>principatum,</strong></span> <span class='ocrx_word' id='word_1_82' title='bbox 2002 1352 2379 1416; x_wconf 87' lang='lat' dir='ltr'><strong>dominatio-</strong></span> 
     </span>
     <span class='ocr_line' id='line_1_15' title="bbox 876 1452 2373 1533; baseline -0.001 -20"><span class='ocrx_word' id='word_1_83' title='bbox 876 1470 1025 1514; x_wconf 89' lang='lat' dir='ltr'><strong>nem</strong></span> <span class='ocrx_word' id='word_1_84' title='bbox 1071 1452 1206 1517; x_wconf 90' lang='lat' dir='ltr'><strong>sive</strong></span> <span class='ocrx_word' id='word_1_85' title='bbox 1253 1452 1550 1515; x_wconf 87' lang='lat' dir='ltr'><strong>militiam</strong></span> <span class='ocrx_word' id='word_1_86' title='bbox 1599 1452 1783 1533; x_wconf 86' lang='lat' dir='ltr'><strong>ejus;</strong></span> <span class='ocrx_word' id='word_1_87' title='bbox 1836 1469 1950 1533; x_wconf 91' lang='lat' dir='ltr'><strong>per</strong></span> <span class='ocrx_word' id='word_1_88' title='bbox 1999 1457 2373 1533; x_wconf 89' lang='lat' dir='ltr'><strong>potestatem</strong></span> 
     </span>
     <span class='ocr_line' id='line_1_16' title="bbox 876 1547 2375 1631; baseline -0.001 -18"><span class='ocrx_word' id='word_1_89' title='bbox 876 1568 1047 1626; x_wconf 86' lang='lat' dir='ltr'><strong>vero,</strong></span> <span class='ocrx_word' id='word_1_90' title='bbox 1102 1550 1504 1631; x_wconf 85' lang='lat' dir='ltr'><strong>judiciariam</strong></span> <span class='ocrx_word' id='word_1_91' title='bbox 1562 1550 1702 1630; x_wconf 87' lang='lat' dir='ltr'><strong>ejus</strong></span> <span class='ocrx_word' id='word_1_92' title='bbox 1759 1549 2218 1612; x_wconf 88' lang='lat' dir='ltr'><strong>auctoritatem.</strong></span> <span class='ocrx_word' id='word_1_93' title='bbox 2272 1547 2375 1611; x_wconf 88' lang='lat' dir='ltr'><strong>Sic</strong></span> 
     </span>
     <span class='ocr_line' id='line_1_17' title="bbox 874 1647 2371 1731; baseline 0.001 -22"><span class='ocrx_word' id='word_1_94' title='bbox 874 1655 938 1710; x_wconf 88' lang='lat' dir='ltr'><strong>et</strong></span> <span class='ocrx_word' id='word_1_95' title='bbox 975 1649 1235 1730; x_wconf 88' lang='lat' dir='ltr'><strong>quidam</strong></span> <span class='ocrx_word' id='word_1_96' title='bbox 1279 1648 1652 1731; x_wconf 83' lang='lat' dir='ltr'><strong>versipelles</strong></span> <span class='ocrx_word' id='word_1_97' title='bbox 1695 1667 1769 1710; x_wconf 90' lang='lat' dir='ltr'><strong>ac</strong></span> <span class='ocrx_word' id='word_1_98' title='bbox 1813 1647 1996 1728; x_wconf 91' lang='lat' dir='ltr'><strong>impii</strong></span> <span class='ocrx_word' id='word_1_99' title='bbox 2047 1647 2371 1728; x_wconf 86' lang='lat' dir='ltr'><strong>proximos</strong></span> 
     </span>
     <span class='ocr_line' id='line_1_18' title="bbox 872 1744 2373 1821; baseline -0.002 -12"><span class='ocrx_word' id='word_1_100' title='bbox 872 1765 1020 1809; x_wconf 89' lang='lat' dir='ltr'><strong>suos</strong></span> <span class='ocrx_word' id='word_1_101' title='bbox 1066 1746 1425 1821; x_wconf 86' lang='lat' dir='ltr'><strong>observant,</strong></span> <span class='ocrx_word' id='word_1_102' title='bbox 1468 1754 1532 1808; x_wconf 90' lang='lat' dir='ltr'><strong>et</strong></span> <span class='ocrx_word' id='word_1_103' title='bbox 1577 1745 1729 1808; x_wconf 81' lang='lat' dir='ltr'><strong>ficte</strong></span> <span class='ocrx_word' id='word_1_104' title='bbox 1770 1764 1842 1808; x_wconf 89' lang='lat' dir='ltr'><strong>ac</strong></span> <span class='ocrx_word' id='word_1_105' title='bbox 1885 1745 2110 1807; x_wconf 91' lang='lat' dir='ltr'><strong>callide</strong></span> <span class='ocrx_word' id='word_1_106' title='bbox 2158 1744 2373 1807; x_wconf 91' lang='lat' dir='ltr'><strong>scisci-</strong></span> 
     </span>
    </p>
   </div>
   <div class='ocr_carea' id='block_1_9' title="bbox 2481 859 3980 1825">
    <p class='ocr_par' dir='ltr' id='par_1_9' title="bbox 2481 859 3980 1825">
     <span class='ocr_line' id='line_1_19' title="bbox 2490 859 3977 942; baseline 0 -22"><span class='ocrx_word' id='word_1_107' title='bbox 2490 870 2769 922; x_wconf 90' lang='lat' dir='ltr'><strong>mentem</strong></span> <span class='ocrx_word' id='word_1_108' title='bbox 2802 860 3030 924; x_wconf 89' lang='lat' dir='ltr'><strong>Christi</strong></span> <span class='ocrx_word' id='word_1_109' title='bbox 3068 861 3147 923; x_wconf 91' lang='lat' dir='ltr'><strong>ad</strong></span> <span class='ocrx_word' id='word_1_110' title='bbox 3186 859 3696 942; x_wconf 89' lang='lat' dir='ltr'><strong>respondendum</strong></span> <span class='ocrx_word' id='word_1_111' title='bbox 3731 875 3845 938; x_wconf 90' lang='lat' dir='ltr'><strong>pro</strong></span> <span class='ocrx_word' id='word_1_112' title='bbox 3876 875 3977 920; x_wconf 90' lang='lat' dir='ltr'><strong>vo-</strong></span> 
     </span>
     <span class='ocr_line' id='line_1_20' title="bbox 2489 955 3978 1040; baseline -0.003 -21"><span class='ocrx_word' id='word_1_113' title='bbox 2489 958 2733 1021; x_wconf 87' lang='lat' dir='ltr'><strong>luntate</strong></span> <span class='ocrx_word' id='word_1_114' title='bbox 2773 977 3016 1023; x_wconf 88' lang='lat' dir='ltr'><strong>eorum.</strong></span> <span class='ocrx_word' id='word_1_115' title='bbox 3049 959 3218 1022; x_wconf 86' lang='lat' dir='ltr'><strong>Istud</strong></span> <span class='ocrx_word' id='word_1_116' title='bbox 3254 958 3497 1040; x_wconf 89' lang='lat' dir='ltr'><strong>quippe</strong></span> <span class='ocrx_word' id='word_1_117' title='bbox 3535 955 3881 1040; x_wconf 79' lang='lat' dir='ltr'><strong>hypocritis</strong></span> <span class='ocrx_word' id='word_1_118' title='bbox 3918 961 3978 1015; x_wconf 89' lang='lat' dir='ltr'><strong>et</strong></span> 
     </span>
     <span class='ocr_line' id='line_1_21' title="bbox 2490 1055 3980 1140; baseline -0.002 -20"><span class='ocrx_word' id='word_1_119' title='bbox 2490 1059 2762 1121; x_wconf 87' lang='lat' dir='ltr'><strong>versutis</strong></span> <span class='ocrx_word' id='word_1_120' title='bbox 2819 1067 2915 1121; x_wconf 91' lang='lat' dir='ltr'><strong>est</strong></span> <span class='ocrx_word' id='word_1_121' title='bbox 2972 1057 3326 1140; x_wconf 87' lang='lat' dir='ltr'><strong>proprium,</strong></span> <span class='ocrx_word' id='word_1_122' title='bbox 3377 1055 3767 1120; x_wconf 86' lang='lat' dir='ltr'><strong>simulatorie</strong></span> <span class='ocrx_word' id='word_1_123' title='bbox 3812 1073 3980 1118; x_wconf 88' lang='lat' dir='ltr'><strong>com-</strong></span> 
     </span>
     <span class='ocr_line' id='line_1_22' title="bbox 2487 1155 3978 1238; baseline -0.002 -20"><span class='ocrx_word' id='word_1_124' title='bbox 2487 1158 2809 1232; x_wconf 87' lang='lat' dir='ltr'><strong>mendare,</strong></span> <span class='ocrx_word' id='word_1_125' title='bbox 2862 1156 3175 1238; x_wconf 85' lang='lat' dir='ltr'><strong>placentia</strong></span> <span class='ocrx_word' id='word_1_126' title='bbox 3226 1155 3422 1237; x_wconf 85' lang='lat' dir='ltr'><strong>loqui,</strong></span> <span class='ocrx_word' id='word_1_127' title='bbox 3468 1163 3796 1237; x_wconf 85' lang='lat' dir='ltr'><strong>apparatu,</strong></span> <span class='ocrx_word' id='word_1_128' title='bbox 3842 1173 3978 1218; x_wconf 86' lang='lat' dir='ltr'><strong>ver-</strong></span> 
     </span>
     <span class='ocr_line' id='line_1_23' title="bbox 2486 1253 3976 1336; baseline -0.001 -21"><span class='ocrx_word' id='word_1_129' title='bbox 2486 1253 2569 1318; x_wconf 94' lang='lat' dir='ltr'><strong>bo</strong></span> <span class='ocrx_word' id='word_1_130' title='bbox 2618 1274 2690 1317; x_wconf 90' lang='lat' dir='ltr'><strong>ac</strong></span> <span class='ocrx_word' id='word_1_131' title='bbox 2740 1254 2939 1336; x_wconf 83' lang='lat' dir='ltr'><strong>signis</strong></span> <span class='ocrx_word' id='word_1_132' title='bbox 2986 1254 3217 1317; x_wconf 87' lang='lat' dir='ltr'><strong>blande</strong></span> <span class='ocrx_word' id='word_1_133' title='bbox 3265 1271 3333 1315; x_wconf 91' lang='lat' dir='ltr'><strong>se</strong></span> <span class='ocrx_word' id='word_1_134' title='bbox 3379 1253 3719 1335; x_wconf 89' lang='lat' dir='ltr'><strong>applicare,</strong></span> <span class='ocrx_word' id='word_1_135' title='bbox 3758 1253 3976 1334; x_wconf 88' lang='lat' dir='ltr'><strong>sicque</strong></span> 
     </span>
     <span class='ocr_line' id='line_1_24' title="bbox 2484 1351 3977 1429; baseline -0.002 -15"><span class='ocrx_word' id='word_1_136' title='bbox 2484 1352 2746 1415; x_wconf 87' lang='lat' dir='ltr'><strong>alterius</strong></span> <span class='ocrx_word' id='word_1_137' title='bbox 2802 1354 3089 1415; x_wconf 89' lang='lat' dir='ltr'><strong>animum</strong></span> <span class='ocrx_word' id='word_1_138' title='bbox 3146 1370 3468 1427; x_wconf 85' lang='lat' dir='ltr'><strong>enervare,</strong></span> <span class='ocrx_word' id='word_1_139' title='bbox 3518 1351 3855 1429; x_wconf 89' lang='lat' dir='ltr'><strong>abducere,</strong></span> <span class='ocrx_word' id='word_1_140' title='bbox 3916 1357 3977 1412; x_wconf 87' lang='lat' dir='ltr'><strong>et</strong></span> 
     </span>
     <span class='ocr_line' id='line_1_25' title="bbox 2484 1449 3977 1534; baseline -0.001 -23"><span class='ocrx_word' id='word_1_141' title='bbox 2484 1452 2559 1512; x_wconf 91' lang='lat' dir='ltr'><strong>ad</strong></span> <span class='ocrx_word' id='word_1_142' title='bbox 2610 1450 3082 1534; x_wconf 88' lang='lat' dir='ltr'><strong>beneplacitum</strong></span> <span class='ocrx_word' id='word_1_143' title='bbox 3128 1468 3317 1512; x_wconf 90' lang='lat' dir='ltr'><strong>suum</strong></span> <span class='ocrx_word' id='word_1_144' title='bbox 3363 1449 3724 1512; x_wconf 86' lang='lat' dir='ltr'><strong>attrahere:</strong></span> <span class='ocrx_word' id='word_1_145' title='bbox 3756 1467 3977 1531; x_wconf 89' lang='lat' dir='ltr'><strong>quem-</strong></span> 
     </span>
     <span class='ocr_line' id='line_1_26' title="bbox 2483 1549 3977 1630; baseline -0.002 -20"><span class='ocrx_word' id='word_1_146' title='bbox 2483 1549 2825 1613; x_wconf 86' lang='lat' dir='ltr'><strong>admodum</strong></span> <span class='ocrx_word' id='word_1_147' title='bbox 2870 1549 3089 1611; x_wconf 80' lang='lat' dir='ltr'><strong>bestiae</strong></span> <span class='ocrx_word' id='word_1_148' title='bbox 3128 1567 3273 1630; x_wconf 84' lang='lat' dir='ltr'><strong>quae</strong></span> <span class='ocrx_word' id='word_1_149' title='bbox 3311 1554 3615 1630; x_wconf 87' lang='lat' dir='ltr'><strong>potestate</strong></span> <span class='ocrx_word' id='word_1_150' title='bbox 3650 1553 3977 1630; x_wconf 90' lang='lat' dir='ltr'><strong>nequeunt</strong></span> 
     </span>
     <span class='ocr_line' id='line_1_27' title="bbox 2483 1643 3974 1729; baseline -0.002 -21"><span class='ocrx_word' id='word_1_151' title='bbox 2483 1645 2959 1729; x_wconf 88' lang='lat' dir='ltr'><strong>comprehendi,</strong></span> <span class='ocrx_word' id='word_1_152' title='bbox 3012 1645 3245 1707; x_wconf 88' lang='lat' dir='ltr'><strong>blanda</strong></span> <span class='ocrx_word' id='word_1_153' title='bbox 3286 1643 3618 1708; x_wconf 80' lang='lat' dir='ltr'><strong>fricatione</strong></span> <span class='ocrx_word' id='word_1_154' title='bbox 3664 1663 3737 1706; x_wconf 89' lang='lat' dir='ltr'><strong>ac</strong></span> <span class='ocrx_word' id='word_1_155' title='bbox 3784 1644 3974 1706; x_wconf 79' lang='lat' dir='ltr'><strong>variis</strong></span> 
     </span>
     <span class='ocr_line' id='line_1_28' title="bbox 2481 1742 3977 1825; baseline 0 -20"><span class='ocrx_word' id='word_1_156' title='bbox 2481 1743 2995 1807; x_wconf 87' lang='lat' dir='ltr'><strong>simulationibus</strong></span> <span class='ocrx_word' id='word_1_157' title='bbox 3026 1742 3384 1825; x_wconf 88' lang='lat' dir='ltr'><strong>capiuntur.</strong></span> <span class='ocrx_word' id='word_1_158' title='bbox 3416 1742 3593 1805; x_wconf 90' lang='lat' dir='ltr'><strong>Unde</strong></span> <span class='ocrx_word' id='word_1_159' title='bbox 3630 1761 3776 1806; x_wconf 89' lang='lat' dir='ltr'><strong>mox</strong></span> <span class='ocrx_word' id='word_1_160' title='bbox 3804 1761 3977 1824; x_wconf 55' lang='lat' dir='ltr'><strong>qua,h</strong></span> 
     </span>
    </p>
   </div>
   <div class='ocr_carea' id='block_1_10' title="bbox 868 1842 3181 1924">
    <p class='ocr_par' dir='ltr' id='par_1_10' title="bbox 868 1842 3181 1924">
     <span class='ocr_line' id='line_1_29' title="bbox 868 1842 3181 1924; baseline -0.002 -18"><span class='ocrx_word' id='word_1_161' title='bbox 868 1852 1105 1920; x_wconf 87' lang='lat' dir='ltr'><strong>tantur,</strong></span> <span class='ocrx_word' id='word_1_162' title='bbox 1159 1852 1229 1907; x_wconf 93' lang='lat' dir='ltr'><strong>ut</strong></span> <span class='ocrx_word' id='word_1_163' title='bbox 1285 1863 1390 1909; x_wconf 87' lang='lat' dir='ltr'><strong>eos</strong></span> <span class='ocrx_word' id='word_1_164' title='bbox 1451 1844 1702 1909; x_wconf 86' lang='lat' dir='ltr'><strong>valeant</strong></span> <span class='ocrx_word' id='word_1_165' title='bbox 1755 1861 2075 1906; x_wconf 88' lang='lat' dir='ltr'><strong>accusare.</strong></span> <span class='ocrx_word' id='word_1_166' title='bbox 2128 1842 2369 1916; x_wconf 85' lang='lat' dir='ltr'><strong>Quibus</strong></span> <span class='ocrx_word' id='word_1_167' title='bbox 2407 1843 2456 1906; x_wconf 93' lang='lat' dir='ltr'>B</span> <span class='ocrx_word' id='word_1_168' title='bbox 2482 1842 2751 1905; x_wconf 90' lang='lat' dir='ltr'><strong>stionem</strong></span> <span class='ocrx_word' id='word_1_169' title='bbox 2795 1849 3181 1924; x_wconf 87' lang='lat' dir='ltr'><strong>proponunt.</strong></span> 
     </span>
    </p>
   </div>
   <div class='ocr_carea' id='block_1_11' title="bbox 861 1941 2373 3000">
    <p class='ocr_par' dir='ltr' id='par_1_11' title="bbox 866 1941 2373 2517">
     <span class='ocr_line' id='line_1_30' title="bbox 870 1941 2368 2024; baseline -0.003 -17"><span class='ocrx_word' id='word_1_170' title='bbox 870 1944 1193 2024; x_wconf 87' lang='lat' dir='ltr'><strong>continget</strong></span> <span class='ocrx_word' id='word_1_171' title='bbox 1242 1962 1258 2006; x_wconf 72' lang='grc' dir='ltr'>ι</span> <span class='ocrx_word' id='word_1_172' title='bbox 1309 1943 1425 2017; x_wconf 90' lang='lat' dir='ltr'><strong>Qui</strong></span> <span class='ocrx_word' id='word_1_173' title='bbox 1473 1941 1636 2006; x_wconf 85' lang='lat' dir='ltr'><strong>fodit</strong></span> <span class='ocrx_word' id='word_1_174' title='bbox 1693 1941 1962 2016; x_wconf 77' lang='lat' dir='ltr'><strong>foveam,</strong></span> <span class='ocrx_word' id='word_1_175' title='bbox 2017 1942 2255 2004; x_wconf 88' lang='lat' dir='ltr'><strong>incidet</strong></span> <span class='ocrx_word' id='word_1_176' title='bbox 2303 1943 2368 2005; x_wconf 91' lang='lat' dir='ltr'><strong>in</strong></span> 
     </span>
     <span class='ocr_line' id='line_1_31' title="bbox 868 2040 2369 2124; baseline -0.001 -21"><span class='ocrx_word' id='word_1_177' title='bbox 868 2059 1044 2122; x_wconf 83' lang='lat' dir='ltr'><strong>eam3</strong></span> <span class='ocrx_word' id='word_1_178' title='bbox 1077 2050 1140 2104; x_wconf 91' lang='lat' dir='ltr'><strong>et</strong></span> <span class='ocrx_word' id='word_1_179' title='bbox 1167 2042 1279 2124; x_wconf 89' lang='lat' dir='ltr'><strong>qui</strong></span> <span class='ocrx_word' id='word_1_180' title='bbox 1311 2041 1578 2124; x_wconf 88' lang='lat' dir='ltr'><strong>dissipat</strong></span> <span class='ocrx_word' id='word_1_181' title='bbox 1605 2059 1845 2123; x_wconf 88' lang='lat' dir='ltr'><strong>sepem,</strong></span> <span class='ocrx_word' id='word_1_182' title='bbox 1875 2040 2194 2104; x_wconf 89' lang='lat' dir='ltr'><strong>mordebit</strong></span> <span class='ocrx_word' id='word_1_183' title='bbox 2222 2058 2369 2102; x_wconf 91' lang='lat' dir='ltr'><strong>eum</strong></span> 
     </span>
     <span class='ocr_line' id='line_1_32' title="bbox 868 2137 2373 2221; baseline -0.002 -18"><span class='ocrx_word' id='word_1_184' title='bbox 868 2140 1149 2203; x_wconf 87' lang='lat' dir='ltr'><strong>coluber.</strong></span> <span class='ocrx_word' id='word_1_185' title='bbox 1184 2140 1269 2202; x_wconf 91' lang='lat' dir='ltr'><strong>De</strong></span> <span class='ocrx_word' id='word_1_186' title='bbox 1298 2139 1536 2202; x_wconf 86' lang='lat' dir='ltr'><strong>talibus</strong></span> <span class='ocrx_word' id='word_1_187' title='bbox 1567 2139 1852 2221; x_wconf 87' lang='lat' dir='ltr'><strong>loquitur</strong></span> <span class='ocrx_word' id='word_1_188' title='bbox 1878 2139 2181 2201; x_wconf 75' lang='lat' dir='ltr'><strong>Ieremias</strong></span> <span class='ocrx_word' id='word_1_189' title='bbox 2217 2157 2230 2201; x_wconf 90' lang='lat'>:</span> <span class='ocrx_word' id='word_1_190' title='bbox 2267 2137 2373 2200; x_wconf 89' lang='lat' dir='ltr'><strong>Sa-</strong></span> 
     </span>
     <span class='ocr_line' id='line_1_33' title="bbox 866 2237 2369 2318; baseline 0.001 -19"><span class='ocrx_word' id='word_1_191' title='bbox 866 2237 1023 2318; x_wconf 85' lang='lat' dir='ltr'><strong>gitta</strong></span> <span class='ocrx_word' id='word_1_192' title='bbox 1062 2239 1424 2312; x_wconf 81' lang='lat' dir='ltr'><strong>vulneranS,</strong></span> <span class='ocrx_word' id='word_1_193' title='bbox 1459 2238 1677 2318; x_wconf 86' lang='lat' dir='ltr'><strong>lingua</strong></span> <span class='ocrx_word' id='word_1_194' title='bbox 1713 2255 1966 2318; x_wconf 70' lang='lat' dir='ltr'><strong>eorumj,</strong></span> <span class='ocrx_word' id='word_1_195' title='bbox 2001 2237 2066 2299; x_wconf 92' lang='lat' dir='ltr'><strong>in</strong></span> <span class='ocrx_word' id='word_1_196' title='bbox 2104 2255 2215 2300; x_wconf 90' lang='lat' dir='ltr'><strong>ore</strong></span> <span class='ocrx_word' id='word_1_197' title='bbox 2254 2255 2369 2300; x_wconf 91' lang='lat' dir='ltr'><strong>suo</strong></span> 
     </span>
     <span class='ocr_line' id='line_1_34' title="bbox 871 2336 2370 2418; baseline 0 -20"><span class='ocrx_word' id='word_1_198' title='bbox 871 2355 1091 2418; x_wconf 90' lang='lat' dir='ltr'><strong>pacem</strong></span> <span class='ocrx_word' id='word_1_199' title='bbox 1129 2355 1276 2400; x_wconf 92' lang='lat' dir='ltr'><strong>cum</strong></span> <span class='ocrx_word' id='word_1_200' title='bbox 1313 2337 1521 2400; x_wconf 91' lang='lat' dir='ltr'><strong>amico</strong></span> <span class='ocrx_word' id='word_1_201' title='bbox 1559 2355 1676 2399; x_wconf 91' lang='lat' dir='ltr'><strong>suo</strong></span> <span class='ocrx_word' id='word_1_202' title='bbox 1714 2336 2019 2416; x_wconf 87' lang='lat' dir='ltr'><strong>loquitur,</strong></span> <span class='ocrx_word' id='word_1_203' title='bbox 2057 2344 2119 2398; x_wconf 92' lang='lat' dir='ltr'><strong>et</strong></span> <span class='ocrx_word' id='word_1_204' title='bbox 2158 2336 2370 2399; x_wconf 91' lang='lat' dir='ltr'><strong>occul-</strong></span> 
     </span>
     <span class='ocr_line' id='line_1_35' title="bbox 866 2434 1583 2517; baseline -0.003 -20"><span class='ocrx_word' id='word_1_205' title='bbox 866 2442 930 2497; x_wconf 88' lang='lat' dir='ltr'><strong>te</strong></span> <span class='ocrx_word' id='word_1_206' title='bbox 972 2435 1152 2517; x_wconf 86' lang='lat' dir='ltr'><strong>ponit</strong></span> <span class='ocrx_word' id='word_1_207' title='bbox 1193 2435 1251 2498; x_wconf 89' lang='lat' dir='ltr'><strong>ei</strong></span> <span class='ocrx_word' id='word_1_208' title='bbox 1295 2434 1583 2498; x_wconf 89' lang='lat' dir='ltr'><strong>insidias.</strong></span> 
     </span>
    </p>

    <p class='ocr_par' dir='ltr' id='par_1_12' title="bbox 861 2533 2366 3000">
     <span class='ocr_line' id='line_1_36' title="bbox 966 2533 2366 2610; baseline -0.003 -15"><span class='ocrx_word' id='word_1_209' title='bbox 966 2536 1052 2595; x_wconf 75' lang='lat' dir='ltr'><strong>Ec</strong></span> <span class='ocrx_word' id='word_1_210' title='bbox 1106 2535 1678 2610; x_wconf 59' lang='lat' dir='ltr'><strong>interrogaverunt</strong></span> <span class='ocrx_word' id='word_1_211' title='bbox 1735 2533 1954 2600; x_wconf 85' lang='lat' dir='ltr'><strong>illum,</strong></span> <span class='ocrx_word' id='word_1_212' title='bbox 2009 2533 2293 2592; x_wconf 77' lang='lat' dir='ltr'><strong>dicentes</strong></span> <span class='ocrx_word' id='word_1_213' title='bbox 2343 2552 2366 2591; x_wconf 93' lang='grc'><strong>.·</strong></span> 
     </span>
     <span class='ocr_line' id='line_1_37' title="bbox 865 2629 2365 2710; baseline -0.001 -17"><span class='ocrx_word' id='word_1_214' title='bbox 865 2633 1202 2708; x_wconf 74' lang='lat' dir='ltr'><strong>Mayister,</strong></span> <span class='ocrx_word' id='word_1_215' title='bbox 1240 2633 1480 2691; x_wconf 82' lang='lat' dir='ltr'><strong>scimus</strong></span> <span class='ocrx_word' id='word_1_216' title='bbox 1528 2632 1686 2710; x_wconf 80' lang='lat' dir='ltr'><strong>quia</strong></span> <span class='ocrx_word' id='word_1_217' title='bbox 1732 2641 1917 2699; x_wconf 77' lang='lat' dir='ltr'><strong>recte,</strong></span> <span class='ocrx_word' id='word_1_218' title='bbox 1960 2629 2024 2692; x_wconf 93' lang='lat' dir='ltr'><strong>id</strong></span> <span class='ocrx_word' id='word_1_219' title='bbox 2073 2638 2170 2692; x_wconf 89' lang='lat' dir='ltr'><strong>est</strong></span> <span class='ocrx_word' id='word_1_220' title='bbox 2217 2647 2365 2693; x_wconf 83' lang='lat' dir='ltr'><strong>vere</strong></span> 
     </span>
     <span class='ocr_line' id='line_1_38' title="bbox 865 2727 2366 2811; baseline -0.001 -20"><span class='ocrx_word' id='word_1_221' title='bbox 865 2747 938 2792; x_wconf 92' lang='lat' dir='ltr'><strong>ac</strong></span> <span class='ocrx_word' id='word_1_222' title='bbox 976 2729 1170 2811; x_wconf 85' lang='lat' dir='ltr'><strong>juste,</strong></span> <span class='ocrx_word' id='word_1_223' title='bbox 1211 2730 1402 2796; x_wconf 78' lang='lat' dir='ltr'><strong>dicis,</strong></span> <span class='ocrx_word' id='word_1_224' title='bbox 1439 2747 1726 2791; x_wconf 89' lang='lat' dir='ltr'><strong>seorsum</strong></span> <span class='ocrx_word' id='word_1_225' title='bbox 1777 2727 2118 2810; x_wconf 89' lang='lat' dir='ltr'><strong>loquend0,</strong></span> <span class='ocrx_word' id='word_1_226' title='bbox 2153 2738 2213 2789; x_wconf 77' lang='lat' dir='ltr'><strong>et</strong></span> <span class='ocrx_word' id='word_1_227' title='bbox 2254 2733 2366 2790; x_wconf 86' lang='lat' dir='ltr'><strong>do-</strong></span> 
     </span>
     <span class='ocr_line' id='line_1_39' title="bbox 861 2800 2366 2910; baseline -0.001 -22"><span class='ocrx_word' id='word_1_228' title='bbox 861 2847 979 2902; x_wconf 82' lang='lat' dir='ltr'><strong>ces,</strong></span> <span class='ocrx_word' id='word_1_229' title='bbox 1014 2827 1273 2910; x_wconf 90' lang='lat' dir='ltr'><strong>publice</strong></span> <span class='ocrx_word' id='word_1_230' title='bbox 1312 2800 1734 2909; x_wconf 44' lang='lat' dir='ltr'><strong>praedicandoi</strong></span> <span class='ocrx_word' id='word_1_231' title='bbox 1768 2826 1980 2901; x_wconf 90' lang='lat' dir='ltr'><strong>Porro,</strong></span> <span class='ocrx_word' id='word_1_232' title='bbox 2017 2834 2087 2889; x_wconf 92' lang='lat' dir='ltr'><strong>ut</strong></span> <span class='ocrx_word' id='word_1_233' title='bbox 2121 2827 2211 2888; x_wconf 90' lang='lat' dir='ltr'><strong>ait</strong></span> <span class='ocrx_word' id='word_1_234' title='bbox 2238 2825 2366 2888; x_wconf 84' lang='lat' dir='ltr'><strong>An-</strong></span> 
     </span>
     <span class='ocr_line' id='line_1_40' title="bbox 861 2923 2363 3000; baseline 0 -13"><span class='ocrx_word' id='word_1_235' title='bbox 861 2925 1124 3000; x_wconf 79' lang='lat' dir='ltr'><strong>selmuS‚</strong></span> <span class='ocrx_word' id='word_1_236' title='bbox 1178 2925 1408 2988; x_wconf 85' lang='lat' dir='ltr'><strong>veritas</strong></span> <span class='ocrx_word' id='word_1_237' title='bbox 1465 2933 1562 2987; x_wconf 91' lang='lat' dir='ltr'><strong>est</strong></span> <span class='ocrx_word' id='word_1_238' title='bbox 1611 2925 1922 2988; x_wconf 88' lang='lat' dir='ltr'><strong>rectitudo</strong></span> <span class='ocrx_word' id='word_1_239' title='bbox 1970 2923 2101 2987; x_wconf 90' lang='lat' dir='ltr'><strong>sola</strong></span> <span class='ocrx_word' id='word_1_240' title='bbox 2150 2933 2363 2987; x_wconf 91' lang='lat' dir='ltr'><strong>mente</strong></span> 
     </span>
    </p>
   </div>
   <div class='ocr_carea' id='block_1_12' title="bbox 2474 1942 4019 3006">
    <p class='ocr_par' dir='ltr' id='par_1_13' title="bbox 2474 1942 4019 3006">
     <span class='ocr_line' id='line_1_41' title="bbox 2562 1942 3975 2010; baseline -0.001 -8"><span class='ocrx_word' id='word_1_241' title='bbox 2562 1943 2741 2002; x_wconf 78' lang='lat' dir='ltr'><strong>Licet</strong></span> <span class='ocrx_word' id='word_1_242' title='bbox 2789 1944 2970 2001; x_wconf 82' lang='lat' dir='ltr'><strong>nobis</strong></span> <span class='ocrx_word' id='word_1_243' title='bbox 3020 1943 3339 2002; x_wconf 77' lang='lat' dir='ltr'><strong>tributum</strong></span> <span class='ocrx_word' id='word_1_244' title='bbox 3384 1943 3545 2001; x_wconf 86' lang='lat' dir='ltr'><strong>dare</strong></span> <span class='ocrx_word' id='word_1_245' title='bbox 3592 1942 3858 2010; x_wconf 80' lang='lat' dir='ltr'><strong>Caesari,</strong></span> <span class='ocrx_word' id='word_1_246' title='bbox 3886 1961 3975 2001; x_wconf 79' lang='lat' dir='ltr'><strong>an</strong></span> 
     </span>
     <span class='ocr_line' id='line_1_42' title="bbox 2480 2037 3979 2121; baseline 0.001 -21"><span class='ocrx_word' id='word_1_247' title='bbox 2480 2059 2610 2100; x_wconf 82' lang='lat' dir='ltr'><strong>non</strong></span> <span class='ocrx_word' id='word_1_248' title='bbox 2632 2041 2663 2099; x_wconf 84' lang='lat'><em>?</em></span> <span class='ocrx_word' id='word_1_249' title='bbox 2691 2038 3028 2121; x_wconf 88' lang='lat' dir='ltr'><strong>Pompeius</strong></span> <span class='ocrx_word' id='word_1_250' title='bbox 3069 2038 3369 2121; x_wconf 88' lang='lat' dir='ltr'><strong>princeps</strong></span> <span class='ocrx_word' id='word_1_251' title='bbox 3402 2037 3743 2113; x_wconf 82' lang='lat' dir='ltr'><strong>RomanuS,</strong></span> <span class='ocrx_word' id='word_1_252' title='bbox 3772 2038 3979 2101; x_wconf 76' lang='lat' dir='ltr'><strong>suda&gt;-</strong></span> 
     </span>
     <span class='ocr_line' id='line_1_43' title="bbox 2478 2135 3978 2218; baseline 0.001 -20"><span class='ocrx_word' id='word_1_253' title='bbox 2478 2156 2580 2198; x_wconf 90' lang='lat' dir='ltr'><strong>am</strong></span> <span class='ocrx_word' id='word_1_254' title='bbox 2632 2136 3000 2218; x_wconf 80' lang='lat' dir='ltr'><strong>subjugavit</strong></span> <span class='ocrx_word' id='word_1_255' title='bbox 3048 2135 3367 2210; x_wconf 80' lang='lat' dir='ltr'><strong>RomaniS,</strong></span> <span class='ocrx_word' id='word_1_256' title='bbox 3418 2144 3481 2198; x_wconf 89' lang='lat' dir='ltr'><strong>et</strong></span> <span class='ocrx_word' id='word_1_257' title='bbox 3531 2155 3607 2198; x_wconf 86' lang='lat' dir='ltr'><strong>ex</strong></span> <span class='ocrx_word' id='word_1_258' title='bbox 3654 2143 3809 2198; x_wconf 87' lang='lat' dir='ltr'><strong>tunc</strong></span> <span class='ocrx_word' id='word_1_259' title='bbox 3858 2135 3978 2199; x_wconf 86' lang='lat' dir='ltr'><strong>Ro-</strong></span> 
     </span>
     <span class='ocr_line' id='line_1_44' title="bbox 2478 2235 3976 2317; baseline 0.001 -21"><span class='ocrx_word' id='word_1_260' title='bbox 2478 2235 2649 2297; x_wconf 87' lang='lat' dir='ltr'><strong>mani</strong></span> <span class='ocrx_word' id='word_1_261' title='bbox 2689 2243 3038 2317; x_wconf 85' lang='lat' dir='ltr'><strong>exegerunt</strong></span> <span class='ocrx_word' id='word_1_262' title='bbox 3074 2255 3112 2297; x_wconf 88' lang='lat' dir='ltr'><strong>a</strong></span> <span class='ocrx_word' id='word_1_263' title='bbox 3136 2235 3365 2298; x_wconf 82' lang='lat' dir='ltr'><strong>Judaeis</strong></span> <span class='ocrx_word' id='word_1_264' title='bbox 3405 2235 3717 2298; x_wconf 90' lang='lat' dir='ltr'><strong>tributum</strong></span> <span class='ocrx_word' id='word_1_265' title='bbox 3754 2255 3767 2298; x_wconf 92' lang='lat'>:</span> <span class='ocrx_word' id='word_1_266' title='bbox 3800 2236 3976 2317; x_wconf 87' lang='lat' dir='ltr'><strong>quod</strong></span> 
     </span>
     <span class='ocr_line' id='line_1_45' title="bbox 2479 2333 3979 2398; baseline 0.001 -3"><span class='ocrx_word' id='word_1_267' title='bbox 2479 2341 2540 2395; x_wconf 91' lang='lat' dir='ltr'><strong>et</strong></span> <span class='ocrx_word' id='word_1_268' title='bbox 2574 2334 2769 2398; x_wconf 78' lang='lat' dir='ltr'><strong>J&#39;udaei</strong></span> <span class='ocrx_word' id='word_1_269' title='bbox 2813 2335 3159 2398; x_wconf 89' lang='lat' dir='ltr'><strong>solverunt.</strong></span> <span class='ocrx_word' id='word_1_270' title='bbox 3195 2333 3597 2396; x_wconf 87' lang='lat' dir='ltr'><strong>Postmodum</strong></span> <span class='ocrx_word' id='word_1_271' title='bbox 3635 2333 3875 2396; x_wconf 85' lang='lat' dir='ltr'><strong>Scribis</strong></span> <span class='ocrx_word' id='word_1_272' title='bbox 3915 2342 3979 2396; x_wconf 88' lang='lat' dir='ltr'><strong>et</strong></span> 
     </span>
     <span class='ocr_line' id='line_1_46' title="bbox 2477 2432 3979 2514; baseline 0.001 -20"><span class='ocrx_word' id='word_1_273' title='bbox 2477 2432 2803 2497; x_wconf 83' lang='lat' dir='ltr'><strong>Pharisaeis</strong></span> <span class='ocrx_word' id='word_1_274' title='bbox 2854 2433 3063 2496; x_wconf 88' lang='lat' dir='ltr'><strong>visum</strong></span> <span class='ocrx_word' id='word_1_275' title='bbox 3113 2441 3229 2511; x_wconf 90' lang='lat' dir='ltr'><strong>est,</strong></span> <span class='ocrx_word' id='word_1_276' title='bbox 3272 2432 3539 2507; x_wconf 83' lang='lat' dir='ltr'><strong>Judaeos,</strong></span> <span class='ocrx_word' id='word_1_277' title='bbox 3592 2440 3810 2514; x_wconf 88' lang='lat' dir='ltr'><strong>utpote</strong></span> <span class='ocrx_word' id='word_1_278' title='bbox 3863 2451 3979 2514; x_wconf 90' lang='lat' dir='ltr'><strong>po—</strong></span> 
     </span>
     <span class='ocr_line' id='line_1_47' title="bbox 2475 2530 4019 2615; baseline 0.001 -23"><span class='ocrx_word' id='word_1_279' title='bbox 2475 2532 2703 2612; x_wconf 91' lang='lat' dir='ltr'><strong>pulum</strong></span> <span class='ocrx_word' id='word_1_280' title='bbox 2741 2531 2852 2593; x_wconf 91' lang='lat' dir='ltr'><strong>Dei</strong></span> <span class='ocrx_word' id='word_1_281' title='bbox 2895 2531 3303 2615; x_wconf 87' lang='lat' dir='ltr'><strong>peculiarem,</strong></span> <span class='ocrx_word' id='word_1_282' title='bbox 3338 2549 3466 2594; x_wconf 90' lang='lat' dir='ltr'><strong>non</strong></span> <span class='ocrx_word' id='word_1_283' title='bbox 3506 2531 3736 2593; x_wconf 91' lang='lat' dir='ltr'><strong>debere</strong></span> <span class='ocrx_word' id='word_1_284' title='bbox 3772 2530 3981 2593; x_wconf 89' lang='lat' dir='ltr'><strong>tribu-</strong></span> <span class='ocrx_word' id='word_1_285' title='bbox 4016 2541 4019 2544; x_wconf 82' lang='grc'><em>“</em></span> 
     </span>
     <span class='ocr_line' id='line_1_48' title="bbox 2475 2629 3980 2713; baseline 0.001 -23"><span class='ocrx_word' id='word_1_286' title='bbox 2475 2637 2611 2692; x_wconf 89' lang='lat' dir='ltr'><strong>tum</strong></span> <span class='ocrx_word' id='word_1_287' title='bbox 2662 2631 2810 2692; x_wconf 92' lang='lat' dir='ltr'><strong>dare</strong></span> <span class='ocrx_word' id='word_1_288' title='bbox 2858 2630 3127 2693; x_wconf 88' lang='lat' dir='ltr'><strong>terrenis</strong></span> <span class='ocrx_word' id='word_1_289' title='bbox 3178 2629 3601 2713; x_wconf 87' lang='lat' dir='ltr'><strong>principibus,</strong></span> <span class='ocrx_word' id='word_1_290' title='bbox 3656 2648 3772 2692; x_wconf 92' lang='lat' dir='ltr'><strong>nec</strong></span> <span class='ocrx_word' id='word_1_291' title='bbox 3818 2630 3980 2711; x_wconf 81' lang='lat' dir='ltr'><strong>legi-</strong></span> 
     </span>
     <span class='ocr_line' id='line_1_49' title="bbox 2476 2727 3978 2809; baseline 0.001 -21"><span class='ocrx_word' id='word_1_292' title='bbox 2476 2727 2595 2789; x_wconf 92' lang='lat' dir='ltr'><strong>bus</strong></span> <span class='ocrx_word' id='word_1_293' title='bbox 2645 2728 2975 2809; x_wconf 87' lang='lat' dir='ltr'><strong>subjacere</strong></span> <span class='ocrx_word' id='word_1_294' title='bbox 3024 2728 3343 2804; x_wconf 82' lang='lat' dir='ltr'><strong>humaniS‚</strong></span> <span class='ocrx_word' id='word_1_295' title='bbox 3375 2728 3530 2809; x_wconf 90' lang='lat' dir='ltr'><strong>quia</strong></span> <span class='ocrx_word' id='word_1_296' title='bbox 3570 2728 3783 2791; x_wconf 84' lang='lat' dir='ltr'><strong>divina</strong></span> <span class='ocrx_word' id='word_1_297' title='bbox 3834 2728 3978 2809; x_wconf 82' lang='lat' dir='ltr'><strong>lege</strong></span> 
     </span>
     <span class='ocr_line' id='line_1_50' title="bbox 2475 2826 3980 2909; baseline 0.002 -23"><span class='ocrx_word' id='word_1_298' title='bbox 2475 2826 2876 2906; x_wconf 85' lang='lat' dir='ltr'><strong>regebantur,</strong></span> <span class='ocrx_word' id='word_1_299' title='bbox 2908 2834 3099 2909; x_wconf 89' lang='lat' dir='ltr'><strong>atque</strong></span> <span class='ocrx_word' id='word_1_300' title='bbox 3139 2827 3203 2889; x_wconf 90' lang='lat' dir='ltr'><strong>in</strong></span> <span class='ocrx_word' id='word_1_301' title='bbox 3245 2827 3485 2909; x_wconf 88' lang='lat' dir='ltr'><strong>templo</strong></span> <span class='ocrx_word' id='word_1_302' title='bbox 3528 2827 3800 2889; x_wconf 84' lang='lat' dir='ltr'><strong>decimas</strong></span> <span class='ocrx_word' id='word_1_303' title='bbox 3846 2827 3980 2909; x_wconf 87' lang='lat' dir='ltr'><strong>pri-</strong></span> 
     </span>
     <span class='ocr_line' id='line_1_51' title="bbox 2474 2924 3979 3006; baseline 0 -20"><span class='ocrx_word' id='word_1_304' title='bbox 2474 2925 2814 3006; x_wconf 88' lang='lat' dir='ltr'><strong>mitiasque</strong></span> <span class='ocrx_word' id='word_1_305' title='bbox 2860 2926 3208 2989; x_wconf 88' lang='lat' dir='ltr'><strong>solvebant.</strong></span> <span class='ocrx_word' id='word_1_306' title='bbox 3246 2924 3633 2998; x_wconf 86' lang='lat' dir='ltr'><strong>Quibusdam</strong></span> <span class='ocrx_word' id='word_1_307' title='bbox 3677 2943 3827 2989; x_wconf 81' lang='lat' dir='ltr'><strong>vero</strong></span> <span class='ocrx_word' id='word_1_308' title='bbox 3872 2925 3979 2987; x_wconf 86' lang='lat' dir='ltr'><strong>Ju-</strong></span> 
     </span>
    </p>
   </div>
   <div class='ocr_carea' id='block_1_13' title="bbox 865 3021 3981 3107">
    <p class='ocr_par' dir='ltr' id='par_1_14' title="bbox 865 3021 3981 3107">
     <span class='ocr_line' id='line_1_52' title="bbox 865 3021 3981 3107; baseline 0.001 -23"><span class='ocrx_word' id='word_1_309' title='bbox 865 3023 1324 3105; x_wconf 80' lang='lat' dir='ltr'><strong>perceptibiliS.</strong></span> <span class='ocrx_word' id='word_1_310' title='bbox 1378 3027 1464 3084; x_wconf 80' lang='lat' dir='ltr'><strong>Et</strong></span> <span class='ocrx_word' id='word_1_311' title='bbox 1518 3043 1651 3084; x_wconf 78' lang='lat' dir='ltr'><strong>non</strong></span> <span class='ocrx_word' id='word_1_312' title='bbox 1703 3025 1944 3101; x_wconf 81' lang='lat' dir='ltr'><strong>accipis</strong></span> <span class='ocrx_word' id='word_1_313' title='bbox 1991 3042 2362 3100; x_wconf 81' lang='lat' dir='ltr'><strong>personam,</strong></span> <span class='ocrx_word' id='word_1_314' title='bbox 2402 3021 2446 3085; x_wconf 90' lang='lat' dir='ltr'>C</span> <span class='ocrx_word' id='word_1_315' title='bbox 2475 3023 2626 3085; x_wconf 85' lang='lat' dir='ltr'><strong>daeis</strong></span> <span class='ocrx_word' id='word_1_316' title='bbox 2676 3024 3012 3086; x_wconf 86' lang='lat' dir='ltr'><strong>videbatur</strong></span> <span class='ocrx_word' id='word_1_317' title='bbox 3062 3025 3450 3107; x_wconf 89' lang='lat' dir='ltr'><strong>oppositum,</strong></span> <span class='ocrx_word' id='word_1_318' title='bbox 3500 3041 3577 3086; x_wconf 93' lang='lat' dir='ltr'><strong>eo</strong></span> <span class='ocrx_word' id='word_1_319' title='bbox 3627 3023 3795 3104; x_wconf 92' lang='lat' dir='ltr'><strong>quod</strong></span> <span class='ocrx_word' id='word_1_320' title='bbox 3860 3022 3981 3087; x_wconf 85' lang='lat' dir='ltr'><strong>Ro-</strong></span> 
     </span>
    </p>
   </div>
   <div class='ocr_carea' id='block_1_14' title="bbox 853 3121 2363 4187">
    <p class='ocr_par' dir='ltr' id='par_1_15' title="bbox 853 3121 2363 4187">
     <span class='ocr_line' id='line_1_53' title="bbox 863 3121 2360 3195; baseline -0.001 -11"><span class='ocrx_word' id='word_1_321' title='bbox 863 3122 985 3185; x_wconf 92' lang='lat' dir='ltr'><strong>hoc</strong></span> <span class='ocrx_word' id='word_1_322' title='bbox 1013 3128 1128 3195; x_wconf 91' lang='lat' dir='ltr'><strong>est,</strong></span> <span class='ocrx_word' id='word_1_323' title='bbox 1163 3122 1406 3185; x_wconf 89' lang='lat' dir='ltr'><strong>nullius</strong></span> <span class='ocrx_word' id='word_1_324' title='bbox 1444 3121 1681 3183; x_wconf 90' lang='lat' dir='ltr'><strong>intuitu</strong></span> <span class='ocrx_word' id='word_1_325' title='bbox 1720 3127 1829 3183; x_wconf 93' lang='lat' dir='ltr'><strong>aut</strong></span> <span class='ocrx_word' id='word_1_326' title='bbox 1861 3139 2074 3183; x_wconf 91' lang='lat' dir='ltr'><strong>amore</strong></span> <span class='ocrx_word' id='word_1_327' title='bbox 2119 3122 2360 3184; x_wconf 89' lang='lat' dir='ltr'><strong>recedis</strong></span> 
     </span>
     <span class='ocr_line' id='line_1_54' title="bbox 865 3219 2363 3301; baseline -0.001 -19"><span class='ocrx_word' id='word_1_328' title='bbox 865 3238 902 3282; x_wconf 85' lang='lat' dir='ltr'><strong>a</strong></span> <span class='ocrx_word' id='word_1_329' title='bbox 939 3219 1202 3282; x_wconf 86' lang='lat' dir='ltr'><strong>veritate</strong></span> <span class='ocrx_word' id='word_1_330' title='bbox 1243 3227 1306 3282; x_wconf 89' lang='lat' dir='ltr'><strong>et</strong></span> <span class='ocrx_word' id='word_1_331' title='bbox 1351 3219 1668 3300; x_wconf 81' lang='lat' dir='ltr'><strong>aequitate,</strong></span> <span class='ocrx_word' id='word_1_332' title='bbox 1704 3236 1822 3281; x_wconf 90' lang='lat' dir='ltr'><strong>nec</strong></span> <span class='ocrx_word' id='word_1_333' title='bbox 1863 3227 2080 3282; x_wconf 86' lang='lat' dir='ltr'><strong>contra</strong></span> <span class='ocrx_word' id='word_1_334' title='bbox 2125 3219 2363 3301; x_wconf 85' lang='lat' dir='ltr'><strong>justiti-</strong></span> 
     </span>
     <span class='ocr_line' id='line_1_55' title="bbox 864 3315 2363 3400; baseline 0.001 -21"><span class='ocrx_word' id='word_1_335' title='bbox 864 3335 966 3379; x_wconf 86' lang='lat' dir='ltr'><strong>am</strong></span> <span class='ocrx_word' id='word_1_336' title='bbox 994 3317 1186 3379; x_wconf 84' lang='lat' dir='ltr'><strong>alicui</strong></span> <span class='ocrx_word' id='word_1_337' title='bbox 1227 3316 1456 3398; x_wconf 87' lang='lat' dir='ltr'><strong>parcis.</strong></span> <span class='ocrx_word' id='word_1_338' title='bbox 1491 3316 1666 3379; x_wconf 89' lang='lat' dir='ltr'><strong>Unde</strong></span> <span class='ocrx_word' id='word_1_339' title='bbox 1710 3317 1775 3378; x_wconf 93' lang='lat' dir='ltr'><strong>in</strong></span> <span class='ocrx_word' id='word_1_340' title='bbox 1806 3315 2069 3379; x_wconf 91' lang='lat' dir='ltr'><strong>Actibus</strong></span> <span class='ocrx_word' id='word_1_341' title='bbox 2099 3318 2363 3400; x_wconf 86' lang='lat' dir='ltr'><strong>Aposto-</strong></span> 
     </span>
     <span class='ocr_line' id='line_1_56' title="bbox 865 3415 2361 3498; baseline 0 -19"><span class='ocrx_word' id='word_1_342' title='bbox 865 3416 1074 3479; x_wconf 87' lang='lat' dir='ltr'><strong>lorum</strong></span> <span class='ocrx_word' id='word_1_343' title='bbox 1121 3417 1345 3478; x_wconf 84' lang='lat' dir='ltr'><strong>asserit</strong></span> <span class='ocrx_word' id='word_1_344' title='bbox 1392 3415 1611 3478; x_wconf 88' lang='lat' dir='ltr'><strong>Petrus</strong></span> <span class='ocrx_word' id='word_1_345' title='bbox 1646 3434 1660 3478; x_wconf 93' lang='lat'><strong>:</strong></span> <span class='ocrx_word' id='word_1_346' title='bbox 1695 3417 1761 3478; x_wconf 90' lang='lat' dir='ltr'><strong>In</strong></span> <span class='ocrx_word' id='word_1_347' title='bbox 1804 3415 2066 3478; x_wconf 86' lang='lat' dir='ltr'><strong>veritate</strong></span> <span class='ocrx_word' id='word_1_348' title='bbox 2107 3435 2361 3498; x_wconf 91' lang='lat' dir='ltr'><strong>compe-</strong></span> 
     </span>
     <span class='ocr_line' id='line_1_57' title="bbox 866 3514 2361 3596; baseline 0.001 -21"><span class='ocrx_word' id='word_1_349' title='bbox 866 3514 942 3588; x_wconf 91' lang='lat' dir='ltr'><strong>ri,</strong></span> <span class='ocrx_word' id='word_1_350' title='bbox 975 3515 1279 3596; x_wconf 84' lang='lat' dir='ltr'><strong>quoniam</strong></span> <span class='ocrx_word' id='word_1_351' title='bbox 1311 3533 1437 3577; x_wconf 89' lang='lat' dir='ltr'><strong>non</strong></span> <span class='ocrx_word' id='word_1_352' title='bbox 1479 3521 1574 3575; x_wconf 92' lang='lat' dir='ltr'><strong>est</strong></span> <span class='ocrx_word' id='word_1_353' title='bbox 1614 3531 2029 3596; x_wconf 88' lang='lat' dir='ltr'><strong>personarum</strong></span> <span class='ocrx_word' id='word_1_354' title='bbox 2067 3523 2361 3595; x_wconf 88' lang='lat' dir='ltr'><strong>acceptor</strong></span> 
     </span>
     <span class='ocr_line' id='line_1_58' title="bbox 865 3611 2363 3694; baseline 0 -20"><span class='ocrx_word' id='word_1_355' title='bbox 865 3611 1041 3674; x_wconf 91' lang='lat' dir='ltr'><strong>Deus.</strong></span> <span class='ocrx_word' id='word_1_356' title='bbox 1058 3612 1259 3693; x_wconf 87' lang='lat' dir='ltr'><strong>Hujus</strong></span> <span class='ocrx_word' id='word_1_357' title='bbox 1291 3611 1675 3675; x_wconf 88' lang='lat' dir='ltr'><strong>contrarium</strong></span> <span class='ocrx_word' id='word_1_358' title='bbox 1707 3620 1898 3692; x_wconf 81' lang='lat' dir='ltr'><strong>agunt</strong></span> <span class='ocrx_word' id='word_1_359' title='bbox 1924 3611 2179 3692; x_wconf 90' lang='lat' dir='ltr'><strong>quidam</strong></span> <span class='ocrx_word' id='word_1_360' title='bbox 2215 3631 2363 3694; x_wconf 84' lang='lat' dir='ltr'><strong>prae-</strong></span> 
     </span>
     <span class='ocr_line' id='line_1_59' title="bbox 863 3709 2361 3793; baseline 0 -20"><span class='ocrx_word' id='word_1_361' title='bbox 863 3711 994 3785; x_wconf 87' lang='lat' dir='ltr'><strong>lati,</strong></span> <span class='ocrx_word' id='word_1_362' title='bbox 1031 3711 1375 3793; x_wconf 84' lang='lat' dir='ltr'><strong>principeS,</strong></span> <span class='ocrx_word' id='word_1_363' title='bbox 1407 3710 1782 3791; x_wconf 88' lang='lat' dir='ltr'><strong>judicesque</strong></span> <span class='ocrx_word' id='word_1_364' title='bbox 1821 3709 2066 3790; x_wconf 90' lang='lat' dir='ltr'><strong>injusti,</strong></span> <span class='ocrx_word' id='word_1_365' title='bbox 2103 3711 2215 3771; x_wconf 90' lang='lat' dir='ltr'><strong>uni</strong></span> <span class='ocrx_word' id='word_1_366' title='bbox 2255 3712 2361 3773; x_wconf 92' lang='lat' dir='ltr'><strong>de-</strong></span> 
     </span>
     <span class='ocr_line' id='line_1_60' title="bbox 859 3807 2359 3891; baseline 0.001 -21"><span class='ocrx_word' id='word_1_367' title='bbox 859 3809 1312 3891; x_wconf 89' lang='lat' dir='ltr'><strong>linquentium,</strong></span> <span class='ocrx_word' id='word_1_368' title='bbox 1352 3808 1703 3890; x_wconf 83' lang='lat' dir='ltr'><strong>praesertim</strong></span> <span class='ocrx_word' id='word_1_369' title='bbox 1737 3807 2224 3889; x_wconf 81' lang='lat' dir='ltr'><strong>potentioribuS,</strong></span> <span class='ocrx_word' id='word_1_370' title='bbox 2259 3827 2359 3871; x_wconf 90' lang='lat' dir='ltr'><strong>ca—</strong></span> 
     </span>
     <span class='ocr_line' id='line_1_61' title="bbox 859 3905 2359 3990; baseline 0.001 -22"><span class='ocrx_word' id='word_1_371' title='bbox 859 3907 1135 3972; x_wconf 88' lang='lat' dir='ltr'><strong>rioribus</strong></span> <span class='ocrx_word' id='word_1_372' title='bbox 1185 3905 1836 3990; x_wconf 87' lang='lat' dir='ltr'><strong>propinquioribusve</strong></span> <span class='ocrx_word' id='word_1_373' title='bbox 1891 3914 2243 3988; x_wconf 88' lang='lat' dir='ltr'><strong>parcentes,</strong></span> <span class='ocrx_word' id='word_1_374' title='bbox 2296 3915 2359 3970; x_wconf 91' lang='lat' dir='ltr'><strong>et</strong></span> 
     </span>
     <span class='ocr_line' id='line_1_62' title="bbox 853 4003 2357 4088; baseline 0.001 -20"><span class='ocrx_word' id='word_1_375' title='bbox 853 4005 1126 4068; x_wconf 85' lang='lat' dir='ltr'><strong>alterum</strong></span> <span class='ocrx_word' id='word_1_376' title='bbox 1175 4005 1534 4088; x_wconf 81' lang='lat' dir='ltr'><strong>punientes,</strong></span> <span class='ocrx_word' id='word_1_377' title='bbox 1569 4003 1830 4086; x_wconf 88' lang='lat' dir='ltr'><strong>Propter</strong></span> <span class='ocrx_word' id='word_1_378' title='bbox 1876 4006 2046 4085; x_wconf 90' lang='lat' dir='ltr'><strong>quod</strong></span> <span class='ocrx_word' id='word_1_379' title='bbox 2095 4005 2357 4086; x_wconf 89' lang='lat' dir='ltr'><strong>quidam</strong></span> 
     </span>
     <span class='ocr_line' id='line_1_63' title="bbox 856 4102 2359 4187; baseline 0.001 -21"><span class='ocrx_word' id='word_1_380' title='bbox 856 4105 1275 4187; x_wconf 89' lang='lat' dir='ltr'><strong>philosophus</strong></span> <span class='ocrx_word' id='word_1_381' title='bbox 1315 4105 1484 4184; x_wconf 82' lang='lat' dir='ltr'><strong>leges</strong></span> <span class='ocrx_word' id='word_1_382' title='bbox 1524 4104 1892 4185; x_wconf 90' lang='lat' dir='ltr'><strong>principum</strong></span> <span class='ocrx_word' id='word_1_383' title='bbox 1931 4102 2074 4164; x_wconf 90' lang='lat' dir='ltr'><strong>telis</strong></span> <span class='ocrx_word' id='word_1_384' title='bbox 2105 4122 2359 4187; x_wconf 88' lang='lat' dir='ltr'><strong>compa-</strong></span> 
     </span>
    </p>
   </div>
   <div class='ocr_carea' id='block_1_15' title="bbox 2466 3121 3980 4187">
    <p class='ocr_par' dir='ltr' id='par_1_16' title="bbox 2466 3121 3980 4187">
     <span class='ocr_line' id='line_1_64' title="bbox 2474 3121 3980 3204; baseline 0.001 -22"><span class='ocrx_word' id='word_1_385' title='bbox 2474 3121 2644 3182; x_wconf 90' lang='lat' dir='ltr'><strong>mani</strong></span> <span class='ocrx_word' id='word_1_386' title='bbox 2695 3140 2813 3203; x_wconf 93' lang='lat' dir='ltr'><strong>pro</strong></span> <span class='ocrx_word' id='word_1_387' title='bbox 2851 3141 3006 3204; x_wconf 87' lang='lat' dir='ltr'><strong>pace</strong></span> <span class='ocrx_word' id='word_1_388' title='bbox 3055 3121 3411 3184; x_wconf 78' lang='lat' dir='ltr'><strong>militabant</strong></span> <span class='ocrx_word' id='word_1_389' title='bbox 3448 3121 3791 3184; x_wconf 91' lang='lat' dir='ltr'><strong>communi.</strong></span> <span class='ocrx_word' id='word_1_390' title='bbox 3828 3121 3980 3184; x_wconf 85' lang='lat' dir='ltr'><strong>ldeo</strong></span> 
     </span>
     <span class='ocr_line' id='line_1_65' title="bbox 2474 3219 3977 3303; baseline 0 -21"><span class='ocrx_word' id='word_1_391' title='bbox 2474 3219 2723 3284; x_wconf 88' lang='lat' dir='ltr'><strong>Christo</strong></span> <span class='ocrx_word' id='word_1_392' title='bbox 2781 3229 3252 3303; x_wconf 85' lang='lat' dir='ltr'><strong>proposuerunt</strong></span> <span class='ocrx_word' id='word_1_393' title='bbox 3306 3220 3721 3302; x_wconf 84' lang='lat' dir='ltr'><strong>quaestionem</strong></span> <span class='ocrx_word' id='word_1_394' title='bbox 3782 3221 3977 3282; x_wconf 85' lang='lat' dir='ltr'><strong>istam</strong></span> 
     </span>
     <span class='ocr_line' id='line_1_66' title="bbox 2472 3318 3975 3400; baseline 0.002 -21"><span class='ocrx_word' id='word_1_395' title='bbox 2472 3318 3038 3393; x_wconf 89' lang='lat' dir='ltr'><strong>determinandam,</strong></span> <span class='ocrx_word' id='word_1_396' title='bbox 3108 3326 3421 3400; x_wconf 86' lang='lat' dir='ltr'><strong>quatenus</strong></span> <span class='ocrx_word' id='word_1_397' title='bbox 3486 3318 3800 3400; x_wconf 90' lang='lat' dir='ltr'><strong>quidquid</strong></span> <span class='ocrx_word' id='word_1_398' title='bbox 3874 3337 3975 3382; x_wconf 88' lang='lat' dir='ltr'><strong>re·</strong></span> 
     </span>
     <span class='ocr_line' id='line_1_67' title="bbox 2470 3416 3979 3500; baseline 0.001 -22"><span class='ocrx_word' id='word_1_399' title='bbox 2470 3418 2834 3498; x_wconf 88' lang='lat' dir='ltr'><strong>sponderet,</strong></span> <span class='ocrx_word' id='word_1_400' title='bbox 2890 3417 3479 3500; x_wconf 87' lang='lat' dir='ltr'><strong>reprehenderetur.</strong></span> <span class='ocrx_word' id='word_1_401' title='bbox 3531 3416 3597 3480; x_wconf 92' lang='lat' dir='ltr'><strong>Si</strong></span> <span class='ocrx_word' id='word_1_402' title='bbox 3654 3417 3824 3479; x_wconf 90' lang='lat' dir='ltr'><strong>enim</strong></span> <span class='ocrx_word' id='word_1_403' title='bbox 3880 3419 3979 3480; x_wconf 89' lang='lat' dir='ltr'><strong>di-</strong></span> 
     </span>
     <span class='ocr_line' id='line_1_68' title="bbox 2470 3515 3979 3591; baseline 0 -13"><span class='ocrx_word' id='word_1_404' title='bbox 2470 3523 2641 3578; x_wconf 90' lang='lat' dir='ltr'><strong>ceret</strong></span> <span class='ocrx_word' id='word_1_405' title='bbox 2672 3535 2797 3580; x_wconf 90' lang='lat' dir='ltr'><strong>non</strong></span> <span class='ocrx_word' id='word_1_406' title='bbox 2828 3533 2967 3578; x_wconf 90' lang='lat' dir='ltr'><strong>esse</strong></span> <span class='ocrx_word' id='word_1_407' title='bbox 3002 3515 3399 3591; x_wconf 87' lang='lat' dir='ltr'><strong>solvendum,</strong></span> <span class='ocrx_word' id='word_1_408' title='bbox 3433 3535 3579 3578; x_wconf 84' lang='lat' dir='ltr'><strong>mox</strong></span> <span class='ocrx_word' id='word_1_409' title='bbox 3612 3533 3758 3578; x_wconf 91' lang='lat' dir='ltr'><strong>eum</strong></span> <span class='ocrx_word' id='word_1_410' title='bbox 3786 3534 3979 3578; x_wconf 89' lang='lat' dir='ltr'><strong>accu-</strong></span> 
     </span>
     <span class='ocr_line' id='line_1_69' title="bbox 2472 3613 3976 3696; baseline 0.003 -21"><span class='ocrx_word' id='word_1_411' title='bbox 2472 3623 2682 3676; x_wconf 88' lang='lat' dir='ltr'><strong>sarent</strong></span> <span class='ocrx_word' id='word_1_412' title='bbox 2711 3615 2989 3696; x_wconf 82' lang='lat' dir='ltr'><strong>praesidi,</strong></span> <span class='ocrx_word' id='word_1_413' title='bbox 3022 3621 3325 3695; x_wconf 86' lang='lat' dir='ltr'><strong>tanquam</strong></span> <span class='ocrx_word' id='word_1_414' title='bbox 3356 3613 3659 3676; x_wconf 88' lang='lat' dir='ltr'><strong>rebellem</strong></span> <span class='ocrx_word' id='word_1_415' title='bbox 3688 3613 3976 3679; x_wconf 87' lang='lat' dir='ltr'><strong>Romano</strong></span> 
     </span>
     <span class='ocr_line' id='line_1_70' title="bbox 2472 3711 3977 3794; baseline 0.001 -22"><span class='ocrx_word' id='word_1_416' title='bbox 2472 3711 2791 3794; x_wconf 83' lang='lat' dir='ltr'><strong>imperi03</strong></span> <span class='ocrx_word' id='word_1_417' title='bbox 2844 3713 2897 3774; x_wconf 91' lang='lat' dir='ltr'><strong>si</strong></span> <span class='ocrx_word' id='word_1_418' title='bbox 2958 3729 3107 3776; x_wconf 87' lang='lat' dir='ltr'><strong>vero</strong></span> <span class='ocrx_word' id='word_1_419' title='bbox 3166 3712 3595 3794; x_wconf 90' lang='lat' dir='ltr'><strong>respondisset</strong></span> <span class='ocrx_word' id='word_1_420' title='bbox 3652 3729 3787 3774; x_wconf 89' lang='lat' dir='ltr'><strong>esse</strong></span> <span class='ocrx_word' id='word_1_421' title='bbox 3848 3712 3977 3776; x_wconf 90' lang='lat' dir='ltr'><strong>sol-</strong></span> 
     </span>
     <span class='ocr_line' id='line_1_71' title="bbox 2472 3811 3975 3891; baseline -0.001 -19"><span class='ocrx_word' id='word_1_422' title='bbox 2472 3812 2773 3885; x_wconf 88' lang='lat' dir='ltr'><strong>vendum,</strong></span> <span class='ocrx_word' id='word_1_423' title='bbox 2807 3811 3166 3891; x_wconf 87' lang='lat' dir='ltr'><strong>judicarent</strong></span> <span class='ocrx_word' id='word_1_424' title='bbox 3208 3829 3355 3872; x_wconf 91' lang='lat' dir='ltr'><strong>eum</strong></span> <span class='ocrx_word' id='word_1_425' title='bbox 3406 3811 3622 3874; x_wconf 87' lang='lat' dir='ltr'><strong>divino</strong></span> <span class='ocrx_word' id='word_1_426' title='bbox 3667 3811 3975 3891; x_wconf 86' lang='lat' dir='ltr'><strong>derogare</strong></span> 
     </span>
     <span class='ocr_line' id='line_1_72' title="bbox 2467 3906 3973 3990; baseline 0.001 -21"><span class='ocrx_word' id='word_1_427' title='bbox 2467 3907 2692 3971; x_wconf 90' lang='lat' dir='ltr'><strong>honori</strong></span> <span class='ocrx_word' id='word_1_428' title='bbox 2737 3917 2802 3971; x_wconf 91' lang='lat' dir='ltr'><strong>et</strong></span> <span class='ocrx_word' id='word_1_429' title='bbox 2840 3909 2984 3990; x_wconf 86' lang='lat' dir='ltr'><strong>legi.</strong></span> <span class='ocrx_word' id='word_1_430' title='bbox 3025 3907 3101 3970; x_wconf 88' lang='lat' dir='ltr'><strong>Et</strong></span> <span class='ocrx_word' id='word_1_431' title='bbox 3142 3906 3527 3970; x_wconf 81' lang='lat' dir='ltr'><strong>affectabant</strong></span> <span class='ocrx_word' id='word_1_432' title='bbox 3564 3917 3636 3971; x_wconf 91' lang='lat' dir='ltr'><strong>ut</strong></span> <span class='ocrx_word' id='word_1_433' title='bbox 3678 3908 3973 3972; x_wconf 89' lang='lat' dir='ltr'><strong>Christus</strong></span> 
     </span>
     <span class='ocr_line' id='line_1_73' title="bbox 2466 4005 3975 4070; baseline 0.001 -1"><span class='ocrx_word' id='word_1_434' title='bbox 2466 4007 2703 4069; x_wconf 86' lang='lat' dir='ltr'><strong>diceret</strong></span> <span class='ocrx_word' id='word_1_435' title='bbox 2742 4007 3053 4069; x_wconf 90' lang='lat' dir='ltr'><strong>tributum</strong></span> <span class='ocrx_word' id='word_1_436' title='bbox 3094 4005 3319 4069; x_wconf 84' lang='lat' dir='ltr'><strong>Caesari</strong></span> <span class='ocrx_word' id='word_1_437' title='bbox 3368 4025 3495 4068; x_wconf 88' lang='lat' dir='ltr'><strong>non</strong></span> <span class='ocrx_word' id='word_1_438' title='bbox 3533 4023 3673 4068; x_wconf 88' lang='lat' dir='ltr'><strong>esse</strong></span> <span class='ocrx_word' id='word_1_439' title='bbox 3712 4007 3975 4070; x_wconf 86' lang='lat' dir='ltr'><strong>solven-</strong></span> 
     </span>
     <span class='ocr_line' id='line_1_74' title="bbox 2466 4104 3971 4187; baseline 0.002 -21"><span class='ocrx_word' id='word_1_440' title='bbox 2466 4105 2641 4179; x_wconf 91' lang='lat' dir='ltr'><strong>dum,</strong></span> <span class='ocrx_word' id='word_1_441' title='bbox 2676 4124 2802 4168; x_wconf 92' lang='lat' dir='ltr'><strong>non</strong></span> <span class='ocrx_word' id='word_1_442' title='bbox 2846 4106 2987 4168; x_wconf 92' lang='lat' dir='ltr'><strong>ideo</strong></span> <span class='ocrx_word' id='word_1_443' title='bbox 3027 4104 3466 4187; x_wconf 88' lang='lat' dir='ltr'><strong>principaliter</strong></span> <span class='ocrx_word' id='word_1_444' title='bbox 3496 4113 3567 4166; x_wconf 91' lang='lat' dir='ltr'><strong>ut</strong></span> <span class='ocrx_word' id='word_1_445' title='bbox 3596 4104 3971 4169; x_wconf 87' lang='lat' dir='ltr'><strong>viderentur</strong></span> 
     </span>
    </p>
   </div>
   <div class='ocr_carea' id='block_1_16' title="bbox 857 4200 3971 4284">
    <p class='ocr_par' dir='ltr' id='par_1_17' title="bbox 857 4200 3971 4284">
     <span class='ocr_line' id='line_1_75' title="bbox 857 4200 3971 4284; baseline 0.001 -20"><span class='ocrx_word' id='word_1_446' title='bbox 857 4203 1021 4267; x_wconf 90' lang='lat' dir='ltr'><strong>ravit</strong></span> <span class='ocrx_word' id='word_1_447' title='bbox 1065 4220 1459 4276; x_wconf 88' lang='lat' dir='ltr'><strong>aranearum,</strong></span> <span class='ocrx_word' id='word_1_448' title='bbox 1493 4219 1638 4282; x_wconf 83' lang='lat' dir='ltr'><strong>quae</strong></span> <span class='ocrx_word' id='word_1_449' title='bbox 1687 4200 2134 4264; x_wconf 88' lang='lat' dir='ltr'><strong>imbecilliores</strong></span> <span class='ocrx_word' id='word_1_450' title='bbox 2186 4204 2357 4284; x_wconf 88' lang='lat' dir='ltr'><strong>capi-</strong></span> <span class='ocrx_word' id='word_1_451' title='bbox 2389 4203 2439 4264; x_wconf 93' lang='lat' dir='ltr'>D</span> <span class='ocrx_word' id='word_1_452' title='bbox 2464 4222 2499 4263; x_wconf 87' lang='lat' dir='ltr'><strong>a</strong></span> <span class='ocrx_word' id='word_1_453' title='bbox 2530 4202 2742 4266; x_wconf 89' lang='lat' dir='ltr'><strong>debito</strong></span> <span class='ocrx_word' id='word_1_454' title='bbox 2782 4203 3115 4268; x_wconf 89' lang='lat' dir='ltr'><strong>solutionis</strong></span> <span class='ocrx_word' id='word_1_455' title='bbox 3153 4203 3329 4265; x_wconf 91' lang='lat' dir='ltr'><strong>illius</strong></span> <span class='ocrx_word' id='word_1_456' title='bbox 3367 4203 3708 4278; x_wconf 77' lang='lat' dir='ltr'><strong>immuneS,</strong></span> <span class='ocrx_word' id='word_1_457' title='bbox 3738 4205 3851 4266; x_wconf 88' lang='lat' dir='ltr'><strong>sed</strong></span> <span class='ocrx_word' id='word_1_458' title='bbox 3896 4214 3971 4268; x_wconf 93' lang='lat' dir='ltr'><strong>ut</strong></span> 
     </span>
    </p>
   </div>
   <div class='ocr_carea' id='block_1_17' title="bbox 851 4298 2355 5348">
    <p class='ocr_par' dir='ltr' id='par_1_18' title="bbox 851 4298 2355 5348">
     <span class='ocr_line' id='line_1_76' title="bbox 859 4298 2349 4392; baseline 0 -30"><span class='ocrx_word' id='word_1_459' title='bbox 859 4308 978 4364; x_wconf 89' lang='lat' dir='ltr'><strong>unt</strong></span> <span class='ocrx_word' id='word_1_460' title='bbox 1023 4319 1295 4392; x_wconf 74' lang='lat' dir='ltr'><strong>muscas,</strong></span> <span class='ocrx_word' id='word_1_461' title='bbox 1341 4307 1404 4362; x_wconf 89' lang='lat' dir='ltr'><strong>et</strong></span> <span class='ocrx_word' id='word_1_462' title='bbox 1450 4298 1746 4362; x_wconf 88' lang='lat' dir='ltr'><strong>fortiores</strong></span> <span class='ocrx_word' id='word_1_463' title='bbox 1794 4300 2059 4361; x_wconf 88' lang='lat' dir='ltr'><strong>evadere</strong></span> <span class='ocrx_word' id='word_1_464' title='bbox 2109 4299 2349 4363; x_wconf 91' lang='lat' dir='ltr'><strong>sinunt.</strong></span> 
     </span>
     <span class='ocr_line' id='line_1_77' title="bbox 857 4397 2354 4480; baseline -0.001 -19"><span class='ocrx_word' id='word_1_465' title='bbox 857 4397 1162 4461; x_wconf 90' lang='lat' dir='ltr'><strong>Similiter</strong></span> <span class='ocrx_word' id='word_1_466' title='bbox 1205 4405 1490 4480; x_wconf 88' lang='lat' dir='ltr'><strong>peccant,</strong></span> <span class='ocrx_word' id='word_1_467' title='bbox 1524 4397 1636 4478; x_wconf 92' lang='lat' dir='ltr'><strong>qui</strong></span> <span class='ocrx_word' id='word_1_468' title='bbox 1686 4415 1812 4460; x_wconf 89' lang='lat' dir='ltr'><strong>non</strong></span> <span class='ocrx_word' id='word_1_469' title='bbox 1860 4415 1935 4458; x_wconf 84' lang='lat' dir='ltr'><strong>ex</strong></span> <span class='ocrx_word' id='word_1_470' title='bbox 1987 4397 2245 4460; x_wconf 86' lang='lat' dir='ltr'><strong>caritate</strong></span> <span class='ocrx_word' id='word_1_471' title='bbox 2292 4406 2354 4460; x_wconf 93' lang='lat' dir='ltr'><strong>et</strong></span> 
     </span>
     <span class='ocr_line' id='line_1_78' title="bbox 855 4495 2355 4578; baseline 0.002 -20"><span class='ocrx_word' id='word_1_472' title='bbox 855 4497 990 4561; x_wconf 89' lang='lat' dir='ltr'><strong>zelo</strong></span> <span class='ocrx_word' id='word_1_473' title='bbox 1034 4497 1318 4578; x_wconf 81' lang='lat' dir='ltr'><strong>justitiae,</strong></span> <span class='ocrx_word' id='word_1_474' title='bbox 1353 4497 1464 4558; x_wconf 91' lang='lat' dir='ltr'><strong>sed</strong></span> <span class='ocrx_word' id='word_1_475' title='bbox 1506 4513 1583 4558; x_wconf 82' lang='lat' dir='ltr'><strong>ex</strong></span> <span class='ocrx_word' id='word_1_476' title='bbox 1622 4513 1818 4577; x_wconf 84' lang='lat' dir='ltr'><strong>prava</strong></span> <span class='ocrx_word' id='word_1_477' title='bbox 1866 4495 2095 4570; x_wconf 90' lang='lat' dir='ltr'><strong>radice,</strong></span> <span class='ocrx_word' id='word_1_478' title='bbox 2131 4497 2355 4561; x_wconf 84' lang='lat' dir='ltr'><strong>videli-</strong></span> 
     </span>
     <span class='ocr_line' id='line_1_79' title="bbox 856 4593 2355 4675; baseline 0 -17"><span class='ocrx_word' id='word_1_479' title='bbox 856 4603 955 4658; x_wconf 90' lang='lat' dir='ltr'><strong>cet</strong></span> <span class='ocrx_word' id='word_1_480' title='bbox 983 4595 1150 4670; x_wconf 91' lang='lat' dir='ltr'><strong>odio,</strong></span> <span class='ocrx_word' id='word_1_481' title='bbox 1186 4594 1638 4675; x_wconf 84' lang='lat' dir='ltr'><strong>indignatione,</strong></span> <span class='ocrx_word' id='word_1_482' title='bbox 1665 4593 2080 4675; x_wconf 86' lang='lat' dir='ltr'><strong>impatientia,</strong></span> <span class='ocrx_word' id='word_1_483' title='bbox 2107 4595 2221 4670; x_wconf 90' lang='lat' dir='ltr'><strong>ira,</strong></span> <span class='ocrx_word' id='word_1_484' title='bbox 2247 4615 2355 4658; x_wconf 92' lang='lat' dir='ltr'><strong>cu-</strong></span> 
     </span>
     <span class='ocr_line' id='line_1_80' title="bbox 855 4693 2353 4777; baseline -0.001 -21"><span class='ocrx_word' id='word_1_485' title='bbox 855 4695 1140 4777; x_wconf 83' lang='lat' dir='ltr'><strong>piditate,</strong></span> <span class='ocrx_word' id='word_1_486' title='bbox 1181 4693 1536 4775; x_wconf 90' lang='lat' dir='ltr'><strong>corripiunt</strong></span> <span class='ocrx_word' id='word_1_487' title='bbox 1581 4711 1654 4754; x_wconf 91' lang='lat' dir='ltr'><strong>ac</strong></span> <span class='ocrx_word' id='word_1_488' title='bbox 1701 4693 1981 4774; x_wconf 90' lang='lat' dir='ltr'><strong>puniunt</strong></span> <span class='ocrx_word' id='word_1_489' title='bbox 2028 4712 2189 4756; x_wconf 91' lang='lat' dir='ltr'><strong>reos.</strong></span> <span class='ocrx_word' id='word_1_490' title='bbox 2222 4697 2353 4756; x_wconf 81' lang='lat' dir='ltr'><strong>Sed</strong></span> 
     </span>
     <span class='ocr_line' id='line_1_81' title="bbox 853 4791 2353 4866; baseline 0.001 -13"><span class='ocrx_word' id='word_1_491' title='bbox 853 4795 928 4853; x_wconf 78' lang='lat' dir='ltr'><strong>in</strong></span> <span class='ocrx_word' id='word_1_492' title='bbox 969 4794 1238 4854; x_wconf 76' lang='lat' dir='ltr'><strong>veritate</strong></span> <span class='ocrx_word' id='word_1_493' title='bbox 1276 4794 1455 4852; x_wconf 80' lang='lat' dir='ltr'><strong>viam</strong></span> <span class='ocrx_word' id='word_1_494' title='bbox 1484 4794 1608 4853; x_wconf 83' lang='lat' dir='ltr'><strong>Dei</strong></span> <span class='ocrx_word' id='word_1_495' title='bbox 1636 4794 1838 4860; x_wconf 83' lang='lat' dir='ltr'><strong>doces,</strong></span> <span class='ocrx_word' id='word_1_496' title='bbox 1873 4791 1937 4852; x_wconf 90' lang='lat' dir='ltr'><strong>id</strong></span> <span class='ocrx_word' id='word_1_497' title='bbox 1985 4801 2100 4866; x_wconf 87' lang='lat' dir='ltr'><strong>est,</strong></span> <span class='ocrx_word' id='word_1_498' title='bbox 2137 4792 2353 4855; x_wconf 85' lang='lat' dir='ltr'><strong>divina</strong></span> 
     </span>
     <span class='ocr_line' id='line_1_82' title="bbox 853 4890 2354 4973; baseline -0.001 -21"><span class='ocrx_word' id='word_1_499' title='bbox 853 4899 1188 4973; x_wconf 80' lang='lat' dir='ltr'><strong>praecepta,</strong></span> <span class='ocrx_word' id='word_1_500' title='bbox 1224 4890 1602 4953; x_wconf 90' lang='lat' dir='ltr'><strong>documenta</strong></span> <span class='ocrx_word' id='word_1_501' title='bbox 1641 4897 1833 4971; x_wconf 88' lang='lat' dir='ltr'><strong>atque</strong></span> <span class='ocrx_word' id='word_1_502' title='bbox 1883 4890 2168 4964; x_wconf 89' lang='lat' dir='ltr'><strong>consilia,</strong></span> <span class='ocrx_word' id='word_1_503' title='bbox 2210 4891 2354 4971; x_wconf 90' lang='lat' dir='ltr'><strong>qui—</strong></span> 
     </span>
     <span class='ocr_line' id='line_1_83' title="bbox 851 4987 2351 5071; baseline -0.001 -20"><span class='ocrx_word' id='word_1_504' title='bbox 851 4989 972 5052; x_wconf 91' lang='lat' dir='ltr'><strong>bus</strong></span> <span class='ocrx_word' id='word_1_505' title='bbox 1023 4990 1102 5052; x_wconf 91' lang='lat' dir='ltr'><strong>de</strong></span> <span class='ocrx_word' id='word_1_506' title='bbox 1160 4987 1688 5071; x_wconf 79' lang='lat' dir='ltr'><strong>peregrinationis</strong></span> <span class='ocrx_word' id='word_1_507' title='bbox 1745 4987 1940 5068; x_wconf 88' lang='lat' dir='ltr'><strong>hujus</strong></span> <span class='ocrx_word' id='word_1_508' title='bbox 1992 4988 2217 5051; x_wconf 85' lang='lat' dir='ltr'><strong>exsilio</strong></span> <span class='ocrx_word' id='word_1_509' title='bbox 2273 4989 2351 5050; x_wconf 88' lang='lat' dir='ltr'><strong>ad</strong></span> 
     </span>
     <span class='ocr_line' id='line_1_84' title="bbox 853 5086 2353 5169; baseline -0.001 -19"><span class='ocrx_word' id='word_1_510' title='bbox 853 5105 1118 5151; x_wconf 81' lang='lat' dir='ltr'><strong>summae</strong></span> <span class='ocrx_word' id='word_1_511' title='bbox 1166 5087 1387 5150; x_wconf 83' lang='lat' dir='ltr'><strong>salutis</strong></span> <span class='ocrx_word' id='word_1_512' title='bbox 1431 5087 1812 5169; x_wconf 81' lang='lat' dir='ltr'><strong>pertingitur</strong></span> <span class='ocrx_word' id='word_1_513' title='bbox 1851 5086 2140 5169; x_wconf 87' lang='lat' dir='ltr'><strong>patriam,</strong></span> <span class='ocrx_word' id='word_1_514' title='bbox 2175 5104 2353 5149; x_wconf 85' lang='lat' dir='ltr'><strong>vera-</strong></span> 
     </span>
     <span class='ocr_line' id='line_1_85' title="bbox 855 5184 2355 5267; baseline 0 -19"><span class='ocrx_word' id='word_1_515' title='bbox 855 5186 1035 5267; x_wconf 90' lang='lat' dir='ltr'><strong>citer,</strong></span> <span class='ocrx_word' id='word_1_516' title='bbox 1066 5185 1307 5267; x_wconf 87' lang='lat' dir='ltr'><strong>absque</strong></span> <span class='ocrx_word' id='word_1_517' title='bbox 1345 5184 1637 5247; x_wconf 86' lang='lat' dir='ltr'><strong>falsitatis</strong></span> <span class='ocrx_word' id='word_1_518' title='bbox 1680 5185 2088 5260; x_wconf 85' lang='lat' dir='ltr'><strong>admixtione,</strong></span> <span class='ocrx_word' id='word_1_519' title='bbox 2123 5203 2355 5267; x_wconf 90' lang='lat' dir='ltr'><strong>propo—</strong></span> 
     </span>
     <span class='ocr_line' id='line_1_86' title="bbox 859 5283 1402 5348; baseline -0.007 0"><span class='ocrx_word' id='word_1_520' title='bbox 859 5283 960 5348; x_wconf 89' lang='lat' dir='ltr'><strong>nis</strong></span> <span class='ocrx_word' id='word_1_521' title='bbox 1000 5303 1076 5346; x_wconf 87' lang='lat' dir='ltr'><strong>ac</strong></span> <span class='ocrx_word' id='word_1_522' title='bbox 1117 5284 1402 5347; x_wconf 74' lang='lat' dir='ltr'><strong>instruis·</strong></span> 
     </span>
    </p>
   </div>
   <div class='ocr_carea' id='block_1_18' title="bbox 2460 4299 3967 4461">
    <p class='ocr_par' dir='ltr' id='par_1_19' title="bbox 2460 4299 3967 4461">
     <span class='ocr_line' id='line_1_87' title="bbox 2462 4299 3967 4384; baseline 0.002 -22"><span class='ocrx_word' id='word_1_523' title='bbox 2462 4319 2759 4363; x_wconf 86' lang='lat' dir='ltr'><strong>accusare</strong></span> <span class='ocrx_word' id='word_1_524' title='bbox 2809 4308 3067 4384; x_wconf 90' lang='lat' dir='ltr'><strong>possent</strong></span> <span class='ocrx_word' id='word_1_525' title='bbox 3108 4319 3181 4363; x_wconf 89' lang='lat' dir='ltr'><strong>ac</strong></span> <span class='ocrx_word' id='word_1_526' title='bbox 3222 4301 3411 4364; x_wconf 91' lang='lat' dir='ltr'><strong>morti</strong></span> <span class='ocrx_word' id='word_1_527' title='bbox 3458 4302 3704 4365; x_wconf 88' lang='lat' dir='ltr'><strong>tradere</strong></span> <span class='ocrx_word' id='word_1_528' title='bbox 3746 4299 3967 4366; x_wconf 83' lang='lat' dir='ltr'><strong>Salva-</strong></span> 
     </span>
     <span class='ocr_line' id='line_1_88' title="bbox 2460 4407 2685 4461; baseline -0.004 0"><span class='ocrx_word' id='word_1_529' title='bbox 2460 4407 2685 4461; x_wconf 89' lang='lat' dir='ltr'><strong>torem.</strong></span> 
     </span>
    </p>
   </div>
   <div class='ocr_carea' id='block_1_19' title="bbox 2462 4497 4221 4678">
    <p class='ocr_par' dir='ltr' id='par_1_20' title="bbox 2462 4497 4221 4678">
     <span class='ocr_line' id='line_1_89' title="bbox 2532 4497 4155 4568; baseline 0.001 -9"><span class='ocrx_word' id='word_1_530' title='bbox 2532 4499 2955 4559; x_wconf 78' lang='lat' dir='ltr'><strong>Considerans</strong></span> <span class='ocrx_word' id='word_1_531' title='bbox 2983 4507 3201 4558; x_wconf 77' lang='lat' dir='ltr'><strong>autem</strong></span> <span class='ocrx_word' id='word_1_532' title='bbox 3224 4499 3451 4559; x_wconf 81' lang='lat' dir='ltr'><strong>dolum</strong></span> <span class='ocrx_word' id='word_1_533' title='bbox 3480 4499 3765 4567; x_wconf 82' lang='lat' dir='ltr'><strong>illorum,</strong></span> <span class='ocrx_word' id='word_1_534' title='bbox 3780 4497 3966 4560; x_wconf 82' lang='lat' dir='ltr'><strong>vide-</strong></span> <span class='ocrx_word' id='word_1_535' title='bbox 4094 4513 4155 4568; x_wconf 79' lang='lat'><strong>23</strong></span> 
     </span>
     <span class='ocr_line' id='line_1_90' title="bbox 2462 4595 4221 4678; baseline 0.005 -22"><span class='ocrx_word' id='word_1_536' title='bbox 2462 4595 2611 4658; x_wconf 88' lang='lat' dir='ltr'><strong>licet</strong></span> <span class='ocrx_word' id='word_1_537' title='bbox 2652 4595 3123 4660; x_wconf 90' lang='lat' dir='ltr'><strong>simulationem</strong></span> <span class='ocrx_word' id='word_1_538' title='bbox 3164 4596 3565 4660; x_wconf 87' lang='lat' dir='ltr'><strong>invidiosam.</strong></span> <span class='ocrx_word' id='word_1_539' title='bbox 3599 4596 3738 4678; x_wconf 89' lang='lat' dir='ltr'><strong>lpse</strong></span> <span class='ocrx_word' id='word_1_540' title='bbox 3777 4597 3961 4660; x_wconf 88' lang='lat' dir='ltr'><strong>enim</strong></span> <span class='ocrx_word' id='word_1_541' title='bbox 4031 4619 4221 4666; x_wconf 54' lang='grc' dir='ltr'><strong>,ιω-ιι,</strong></span> 
     </span>
    </p>
   </div>
   <div class='ocr_carea' id='block_1_20' title="bbox 2458 4683 4059 5358">
    <p class='ocr_par' dir='ltr' id='par_1_21' title="bbox 2458 4683 4059 5358">
     <span class='ocr_line' id='line_1_91' title="bbox 2462 4683 4059 4776; baseline 0.002 -21"><span class='ocrx_word' id='word_1_542' title='bbox 2462 4694 2702 4756; x_wconf 89' lang='lat' dir='ltr'><strong>sciebat</strong></span> <span class='ocrx_word' id='word_1_543' title='bbox 2732 4695 2887 4776; x_wconf 90' lang='lat' dir='ltr'><strong>quid</strong></span> <span class='ocrx_word' id='word_1_544' title='bbox 2924 4701 3089 4756; x_wconf 87' lang='lat' dir='ltr'><strong>esset</strong></span> <span class='ocrx_word' id='word_1_545' title='bbox 3129 4695 3195 4757; x_wconf 92' lang='lat' dir='ltr'><strong>in</strong></span> <span class='ocrx_word' id='word_1_546' title='bbox 3238 4695 3531 4776; x_wconf 83' lang='lat' dir='ltr'><strong>homine3</strong></span> <span class='ocrx_word' id='word_1_547' title='bbox 3566 4703 3629 4757; x_wconf 90' lang='lat' dir='ltr'><strong>et</strong></span> <span class='ocrx_word' id='word_1_548' title='bbox 3664 4696 3962 4759; x_wconf 89' lang='lat' dir='ltr'><strong>omnium</strong></span> <span class='ocrx_word' id='word_1_549' title='bbox 3992 4683 4059 4724; x_wconf 73' lang='lat'><strong>¹⁵·</strong></span> 
     </span>
     <span class='ocr_line' id='line_1_92' title="bbox 2460 4793 3961 4875; baseline 0.001 -20"><span class='ocrx_word' id='word_1_550' title='bbox 2460 4793 2749 4855; x_wconf 91' lang='lat' dir='ltr'><strong>cordium</strong></span> <span class='ocrx_word' id='word_1_551' title='bbox 2792 4802 3053 4868; x_wconf 89' lang='lat' dir='ltr'><strong>secreta,</strong></span> <span class='ocrx_word' id='word_1_552' title='bbox 3087 4801 3151 4856; x_wconf 92' lang='lat' dir='ltr'><strong>et</strong></span> <span class='ocrx_word' id='word_1_553' title='bbox 3187 4793 3503 4875; x_wconf 89' lang='lat' dir='ltr'><strong>quidquid</strong></span> <span class='ocrx_word' id='word_1_554' title='bbox 3541 4794 3609 4855; x_wconf 94' lang='lat' dir='ltr'><strong>in</strong></span> <span class='ocrx_word' id='word_1_555' title='bbox 3646 4795 3961 4858; x_wconf 82' lang='lat' dir='ltr'><strong>creaturis</strong></span> 
     </span>
     <span class='ocr_line' id='line_1_93' title="bbox 2458 4889 3965 4970; baseline 0.002 -18"><span class='ocrx_word' id='word_1_556' title='bbox 2458 4897 2575 4965; x_wconf 89' lang='lat' dir='ltr'><strong>est,</strong></span> <span class='ocrx_word' id='word_1_557' title='bbox 2620 4889 2935 4970; x_wconf 86' lang='lat' dir='ltr'><strong>cognovit,</strong></span> <span class='ocrx_word' id='word_1_558' title='bbox 2980 4910 3106 4954; x_wconf 89' lang='lat' dir='ltr'><strong>non</strong></span> <span class='ocrx_word' id='word_1_559' title='bbox 3157 4892 3363 4960; x_wconf 91' lang='lat' dir='ltr'><strong>solum</strong></span> <span class='ocrx_word' id='word_1_560' title='bbox 3413 4899 3483 4953; x_wconf 91' lang='lat' dir='ltr'><strong>ut</strong></span> <span class='ocrx_word' id='word_1_561' title='bbox 3528 4891 3713 4967; x_wconf 79' lang='lat' dir='ltr'><strong>DeuS,</strong></span> <span class='ocrx_word' id='word_1_562' title='bbox 3750 4892 3965 4956; x_wconf 89' lang='lat' dir='ltr'><strong>scien-</strong></span> 
     </span>
     <span class='ocr_line' id='line_1_94' title="bbox 2459 4988 3965 5063; baseline 0.003 -13"><span class='ocrx_word' id='word_1_563' title='bbox 2459 4988 2546 5050; x_wconf 90' lang='lat' dir='ltr'><strong>tia</strong></span> <span class='ocrx_word' id='word_1_564' title='bbox 2591 4989 2891 5063; x_wconf 87' lang='lat' dir='ltr'><strong>increata,</strong></span> <span class='ocrx_word' id='word_1_565' title='bbox 2926 4990 3034 5051; x_wconf 91' lang='lat' dir='ltr'><strong>sed</strong></span> <span class='ocrx_word' id='word_1_566' title='bbox 3084 4989 3273 5051; x_wconf 90' lang='lat' dir='ltr'><strong>etiam</strong></span> <span class='ocrx_word' id='word_1_567' title='bbox 3318 4991 3670 5054; x_wconf 91' lang='lat' dir='ltr'><strong>secundum</strong></span> <span class='ocrx_word' id='word_1_568' title='bbox 3711 5009 3965 5054; x_wconf 88' lang='lat' dir='ltr'><strong>assum—</strong></span> 
     </span>
     <span class='ocr_line' id='line_1_95' title="bbox 2459 5086 3963 5168; baseline 0.001 -19"><span class='ocrx_word' id='word_1_569' title='bbox 2459 5095 2633 5168; x_wconf 91' lang='lat' dir='ltr'><strong>ptam</strong></span> <span class='ocrx_word' id='word_1_570' title='bbox 2692 5093 2982 5149; x_wconf 87' lang='lat' dir='ltr'><strong>naturam</strong></span> <span class='ocrx_word' id='word_1_571' title='bbox 3040 5086 3106 5148; x_wconf 92' lang='lat' dir='ltr'><strong>in</strong></span> <span class='ocrx_word' id='word_1_572' title='bbox 3166 5086 3369 5149; x_wconf 86' lang='lat' dir='ltr'><strong>Verbo</strong></span> <span class='ocrx_word' id='word_1_573' title='bbox 3427 5097 3683 5164; x_wconf 62' lang='lat' dir='ltr'><strong>aeterne,</strong></span> <span class='ocrx_word' id='word_1_574' title='bbox 3744 5097 3963 5151; x_wconf 84' lang='lat' dir='ltr'><strong>creata</strong></span> 
     </span>
     <span class='ocr_line' id='line_1_96' title="bbox 2459 5185 3963 5255; baseline 0.001 -7"><span class='ocrx_word' id='word_1_575' title='bbox 2459 5185 2745 5248; x_wconf 85' lang='lat' dir='ltr'><strong>scientia.</strong></span> <span class='ocrx_word' id='word_1_576' title='bbox 2778 5186 2969 5247; x_wconf 74' lang='lat' dir='ltr'><strong>Dixit</strong></span> <span class='ocrx_word' id='word_1_577' title='bbox 2996 5187 3085 5244; x_wconf 85' lang='lat' dir='ltr'><strong>ad</strong></span> <span class='ocrx_word' id='word_1_578' title='bbox 3119 5205 3219 5246; x_wconf 79' lang='lat' dir='ltr'><strong>eos</strong></span> <span class='ocrx_word' id='word_1_579' title='bbox 3249 5204 3273 5246; x_wconf 92' lang='lat'><strong>.·</strong></span> <span class='ocrx_word' id='word_1_580' title='bbox 3304 5189 3480 5255; x_wconf 77' lang='lat' dir='ltr'><em>Quid</em></span> <span class='ocrx_word' id='word_1_581' title='bbox 3514 5207 3611 5247; x_wconf 88' lang='lat' dir='ltr'><strong>me</strong></span> <span class='ocrx_word' id='word_1_582' title='bbox 3640 5190 3909 5248; x_wconf 75' lang='lat' dir='ltr'><strong>tentatis</strong></span> <span class='ocrx_word' id='word_1_583' title='bbox 3928 5191 3963 5249; x_wconf 69' lang='grc' dir='ltr'><strong><em>ἒ</em></strong></span> 
     </span>
     <span class='ocr_line' id='line_1_97' title="bbox 2458 5281 3968 5358; baseline 0.002 -12"><span class='ocrx_word' id='word_1_584' title='bbox 2458 5283 2525 5346; x_wconf 91' lang='lat' dir='ltr'><strong>id</strong></span> <span class='ocrx_word' id='word_1_585' title='bbox 2560 5290 2675 5358; x_wconf 86' lang='lat' dir='ltr'><strong>est,</strong></span> <span class='ocrx_word' id='word_1_586' title='bbox 2707 5282 2945 5345; x_wconf 82' lang='lat' dir='ltr'><strong>frustra</strong></span> <span class='ocrx_word' id='word_1_587' title='bbox 2986 5290 3050 5344; x_wconf 91' lang='lat' dir='ltr'><strong>et</strong></span> <span class='ocrx_word' id='word_1_588' title='bbox 3089 5281 3606 5347; x_wconf 86' lang='lat' dir='ltr'><strong>irrationabiliter</strong></span> <span class='ocrx_word' id='word_1_589' title='bbox 3642 5303 3747 5347; x_wconf 90' lang='lat' dir='ltr'><strong>me</strong></span> <span class='ocrx_word' id='word_1_590' title='bbox 3782 5285 3968 5349; x_wconf 86' lang='lat' dir='ltr'><strong>deci-</strong></span> 
     </span>
    </p>
   </div>
   <div class='ocr_carea' id='block_1_21' title="bbox 4203 0 4274 6219">
    <p class='ocr_par' dir='ltr' id='par_1_22' title="bbox 4203 0 4274 6219">
     <span class='ocr_line' id='line_1_98' title="bbox 4203 0 4274 6219; baseline 0 0"><span class='ocrx_word' id='word_1_591' title='bbox 4203 0 4274 6219; x_wconf 95' lang='lat' dir='ltr'><strong> </strong></span> 
     </span>
    </p>
   </div>
  </div>
 </body>
</html>
