4300 6259
637 1373 709 1427 28

547 1477 813 1530 Ecelt'mxm

545 2169 737 2277 ίῗρὴεε.
751 2184 806 2222 iv,

629 3435 702 3489 29

845 493 965 558 564

1635 508 1983 556 ENARRATlo
2027 507 2090 553 IN
2133 506 2272 553 CAP.
2318 507 2423 552 xvt
2462 506 2736 554 JOANNIS.
2782 527 2863 536 —
2902 507 3045 554 ΛΒΤ.
3092 508 3169 554 11.

845 682 911 744 id
956 689 1072 756 θεῖ,
1121 701 1159 744 a
1206 681 1386 744 Patre
1435 679 1820 744 aeternaliter
1868 679 2122 761 genitus
2174 696 2339 751 sum,
2373 677 2425 739 A
2451 679 2537 738 Ec
2574 697 2704 738 non
2742 697 2898 755 opus
2935 688 3025 739 est
3067 679 3207 750 tibi,
3242 677 3304 739 id
3343 683 3462 757 est,
3492 677 3573 740 ad
3610 675 3731 740 hoc
3766 676 3947 757 quod

845 780 1066 863 sicque
1105 780 1272 843 exivi
1313 779 1392 842 ab
1433 798 1508 844 θο
1547 778 1947 854 emanatione
1990 778 2345 839 immanen-

845 885 931 953 te,
961 879 1127 941 sicut
1161 879 1482 960 egreditur
1521 877 1742 941 notitia
1769 896 1805 939 a
1846 883 2080 956 mente,
2114 883 2179 937 et
2208 893 2345 937 ver-

843 976 998 1038 bum
1039 977 1118 1038 ab
1148 976 1563 1057 intelligente.
1597 975 1707 1037 Vel
1743 994 1758 1038 t
1791 973 1996 1049 Exivi,
2031 974 2094 1036 id
2124 981 2241 1047 est,
2276 973 2341 1034 in

845 1077 1157 1138 mundum
1209 1076 1484 1163 directus
1537 1094 1702 1150 sum,
1752 1093 1788 1136 a
1836 1074 1960 1136 De'o
2009 1061 2336 1142 Trinitate‚

843 1173 956 1255 qui
1003 1192 1106 1236 me
1155 1172 1523 1236 hominibus
1575 1172 1893 1234 visibilem
1947 1170 2223 1254 praebuit
2269 1189 2341 1232 ac

844 1272 1087 1334 socium
1131 1272 1326 1334 dedit.

923 1370 1130 1430 Exivi
1164 1391 1203 1430 a
1236 1373 1484 1432 Patre:
1514 1368 1694 1450 juxta
1737 1368 1895 1430 illud
1940 1367 2341 1430 Ecclesiasti-

843 1467 924 1540 ci,
965 1467 1093 1548 Ego
1139 1486 1216 1530 ex
1263 1485 1372 1532 ore
1421 1467 1728 1529 Altissimi
1780 1466 2054 1548 prodivi,
2103 1465 2341 1547 primo-

840 1563 1054 1644 genita
1109 1571 1253 1625 ante
1311 1581 1564 1626 omnem
1627 1569 1978 1627 creaturam
2009 1581 2025 1643 3
2075 1571 2134 1620 et
2190 1566 2340 1622 veni

843 1663 914 1723 in
955 1665 1276 1724 mundum
1317 1680 1430 1744 per
1472 1662 1768 1723 humanae
1806 1668 2048 1723 naturae
2094 1678 2339 1722 assum-

841 1759 1145 1843 ptionem,
1174 1768 1366 1842 atque
1397 1779 1543 1823 cum
1578 1759 1945 1822 hominibus
1987 1759 2157 1841 piam
2191 1778 2339 1822 con-

841 1859 1281 1922 versationem.
1337 1863 1586 1920 Iterum
1644 1861 1938 1939 relinquo
1989 1861 2333 1928 mundam,

840 1955 902 2017 id
964 1964 1080 2030 est,
1136 1956 1217 2017 ab
1283 1955 1650 2019 hominibus
1714 1963 1777 2016 et
1845 1955 1981 2018 loco
2048 1953 2331 2016 terrestri

837 2055 1064 2117 recedo
1099 2048 1411 2135 qnantum
1453 2055 1530 2116 ad
1577 2062 1863 2115 naturam
1914 2061 2328 2135 assumptam,

838 2171 954 2234 per
1011 2152 1408 2215 victoriosam
1465 2152 1924 2214 ascensionem.
1976 2151 2091 2224 Qui
2158 2151 2330 2213 enim

837 2251 1182 2324 descendit,
1225 2250 1361 2332 ipse
1404 2257 1496 2312 est
1541 2259 1603 2312 et
1643 2251 1755 2331 qui
1804 2250 2088 2312 ascendit
2137 2267 2331 2330 super

832 2367 1054 2413 omnes
1115 2349 1328 2412 coeIOS.
1383 2352 1468 2410 Et
1529 2351 1690 2410 vado
1747 2352 1834 2409 ad
1889 2353 2159 2411 Patrem
2216 2366 2330 2430 per

833 2448 1126 2510 humanae
1187 2455 1428 2509 naturae
1491 2447 1970 2510 collocationem
2035 2447 2100 2508 in
2170 2446 2331 2510 coelo

831 2563 1129 2629 empyreo
1165 2564 1177 2608 :
1215 2545 1279 2608 in
1319 2564 1450 2627 quo
1490 2544 1669 2607 Pater
1699 2545 2060 2627 specialiter
2099 2563 2238 2606 esse
2269 2552 2331 2607 et

831 2644 1206 2708 commorari
1263 2651 1578 2718 censetur,
1631 2645 1935 2725 quoniam
1987 2642 2074 2705 ibi
2127 2643 2333 2706 excel-

829 2743 1062 2806 lentius
1107 2751 1428 2825 operatur,
1461 2751 1527 2804 et
1563 2761 1630 2804 se
1669 2742 1884 2824 ipsum
1929 2742 2163 2804 clarius
2201 2761 2331 2804 ma-

831 2843 1106 2916 nifestat,
1169 2841 1464 2923 quamvis
1533 2842 1885 2903 secundum
1954 2860 2022 2903 se
2083 2841 2327 2903 nullam

828 2939 1055 3002 habeat
1101 2938 1542 3001 habitudinem
1589 2939 1686 3000 vel
1732 2939 2327 3002 determinationem

2452 777 2832 856 respondeas
2882 795 3007 838 non
3068 783 3316 858 oportet
3371 792 3489 836 nec
3546 773 3811 854 indiges,
3872 783 3949 834 ut

2449 876 2595 953 quis
2642 883 2698 933 ce
2744 876 3119 953 interroqet,
3162 873 3315 955 quia
3366 881 3434 935 tu
3482 872 3647 935 nosti
3694 871 3950 933 dubita-

2450 971 2651 1034 tiones
2709 981 2901 1054 atque
2962 972 3284 1054 proposita
3345 971 3632 1035 cordium
3696 988 3711 1032 ε
3776 970 3949 1032 unde

2454 1089 2579 1132 non
2633 1078 2882 1152 oportet
2942 1070 3054 1133 tibi
3118 1070 3367 1152 aliquid
3430 1068 3771 1142 notificari,
3834 1067 3949 1130 sed

2454 1167 2751 1232 universa
2799 1169 3111 1232 mentium
3162 1169 3371 1232 noscis
3416 1187 3662 1231 arcana.
3704 1170 3786 1229 In
3828 1169 3949 1227 Ιιοσ

2449 1269 2771 1328 credimus
2809 1269 2963 1348 quia
3006 1289 3045 1328 a
3085 1271 3213 1328 Deo
3252 1269 3471 1338 emisti,
3502 1275 3571 1328 ut
3614 1265 3792 1337 dicis,
3830 1281 3950 1346 per

2446 1366 2918 1444 generationem
2976 1374 3297 1440 aeternam,
3360 1366 3447 1427 ita
3500 1365 3671 1446 quod
3726 1363 3947 1426 omnia

2450 1464 2573 1526 scis
2612 1483 2757 1545 quae
2804 1465 2925 1526 scit
2968 1465 3165 1538 Pater,
3210 1465 3429 1546 sisque
3471 1463 3633 1524 Deus
3668 1481 3681 1524 :
3716 1461 3947 1543 quoni-

2448 1581 2547 1624 am
2596 1564 3118 1632 omnia.noscere
3167 1564 3353 1626 modo
3397 1563 3528 1644 jam
3576 1561 3765 1631 dicto,
3818 1561 3946 1623 Deo

2447 1669 2542 1723 est
2572 1663 2919 1745 proprium.
2936 1662 3297 1725 Secundum
3329 1661 3765 1742 Augustinum‚
3786 1659 3946 1741 Apo-

2448 1759 2589 1822 stoli
2630 1779 2754 1823 non
2798 1759 3251 1822 intellexerunt
3289 1759 3484 1821 verba
3524 1758 3755 1822 Christi
3797 1758 3947 1839 qui-

2378 1863 2419 1925 B
2448 1856 2567 1920 bus
2606 1877 2673 1920 se
2714 1860 2889 1922 dixit·
2918 1860 3121 1921 exisse
3160 1878 3197 1920 a
3236 1859 3432 1932 Patre,
3476 1859 3586 1920 sed
3633 1857 3945 1939 putabant

2445 1975 2511 2018 se
2568 1958 2731 2019 scire
2792 1958 2963 2039 quod
3028 1957 3423 2039 ignorabant.
3486 1956 3941 2018 Verumtamen

2443 2064 2687 2117 certum
2732 2065 2827 2118 est
2868 2057 3039 2136 quod
3085 2055 3428 2118 credebant
3470 2073 3617 2116 eum
3658 2053 3867 2116 exisse
3907 2072 3945 2115 a

2443 2150 2641 2228 Patre,
2676 2155 2761 2215 ita
2789 2155 2960 2235 quod
2991 2153 3300 2216 divinitus
3332 2154 3607 2216 directus
3638 2170 3752 2214 seu
3782 2152 3940 2214 mis-

2442 2271 2550 2313 sus
2588 2261 2754 2314 esset
2792 2253 2856 2314 in
2891 2253 3246 2331 mundum;
3289 2253 3398 2314 sed
3437 2270 3517 2313 an
3550 2251 3744 2313 verba
3785 2269 3943 2332 prae·

2442 2349 2700 2412 inducta
2749 2352 2825 2413 de
2868 2351 3041 2412 exitu
3085 2349 3511 2432 generationis
3561 2349 3791 2413 divinae
3834 2367 3941 2412 ac—

2442 2449 2746 2530 ceperint,
2796 2468 2921 2512 non
2966 2457 3063 2512 est
3102 2449 3259 2512 adeo
3302 2457 3570 2510 certum.

2546 2550 2899 2627 Respondit
2960 2551 3049 2608 eis
3104 2551 3287 2608 Jesus
3344 2565 3367 2609 .·
3424 2549 3615 2608 Modo
3670 2547 3939 2606 creditis

2441 2645 2672 2708 clarius
2711 2653 2773 2707 et
2808 2646 3009 2726 magis
3049 2645 3349 2727 explicite
3386 2663 3579 2726 quam
3618 2651 3785 2706 ante.
3820 2643 3940 2705 Ta-

2438 2763 2585 2806 men
2626 2751 2687 2805 et
2724 2753 2871 2806 ante
2909 2744 3335 2806 crediderunt.
3370 2742 3489 2805 Sed
3529 2760 3611 2805 ne
3648 2740 3935 2824 Apostoli

2440 2844 2517 2904 de
2557 2860 2671 2904 sua
2717 2842 2900 2923 quasi
2951 2841 3343 2923 perfectione
3390 2841 3646 2922 gloriari
3696 2839 3939 2922 incipe-

2439 2948 2599 3015 rent,
2650 2941 2954 3021 quoniam
3008 2941 3171 3002 dixit
3226 2940 3318 3002 eis
3371 2940 3542 3021 quod
3602 2938 3781 3000 Pater
3834 2940 3939 3021 ip-

828 3038 908 3100 ad
966 3038 1200 3112 locum,
1253 3039 1362 3100 sed
1421 3039 1485 3098 in
1546 3055 1612 3098 se
1672 3037 1811 3118 ipso
1869 3037 2329 3100 invariabiliter
2367 3043 2410 3106 C
2440 3058 2542 3103 sos
2592 3046 2851 3114 amaret,
2897 3057 3014 3101 nec
3056 3039 3195 3121 ipse
3242 3057 3357 3120 pro
3404 3037 3496 3099 eis
3546 3045 3812 3118 rogaret,
3856 3056 3935 3102 eo

831 3136 1338 3217 aeternaliterque
1379 3135 1701 3210 subsistat,
1735 3143 2040 3216 tanquam
2081 3154 2196 3197 ens
2229 3154 2333 3197 ve-

835 3252 903 3297 re
965 3234 1615 3315 incircumscriptum,
1691 3233 2203 3315 simpliciterque
2270 3242 2333 3296 et

837 3333 1182 3416 perfective
1232 3331 1586 3394 infinitum.

928 3434 1172 3492 Dicunt
1218 3433 1280 3490 ei
1324 3431 1641 3508 discipuli
1687 3431 1828 3506 ejus
1877 3451 1900 3491 .·
1949 3433 2109 3490 Ecce
2157 3451 2335 3492 nunc

822 3534 1056 3608 palam
1094 3532 1396 3610 loqueriS,
1425 3528 1695 3591 dicendo
1733 3530 1906 3609 quod
1949 3528 2127 3590 Pater
2166 3537 2335 3591 amet

835 3647 972 3705 noS,
1012 3629 1165 3710 quia
1213 3627 1553 3690 dileximus
1601 3633 1683 3700 te,
1726 3635 1872 3701 etc.‚
1915 3638 1974 3688 et
2005 3629 2335 3704 proverbi-

836 3748 948 3788 um
985 3729 1245 3788 nullum
1285 3727 1478 3796 dicis,
1520 3725 1838 3807 loquendo
1885 3726 1962 3787 de
2003 3726 2178 3788 exitu
2226 3734 2334 3789 tuo

759 3829 767 3837 ’
834 3844 872 3887 a
899 3825 1076 3886 Patre
1105 3833 1169 3886 et
1196 3825 1473 3886 adventu
1506 3824 1570 3884 in
1611 3824 1950 3900 mundum,
1985 3824 2096 3885 sed
2127 3824 2333 3905 ipsam

591 4242 704 4273 vers.
721 4231 789 4272 25.

835 3925 1165 3986 veritatem
1226 3923 1395 3985 nude
1454 3922 1594 3983 sine
1656 3921 1956 4003 parabola
2023 3922 2328 4004 loqueris.

838 4021 1124 4084 Christus
1175 4037 1450 4101 namque
1493 4039 1620 4083 non
1671 4038 1923 4101 semper
1975 4020 2334 4102 parabolice

837 4119 1218 4200 loquebatur
1256 4117 1588 4200 discipulis
1626 4137 1640 4180 z
1674 4127 1736 4180 et
1774 4118 1920 4180 licet
1961 4119 2150 4200 paulo
2190 4128 2334 4181 ante

2440 3139 2611 3220 quod
2640 3147 2851 3200 essent
2881 3138 3004 3200 Deo
3038 3137 3376 3217 amabiles;
3410 3155 3554 3199 mox
3594 3137 3673 3198 de
3708 3154 3931 3199 eorum

2444 3236 2627 3298 ruina
2668 3245 2733 3298 et
2775 3235 3185 3298 instabilitate
3227 3234 3461 3316 adjecit
3502 3253 3515 3296 :
3561 3237 3718 3296 Ecce
3758 3237 3936 3296 venit

2442 3338 2625 3403 hora,
2672 3334 2735 3396 id
2778 3342 2894 3409 est,
2941 3333 3375 3396 indesinenter
3426 3333 3834 3414 propinquat,
3876 3343 3937 3393 et

2426 3434 2581 3510 jam
2619 3434 2816 3504 venit,
2859 3432 2923 3493 id
2968 3439 3084 3507 est,
3130 3431 3197 3493 in
3254 3431 3544 3513 proximo
3586 3438 3731 3493 est:
3769 3432 3939 3493 unde

2444 3530 2626 3612 quasi
2668 3547 2946 3612 praesens
2998 3536 3350 3612 reputatur,
3392 3529 3545 3611 quia
3585 3530 3759 3611 quod
3808 3547 3945 3592 mo-

2445 3630 2658 3691 dicum
2717 3637 2833 3704 est,
2886 3647 3009 3692 non
3070 3637 3527 3710 computatur3
3580 3637 3650 3688 ut
3694 3629 3943 3706 disper-

2436 3731 2698 3806 9amini
2744 3730 3182 3807 unusquisque
3230 3729 3305 3787 in
3345 3729 3643 3804 propria,
3696 3727 3761 3789 id
3819 3734 3938 3801 est,

2444 3825 2699 3907 fugiatis
2740 3845 2777 3887 a
2805 3843 2928 3900 me,
2963 3834 3026 3887 et
3064 3824 3339 3907 quilibet
3376 3843 3561 3887 suum
3602 3824 3941 3887 latibulum

2446 3925 2546 3989 vel
2600 3926 3003 3988 commodum
3062 3933 3324 4005 quaerat,
3378 3925 3697 4005 quomodo
3744 3925 3944 4006 possit

2446 4023 2688 4086 salvare
2726 4041 2793 4084 se
2837 4023 3049 4105 ipsum
3095 4023 3171 4084 de
3210 4022 3506 4084 manibus
3550 4023 3936 4086 Judaeorum.

2443 4121 2617 4193 Quod
2675 4122 2741 4182 in
2802 4121 3369 4202 comprehensione
3425 4120 3655 4184 Christi
3714 4121 3942 4203 imple-

4084 2556 4157 2610 3¹

835 4216 968 4298 jam
1007 4216 1250 4287 dixerit,
1286 4215 1471 4277 Venit
1509 4217 1663 4278 hora
1691 4234 1890 4297 quum
1932 4216 2061 4296 jam
2099 4236 2225 4280 non
2267 4217 2332 4279 in
2366 4218 2414 4280 D
2444 4227 2577 4281 tum
2620 4228 2737 4292 est,
2784 4220 3038 4300 quando
3081 4218 3379 4300 discipuli
3426 4219 3644 4282 relicto
3688 4237 3763 4282 θο
3805 4239 3941 4283 οιῐι-
4026 4244 4201 4287 unns.

838 4315 1196 4399 proverbiis
1235 4315 1458 4396 loquar
1499 4314 1679 4377 vobis
1717 4316 1916 4396 (quod
1960 4317 2038 4378 ad
2080 4323 2333 4398 tempus
2444 4335 2555 4379 nes
2604 4317 2927 4398 fugerunt,
2970 4318 3507 4398 quemadmodum
3560 4334 3673 4398 per
3717 4316 3939 4380 Zacha·
3966 4319 4093 4355 ’Μ’
4120 4313 4186 4350 ⁵⁵·
4283 4389 4284 4394 γ

2445 4416 2601 4478 riam
2645 4415 2769 4477 fuit
2812 4415 3185 4497 praedictum
3230 4435 3243 4478 :
3286 4414 3549 4478 Percute
3591 4424 3932 4497 pastorem,
3990 4441 4234 4488 zaram.
4283 4407 4284 4429 ³

2444 4521 2505 4576 et
2544 4515 2988 4596 dispergentur
3026 4533 3176 4577 oves
3213 4514 3443 4595 gregis.
3480 4518 3563 4576 Ec
3601 4534 3702 4574 me
3726 4519 3935 4577 solum
3967 4508 4023 4554 ⁷³
4068 4505 4233 4548 ⁸⁸²¹*-

837 4421 980 4497 post
1019 4413 1547 4476 resurrectionem
1590 4413 1857 4474 relatum
1899 4416 2052 4494 est);
2087 4433 2214 4477 non
2247 4424 2332 4478 ta-

836 4531 984 4575 men
1033 4511 1288 4593 negavit
1333 4511 1492 4592 quin
1535 4511 1726 4573 etiam
1775 4520 1920 4574 ante
1971 4513 2329 4593 passionem

836 4612 1204 4692 loqueretur
1249 4610 1339 4672 eis
1389 4611 1679 4690 quaedam
1723 4610 1800 4671 de
1842 4609 1966 4673 Deo
2010 4611 2150 4672 sine
2191 4632 2334 4694 pro-

837 4709 1099 4773 verbiis.
1133 4710 1332 4771 Nunc
1365 4711 1604 4768 scimus
1644 4725 1758 4790 per
1800 4707 1998 4770 fidem
2042 4717 2104 4770 et
2148 4729 2333 4793 expe-

2442 4615 2853 4693 relinquatis,
2908 4612 2971 4674 id
3028 4621 3145 4693 est,
3198 4621 3405 4676 vestro
3462 4613 3780 4676 consortio
3838 4615 3939 4676 de-

2442 4711 2756 4785 stitutum,
2810 4719 3001 4791 atque
3046 4709 3329 4792 humana·
3371 4729 3493 4793 ope
3542 4711 3864 4792 privatum
3918 4730 3931 4776 :

4028 4581 4089 4616 vr,
4114 4573 4181 4611 ³1.

838 4807 1133 4869 rientiam
1171 4807 1534 4887 quamdam,
1569 4808 1727 4884 quia
1765 4808 1888 4866 scis
1925 4809 2170 4868 omnia.
2208 4808 2333 4872 Hoc
2438 4809 2619 4890 juxta
2656 4808 2815 4871 illud
2857 4809 2924 4871 in
2961 4809 3225 4884 Psalmo,
3258 4807 3469 4890 Longe
3506 4809 3713 4872 fecisti
3756 4819 3935 4874 notos
3962 4837 4029 4879 Ρ.
4034 4852 4233 4886 ιιιιιιι

2442 4924 2614 4970 meos
2670 4925 2707 4968 a
2764 4925 2886 4978 me,
2940 4913 3003 4968 et
3058 4907 3365 4988 elongasti
3412 4927 3451 4969 a
3499 4925 3601 4969 me
3656 4907 3935 4970 amicum
3962 4903 4102 4950 Μ’-

739 4915 748 4922 “
837 4904 978 4968 ideo
1025 4912 1340 4978 asserunt,
1395 4903 1698 4986 quoniam
1748 4902 2033 4966 Christus
2095 4925 2333 4987 praeve-

834 5004 930 5066 nit
977 5003 1534 5083 interrogationem
1599 5019 1841 5077 eorum,
1896 5011 1958 5064 et
2004 5004 2335 5085 cogitatio-

835 5119 946 5162 nes
995 5098 1215 5164 eorum
1277 5101 1591 5181 cognovit,
1646 5101 1813 5162 sicut
1863 5101 1996 5181 jam
2056 5103 2261 5183 patuit
2314 5121 2327 5166 ε

833 5199 986 5273 imo,
1034 5216 1110 5261 ex
1151 5198 1420 5260 diversis
1469 5198 1682 5262 verbis
1731 5208 1794 5261 et
1841 5198 2024 5261 factis
2074 5199 2329 5275 Christi,

834 5314 1214 5378 cognoscere
1248 5305 1538 5378 poterant
1568 5298 1740 5378 quod
1777 5297 1866 5358 nil
1903 5315 2050 5358 eum
2087 5298 2329 5360 lateret.

2442 5012 2503 5066 et
2552 5005 2937 5086 proximum.
2988 5007 3071 5066 E'c
3113 5025 3243 5066 non
3292 5027 3433 5067 sum
3484 5011 3681 5078 solu-3,
3726 5007 3793 5068 id
3842 5014 3936 5068 est

2442 5103 2580 5163 sine
2627 5111 2917 5165 consorte
2967 5121 3077 5164 seu
3137 5104 3273 5184 pari
3334 5112 3577 5179 natura,
3631 5123 3749 5167 nec
3798 5105 3935 5166 sine

2441 5201 2783 5263 adsistente
2831 5209 2893 5262 et
2939 5201 3301 5282 adjuvante,
3353 5205 3514 5282 quia
3560 5206 3765 5265 Pater
3812 5225 3936 5264 me-

2443 5319 2591 5360 cum
2642 5309 2753 5360 est.
2804 5297 2983 5362 Pater
3030 5300 3203 5362 enim
3254 5309 3317 5363 et
3362 5301 3561 5363 Filius
3613 5301 3935 5384 insepara-
