4300 6259
1175 507 1522 554 mannum
1568 506 1630 552 [N
1673 506 1812 553 GAP.
1859 505 1923 552 x!
1967 504 2154 552 LUGAE.
2201 525 2280 536 —
2325 507 2465 552 Am.
2512 506 2663 554 xxlx

361 778 548 859 panis
598 777 1154 859 contemplationis
1206 777 1494 839 internae.
1553 774 1620 836 Hi
1675 792 1870 857 panes

358 876 752 938 commodari
787 875 970 938 nobis
1001 894 1038 936 a
1067 874 1192 937 Deo
1224 874 1541 947 dicuntur,
1567 872 1870 954 quoniam

357 974 438 1035 de
479 974 666 1037 donis
709 973 896 1037 nobis
935 974 1214 1055 desuper
1253 973 1436 1047 datis,
1473 972 1630 1034 ratio
1659 970 1872 1051 exige-

357 1080 465 1133 tur
505 1091 542 1133 a
581 1071 790 1143 nobiS‚
827 1080 898 1133 ut
932 1072 1020 1134 ait
1049 1070 1335 1133 Salvator
1371 1072 1541 1153 apud
1583 1069 1815 1131 Lucam
1851 1086 1865 1131 :

193 1205 258 1239 m.
315 1169 474 1233 ‚Cui
527 1170 674 1252 plus
734 1171 952 1233 datum
1013 1178 1130 1245 est,
1184 1170 1329 1251 plus
1381 1170 1742 1251 requiretur
1789 1167 1869 1229 ab

110 1974 177 2017 Ps.
193 1988 326 2023 xxm.

92 2040 146 2079 13,

123 2576 144 2604 ⁸
197 2579 256 2608 m
315 2547 729 2619 ‚revertitur,

103 3934 332 3986 lCor.1v,7.

101 4036 334 4090 flemma.

323 4119 662 4181 ⁴ficientes
711 4116 988 4197 cogitare
1035 4114 1280 4195 aliquid
1324 4132 1401 4176 ex
1453 4114 1658 4187 nobiS‚
1714 4135 1870 4198 qua-

357 1286 456 1331 eo.
518 1268 588 1329 Et
635 1267 975 1349 Gregorius
1025 1269 1253 1331 asserit
1299 1287 1313 1331 ι
1365 1268 1522 1329 Dum
1574 1272 1870 1329 crescunt

357 1368 548 1441 dona,
586 1368 862 1430 rationes
907 1375 1205 1430 crescunt
1247 1368 1582 1430 donorum.
1629 1368 1870 1435 Quom·-

355 1488 472 1527 am
501 1468 754 1526 amicus
784 1486 964 1527 meus
994 1468 1172 1527 venit
1211 1468 1291 1525 de
1329 1468 1439 1526 via
1481 1466 1570 1525 ad
1599 1484 1718 1524 me.
1752 1462 1868 1524 Per

353 1566 642 1627 amicum
704 1565 920 1639 istum,
973 1564 1327 1626 secundum
1387 1565 1718 1644 quosdam,
1771 1561 1871 1622 in-

356 1662 674 1743 telligitur
715 1662 968 1726 animus
1019 1680 1132 1724 seu
1175 1660 1442 1743 spiritus
1487 1668 1722 1733 noster,
1754 1660 1866 1741 qui

355 1762 516 1822 dum
548 1780 666 1843 per
695 1768 966 1835 terrena,
1001 1779 1164 1823 vana
1205 1767 1398 1841 atque
1437 1758 1715 1821 carnalia
1743 1759 1871 1821 dis-

3396 494 3472 557 31

191 712 329 747 aasz.
357 680 534 762 apud
581 679 912 754 Ioannem,
963 678 1094 759 Ego
1144 698 1286 741 sum
1340 678 1524 761 panis
1575 676 1769 754 vitae3
1811 682 1875 737 et
1901 672 1952 733 A
1980 675 2165 755 quasi
2194 676 2508 756 gloriosus
2546 696 2619 739 ac
2660 677 3053 740 invariabilis
3084 677 3245 741 Deus
3280 680 3479 761 possit

1980 772 2241 854 proprie
2290 775 2521 837 dictam
2576 776 2891 837 sustinere
2938 776 3318 850 molestiam,
3371 785 3479 839 aut

1980 872 2315 935 hominum
2368 874 2665 955 precibus
2724 876 3117 957 inquietari3
3170 877 3277 937 sed
3329 876 3481 956 quia

1981 970 2352 1053 frequenter
2381 970 2616 1034 affectu
2649 982 2714 1035 et
2742 992 2919 1036 more
2958 974 3237 1037 humano
3276 974 3482 1054 loqui-

1975 1076 2086 1129 tur
2125 1068 2189 1129 in
2227 1068 2596 1151 Scripturis,
2632 1071 2941 1134 debilitati
2985 1080 3215 1135 nostrae
3248 1072 3482 1134 intelli-

1978 1168 2209 1247 gentiae
2244 1170 2777 1244 condescendens,
2814 1172 3351 1251 quemadmodum
3391 1172 3480 1233 ait

1982 1284 2095 1348 per
2136 1267 2355 1329 lsaiam
2395 1287 2408 1331 :
2451 1268 2756 1332 Laboravi
2798 1271 3165 1351 sustinens3
3209 1278 3271 1332 et
3307 1271 3479 1333 holo·
3533 1289 3743 1342 12..,u.

1981 1372 2196 1427 causta
2254 1384 2366 1427 seu
2423 1366 2583 1428 festa
2634 1378 2841 1430 vestra
2898 1368 3061 1431 facta
3120 1377 3268 1431 sunt
3317 1370 3475 1431 mihi

1981 1464 2265 1527 molesta.
2301 1465 2673 1548 Rursusque
2709 1467 2992 1548 loquitur
3021 1468 3208 1530 lsaias
3245 1488 3258 1531 :
3292 1468 3478 1531 Num·
3505 1486 3767 1539 mamma.

1980 1562 2137 1644 quid
2189 1582 2413 1643 parum
2459 1564 2639 1627 vobis
2688 1572 2783 1626 est
2834 1583 2971 1627 esse
3020 1566 3319 1629 molestos
3370 1569 3479 1631 ho-

1980 1660 2287 1733 miuibuS,
2332 1662 2485 1742 quia
2528 1663 2776 1726 molesti
2816 1664 2969 1725 estis
3014 1671 3077 1725 et
3118 1664 3243 1727 Deo
3291 1670 3477 1729 meo?

1977 1756 2195 1839 Itaque
2226 1758 2385 1820 Deus
2416 1760 2519 1836 ait,
2536 1759 2674 1823 Noli
2708 1762 2864 1823 mihi
2899 1763 3198 1825 molestus
3230 1781 3383 1837 esse,
3402 1766 3478 1827 ad

359 1860 660 1934 trahitur,
709 1858 1064 1921 oblectatur
1115 1866 1179 1920 et
1219 1865 1543 1939 evagatur,
1597 1876 1634 1918 a
1683 1856 1867 1919 nobis
1907 1854 1952 1915 B
1981 1855 2437 1919 insinuandum
2469 1876 2661 1938 quam
2695 1859 3045 1922 difficulter
3074 1869 3136 1923 et
3167 1870 3481 1943 protracte

359 1958 624 2031 recedit,
656 1960 838 2038 juxta
875 1957 1036 2019 illud
1071 1956 1136 2018 in
1169 1955 1418 2018 Psalmo
1453 1974 1465 2017 :
1502 1955 1620 2018 Cor
1652 1972 1866 2017 meum

358 2056 711 2137 dereliquit
740 2074 865 2117 me.
889 2055 1152 2137 Propter
1183 2056 1354 2136 quod
1388 2072 1503 2135 per
1527 2053 1868 2116 Jeremiam

141 2184 197 2212 er.
221 2186 325 2223 m..
358 2153 746 2235 prophetam
777 2152 1011 2214 dicitur
1045 2170 1060 2213 ε
1095 2151 1439 2232 Usquequo
1469 2150 1716 2213 deliciis
1747 2150 1869 2213 dis-

357 2250 656 2323 solveri8‚
691 2250 828 2313 filia
859 2252 1056 2331 vaga?
1088 2248 1294 2321 Quum
1335 2256 1548 2311 autem
1589 2250 1668 2311 ad
1709 2249 1868 2311 inte-

357 2349 528 2411 riora
574 2368 692 2409 sua
736 2347 1113 2428 regreditur,
1157 2355 1220 2408 et
1261 2346 1562 2408 salutaria
1607 2347 1870 2409 medita-

358 2454 486 2521 tur,
531 2448 611 2509 de
657 2447 760 2508 via
804 2446 928 2508 lata
977 2444 1352 2527 perditionis
1401 2446 1481 2507 ad
1531 2465 1646 2507 nos
1695 2445 1867 2527 ipsos

783 2545 950 2607 sicut
998 2544 1186 2606 lsaias
1235 2551 1502 2606 testatur
1556 2562 1571 2606 :
1624 2543 1864 2615 Redite,

359 2646 904 2728 praevaricatoreS,
955 2645 1032 2706 ad
1085 2662 1213 2706 cor.
1260 2680 1333 2689 —
1384 2642 1710 2715 Praeterea,
1757 2660 1869 2723 per

359 2744 794 2826 postulantem
853 2750 982 2805 tres
1044 2760 1262 2824 paneS,
1325 2741 1596 2822 intelligi
1661 2747 1870 2823 potest

355 2843 760 2925 quicumque
789 2840 1050 2903 alterius
1083 2839 1461 2914 exhortator,
1483 2847 1546 2901 et
1577 2858 1690 2921 per
1716 2838 1872 2901 ami-

357 2960 505 3003 cum
549 2942 630 3002 de
661 2940 765 3003 via
799 2939 1180 3009 venientem,
1217 2938 1615 3019 quicumque
1657 2938 1869 3019 proxi-

1978 1972 2146 2036 saepe
2193 1955 2410 2017 audiat
2460 1956 2891 2037 deprecantes,
2939 1961 3479 2040 quemadmodum

1979 2061 2234 2115 sanctus
2263 2053 2375 2117 Job
2409 2054 2693 2135 loquitur
2722 2056 2894 2120 Deo:
2931 2056 3143 2121 Clamo
3182 2060 3261 2121 ad
3298 2067 3382 2133 te,
3418 2068 3481 2122 et
3505 2081 3588 2125 lob
3606 2084 3770 2133 xxxmo,

1979 2172 2106 2215 non
2168 2153 2481 2233 exaudis3
2534 2161 2652 2227 sto,
2703 2161 2765 2216 et
2814 2174 2939 2219 non
2993 2157 3258 2237 respicis
3306 2176 3410 2220 me
3458 2146 3573 2221 :·¹·

1981 2258 2259 2312 mutatus
2300 2269 2367 2312 es
2410 2252 2567 2313 mihi
2612 2252 2677 2313 in
2719 2254 3064 2328 crudelem,
3099 2262 3163 2316 et
3202 2255 3267 2317 in
3304 2257 3481 2319 duri-

1979 2348 2069 2410 tia
2109 2367 2339 2410 manus
2389 2351 2913 2424 tuaeadversaris
2956 2352 3139 2415 mihi.
3191 2353 3478 2417 Jeremiae

1979 2464 2240 2528 quoque
2288 2444 2573 2526 loquitur
2615 2446 2779 2509 Deus
2828 2450 2906 2510 de
2956 2450 3227 2531 reprobo
3276 2470 3481 2533 popu-

1981 2544 2042 2607 lo
2083 2544 2442 2607 Judaeorum
2489 2563 2501 2606 ε
2551 2544 2715 2619 Noli,
2763 2546 3085 2627 inquienS,
3132 2567 3313 2611 orare
3363 2570 3478 2631 pro
3506 2572 3671 2615 lemn
3703 2576 3752 2616 16

1983 2642 2223 2723 populo
2273 2641 2393 2705 hoc
2438 2642 2502 2704 in
2543 2642 2807 2719 bonum,
2857 2663 2974 2707 nec
3016 2664 3303 2709 assumas
3348 2649 3481 2710 lau-

1981 2741 2125 2801 dem
2166 2748 2229 2801 et
2266 2740 2617 2803 orationem
2653 2761 2771 2823 pro
2810 2743 2918 2820 eiS‚
2954 2751 3018 2805 et
3052 2762 3177 2807 non
3208 2743 3479 2807 obsistas

1980 2838 2165 2911 mihi,
2209 2838 2363 2919 quia
2406 2858 2535 2901 non
2578 2841 2910 2903 exaudiam
2954 2850 3038 2903 te.

2057 2940 2208 2998 Jam
2242 2936 2413 2999 enim
2444 2940 2681 2999 ostium
2714 2943 3009 3001 clausum
3045 2951 3159 3009 est,
3193 2942 3314 3005 hoc
3355 2952 3475 3017 est,

359 3058 506 3101 mus
545 3036 1098 3101 exhortationibus
1137 3036 1452 3117 indigens.
1489 3034 1724 3116 Sicque
1763 3053 1869 3097 ex·
1907 3034 1950 3097 C
1977 3034 2193 3097 aditus
2253 3054 2365 3097 seu
2424 3054 2714 3097 accessus
2772 3038 2852 3099 ad
2911 3037 3384 3119 impetrandum
3442 3061 3479 3103 a

357 3134 694 3208 hortatori,
729 3152 842 3197 seu
883 3134 1278 3215 praedicatori
1318 3141 1447 3194 tres
1488 3149 1684 3214 panes
1719 3140 1870 3194 sunt

358 3234 730 3306 necessarii,
777 3240 996 3315 utpote
1041 3232 1353 3313 sapientia
1402 3231 1657 3303 mentiS,
1699 3231 1869 3294 ordi-

357 3340 506 3395 nata
557 3331 796 3395 locutio
844 3330 994 3401 oriS‚
1042 3329 1490 3411 exemplaritas
1535 3347 1869 3391 conversa-

358 3432 578 3495 tionis,

441 3532 528 3591 Ει
567 3548 702 3589 non
741 3528 937 3587 habeo
975 3529 1150 3606 quod
1177 3546 1422 3605 ponam
1461 3536 1611 3587 ante
1645 3528 1862 3599 illum,

359 3628 482 3691 hoc
524 3634 642 3701 est,
680 3645 719 3687 a
757 3642 860 3686 me
899 3624 1040 3706 ipso
1081 3623 1170 3685 nil
1213 3624 1467 3687 virtutis
1505 3632 1614 3685 aut
1649 3625 1868 3705 gratiae

360 3725 590 3799 habeo,
639 3732 710 3785 ut
747 3722 1046 3805 spiritum
1088 3739 1304 3784 meum
1349 3740 1460 3783 seu
1503 3722 1868 3803 proximum

361 3822 789 3906 spiritualiter
838 3820 1084 3882 valeam
1133 3819 1430 3883 roborare
1477 3829 1668 3902 atque
1719 3820 1870 3884 refi—

363 3940 530 3995 cere,
568 3920 822 3982 dicente
865 3917 1168 4000 Apostolo
1203 3936 1216 3980 :
1261 3916 1422 3989 Quid
1458 3918 1656 3980 habes
1695 3921 1866 4001 quod

364 4040 492 4083 non
523 4018 875 4099 accepisti?
910 4015 984 4079 Et
1013 4035 1233 4077 rursus
1269 4034 1282 4078 z
1315 4015 1450 4078 Non
1482 4036 1704 4079 sumus
1738 4017 1870 4079 sus-

1979 3152 2102 3208 me,
2137 3134 2327 3197 modo
2366 3133 2480 3195 tibi
2523 3153 2649 3197 non
2691 3142 2882 3217 patet,
2918 3137 3002 3199 ita
3046 3140 3216 3220 quod
3256 3158 3478 3221 preces

1979 3238 2102 3294 tuae
2142 3232 2351 3294 adhuc
2402 3233 2613 3295 locum
2663 3252 2789 3296 non
2829 3234 3087 3297 habent.
3122 3235 3477 3308 Quocontra

1980 3330 2046 3391 in
2077 3329 2819 3399 Ecclesiasticohabetur
2848 3350 2861 3394 :
2897 3331 3105 3396 Oratio
3135 3334 3477 3399 humilian-

1979 3428 2059 3489 tis
2091 3446 2159 3490 se
2190 3428 2392 3491 nubes
2424 3428 2801 3511 penetrabit.
2832 3428 2907 3491 Et
2934 3430 3302 3496 beatissimo
3332 3434 3477 3497 Cor-

1981 3527 2148 3589 nelio
2190 3528 2548 3590 centurioni
2589 3528 2831 3590 dictum
2872 3537 2970 3592 est
3005 3530 3084 3592 ab
3124 3533 3368 3613 angelo,
3407 3541 3477 3595 ut

1980 3626 2250 3688 habetur
2282 3626 2345 3688 in
2385 3626 2649 3689 Actibus
2686 3645 2699 3689 :
2733 3625 3057 3691 Orationes
3098 3636 3221 3692 tuae
3260 3650 3476 3693 ascen-

1979 3726 2212 3787 derunt
2240 3724 2305 3787 in
2339 3725 2709 3788 memoriam
2747 3726 2812 3786 in
2846 3736 3191 3809 conspectu
3221 3728 3354 3791 Dei.
3388 3733 3475 3791 Et

1972 3826 2171 3901 pueri
2198 3825 2348 3891 mei,
2381 3823 2500 3885 hoc
2536 3830 2631 3885 est
2668 3823 2852 3885 electi
2884 3832 3075 3905 atque
3103 3826 3269 3888 beati
3302 3828 3473 3889 cives

1984 3922 2158 4001 regni
2211 3920 2507 3993 coelestis‚
2552 3942 2797 3982 mecum
2834 3932 2989 3983 sunt
3026 3925 3100 3983 in
3138 3927 3369 3995 cubili,
3410 3925 3475 3987 id

1981 4020 2169 4082 estin
2202 4019 2624 4081 secretissima
2663 4020 2883 4100 requie
2927 4021 3201 4083 coelestis
3232 4022 3469 4104 palatii,

1983 4117 2090 4179 ubi
2123 4116 2304 4198 quasi
2339 4115 2401 4177 in
2434 4116 2727 4189 thalamo,
2762 4116 3042 4180 Ecclesia
3072 4119 3471 4203 triumphans

3556 3354 3707 3399 Eccli.

3504 3430 3631 3469 xxxv.
3654 3420 3723 3463 2¹.

3532 3653 3627 3696 Act.
3642 3654 3737 3702 x,4.

363 4218 418 4279 si
478 4236 558 4279 ex
609 4214 839 4293 nobis3
901 4214 1011 4275 sed
1073 4210 1467 4274 sufficientia
1528 4221 1741 4275 nostra
1790 4232 1866 4275 ex
1901 4214 1950 4275 D
1981 4234 2096 4279 suo
2127 4214 2371 4296 Sponso
2399 4222 2633 4277 aeterno
2674 4214 3159 4280 inavertibiliter
3195 4228 3291 4281 est
3328 4239 3477 4283 con·

364 4316 492 4379 Deo
537 4321 655 4377 est.
697 4312 896 4375 Nemo
937 4328 1086 4393 ergo
1129 4330 1196 4373 se
1237 4310 1451 4391 jactet,
1495 4328 1612 4373 nec
1657 4313 1734 4374 de
1776 4313 1870 4374 vi-

365 4414 548 4477 ribus
589 4412 724 4475 suis
770 4417 1134 4493 praesumat,
1171 4427 1380 4491 neque
1421 4410 1696 4471 inaniter
1735 4411 1871 4491 glo—

367 4512 591 4575 rietur.

449 4614 536 4672 Ec
565 4612 682 4669 ille
709 4610 974 4668 deintus
1010 4609 1423 4683 respondem,
1450 4609 1646 4668 dic-at.
1681 4607 1870 4670 Recte

365 4709 474 4781 ait,
509 4706 774 4769 Deintus
809 4704 1223 4785 respondens.
1258 4702 1420 4765 Deus
1452 4703 1622 4765 enim
1657 4706 1872 4768 omnia

367 4806 619 4888 implet,
664 4810 730 4865 et
768 4801 1106 4865 animabus
1150 4802 1381 4863 nostris
1427 4800 1735 4875 illabitur,
1778 4804 1872 4865 in-

366 4911 604 4985 tusque
633 4920 739 4964 eas
769 4900 1018 4963 occulta
1049 4900 1464 4981 inspiratione
1496 4901 1866 4981 alloquitur.

299 5028 340 5065 v.
367 5001 633 5085 Propter
672 5000 846 5081 quod
883 4999 972 5061 ait
1000 4997 1330 5061 Psalmista
1363 5017 1376 5061 :
1411 4998 1680 5061 Audiam
1713 5000 1870 5081 quid

369 5101 671 5183 loquatur
711 5098 780 5160 in
823 5115 926 5160 me
957 5096 1262 5159 Dominus
1293 5096 1478 5159 Deus.
1516 5099 1675 5161 Noli
1704 5102 1874 5160 mihi

369 5202 670 5261 molestus
707 5216 857 5267 esse,
903 5195 1025 5258 hoc
1071 5202 1167 5257 est
1217 5195 1515 5277 precibus
1567 5196 1874 5259 immode-

373 5306 584 5360 ranter
613 5296 894 5379 pulsare.
928 5294 1056 5357 Hoc
1085 5294 1568 5375 intelligendum
1600 5302 1717 5369 est,
1745 5314 1870 5359 non

1977 4314 2217 4395 juncta,
2270 4320 2333 4375 et
2392 4311 2754 4375 immediate
2811 4313 3213 4398 feliciterque
3271 4319 3468 4395 unita,

1979 4412 2289 4475 facialiter
2320 4428 2585 4473 cernens
2618 4412 2942 4487 dilectum,
2978 4432 3093 4477 nec
3126 4434 3240 4498 per
3269 4417 3474 4501 culpae

1979 4510 2569 4575 dissimilitudinem
2598 4509 2837 4572 distans
2866 4510 2946 4573 ab
2978 4512 3138 4593 ipso,
3172 4516 3476 4595 quemad-

1981 4611 2239 4673 modum
2273 4609 2566 4683 viatores,
2601 4608 2839 4689 quibus
2870 4608 3175 4673 Dominus
3206 4632 3321 4696 per
3349 4613 3475 4677 Isa-

1980 4708 2102 4769 iam
2137 4708 2363 4769 asserit
2396 4726 2409 4769 ε
2444 4706 2816 4787 Iniquitates
2856 4715 3081 4772 vestrae
3119 4710 3475 4776 diviserunt

1981 4806 2145 4867 inter
2189 4805 2384 4866 Deum
2431 4812 2711 4867 vestrum
2756 4813 2817 4866 et
2863 4824 2993 4869 vos,

3519 4732 3580 4775 18.
3601 4746 3681 4783 nx,
3703 4734 3744 4776 ἱ.

2072 4905 2220 4966 Non
2256 4923 2519 4981 possum
2558 4922 2839 4979 suryere,
2888 4904 2952 4966 id
3001 4913 3099 4967 est
3145 4906 3209 4968 in
3260 4916 3471 4971 actum

1980 5000 2403 5063 exauditionis
2454 5000 2817 5081 procedere,
2858 5012 2919 5063 et
2960 5006 3121 5065 dare
3164 5008 3284 5066 tibi
3330 5026 3474 5087 quae

1983 5099 2167 5181 petis.
2202 5098 2487 5179 Denique
2526 5099 2697 5179 quod
2727 5098 2891 5161 Deus
2922 5101 3009 5163 ait
3045 5103 3471 5185 omnipotenS,

1977 5196 2113 5261 Non
2173 5215 2456 5278 possum,
2520 5214 2645 5259 non
2709 5196 3308 5279 impossibilitatem,
3364 5204 3477 5265 sed

1981 5295 2428 5359 difficultatem
2485 5295 2866 5358 exaudiendi
2924 5298 3210 5379 designat
3270 5318 3283 5363 ε
3346 5320 3472 5366 non
