4300 6259
1110 515 1463 562 manna-rio
1505 514 1570 560 m
1612 513 1750 561 car.
1795 513 1929 562 xxn
1969 514 2158 562 Lucia.
2204 536 2284 546 —
2325 517 2468 564 aar.
2513 517 2699 564 nvm
3328 495 3447 561 217

335 702 474 746 non
515 691 612 746 est
649 690 950 762 tentatuS,
983 686 1140 768 quid
1181 686 1344 749 scit?
1374 686 1483 748 Vir
1521 687 1588 748 in
1629 684 1848 748 multis
1878 685 1929 747 A
1956 688 2235 767 gerendo
2276 707 2514 763 curam,
2548 707 2666 752 nee
2706 689 2812 752 Dei
2853 709 2969 752 nec
3006 689 3127 764 sui,
3163 694 3447 771 peccant,

225 797 232 802 ·
335 791 665 864 expertuS,
699 784 1000 864 cogitabit
1035 785 1267 865 multa3
1299 785 1412 866 qui
1455 804 1581 848 non
1620 792 1716 846 est
1751 802 1852 847 ex·
1960 805 2085 848 non
2140 787 2599 868 distinguentes
2648 789 2815 850 inter
2861 806 3123 871 peccare
3161 796 3223 850 et
3268 803 3453 868 agere

57 896 303 948 lamam.
337 887 586 962 ρει-ωε,
624 901 825 964 pauca
854 883 1266 964 recognoscit.
1297 883 1371 944 Et
1398 882 1663 946 Jacobus
1697 902 1711 945 ε
1745 883 1849 944 Be·
1960 885 2262 949 virtuose.

333 987 484 1042 atus
527 981 628 1044 vir
662 981 775 1063 qui
815 980 1045 1044 suffert
1083 983 1508 1056 tentationem,
1544 983 1848 1064 quoniam
2037 987 2124 1046 Et
2152 986 2329 1045 dimit
2356 987 2470 1057 eis,
2504 985 2745 1048 scilicet
2774 985 3060 1049 Christus
3089 985 3405 1069 Apostolis
3433 1004 3447 1048 :

334 1097 548 1159 quum
609 1079 911 1161 probatus
960 1080 1177 1154 fuerit,
1233 1081 1502 1162 accipiet
1551 1098 1844 1143 eoronam
1961 1087 2233 1152 Quando
2266 1087 2417 1144 misi
2447 1105 2554 1145 vos
2585 1085 2930 1167 praedicare
2962 1085 3189 1147 Judaeis
3221 1103 3337 1167 per
3364 1084 3454 1146 lo-
3584 1091 3655 1145 35

341 1177 514 1240 Vitae·
1957 1201 2030 1244 ca
2078 1182 2349 1257 diversa,
2403 1183 2781 1264 praecipiens
2834 1203 2943 1246 vos
2993 1184 3085 1244 ire
3132 1184 3273 1244 sine
3316 1203 3453 1243 sac-
3480 1199 3743 1250 Luc.x,³,4.

130 1273 194 1328 33
426 1277 558 1345 Qui
592 1278 772 1337 dixit
808 1279 896 1346 ei,
927 1277 1110 1359 quasi
1151 1296 1278 1340 non
1319 1284 1608 1338 metuens
1637 1296 1674 1338 a
1712 1286 1848 1339 ten·
1955 1287 2098 1344 culo
2135 1292 2196 1344 et
2226 1303 2411 1360 pera,
2457 1281 2520 1344 id
2567 1290 2661 1344 est
2712 1283 3104 1365 repositoriis
3156 1281 3454 1364 pecunia-

335 1379 546 1436 tatore
583 1375 860 1450 devinci,
893 1383 1002 1437 aut
1033 1376 1294 1458 propria
1331 1375 1670 1456 fragilitate
1709 1394 1848 1436 suc-
1959 1401 2100 1443 rum
2131 1389 2195 1442 et
2230 1381 2701 1456 alimentorum,
2738 1389 2806 1442 ut
2846 1381 2910 1442 in
2952 1382 3086 1445 solo
3128 1381 3252 1444 Deo
3290 1387 3455 1444 esset

333 1472 654 1536 cumbere
686 1492 701 1535 ἰ
735 1477 1032 1546 Domine,
1065 1484 1272 1536 lecum
1302 1484 1580 1553 Paratus
1616 1495 1760 1535 sum
1789 1483 1846 1534 et
1958 1499 2104 1562 spes
2135 1488 2362 1553 vestra,
2399 1498 2517 1542 nec
2546 1479 2858 1544 exteriora
2894 1479 3282 1542 adminicula
3312 1499 3456 1562 por-

335 1573 412 1632 in
445 1593 768 1632 carcerem
795 1581 855 1633 et.
892 1574 966 1634 in
1009 1583 1272 1634 mortem
1309 1576 1427 1634 ire.
1461 1573 1590 1637 Hoc
1629 1572 1846 1634 Petrus
1956 1578 2173 1641 taretis
2228 1578 2580 1652 vobiscum,
2629 1589 2689 1639 ec
2736 1580 3183 1640 calceamentis
3232 1599 3255 1638 .·
3301 1579 3455 1660 quia

332 1670 504 1732 dixit
563 1670 840 1752 incaute,
899 1672 978 1734 de
1038 1691 1152 1734 sua
1201 1673 1552 1737 constantia
1609 1691 1848 1755 praesu-
1958 1677 2146 1739 nudis
2188 1676 2457 1758 pedibus
2498 1677 2917 1752 incesserunt,
2960 1677 3127 1739 sicut
3174 1685 3237 1739 et
3279 1676 3456 1739 Chri-

332 1770 600 1842 mendo,
627 1789 744 1833 nec
768 1771 987 1850 gratiae
1017 1771 1230 1834 debite
1261 1772 1614 1846 innitendo,
1639 1788 1847 1852 neque
1958 1783 2114 1848 stuS,
2164 1775 2228 1836 in
2278 1774 2531 1854 signum
2580 1783 2981 1857 contemptus
3030 1775 3222 1856 hujus
3272 1794 3456 1836 mun-

331 1868 691 1931 humanam
740 1868 1287 1932 defectuositatem
1336 1871 1680 1951 pensando.
1734 1869 1848 1930 Ve-
1886 1871 1931 1932 B
1960 1874 2064 1952 di;
2105 1875 2431 1952 numquid
2470 1875 2733 1953 aliquid
2776 1874 3202 1936 necessarium
3254 1873 3451 1936 victui

335 1974 704 2029 rumtamen
739 1968 1102 2050 praecipuus
1133 1968 1395 2050 quidam
1433 1969 1648 2032 fervor
1679 1987 1849 2030 amo·
1956 1973 2171 2048 defuit
2230 1974 2403 2031 vobis
2433 1974 2463 2032 ,ἓ
2509 1976 2596 2032 At
2643 1973 2753 2032 illi
2797 1975 3113 2034 dixerunt
3162 1993 3184 2033 .·
3235 1973 3447 2034 Nihil.
3586 1978 3659 2034 36

335 2067 429 2128 ris
489 2069 572 2130 ad
637 2067 982 2142 Christum,
1043 2067 1170 2130 fuit
1228 2067 1350 2129 sibi
1412 2067 1656 2130 occasio
1721 2075 1844 2128 tam
1958 2069 2132 2132 Tunc
2164 2069 2333 2131 enim
2367 2069 2649 2133 Christus
2690 2071 3002 2133 concessit
3028 2070 3343 2152 Apostolis
3386 2079 3455 2132 ut

334 2164 748 2228 confidenter
803 2165 1149 2247 loquendi3
1203 2166 1312 2228 sed
1369 2165 1691 2229 dilectioni
1752 2165 1847 2227 illi
1956 2168 2258 2231 alimenta
2295 2166 2693 2249 susciperent
2728 2168 2808 2230 ab
2854 2169 2953 2231 his
2992 2168 3229 2250 quibus
3268 2187 3455 2232 evan-

335 2263 468 2326 suit
510 2264 794 2326 admixta
841 2264 1335 2328 inconsideratio
1383 2282 1495 2326 seu
1546 2264 1849 2326 indiscre-
1955 2264 2330 2345 gelizabant‚
2372 2283 2408 2326 a
2447 2265 2685 2346 quibus
2728 2273 2791 2327 et
2832 2266 3319 2348 competentiam
3365 2266 3455 2328 vi-

336 2362 431 2426 tio
473 2364 794 2444 quaedam,
837 2370 900 2425 et
937 2381 1014 2425 ex
1052 2363 1163 2426 illa
1199 2363 1450 2426 locutus
1491 2371 1586 2425 est
1629 2362 1848 2425 Petrus
1958 2370 2037 2426 tae
2076 2371 2516 2444 susceperunt.
2558 2363 2789 2426 Natura
2831 2365 3002 2426 enim
3052 2365 3319 2428 modicis
3362 2371 3457 2426 est

333 2462 518 2543 quod
558 2479 628 2523 se
666 2481 744 2522 ex
786 2460 1125 2525 dilectione
1165 2462 1446 2525 virtuosa
1484 2461 1694 2524 dicere
1735 2481 1850 2523 aes-
1959 2469 2293 2541 contenta3
2340 2463 2449 2524 sed
2500 2463 2794 2525 humanae
2842 2463 3185 2545 voluptatis
3234 2463 3457 2526 abusio

335 2559 618 2622 timavit.
674 2559 922 2622 Virtute
979 2560 1279 2641 equidem
1337 2560 1554 2622 nullus
1613 2560 1850 2622 directe
1961 2558 2163 2622 multa
2200 2560 2429 2641 quaerit
2468 2559 2815 2642 superflua,
2860 2568 2922 2622 et
2961 2561 3085 2624 cito
3125 2561 3459 2642 conqueri-

335 2656 510 2720 male
555 2658 780 2732 utitur,
815 2658 1120 2740 quoniam
1163 2665 1340 2724 actus
1382 2658 1633 2721 virtutis
1677 2658 1852 2720 elici-
1958 2665 2084 2731 tur,
2125 2659 2420 2740 quamvis
2471 2659 2636 2720 ultra
2684 2659 3033 2721 naturalem
3081 2659 3306 2722 habeat
3348 2677 3457 2721 ne-

336 2765 447 2818 tus
491 2775 750 2838 semper
790 2766 887 2820 est
931 2757 1276 2820 virtuosus.
1963 2755 2317 2818 cessitatem
2361 2775 2433 2819 ac
2477 2757 2836 2818 utilitatem.

133 2858 200 2914 3⁴
423 2858 514 2917 Ec
541 2857 658 2915 ille
685 2857 886 2926 dimit,
920 2855 1239 2917 incautam
1275 2855 1435 2916 Petri
1467 2854 1850 2918 locutionem
2043 2857 2233 2916 Dixit
2251 2875 2399 2932 erqo
2430 2856 2521 2914 eis
2541 2875 2564 2914 .·
2584 2859 2715 2917 Sed
2744 2875 2946 2925 nunc,
2966 2859 3084 2934 qui
3112 2859 3295 2916 habet
3323 2877 3455 2916 sac·

339 2951 798 3035 reprimendo:
829 2955 1008 3030 [Dico
1041 2953 1182 3024 tibi,
1205 2955 1446 3032 Petre,]
1468 2973 1598 3013 non
1629 2962 1851 3013 canta·
1958 2956 2206 3020 culum,
2239 2953 2303 3014 in
2335 2971 2462 3033 quo
2500 2951 2661 3014 ferat
2703 2953 3060 3034 pecuniam,
3098 2956 3302 3024 tollat,
3337 2953 3456 3016 hoc

337 3053 440 3112 bic
476 3053 695 3121 hodie,
736 3052 856 3114 hoc
903 3058 998 3113 est
1047 3051 1114 3112 in
1160 3051 1277 3113 hac
1326 3058 1508 3114 nocte
1536 3052 1710 3132 (quae
1756 3058 1851 3112 est
1888 3049 1930 3111 C
1960 3061 2075 3124 est,
2121 3069 2340 3112 secum
2390 3059 2597 3132 portet
2643 3070 2715 3113 ac
2764 3059 3014 3132 teneat;
3054 3053 3362 3112 similiter
3396 3062 3457 3113 et

339 3168 496 3232 pars
546 3149 854 3211 naturalis
905 3149 1028 3211 diei
1079 3150 1262 3211 horas
1304 3148 1528 3229 viginti
1578 3156 1850 3230 quatuor
1951 3168 2207 3226 peram,
2246 3148 2311 3210 in
2361 3167 2489 3230 qua
2536 3148 2835 3211 alimenta
2884 3150 3191 3231 deportet,
3240 3168 3456 3212 secum

341 3248 785 3328 continentis),
802 3251 1268 3326 yallus‚donec
1297 3258 1392 3309 ter
1420 3251 1686 3325 abneyes
1713 3268 1852 3308 nos·
1961 3246 2263 3309 conferat.
2297 3247 2482 3320 Quasi
2524 3248 2691 3310 dicat
2724 3267 2737 3311 :
2772 3249 2864 3311 Ad
2906 3249 3039 3311 haec
3074 3268 3246 3311 nunc
3278 3249 3457 3312 vobis

337 3367 406 3407 se
448 3366 573 3418 me,
614 3346 679 3409 id
725 3354 840 3420 est,
875 3354 972 3408 ter
1015 3365 1118 3408 me
1162 3345 1505 3427 abnegabis
1548 3363 1677 3420 ore,
1723 3364 1848 3408 non
1960 3345 2283 3408 licentiam
2326 3344 2561 3419 tribuo,
2606 3365 2750 3428 quae
2785 3354 2969 3409 antea
3017 3347 3339 3429 prohibui,
3383 3365 3458 3411 eo

340 3445 560 3518 corde,
607 3450 948 3525 antequam
997 3444 1202 3524 gallus
1257 3451 1485 3506 cantet.
1527 3443 1852 3505 Verumta-
1960 3444 2131 3525 quod
2178 3443 2309 3524 jam
2370 3445 2563 3506 instet
2622 3446 2976 3527 persecutio
3026 3444 3207 3508 vobis
3256 3447 3456 3526 magis

80 3556 310 3606 staram.
341 3561 494 3605 men
540 3543 608 3604 in
647 3541 851 3605 Marco
880 3541 1166 3623 loquitur
1196 3541 1481 3604 Christus
1519 3540 1699 3604 Petro
1733 3560 1746 3604 :
1781 3542 1849 3603 ln
1961 3561 2189 3624 magna
2224 3561 2237 3605 ε
2272 3562 2400 3625 qua
2447 3544 2735 3618 durante,
2789 3563 2915 3607 non
2967 3545 3251 3626 poteritis
3300 3564 3459 3626 prze-

67 3620 124 3662 ³⁰'
341 3641 467 3704 hac
528 3647 736 3714 nocte,
799 3649 1144 3722 antequam
1203 3640 1408 3720 gallus
1472 3639 1572 3702 bis
1631 3657 1851 3703 vocem
1961 3641 2194 3715 dicare,
2238 3659 2448 3723 neque
2484 3641 2563 3704 ab
2602 3641 2743 3704 aliis
2784 3661 2957 3704 more
2988 3642 3173 3706 solito
3213 3651 3460 3706 susten-

340 3739 617 3812 dederit,
651 3745 748 3800 ter
790 3756 895 3800 me
943 3755 1012 3800 es
1063 3744 1426 3818 negaturuS.
1462 3737 1636 3800 Unde
1679 3739 1849 3818 quod
1963 3739 2078 3800 tari
2116 3757 2129 3801 ε
2166 3739 2309 3802 ideo
2354 3738 2533 3802 vobis
2576 3740 2908 3821 providere
2947 3739 3229 3821 potestis.
3263 3740 3457 3822 Leges

341 3855 524 3902 nunc
561 3837 672 3911 ait,
711 3836 848 3901 Non
891 3835 1192 3907 cantabit,
1228 3837 1588 3918 exponitur,
1623 3836 1686 3898 id
1731 3844 1846 3911 est,
1964 3855 2243 3919 namque
2299 3839 2617 3900 mutandae
2674 3845 2843 3912 sunt,
2905 3839 3054 3900 dum
3118 3839 3457 3902 necessitas

342 3955 474 3999 non
529 3934 947 4018 percantabit,
1000 3953 1112 3996 seu
1162 3942 1418 3996 cantum
1477 3953 1665 3996 suum
1723 3953 1848 3998 non
1961 3937 2178 4017 exigit.
2206 3939 2290 3998 Ει
2328 3939 2447 4015 qui
2484 3957 2611 3998 non
2650 3938 2837 3997 habet
2878 3937 3184 4018 gladium,
3224 3942 3459 3999 vendat

113 4046 274 4090 Matth-
344 4032 842 4098 consummabit.
877 4031 964 4094 De
1007 4033 1126 4094 hoc
1179 4032 1430 4114 plenius
1473 4033 1698 4115 scripsi
1751 4052 1854 4094 su-
1965 4037 2256 4096 tunicam
2290 4055 2503 4106 suam,
2550 4045 2611 4095 et
2655 4045 2825 4096 emat
2864 4037 3191 4112 yladium.
3226 4035 3289 4097 Si
3340 4036 3459 4100 hoc

69 4113 252 4159 ¹¹'¹'³⁴‘
345 4151 464 4215 per
511 4131 895 4194 Matthaeum.
932 4166 1006 4176 -—·
1038 4130 1249 4203 Porro,
1294 4139 1365 4193 ut
1405 4131 1493 4193 ait
1539 4131 1853 4214 Theophi-
1961 4133 2040 4194 de
2088 4133 2395 4195 materiali
2452 4132 2661 4213 gladio
2708 4132 3119 4213 intelligatur,
3174 4133 3458 4198 Christus

345 4232 472 4306 lus,
508 4249 588 4293 ex
618 4230 718 4292 his
753 4247 1047 4310 magnam
1079 4230 1430 4293 doctrinam
1470 4230 1798 4292 haurimus
1834 4249 1847 4292 ε
1884 4230 1933 4291 D
1963 4239 2225 4313 propter
2270 4231 2566 4308 mysticas
2617 4231 2891 4294 rationes
2930 4232 2992 4294 id
3038 4232 3253 4314 ipsum
3302 4252 3462 4315 prae-

343 4330 524 4412 quod
576 4348 706 4393 non
756 4327 1002 4390 sufficit
1050 4329 1402 4391 humanum
1453 4329 1851 4411 propositum
1963 4331 2134 4411 cepit
2179 4329 2495 4412 Apostolis
2538 4348 2552 4392 ε
2598 4329 2828 4411 prim0,
2874 4339 2944 4392 ut
2993 4331 3243 4393 doceret
3288 4333 3461 4412 quod

345 4430 490 4490 sine
520 4427 745 4490 divino
783 4426 1042 4489 auxilio.
1077 4425 1296 4488 Petrus
1328 4427 1522 4501 enim,
1557 4427 1853 4508 quamvis
1961 4429 2305 4510 aliquando
2350 4427 2523 4490 licita
2582 4428 2665 4489 sit
2722 4430 3039 4491 moderata
3098 4429 3195 4490 sui
3257 4429 3461 4511 ipsius

345 4526 608 4590 fervens
649 4524 982 4598 exstiterit,
1018 4525 1359 4587 derelictus
1399 4531 1608 4587 tamen
1638 4544 1674 4586 a
1704 4525 1848 4600 Deo,
1961 4536 2153 4610 atque
2192 4527 2379 4590 amici
2420 4526 2745 4607 defensi03
2788 4529 3087 4602 secundo,
3122 4535 3191 4589 ut
3227 4527 3463 4590 anima-

346 4624 800 4707 supplantatus
847 4642 991 4687 mox
1035 4623 1159 4684 suit
1200 4623 1280 4685 ab
1319 4623 1519 4687 hoste.
1553 4623 1656 4685 Ait
1698 4643 1855 4705 quo-
1965 4634 2058 4688 ret
2087 4625 2419 4707 Apostolos
2452 4625 2685 4688 habere
2715 4626 2997 4688 animum
3036 4633 3458 4708 praeparatum

121 4735 267 4780 weda
347 4741 478 4805 que
525 4720 842 4784 Basilius*
877 4739 890 4784 :
928 4720 1054 4785 Deo
1103 4721 1530 4804 permittente,
1574 4721 1851 4785 timorati

349 4821 677 4884 interdum
710 4819 961 4902 lapsum
1003 4821 1352 4902 patiuntur,
1385 4821 1464 4882 ad
1495 4821 1855 4902 praeceden-

347 4921 429 4982 tis
478 4919 682 4982 fastus
733 4918 1108 4980 remedium.
1162 4919 1282 4981 Sed
1328 4918 1623 5001 quamvis
1683 4920 1850 4981 idem

349 5018 644 5081 videatur
692 5035 834 5079 esse
879 5017 1184 5079 delictum
1241 5017 1541 5090 timorati,
1593 5025 1656 5079 et
1701 5017 1854 5080 alio-

351 5136 514 5192 rum,
571 5115 772 5178 refert
819 5123 1028 5177 tamen
1081 5134 1205 5178 non
1259 5115 1579 5177 modicum
1635 5133 1648 5178 :
1703 5135 1850 5178 nam

346 5215 684 5279 timoratus
725 5231 804 5275 ex
842 5213 1228 5294 quibusdam
1273 5213 1543 5288 insidiis,
1587 5222 1650 5275 et
1690 5232 1852 5295 pene

351 5321 538 5395 prout
587 5313 818 5386 noluit,
871 5311 1195 5394 peccavit3
1247 5311 1352 5373 alii
1407 5329 1555 5375 vero
1609 5313 1848 5374 nullam

1960 4726 2037 4787 ad
2079 4723 2177 4786 sui
2219 4724 2501 4804 magistri
2533 4723 2968 4787 defensionem
2998 4743 3076 4786 ex
3116 4724 3248 4788 zelo
3287 4743 3458 4787 amo-

1962 4823 2049 4884 ris
2097 4829 2289 4904 atque
2336 4822 2637 4903 justitiae3
2692 4823 2899 4896 tertio,
2943 4830 3013 4884 ut
3061 4840 3173 4905 per
3217 4822 3457 4904 gladio-

1963 4941 2102 4983 rum
2154 4921 2555 5003 praesentiam
2606 4921 3045 5004 comprobaret
3092 4922 3223 4983 suis
3267 4921 3456 4984 disci-

1961 5020 2154 5102 puliS,
2207 5039 2333 5083 non
2383 5018 2661 5083 defuisse
2708 5019 3070 5082 facultatem
3121 5021 3454 5083 resistendi

1961 5118 2251 5181 hostibus
2301 5119 2462 5198 ejus,
2508 5119 2855 5199 praesertim
2908 5117 3197 5181 hostibus
3240 5117 3455 5180 divina
3478 5135 3750 5185 Joamtxvm,

1961 5217 2197 5278 virtute
2238 5217 2597 5298 prostratis3
2632 5224 2878 5298 quarto,
2915 5224 2984 5278 ut
3021 5234 3136 5298 per
3171 5216 3454 5297 gladium
3484 5200 3524 5240 ὅ·

1960 5314 2373 5390 materialem,
2410 5315 2661 5377 doceret
2692 5313 2989 5377 Ecclesiae
3027 5314 3454 5378 necessarium
