4300 6259
871 480 992 545 480
1615 498 1967 546 ananim-10
2010 498 2071 544 m
2112 497 2253 544 car.
2300 497 2365 544 xl
2406 495 2683 544 scamus.
2732 517 2812 528 —
2853 497 2995 545 aar.
3040 499 3235 545 xxvm

582 668 1078 741 1Petr.v,s.Sobrii
1135 677 1355 745 estote,
1406 679 1470 733 et
1515 670 1812 751 vigilate;
1865 670 2156 733 Hahacuc
2212 688 2371 751 quo-
2399 667 2450 730 A
2478 668 2648 749 fide3
2700 671 2807 733 sed
2857 689 2985 752 quo
3034 671 3275 733 diutius
3320 670 3656 743 dubitavit,
3702 689 3781 734 eo
3828 679 3967 753 post

579 790 843 841 naaman.
873 787 1001 849 que
1052 769 1358 851 propheta
1401 787 1414 831 z
1458 767 1662 850 Super
1709 768 2055 832 custodiam
2101 768 2371 849 (inquit)

875 886 1080 929 meam
1127 867 1325 940 stabo,
1372 876 1435 929 et
1477 867 1670 948 figam
1717 868 1984 948 gradum
2022 885 2260 940 meum,
2308 875 2370 927 et

872 965 1352 1048 contemplabor
1393 967 1550 1047 quid
1594 967 1840 1029 dicatur
1877 965 2058 1039 mihi,
2101 974 2165 1027 et
2212 964 2370 1045 quid

875 1065 1289 1147 respondeam
1351 1067 1429 1127 ad
1490 1072 1860 1146 arguentem
1927 1083 2051 1127 me.
2113 1063 2365 1138 Quinto,

875 1182 992 1245 pro
1037 1163 1254 1245 quiete
1302 1164 1856 1246 contemplationis
1891 1182 1904 1225 :
1941 1163 2104 1225 sicut
2147 1163 2215 1224 in
2256 1161 2371 1225 Ge-

583 1280 844 1333 oen.u,21.
876 1262 1034 1336 nesi,
1085 1262 1250 1324 Misit
1301 1262 1599 1326 Dominus
1657 1280 1946 1344 soporem
2000 1262 2065 1323 in
2115 1260 2366 1341 Adam3

585 1380 778 1432 cmm.
805 1384 845 1426 2.
875 1369 938 1423 et
975 1362 1038 1423 in
1082 1361 1374 1437 CanticiS,
1419 1360 1547 1442 Ego
1587 1360 1854 1434 dormio,
1899 1369 1962 1422 et
2005 1378 2112 1423 cor
2149 1377 2367 1421 meum

876 1460 1116 1541 vigilat.
1158 1459 1366 1535 Sexto,
1410 1480 1526 1543 pro
1570 1460 1790 1542 requie
1832 1459 2185 1521 Beatorum.

673 1564 742 1621 ss
948 1563 1126 1621 Tunc
1143 1580 1291 1638 erqo
1318 1561 1496 1621 dixit
1523 1561 1616 1619 eis
1632 1562 1813 1620 Jesus
1845 1560 2197 1634 manifeste.
2218 1555 2372 1629 Qua-

875 1676 943 1719 re
984 1659 1192 1740 primo
1231 1677 1356 1721 non
1396 1658 1558 1721 dixit
1595 1656 1971 1719 manifeste?
1999 1655 2075 1718 Ut
2110 1656 2367 1718 illorum

875 1758 1212 1819 ruditatem
1273 1776 1346 1819 ac
1407 1756 1880 1838 simplicitatem
1948 1756 2025 1817 ad
2087 1761 2365 1817 nostram

2480 766 2859 848 profundius
2901 769 3214 845 credidit),
3248 772 3335 830 ad
3362 772 3835 849 condiscipulos
3870 786 3969 831 ce-

2478 874 2646 929 teros
2696 866 3026 949 Apostolos
3062 886 3075 930 :
3112 871 3357 930 Eamus
3396 879 3455 929 et
3492 888 3632 939 nos,
3672 878 3733 928 et
3772 870 3968 928 mori-

2478 986 2673 1027 amur
2716 986 2865 1026 cum
2914 986 3005 1039 ec,
3058 966 3123 1029 id
3174 974 3291 1041 est,
3342 966 3623 1029 fideliter
3670 967 3969 1048 magistro

2478 1071 2693 1127 nostro
2724 1082 2928 1145 usque
2956 1065 3035 1127 ad
3066 1073 3332 1127 mortem
3362 1066 3810 1128 adhaereamus.
3834 1064 3971 1128 For·

2478 1168 2539 1223 te
2567 1163 2737 1243 quod
2769 1160 3039 1225 Thomas
3068 1163 3365 1225 aviditate
3398 1164 3653 1227 videndi
3692 1172 3819 1225 tam
3846 1162 3971 1245 glo—

2479 1259 2717 1323 riosum
2761 1260 3141 1323 miraculum
3182 1262 3496 1324 animatus
3534 1262 3681 1336 fuit,
3716 1270 3969 1343 tamque

2477 1376 2701 1421 secure
2749 1358 3018 1423 locutus.
3070 1360 3449 1424 Hortnbatur
3495 1360 3767 1423 Thomas
3823 1380 3970 1424 con-

2478 1458 2826 1539 discipulos
2864 1459 2943 1520 ad
2982 1459 3527 1523 commoriendum
3568 1478 3683 1542 pro
3721 1468 3785 1522 et
3823 1478 3969 1522 cum

2478 1554 2748 1631 Christo,
2791 1557 2971 1638 quasi
3024 1566 3278 1639 paratus
3327 1567 3391 1621 et
3438 1567 3663 1640 potens
3707 1560 3789 1621 ad
3828 1560 3967 1633 hoc,

2478 1673 2603 1717 non
2650 1655 2981 1717 attendens
3031 1657 3355 1738 propriam
3401 1655 3804 1738 fragilitatem
3852 1676 3867 1721 :
3908 1666 3973 1719 et

2474 1760 2711 1827 tamen,
2745 1754 2796 1815 si
2840 1754 3199 1836 periculum
3239 1756 3551 1819 moriendi
3591 1756 3714 1819 sibi
3754 1776 3972 1820 occur-

872 1854 1359 1918 aedificationem
1400 1856 1778 1929 ostenderet,
1821 1863 2135 1935 quatenus
2179 1871 2368 1933 agno-
2402 1848 2449 1911 B
2480 1851 2683 1927 risset,
2728 1851 2983 1915 fecisset
3028 1854 3201 1935 quod
3250 1854 3401 1916 fecit
3448 1862 3735 1937 tempore
3774 1857 3970 1937 passi-

876 1972 1126 2017 scamus
1159 1953 1380 2036 quales
1419 1952 1680 2016 fuerunt
1717 1952 2003 2033 magistri
2031 1960 2090 2014 et
2131 1950 2368 2033 princi—

877 2070 988 2135 pes
1029 2052 1228 2116 nostri
1267 2052 1468 2115 sancti
1499 2051 1804 2134 Apostoli,
1838 2059 1984 2113 ante
2021 2051 2365 2113 adventum

873 2150 1148 2233 Spiritus
1188 2149 1420 2225 Sancti,
1467 2158 1528 2212 et
1575 2149 1796 2231 quales
1847 2157 2109 2231 postea:
2145 2148 2369 2229 sicque

875 2250 1224 2313 solidemur
1262 2249 1328 2311 in
1367 2248 1518 2323 fide,
1559 2248 1831 2311 scientes
1869 2248 2042 2329 quod
2082 2254 2223 2328 post
2263 2248 2369 2309 do-

875 2348 1175 2411 minicam
1207 2348 1564 2430 passionem
1595 2346 1834 2408 fuerint
1859 2345 2211 2419 illuminati,
2234 2364 2370 2427 pro-

579 2463 842 2515 Joanaaw,
876 2456 947 2510 ut
993 2446 1277 2511 Christus
1325 2446 1416 2508 eis
1467 2445 1828 2528 spopondit.
1864 2449 2162 2507 Lazarus
2207 2464 2369 2506 mor-

580 2530 740 2637 ²⁶·45
876 2559 1026 2609 tuus
1078 2557 1213 2619 est,·
1257 2557 1316 2608 et
1361 2549 1614 2623 gaudeo
1655 2555 1920 2622 propter
1969 2564 2100 2615 υοε,
2150 2543 2213 2606 id
2273 2550 2367 2605 est

875 2654 1134 2729 propter
1182 2644 1462 2707 fructum
1512 2661 1704 2725 quem
1762 2642 2166 2706 consecuturi
2216 2641 2366 2704 estis

871 2744 1202 2809 occasione
1259 2762 1390 2805 suae
1451 2742 1696 2815 mortiS,
1759 2741 2056 2804 videlicet
2111 2760 2189 2803 ex
2254 2758 2369 2803 sua

871 2843 1301 2907 suscitatione.
1346 2840 1712 2906 Confirmati
1765 2840 1938 2903 enim
1987 2840 2250 2903 fuerunt
2300 2838 2364 2900 in

871 2941 1026 3015 fide,
1062 2942 1198 3005 viso
1237 2948 1409 3003 tanto
1448 2939 1776 3003 miraculo.
1823 2942 1900 3002 Ut
1929 2942 2207 3000 credatis
2234 2938 2365 3019 jam

2475 1951 2637 2025 oniS,
2681 1952 2938 2032 quando
2986 1952 3207 2015 relicto
3253 1954 3573 2034 magistro,
3606 1952 3774 2036 fugit
3820 1974 3965 2017 cum

2475 2049 2723 2111 ceteris.
2760 2050 3240 2132 Chrysostomus
3289 2052 3445 2114 dicit
3480 2052 3787 2116 'rhomam
3834 2053 3969 2115 haec
3996 2050 4095 2085 ¹²⁸¹·

2476 2148 2670 2212 verba
2707 2150 2941 2213 dixisse
2978 2168 3056 2213 ex
3085 2150 3461 2214 infirmitate
3490 2160 3554 2214 et
3589 2152 3819 2216 timore
3856 2171 3969 2215 seu

2476 2247 2837 2315 diffidentia
2865 2251 3162 2332 quadam,
3188 2259 3491 2333 tanquam
3519 2252 3759 2317 diceret
3792 2272 3807 2316 :
3842 2252 3972 2316 Sie-

2479 2355 2549 2409 ut
2586 2348 2723 2430 ipse
2760 2349 3023 2431 exponit
3062 2367 3129 2411 se
3161 2350 3446 2432 periculo
3483 2352 3725 2425 mortiS,
3762 2352 3971 2415 eundo

2473 2445 2749 2509 Judaeam
2783 2466 3045 2529 versus3
3088 2447 3179 2511 sic
3216 2458 3277 2511 et
3316 2469 3429 2513 nos
3470 2469 3613 2513 cum
3658 2450 3800 2533 ipso
3836 2458 3973 2513 ten-

2477 2544 2723 2619 damus,
2758 2554 3145 2628 exponentes
3190 2566 3303 2611 nos
3341 2548 3545 2611 eidem
3588 2549 3966 2625 discrimini,

2474 2661 2511 2705 a
2569 2661 2697 2724 quo
2755 2644 3191 2708 verisimiliter
3242 2666 3370 2709 non
3430 2648 3797 2723 evademuS,
3858 2650 3967 2710 sed

2475 2742 2859 2805 occidemur.
2890 2743 3181 2807 Nondum
3224 2754 3649 2828 pensaverunt
3686 2746 3969 2829 Apostoli

2476 2841 2823 2922 potentiam
2868 2843 3124 2919 Christi,
3167 2863 3359 2925 quam
3408 2844 3593 2909 toties
3640 2854 3821 2907 erant
3862 2864 3971 2908 ex-

2476 2941 2662 3022 perti.

873 3040 1126 3123 plenius
1174 3058 1368 3121 quam
1407 3047 1574 3101 ante.
1607 3037 1767 3100 Sunt
1804 3038 1976 3101 enim
2022 3038 2255 3118 gradus
2298 3036 2364 3132 in
2403 3039 2448 3102 C
2574 3041 2756 3101 Venit
2805 3042 3027 3120 itaque
3070 3043 3251 3102 Iesus
3300 3060 3445 3103 cum
3504 3041 3839 3123 discipulis
3900 3043 3967 3106 in

873 3138 1025 3214 fide,
1059 3139 1224 3201 sicut
1263 3138 1328 3200 in
1360 3138 1638 3200 caritate.
1677 3138 1998 3207 Quoniam
2029 3157 2157 3197 non
2186 3156 2361 3196 eram

871 3239 988 3311 ibi,
1050 3238 1401 3299 secundum
1469 3243 1758 3298 naturam
1827 3242 2242 3316 assumptam,
2302 3234 2365 3296 id

871 3344 989 3410 est,
1023 3336 1261 3399 idcirco
1299 3334 1588 3408 credatis,
1623 3334 1774 3415 quia
1804 3333 2032 3395 videtis
2070 3351 2175 3397 me
2204 3333 2367 3395 scire

869 3435 1043 3516 quod
1082 3434 1262 3509 obiit,
1305 3452 1508 3515 quum
1546 3440 1758 3495 tamen
1804 3450 1930 3495 non
1971 3431 2202 3494 fuerim
2249 3430 2361 3505 ibi,

871 3552 990 3597 nec
1036 3533 1270 3615 aliquis
1327 3534 1446 3596 hoc
1502 3533 1660 3594 mihi
1721 3531 2056 3593 intimavit.
2109 3530 2366 3594 Sorores

871 3633 1044 3695 enim
1079 3632 1532 3695 nuntiaverunt
1561 3632 1732 3711 quod
1767 3629 2211 3701 infirmaretur,
2237 3648 2365 3693 non

871 3732 1044 3812 quod
1082 3730 1340 3793 obisset.
1375 3728 1484 3791 Vel
1525 3730 1695 3809 quod
1735 3728 1844 3803 ait,
1888 3727 2195 3800 Quoniam
2238 3746 2362 3790 non

871 3848 1041 3892 eram
1102 3829 1213 3903 ibi,
1267 3827 1540 3890 refertur
1595 3828 1672 3889 ad
1732 3827 1892 3889 illud
1949 3828 2121 3908 quod
2180 3826 2359 3901 dixit,

870 3927 1160 4008 Gaude03
1195 3927 1444 4009 eritque
1483 3944 1709 3987 sensus
1753 3944 1766 3988 :
1809 3924 2059 3988 Gaudeo
2104 3934 2363 4007 propter

873 4045 1007 4101 νος,
1051 4026 1116 4088 id
1147 4034 1242 4088 est
1277 4024 1359 4089 ob
1405 4032 1684 4087 vestrum
1711 4023 2066 4106 profectum
2097 4031 2162 4086 et
2196 4024 2364 4086 utili—

871 4131 1086 4199 tatem,
1123 4132 1193 4185 ut
1231 4122 1498 4187 credatis
1540 4121 1917 4204 perfectius3
1951 4130 2012 4184 et
2044 4122 2185 4186 ideo
2213 4141 2364 4203 gau-

2476 3136 2881 3219 Bethaniam3
2932 3148 2991 3199 et
3040 3141 3292 3201 invenit
3336 3160 3507 3207 eum,
3558 3141 3805 3204 scilicet
3858 3141 3971 3204 La-

2476 3255 2691 3298 zarum
2727 3254 2739 3298 :
2776 3235 3187 3318 intelligendo
3234 3256 3350 3319 per
3390 3237 3691 3301 Lazarum
3732 3260 3967 3323 corpus

2476 3334 2615 3417 ejus
2654 3336 3059 3411 exstinctum,
3094 3339 3627 3418 quemadmodum
3656 3339 3837 3402 Jesus
3874 3342 3970 3404 di-

2476 3434 2641 3496 citur
2666 3454 2703 3496 a
2734 3434 3027 3517 sepulcro
3056 3435 3343 3497 sublatus
3364 3435 3766 3517 :frequenter
3794 3440 3967 3501 enim

2479 3532 2736 3615 ponitur
2764 3541 2965 3597 totum
3001 3552 3115 3615 pro
3148 3542 3345 3616 parte,
3380 3543 3443 3597 et
3480 3544 3775 3617 econtra3
3818 3559 3973 3617 qua·

2478 3640 2623 3693 tuor
2666 3634 2805 3691 dies
2836 3633 2989 3709 jam
3031 3634 3103 3692 in
3154 3644 3559 3723 monumento
3606 3636 3964 3699 habentem.

2474 3728 2649 3791 Unde
2706 3730 2913 3811 primo
2962 3730 3065 3792 die
3116 3750 3245 3793 suae
3302 3731 3525 3794 mortis
3572 3732 3824 3795 videtur
3869 3754 3969 3798 se-

2476 3827 2716 3909 pultuS,
2749 3829 3052 3909 quoniam
3096 3828 3263 3891 infra
3300 3838 3559 3893 vocatur
3596 3832 3967 3913 quatridua—

2475 3946 2595 3989 nus
2644 3935 2953 3989 mortuuS.
2986 3927 3113 3991 Hoc
3154 3926 3551 4009 Evangelista
3591 3929 3843 4011 adjecit,
3886 3935 3965 3995 ad

2473 4024 2919 4088 certitudinem
2977 4034 3041 4088 et
3094 4027 3705 4091 commendationem
3771 4030 3964 4093 mira-

2473 4124 2624 4199 culi,
2670 4132 2740 4188 ut
2786 4124 3061 4186 sciamus
3108 4126 3280 4206 quod
3328 4144 3475 4188 vere
3524 4137 3812 4191 mortuus
3858 4148 3968 4192 ex—

869 4222 1008 4297 deo,
1043 4222 1342 4303 quoniam
1387 4239 1512 4284 non
1543 4238 1715 4282 eram
1747 4220 1858 4293 ibi,
1892 4219 1958 4281 id
1986 4228 2102 4295 est,
2134 4220 2363 4285 Lazaro
2396 4229 2445 4290 D
2474 4223 2652 4297 stitit,
2694 4231 2757 4286 et
2798 4224 2969 4304 quod
3020 4242 3349 4304 nunquam
3391 4232 3574 4286 antea
3616 4225 3827 4288 simile
3873 4226 3967 4290 fa·-

868 4320 1280 4403 corporaliter
1317 4339 1444 4384 non
1482 4318 1657 4381 adfui
1697 4320 1849 4381 dum
1889 4318 2358 4395 infirmabatur,

866 4420 1170 4503 quoniam
1230 4419 1282 4481 si
1342 4418 1432 4480 ihi
1491 4418 1778 4492 fuissem,
1831 4436 2150 4480 curassem
2212 4436 2357 4481 eum

863 4527 1204 4601 antequam
1237 4526 1504 4582 mortem
1545 4516 1938 4591 incurrisset,
1974 4526 2235 4598 propter
2266 4518 2360 4579 in-

771 4634 778 4639 ·
867 4618 1159 4682 stantiam
1202 4636 1460 4681 suarum
1491 4633 1803 4689 sororum,
1829 4623 1891 4677 et
1920 4615 2071 4697 quia
2103 4635 2228 4678 non
2261 4618 2361 4679 de-

868 4717 1107 4780 cuisset
1143 4715 1419 4778 amicum
1461 4732 1676 4776 meum
1718 4714 1902 4790 mori,
1939 4732 2040 4775 me
2080 4715 2194 4795 qui
2228 4716 2359 4778 vita

573 4844 836 4898 stum&
869 4835 1034 4891 sum,
1075 4814 1438 4877 adsistente.
1475 4813 1538 4875 Si
1577 4819 1790 4874 autem
1821 4831 1968 4874 eum
2008 4832 2354 4889 curassem,

575 4910 726 4960 ’‘W-⁶·
869 4933 996 4977 non
1055 4911 1336 4975 fuissetis
1385 4911 1478 4973 sic
1525 4910 1820 4973 aedificati
1873 4910 1936 4972 in
1995 4908 2148 4985 fide,
2195 4912 2361 4973 sicut

869 5032 1042 5075 nunc
1082 5010 1582 5075 aedificabimini.
1619 5013 1749 5071 Sed
1775 5029 1996 5070 eamus
2024 5012 2112 5069 ad
2139 5030 2315 5072 eum.

667 5123 735 5179 16
949 5112 1140 5172 Dioeic
1183 5129 1331 5187 erqo
1377 5112 1670 5179 Thomala,
1703 5109 1823 5186 qui
1869 5106 2212 5188 agnomine
2259 5110 2361 5169 di·-

867 5212 1041 5270 citur
1088 5210 1413 5286 Didymus
1457 5207 1578 5288 (sic
1626 5206 1799 5268 enim
1848 5205 2054 5267 dictus
2102 5214 2218 5279 est,
2270 5224 2362 5268 se·

869 5309 1151 5371 cundum
1180 5306 1429 5383 Bedam,
1461 5306 1764 5387 quoniam
1805 5304 1914 5369 diu
1953 5304 2262 5370 haesitavit
2294 5304 2361 5367 in

2472 4330 2645 4383 ctum
2689 4329 2803 4384 est.
2846 4321 3143 4394 Quamvis
3186 4322 3359 4384 enim
3407 4321 3574 4384 Elias
3618 4332 3681 4385 et
3718 4323 3962 4389 Eliseus

4096 3054 4153 3108 Π

4011 3364 4141 3408 lom
4160 3376 4211 3407 n.

4000 3430 4062 3477 ¹3,
4082 3430 4137 3469 {5-

4021 3868 4119 3899 vers.
4138 3856 4191 3895 39.

2472 4418 2919 4481 suscitaverint
2960 4427 3265 4495 mortuOS,
3300 4438 3425 4483 non
3469 4427 3678 4483 tamen
3723 4424 4212 4503 quatri—mnam.

2472 4519 2733 4580 duanos.
2770 4518 2943 4579 Valet
2980 4518 3223 4600 quippe
3254 4518 3394 4580 talis
3434 4521 3771 4600 protractio
3810 4530 3963 4585 tem-

2471 4616 2643 4698 poris
2672 4616 2750 4677 ad
2782 4615 3282 4696 magnitudinem
3314 4616 3625 4694 miraculi,
3650 4618 3804 4699 quia
3831 4639 3962 4701 quo

2469 4732 2701 4795 corpus
2744 4714 3126 4776 exstinctum
3169 4714 3411 4777 diutius
3450 4715 3529 4777 ab
3572 4716 3783 4779 anima
3824 4738 3963 4801 per·

2470 4819 2682 4875 manet
2726 4820 3106 4893 separatum,
3140 4830 3215 4875 eo
3259 4812 3696 4896 indispositius
3744 4825 3843 4879 est
3880 4820 3959 4881 ad

2467 4912 2697 4974 animae
2763 4910 3231 4975 informativam
3300 4913 3747 4995 receptionem,
3808 4917 3962 4999 quia

2470 5008 2939 5093 putrefactioni,
2986 5010 3353 5074 resolutioni
3403 5030 3513 5074 seu
3564 5017 3957 5097 corruptioni

2469 5108 2756 5190 subjacet
2801 5108 3118 5191 ampliori.
3153 5110 3381 5172 Anima
3418 5128 3569 5175 vero
3608 5114 3953 5192 rationalis,

2470 5225 2671 5288 quum
2726 5206 2807 5269 sit
2863 5207 3259 5271 nobilissima
3311 5208 3535 5282 forma,
3588 5215 3958 5277 naturaliter

2474 5324 2600 5370 non
2661 5306 2879 5368 unitur
2938 5306 3058 5369 nisi
3120 5307 3397 5371 materiae
3452 5309 3692 5391 optime
3746 5314 3955 5395 quali-

3988 4517 4053 4561 2ss
4070 4512 4115 4555 lv
4125 4512 4211 4563 Rq.

3988 4593 4044 4625 w,
4064 4580 4123 4623 st.
4140 4578 4191 4615 35.
