4300 6259
84 1490 103 1531 l
128 1491 270 1533 Tim.
286 1493 428 1541 nia.

116 1695 257 1725 vers.
294 1684 389 1726 48.

1261 523 1615 570 tuntinano
1655 521 1719 568 IN
1760 521 1899 568 cAP.
1946 521 2034 566 xn
2074 521 2264 568 LuuAE.
2311 541 2394 552 —-
2432 524 2572 570 Am.
2619 525 2792 570 xxxn

3499 507 3582 570 δῦ

468 693 631 756 bum
684 695 751 756 in
804 694 1035 758 Filium
1094 695 1401 769 hominiS,
1454 696 1516 757 id
1570 701 1686 768 est,
1738 693 1853 773 qui
1903 710 1979 754 ex
2008 691 2061 751 A
2092 692 2434 756 videlicet:
2469 695 2706 775 agnitio
2756 696 3035 759 veritatis
3074 717 3087 760 :
3125 705 3343 761 contra
3389 717 3582 778 quam

470 793 834 874 ignorantia
884 794 1262 877 peccaverit,
1307 813 1451 874 qum
1501 792 1849 874 opponitur
1887 810 1983 852 sa-

468 892 757 974 pientiae,
802 912 946 974 quae
994 893 1446 974 appropriatur
1494 891 1654 954 Filio
1704 890 1851 967 Dei3
1887 907 1983 949 re-

468 991 766 1053 mittetur
815 991 935 1065 illi,
978 992 1043 1053 id
1087 999 1204 1066 est,
1255 998 1586 1072 peccatum
1635 989 1774 1070 ejus
1828 1007 1984 1069 prae-

466 1089 679 1151 fatum
713 1090 1282 1152 remissibilitatcm
1317 1089 1528 1162 habet,
1554 1097 1617 1150 et
1648 1086 1981 1170 poenitenti

467 1189 625 1250 satis
666 1188 857 1251 facile
896 1189 1276 1262 remittetur,
1312 1187 1666 1268 ignorantia
1707 1203 1984 1266 namque

470 1287 713 1368 partim
763 1296 1043 1360 excusat,
1079 1287 1131 1349 si
1181 1285 1478 1349 affectata
1524 1305 1650 1348 non
1700 1285 1803 1346 sit.
1837 1283 1985 1345 Pro-

472 1391 618 1465 pter
658 1385 835 1465 quod
874 1382 1105 1445 Paulus
1146 1385 1223 1445 ad
1265 1383 1665 1446 Timotheum
1709 1381 1920 1462 inquit
1963 1399 1977 1442 :

468 1482 620 1544 Ideo
666 1481 1173 1546 misericordiam
1210 1489 1588 1545 consecutus
1628 1499 1793 1552 sum,
1831 1480 1983 1560 quia

470 1581 781 1661 ignorans
820 1581 966 1642 feci.
1002 1581 1077 1642 Et
1128 1580 1317 1662 paulo
1358 1586 1501 1661 post
1539 1579 1605 1641 in
1657 1579 1777 1640 hoc
1813 1578 1984 1659 capi-

467 1679 614 1742 tulo
662 1679 752 1741 ait
789 1678 1074 1741 Salvator
1110 1698 1123 1741 :
1158 1677 1393 1741 Servus
1433 1677 1546 1758 qui
1590 1696 1715 1740 non
1758 1695 1984 1756 cogno-

472 1777 567 1838 vit
612 1777 1005 1840 voluntatem
1056 1777 1300 1840 domini
1350 1777 1449 1838 sui
1493 1783 1558 1838 et
1597 1775 1752 1837 fecit
1794 1775 1983 1854 digna

2090 798 2186 854 est
2233 793 2631 873 impugnatio
2672 797 2952 858 veritatis
3002 799 3250 878 agnitae,
3285 799 3436 860 dum
3479 797 3589 860 ho-

2090 909 2195 952 mo
2241 891 2515 971 agnitam
2561 892 2711 955 fidei
2755 895 3084 957 veritatem
3132 897 3484 976 impugnat,
3521 904 3591 958 ut

2090 989 2388 1051 licentius
2429 999 2667 1071 peccet.
2703 992 2888 1054 Aliud
2939 1001 3035 1054 est
3079 993 3296 1074 gratiae
3334 994 3592 1056 interio-

2093 1086 2179 1148 ris
2227 1088 2538 1150 auxilium
2575 1108 2588 1151 :
2624 1099 2842 1154 contra
2878 1093 3049 1172 quod
3098 1098 3194 1154 est
3242 1093 3592 1155 invidentia

2088 1185 2307 1265 gratiae
2363 1184 2678 1262 fraternae,
2731 1191 2881 1251 dum
2940 1190 3151 1265 homo,
3203 1209 3329 1253 non
3383 1191 3590 1253 solum

2094 1301 2381 1364 personae
2412 1286 2685 1365 proximi
2725 1288 2846 1362 sui,
2883 1290 2990 1350 sed
3027 1289 3244 1369 gratiae
3275 1288 3382 1350 Dei
3417 1289 3484 1350 in
3516 1307 3592 1352 eo

2093 1387 2189 1443 est
2219 1381 2530 1444 invidenS.
2555 1382 2644 1444 Ex
2679 1393 2853 1466 parte
2883 1404 3141 1466 quoque
3171 1387 3410 1468 peccati
3443 1395 3594 1449 sunt

2094 1479 2220 1540 duo
2270 1497 2384 1560 per
2421 1500 2566 1560 quae
2603 1482 2793 1545 homo
2831 1503 2867 1544 a
2909 1490 3164 1564 peccato
3213 1483 3447 1545 retrahi
3488 1485 3594 1546 de-

2094 1577 2224 1638 bet.
2258 1577 2540 1640 Primum
2573 1587 2667 1641 est
2699 1581 3080 1644 inordinatIO
3119 1601 3231 1643 seu
3261 1583 3590 1664 turpitudo

2095 1679 2334 1758 peccati
2373 1696 2386 1740 :
2421 1687 2484 1740 et
2531 1688 2749 1743 contra
2797 1683 2915 1744 hoc
2955 1690 3049 1744 est
3100 1682 3586 1764 impoenitentia,

2095 1795 2222 1838 non
2272 1779 2620 1839 secundum
2671 1781 2840 1860 quod
2885 1781 3042 1843 dicit
3089 1781 3590 1862 permanentiam

470 1876 705 1957 plagiS,
750 1874 1081 1957 vapulabit
1121 1877 1365 1956 paucis,
1402 1877 1492 1936 Εἰ·
1517 1884 1732 1935 autem
1762 1877 1880 1953 qui
1908 1875 1981 1934 in
2020 1873 2065 1934 B
2094 1876 2160 1936 in
2214 1883 2471 1957 peccato
2522 1896 2725 1957 usque
2774 1879 2840 1940 in
2889 1878 3110 1952 finem,
3157 1879 3308 1960 quia
3356 1879 3448 1941 sic
3497 1886 3593 1942 est

462 1976 811 2050 Spiritum
834 1977 1156 2036 Sanctum
1186 1973 1743 2051 blasphemaverit,
1768 1972 1829 2033 id
1861 1979 1977 2045 est,

463 2091 546 2134 ex
592 2080 765 2134 certa
804 2072 1048 2134 malitia
1085 2081 1195 2134 aut
1231 2090 1307 2134 ex
1350 2079 1719 2152 contemptu
1759 2089 1977 2134 eorum

460 2190 619 2252 quae
651 2178 912 2252 peccata
949 2171 1333 2252 impediunt,
1367 2171 1434 2231 in
1468 2177 1797 2251 peccatum
1838 2189 1982 2250 pro-

462 2269 738 2332 cesserit
771 2272 925 2347 [non
956 2271 1364 2347 remittetur}
1386 2267 1618 2330 Taliter
1639 2267 1811 2329 enim
1845 2287 1980 2348 pcc-

460 2387 646 2440 cam,
692 2367 930 2430 dicitur
966 2367 1032 2428 in
1072 2366 1383 2449 Spiritum
1424 2366 1721 2428 Sanctum
1764 2385 1982 2447 pecca-

464 2485 561 2541 re,
597 2466 754 2548 quia
784 2466 1027 2527 malitia
1059 2465 1481 2528 contrariatur
1510 2465 1802 2537 bonitati,
1837 2484 1980 2545 quae

460 2563 741 2645 Spiritui
789 2563 1017 2626 Sancto
1062 2563 1535 2644 appropriatur.
1586 2562 1846 2643 Proprie
1892 2569 1982 2623 ta-

462 2681 645 2737 men,
694 2662 1051 2724 secundum
1103 2661 1431 2733 Thomam,
1475 2661 1709 2723 dicitur
1758 2678 1980 2742 pecca-

462 2769 613 2822 tum
664 2778 806 2822 esse
846 2760 915 2821 in
962 2758 1270 2842 Spiritum
1322 2758 1644 2832 Sanctum,
1690 2759 1841 2840 quia
1885 2767 1979 2820 est

462 2878 549 2920 ex
598 2867 971 2940 contemptu
1020 2876 1243 2919 eorum
1293 2876 1439 2938 quae
1482 2863 1737 2937 peccata
1780 2857 1980 2938 impe-

457 2958 683 3036 diunt,
726 2965 798 3018 ut
845 2965 997 3017 sunt
1043 2956 1239 3018 timor
1287 2955 1523 3018 divinae
1576 2955 1859 3035 justitiae,
1916 2964 1978 3017 et

455 3073 617 3137 spes
661 3054 897 3116 divinae
938 3053 1413 3117 misericordiae.

523 3151 817 3234 Denique
845 3151 1201 3214 secundum
1225 3149 1668 3230 Augustinum,
1688 3169 1797 3213 sex
1828 3160 1977 3214 sunt

456 3258 729 3334 peccata
776 3249 845 3311 in
886 3248 1197 3330 Spiritum
1242 3247 1564 3322 Sanctum,
1603 3267 1747 3329 quae
1784 3249 1974 3310 etiam

456 3350 733 3432 proprie
761 3348 1170 3429 appellantur
1200 3348 1445 3428 species
1477 3347 1717 3428 peccati
1750 3349 1815 3408 in
1847 3347 1978 3430 Spi-

454 3451 663 3510 ritum
726 3445 1051 3520 Sanctum,
1110 3444 1408 3507 videlicet
1466 3463 1479 3506 :
1535 3444 1969 3526 praesumptiO,

456 3543 855 3626 desperatio,
904 3543 1394 3625 impoenitentia,
1440 3542 1803 3617 obstinatio,
1851 3543 1973 3603 im-

456 3642 775 3726 pugnatio
808 3642 1095 3704 veritatis
1122 3641 1368 3722 agnitae,
1388 3650 1451 3702 et
1482 3640 1833 3703 invidentia
1861 3641 1976 3701 fra-

454 3751 665 3804 ternae
713 3741 933 3822 gratiae
966 3758 981 3802 ε
1014 3757 1291 3821 quorum
1334 3739 1659 3800 distinctio
1701 3739 1976 3800 sumitur

456 3858 665 3923 penes
715 3857 813 3912 ea,
867 3837 967 3901 vel
1023 3855 1219 3918 penes
1268 3844 1705 3917 contemptum
1753 3853 1974 3898 eorum

454 3957 582 4020 per
612 3955 759 4017 quae
800 3936 991 3998 homo
1020 3953 1057 3995 a
1090 3933 1329 4014 peccati
1369 3933 1679 3996 electione
1711 3933 1973 3994 retrahi-

456 4047 593 4098 tur.
626 4035 912 4107 Quorum
943 4034 1234 4114 quaedam
1265 4038 1415 4094 sunt
1444 4049 1521 4093 ex
1555 4038 1732 4112 parte
1771 4030 1971 4093 divini

450 4133 717 4216 judicii,
770 4133 1065 4213 quaedam
1122 4149 1199 4192 ex
1248 4138 1427 4211 parte
1474 4131 1786 4192 donorum
1841 4130 1969 4203 Dei,

2093 1974 2450 2035 communis
2483 1975 2959 2038 circumstantia
2989 1978 3222 2058 culpae;
3255 1979 3364 2039 sed
3405 1984 3594 2059 prout

2093 2072 2248 2133 dicit
2281 2074 2678 2154 propositum
2709 2093 2836 2138 non
2871 2076 3247 2158 poenitendi.
3280 2075 3469 2137 Aliud
3500 2083 3596 2138 est

2094 2170 2370 2252 parvitas
2399 2190 2471 2233 ac
2511 2171 2788 2235 brevitas
2830 2174 2982 2237 boni
3023 2176 3192 2254 quod
3233 2174 3298 2236 in
3337 2181 3597 2256 peccato

2091 2277 2348 2349 optatur
2382 2289 2395 2331 :
2432 2278 2494 2332 et
2542 2270 2662 2334 hoc
2707 2280 3068 2335 removetur
3117 2291 3232 2354 per
3269 2271 3598 2336 obstinati-

2090 2386 2302 2441 onem,
2337 2388 2465 2449 qua
2510 2369 2656 2449 quis
2701 2369 2767 2432 in
2815 2389 2882 2433 se
2931 2370 3146 2433 firmat
3196 2371 3592 2453 propositum

2091 2466 2442 2528 inhaerendi
2475 2469 2772 2549 peccatis.
2797 2469 2940 2532 Haec
2970 2477 3067 2532 est
3093 2469 3417 2533 distinctio
3448 2487 3596 2551 pec—

2090 2573 2375 2626 catorum
2420 2565 2484 2626 in
2531 2565 2839 2647 Spiritum
2883 2566 3204 2642 Sanctum,
3240 2568 3591 2630 secundum

2090 2662 2395 2726 Thomam
2455 2663 2520 2726 in
2581 2667 2859 2727 secunda
2915 2668 3230 2740 secundae,
3292 2667 3590 2746 quaestio-

2088 2779 2168 2822 ne
2219 2761 2315 2836 14,
2362 2761 2472 2824 ubi
2522 2764 2600 2825 de
2648 2763 2769 2826 ista
2817 2765 3081 2826 materia
3124 2764 3392 2846 pulchre
3439 2765 3594 2827 scri-

2087 2859 2184 2921 bit
2245 2879 2258 2922 :
2319 2880 2593 2941 quorum
2661 2861 2882 2936 multa,
2944 2861 3238 2924 brevitati
3303 2864 3587 2940 studenS,

2087 2957 2330 3021 omitto.

2013 3057 2056 3120 C
2167 3055 2330 3118 Dicit
2368 3059 2626 3120 demum
2671 3056 3021 3120 Richardus
3065 3058 3142 3119 de
3181 3055 3242 3119 S.
3285 3058 3534 3122 Victore
3569 3079 3584 3122 ε

2086 3155 2380 3228 Quaedam
2413 3163 2668 3237 peccata
2697 3156 3031 3219 hominum
3062 3157 3422 3238 specialiter
3452 3175 3590 3239 per·

2086 3255 2293 3315 tinent
2329 3255 2404 3316 ad
2439 3255 2863 3336 corruptelam
2907 3255 3251 3337 propriam,
3287 3263 3358 3317 ut
3387 3256 3587 3319 ebrie-

2084 3359 2178 3415 tas
2229 3359 2292 3413 et
2340 3360 2598 3433 stupra;
2641 3353 2930 3432 quaedam
2971 3371 3120 3416 vero
3159 3354 3238 3415 ad
3281 3353 3582 3434 injuriam

2088 3449 2383 3532 proximi,
2419 3457 2488 3510 ut
2518 3449 2881 3525 homicidia,
2915 3449 3123 3531 furta3
3156 3453 3445 3532 quaedam
3476 3472 3586 3515 au-

2083 3557 2212 3610 tem
2263 3549 2340 3610 ad
2387 3547 2838 3610 contumeliam
2896 3547 3026 3620 Dei,
3078 3549 3242 3610 sicut
3289 3549 3586 3632 blasphe—

2083 3647 2213 3709 mia
2264 3664 2277 3708 :
2331 3645 2440 3707 sed
2493 3645 2752 3726 quidam
2805 3646 2968 3708 hanc
3016 3647 3308 3709 incidunt
3355 3666 3431 3710 ex
3482 3667 3588 3712 co-

2083 3744 2331 3806 actione
2380 3749 2443 3805 et
2500 3743 2894 3818 infirmitate,
2945 3751 3008 3806 et
3066 3745 3133 3806 hi
3195 3752 3458 3826 peccant
3517 3747 3582 3808 in

2082 3841 2364 3921 Patrem3
2398 3840 2506 3902 alii
2539 3860 2616 3903 ex
2648 3841 3042 3922 deceptione,
3076 3842 3189 3922 qui
3223 3851 3488 3923 peccant
3515 3845 3582 3906 in

2084 3939 2348 4017 Filium3
2380 3938 2486 4000 alii
2529 3957 2605 3999 ex
2637 3939 2770 4001 sola
2800 3940 3211 4020 malignitate,
3245 3947 3308 4001 et
3336 3940 3402 4001 hi
3436 3959 3586 4023 pec—

2085 4046 2229 4099 cant
2268 4038 2334 4098 in
2365 4036 2673 4118 Spiritum
2705 4036 3026 4100 Sanctum.
3063 4038 3171 4100 Est
3210 4045 3419 4101 autem
3465 4040 3584 4103 hoc

2081 4153 2282 4216 genus
2313 4135 2898 4206 sceleratissimum,
2923 4136 2986 4197 in
3019 4155 3150 4216 quo
3179 4137 3422 4199 malitia
3451 4155 3586 4200 cre-

454 4234 761 4316 quaedam
802 4250 881 4293 ex
922 4239 1097 4313 parte
1138 4229 1401 4310 peccati.
1439 4229 1762 4290 Avertitur
1800 4249 1974 4291 nam-
2004 4233 2056 4296 D
2086 4235 2177 4296 vit
2238 4252 2437 4313 usque
2485 4235 2562 4294 ad
2613 4252 2961 4304 summum,
3015 4236 3270 4314 quando
3318 4236 3466 4316 quis
3517 4236 3580 4298 in

452 4351 596 4415 que
638 4331 828 4393 homo
866 4349 903 4392 a
943 4336 1223 4410 peccato,
1258 4327 1715 4390 considerando
1743 4327 1974 4408 judici-

458 4450 579 4493 um
622 4429 755 4507 Dei,
788 4428 853 4489 in
894 4445 1025 4508 quo
1065 4426 1697 4506 comprehenduntur
1730 4426 1974 4487 miseri-

450 4527 684 4592 cordia
712 4533 905 4606 atque
931 4524 1180 4606 justitia
1214 4542 1228 4585 :
1262 4530 1325 4586 et
1353 4542 1430 4586 ex
1472 4523 1973 4586 consideratione

452 4621 925 4688 misericordiae
965 4620 1168 4682 oritur
1207 4636 1394 4700 spes;
1438 4637 1513 4680 ex
1566 4620 1976 4682 considerati-

452 4741 589 4787 one
617 4727 831 4782 autem
860 4717 1145 4799 justitiae,
1180 4718 1391 4780 timor.
1418 4716 1622 4790 Quum
1656 4736 1805 4799 ergo
1835 4738 1975 4800 pee-

454 4829 642 4885 cator
672 4817 840 4881 tollit
866 4836 903 4879 a
931 4835 1000 4878 se
1040 4833 1242 4897 spem,
1277 4816 1355 4877 de
1392 4815 1827 4879 misericordia
1866 4817 1972 4879 Dei

458 4917 851 4988 diffidendo,
886 4915 1122 4978 dicitur
1159 4915 1551 4996 desperati03
1585 4934 1787 4997 quum
1826 4935 1977 4980 vero

461 5018 773 5079 timorem
809 5012 1053 5093 abjicit,
1089 5013 1322 5075 dicitur
1354 5014 1789 5095 praesumptio,
1824 5016 1975 5077 dum

462 5123 583 5178 aut
611 5113 947 5196 praesumit
973 5110 1241 5192 gloriam
1272 5111 1411 5173 sine
1440 5112 1708 5186 meritis,
1743 5122 1853 5174 aut
1882 5132 1980 5174 ve-

468 5214 645 5275 niam
688 5211 830 5274 sine
870 5210 1245 5292 poenitentia
1286 5210 1577 5291 adipisci.
1621 5210 1793 5273 Dona
1834 5231 1981 5274 vero

468 5311 583 5374 Dei
612 5310 854 5392 quibus
885 5329 923 5370 a
953 5315 1210 5390 peccato
1241 5308 1625 5370 retrahimur
1655 5317 1803 5371 sunt
1834 5310 1977 5384 duo,

2084 4331 2420 4412 vituperiis
2459 4331 2562 4393 Dei
2599 4331 2947 4393 delectatur
2975 4340 3037 4393 et
3065 4331 3389 4412 gloriatur.
3425 4334 3584 4396 Hinc

2084 4430 2436 4490 secundum
2494 4428 2798 4504 Glossam‚
2851 4429 3124 4510 Spiritus
3182 4429 3394 4492 Sancti
3454 4431 3586 4493 bla-

2085 4527 2377 4609 sphemia
2405 4535 2521 4600 est,
2556 4547 2755 4608 quum
2788 4529 2934 4609 quis
2973 4546 3164 4610 opera
3193 4528 3300 4590 Dei
3342 4531 3587 4611 magni-

2083 4626 2210 4688 fica
2256 4625 2604 4706 intelligit:
2659 4633 2720 4687 et
2762 4646 2962 4706 quum
3004 4627 3304 4689 virtutem
3355 4647 3584 4710 negare

2086 4742 2213 4785 non
2265 4723 2483 4804 possit,
2528 4723 2888 4785 stimulatus
2933 4724 3194 4799 invidia,
3239 4725 3586 4788 calumnia-

2084 4829 2211 4897 tur,
2263 4819 2631 4883 adscribens
2679 4839 2752 4882 ea
2800 4821 3052 4885 diabolo
3105 4842 3249 4904 quae
3307 4823 3582 4906 Spiritus

2086 4918 2295 4981 Sancti
2343 4925 2650 5000 potestate
2689 4927 3018 4999 geruntur.

2167 5017 2508 5090 Postremo,
2563 5018 2614 5078 si
2666 5018 3027 5098 inquiratur
3073 5021 3393 5100 quomodo
3441 5039 3588 5103 pec-

2087 5123 2297 5177 catum
2351 5114 2416 5176 in
2470 5114 2777 5196 Spiritum
2829 5114 3127 5178 Sanctum
3181 5116 3590 5180 irremissibi-

2088 5213 2148 5274 le
2207 5221 2542 5282 asseratur,
2595 5233 2796 5292 quum
2851 5215 2928 5276 de
2984 5215 3163 5277 nullo
3215 5215 3474 5290 viatore,
3533 5217 3584 5277 si

2084 5311 2364 5374 voluerit
2411 5311 2742 5392 poenitere,
2795 5312 2878 5374 sit
2925 5315 3389 5394 desperandum
3434 5334 3448 5377 ε
3493 5315 3590 5378 di-
