4300 6259
841 488 920 553 18
1659 506 2007 554 manum
2049 505 2114 551 m
2155 505 2294 551 car.
2340 505 2382 550 x
2424 504 2613 550 Luca.
2656 524 2737 533 —
2778 506 2923 552 Αιτ.
2966 506 3137 551 nvn

633 679 706 737 30
926 680 1296 756 suspiciens
1334 688 1552 739 autem
1584 680 1788 749 Jesus,
1821 676 1888 739 id
1929 684 2046 747 est,
2080 694 2335 737 sursum
2366 674 2415 735 A
2444 674 2591 737 vitae
2638 675 2969 756 praesentis
3018 675 3365 737 mortalitas
3411 682 3475 735 et
3512 673 3798 736 delectus
3849 674 3945 735 in-

841 776 1224 859 adspicienS,
1271 794 1378 837 seu
1425 776 1549 837 late
1587 783 1650 836 et
1685 774 1810 836 alte
1851 774 2337 836 circumducens

843 875 1082 948 oculos»,
1105 875 1182 937 ad
1215 874 1671 936 insinuandum
1701 874 1872 954 quod
1905 874 1984 934 de
2012 890 2080 933 re
2111 890 2339 951 magna

841 978 1006 1033 esset
1065 970 1416 1045 locuturus,
1467 978 1660 1051 atque
1717 969 2110 1051 compatiens
2168 987 2341 1030 com·

840 1070 1020 1131 muni
1071 1070 1336 1132 humani
1384 1068 1636 1149 generis
1686 1067 2048 1141 calamitati,
2095 1070 2274 1127 dixit
2312 1087 2337 1125 .-

838 1172 1044 1231 Homo
1086 1171 1360 1249 quidam
1407 1168 1817 1228 descendebat
1859 1170 1940 1227 ab
1979 1170 2337 1227 Jerusalem

837 1270 911 1327 in
947 1268 1228 1335 Iericho,
1267 1278 1328 1327 et
1365 1268 1606 1327 incidit
1647 1268 1722 1325 in
1761 1270 2060 1326 latrone&
2101 1264 2335 1327 Sensus

835 1364 1322 1447 superficialiter
1371 1365 1660 1427 litteralis
1710 1362 2159 1426 difficultatem
2207 1382 2333 1426 non

835 1463 1046 1528 habet.
1081 1464 1156 1527 Et
1185 1465 1356 1546 quod
1387 1464 1494 1525 hic
1523 1464 1704 1544 quasi
1746 1462 2046 1545 parabola
2073 1462 2330 1535 dicitur,

837 1564 1044 1644 potuit
1081 1581 1221 1625 esse
1260 1581 1360 1625 res
1401 1572 1578 1643 gesta
1617 1581 1630 1623 :
1667 1563 1820 1643 quia
1861 1570 1931 1623 ut
1973 1562 2128 1623 dicit
2168 1560 2335 1623 Basi-

835 1661 984 1737 lius,
1029 1661 1375 1725 Jerusalem
1420 1662 1486 1723 in
1532 1661 1863 1723 cacumine
1912 1660 2032 1722 sita
2073 1667 2193 1733 est,
2235 1660 2335 1721 Je-

835 1760 1014 1823 ricbo
1064 1768 1278 1822 autem
1333 1761 1654 1833 deorsum,
1709 1758 1876 1820 inter
1927 1778 2089 1840 quas
2142 1758 2334 1820 urbes

2448 772 2841 852 telliguntur.
2893 773 3143 835 Jericho
3194 774 3439 855 quippe
3494 773 3945 854 interpretatur

2446 870 2619 944 luna,
2654 889 2769 951 per
2797 890 2991 953 quam
3035 871 3100 933 in
3130 871 3477 953 Scripturis
3516 869 3803 933 defectus
3841 889 3947 933 ex-

2447 969 2771 1050 primitur,
2832 969 3235 1043 instabilitaS,
3300 970 3691 1051 insipientia,
3754 978 3946 1050 atque

2444 1068 2815 1142 mortalitas,
2868 1078 3130 1151 propter
3172 1070 3389 1150 jugem
3442 1069 3609 1132 lunae
3657 1068 3949 1131 variatio-

2444 1185 2615 1241 nem,
2658 1168 3071 1229 crescentiam
3112 1177 3177 1229 et
3214 1168 3731 1230 decrescentium.
3770 1167 3945 1229 Unde

2445 1266 2511 1326 in
2559 1264 3003 1329 Ecclesiastico
3050 1266 3355 1327 scribitur
3396 1285 3409 1327 :
3452 1264 3694 1327 Stultus
3745 1273 3946 1327 muta-
4032 1288 4179 1331 ecca.
4287 1334 4288 1347 ¹

2446 1370 2549 1424 tur
2580 1371 2649 1424 ut
2691 1364 2863 1426 luna.
2896 1363 2969 1424 Et
3008 1364 3175 1425 sicut
3202 1364 3355 1425 luna
3391 1383 3427 1425 a
3456 1364 3589 1426 sole
3628 1363 3736 1426 del*
3740 1365 3847 1425 icit
3879 1364 3941 1426 in
3974 1364 4103 1397 ¹⁸¹¹·
4130 1355 4195 1393 ¹²·

2445 1461 2804 1542 splendore,
2840 1461 2931 1523 sic
2976 1470 3173 1523 status
3222 1464 3369 1525 vitae
3415 1462 3611 1542 hujus
3660 1462 3943 1526 mortalis

2442 1580 2481 1621 a
2520 1568 2687 1621 statu
2730 1561 3003 1642 paradisi
3046 1579 3120 1622 ac
3163 1561 3679 1624 immortalitatis,

2536 1658 2752 1739 ltaque
2800 1658 2992 1721 homo
3037 1660 3159 1720 iste
3208 1661 3529 1741 peccando
3580 1661 3821 1721 incidit
3868 1662 3942 1719 in

2446 1760 2747 1824 latrones,
2799 1758 2861 1818 id
2912 1764 3009 1818 est
3056 1757 3121 1817 in
3174 1758 3535 1821 daemonum
3584 1758 3775 1831 acieS,
3829 1759 3939 1839 qui

832 1859 960 1921 fuit
1006 1860 1329 1921 desertum
1373 1859 1439 1920 in
1489 1877 1618 1939 quo
1665 1857 1942 1919 latrones
1991 1874 2337 1919 consueve-
2370 1856 2415 1918 B
2442 1855 2799 1917 animarum
2830 1856 3067 1936 jugiter
3094 1864 3393 1937 quaerunt
3424 1856 3615 1919 vitam
3648 1857 3943 1939 spiritua—

835 1966 984 2019 runt
1025 1958 1339 2039 quosdam
1382 1957 1694 2020 occidere.

911 2056 1122 2130 Porr0,
1159 2055 1340 2135 juxta
1377 2054 1860 2135 intelligentiam
1906 2053 2329 2136 spiritualem,

831 2172 948 2236 per
977 2154 1303 2216 bominem
1336 2153 1512 2215 hunc
1542 2151 1921 2232 intelligitur
1951 2152 2198 2233 primus
2228 2170 2335 2215 no-

829 2261 960 2315 ster
1009 2270 1238 2334 parens
1276 2250 1500 2324 Adam,
1545 2268 1656 2312 seu
1702 2268 1906 2330 genus
1951 2250 2328 2326 humanum,

829 2370 940 2412 seu
991 2349 1266 2431 quilibet
1315 2350 1506 2411 bomo
1555 2356 1698 2429 post
1740 2348 2172 2412 innocentiam
2218 2349 2331 2411 ba-

829 2447 1192 2530 ptismalem
1241 2454 1434 2527 atque
1480 2446 1792 2527 justitiam
1835 2447 1912 2509 ad
1963 2445 2332 2527 iniquitates

830 2546 1184 2628 prolapsus
1211 2544 1378 2607 Talis
1407 2563 1556 2625 ergo
1584 2545 1924 2617 descendit,
1960 2545 2024 2607 id
2056 2554 2166 2619 est,
2198 2564 2337 2627 pec-

831 2645 1034 2707 cando
1073 2642 1491 2725 spiritualiter
1519 2643 1814 2705 deorsum
1855 2643 2173 2725 collapsus
2210 2652 2328 2717 est,

831 2762 868 2804 a
903 2742 1272 2815 Jerusalem,
1307 2742 1428 2804 hoc
1457 2749 1554 2804 est
1591 2742 1881 2822 paradiso
1924 2743 2229 2815 terrestri,
2265 2742 2331 2806 in

834 2860 964 2921 quo
1003 2839 1201 2902 Adam
1246 2838 1500 2901 realiter
1539 2838 1692 2913 fuit;
1740 2838 1841 2902 vel
1885 2858 1922 2901 a
1958 2840 2201 2903 coelesti
2239 2842 2335 2903 Je-

837 2937 1136 3011 rusalem,
1173 2955 1285 2999 seu
1329 2954 1522 3017 regno
1561 2937 1892 3011 coelorum,
1927 2938 1990 2999 in
2039 2957 2171 3019 quo
2220 2958 2335 3020 per

2442 1953 2567 2015 lem
2599 1954 2909 2017 occidere.
2942 1953 3095 2015 Nam
3129 1962 3191 2016 et
3233 1954 3475 2016 invidia
3503 1955 3737 2018 diaboli
3772 1975 3941 2019 mors
3972 1978 4087 2035 Sap.
4110 1995 4157 2027 n.
4180 1984 4244 2022 es.
4287 1946 4288 1953 ἵ

2441 2051 2731 2115 introivit
2778 2052 2844 2113 in
2884 2051 3106 2114 orbem
3147 2061 3495 2131 terrarum3
3542 2062 3605 2115 et
3652 2053 3941 2118 diabolus
4286 2040 4288 2049 ⁴

2442 2149 2761 2212 homicida
2807 2150 2887 2211 ab
2927 2150 3113 2213 initio
3149 2149 3293 2225 fuit,
3329 2158 3399 2212 ut
3436 2150 3723 2213 Christus
3772 2154 3940 2234 apud
3989 2173 4245 2222 Joonmut

2437 2248 2741 2310 Joannem
2770 2247 3019 2310 fatetur.
3041 2250 3171 2318 Qui
3196 2252 3395 2310 etiam
3418 2252 3942 2327 despoliaverunt
3970 2247 4041 2287 ⁴⁴·
4287 2256 4288 2259 ’

2438 2367 2609 2417 eum,
2662 2346 2781 2409 boc
2834 2353 2951 2420 est,
3004 2347 3185 2410 donis
3234 2347 3453 2427 gratiae
3504 2366 3579 2409 ac
3632 2348 3937 2411 virtutum

2440 2444 2859 2527 spiritualiter
2908 2445 3313 2507 nudaverunt
3362 2464 3376 2507 :
3429 2446 3582 2526 quia
3629 2447 3781 2509 dum
3832 2448 3943 2511 ho-

2441 2543 2680 2607 minem
2722 2562 2838 2626 per
2866 2550 3257 2605 tentamenta
3292 2545 3371 2606 ad
3415 2552 3741 2626 peccatum
3776 2564 3943 2609 mor-

2443 2644 2565 2705 tale
2616 2643 2997 2725 perducunt,
3040 2642 3225 2705 donis
3269 2662 3342 2705 ac
3394 2642 3759 2717 virtutibuS,
3796 2664 3941 2726 quae

2442 2750 2589 2803 sunt
2616 2741 2847 2803 animae
2876 2749 3082 2803 vestes
3112 2760 3185 2803 ac
3211 2750 3592 2813 ornamenta,
3612 2760 3759 2804 eum
3792 2762 3942 2807 mox

2446 2840 2733 2921 privant:
2776 2840 3121 2922 ipsumque
3165 2840 3361 2902 Adam
3398 2840 3693 2921 originali
3742 2842 3945 2903 nuda-

2444 2947 2673 3001 verunt
2708 2938 2977 3018 justitia,
3018 2947 3210 3019 atque
3249 2938 3589 3021 multiplici
3632 2939 3941 3002 virtutum

837 3054 1016 3119 spem
1048 3043 1110 3097 et
1149 3035 1446 3097 meritum
1487 3043 1583 3097 est
1620 3036 1828 3098 omnis
1855 3036 2066 3116 justus
2105 3037 2329 3112 viator,
2370 3040 2413 3103 C
2442 3045 2690 3111 ornatu,
2744 3038 2821 3098 de
2874 3037 3113 3117 quibus
3167 3038 3233 3098 in
3286 3038 3445 3099 Isaia
3494 3038 3583 3099 ait
3636 3038 3937 3113 Ecclesia,

541 3154 805 3209 Ρὴειερμιιι,
835 3154 1038 3216 quum
1068 3143 1131 3195 et
1158 3134 1496 3215 Apostolus
1526 3134 1712 3207 dicat,
1745 3134 1966 3197 Nostra
2004 3154 2336 3199 conversa-

838 3233 926 3296 tio
974 3234 1038 3294 in
1089 3231 1268 3295 coelis
1306 3240 1444 3306 estg
1493 3232 1592 3295 vel
1644 3252 1680 3293 a
1728 3233 2187 3314 tranquillitate
2236 3236 2334 3297 in-

835 3339 1038 3405 terna,
1089 3339 1152 3393 et
1197 3331 1730 3413 contemplatione
1788 3332 1961 3413 pacis
2015 3334 2331 3396 mentalis.

837 3428 1042 3502 Quum
1080 3429 1250 3492 enim
1294 3430 1639 3492 Jerusalem
1681 3430 2135 3512 interpretetur
2175 3432 2336 3496 visio

837 3528 1032 3610 paciS,
1075 3546 1188 3610 per
1225 3547 1364 3590 eam
1413 3529 1548 3590 haec
1597 3528 1718 3589 tria
1765 3528 2117 3609 signantur,
2158 3530 2335 3592 vide-

835 3627 984 3690 licet
1024 3646 1038 3689 :
1084 3627 1414 3709 paradisus
1463 3627 1802 3700 terrestriS,
1850 3627 1962 3707 qui
2013 3636 2109 3689 est
2160 3628 2335 3691 locus

833 3725 1091 3807 quietiS,
1139 3725 1200 3787 in
1243 3744 1372 3806 quo
1419 3724 1544 3786 fuit
1582 3725 1743 3789 visio
1793 3726 1966 3807 pacis
2016 3744 2331 3807 supernae,

835 3823 1131 3906 quamvis
1159 3842 1283 3887 non
1310 3832 1435 3885 tam
1461 3822 1630 3886 clara
1659 3824 1826 3885 sicut
1849 3824 1914 3885 in
1944 3825 2181 3906 patria:
2207 3826 2337 3889 imo

835 3922 1000 3985 visio
1038 3940 1150 3987 seu
1189 3921 1640 4004 contemplatio
1677 3940 1820 4003 quae
1863 3922 1984 3983 fuit
2033 3923 2098 3985 in
2139 3924 2337 3985 Adam

837 4026 983 4083 ante
1014 4028 1366 4103 peccatum,
1403 4028 1466 4081 et
1495 4021 1680 4083 modo
1713 4020 1776 4081 in
1819 4022 2110 4101 paradiso
2143 4031 2239 4083 est
2273 4024 2335 4084 in

843 4118 996 4191 Elia,
1038 4118 1230 4180 habet
1267 4136 1335 4179 se
1375 4118 1584 4180 medio
1622 4119 1808 4181 modo
1855 4118 2023 4181 inter
2061 4128 2343 4182 contem-

2444 3136 2713 3217 loquens
2743 3135 2821 3197 de
2858 3133 3103 3217 Sponso
3133 3135 3375 3198 coelesti
3411 3154 3425 3197 :
3461 3135 3671 3198 Induit
3708 3154 3811 3198 me
3842 3155 3943 3198 ve·
3982 3156 4157 3205 lam,
4182 3161 4243 3198 ιο.

2444 3234 2745 3295 stimento
2776 3233 3014 3307 salutiS,
3044 3241 3108 3294 et
3136 3233 3511 3296 indumento
3536 3234 3799 3314 justitiae
3828 3236 3944 3297 cir·
4287 3222 4288 3263 ³

2444 3333 2769 3395 cumdedit
2812 3350 2935 3393 me.
2970 3331 3079 3393 His
3125 3333 3517 3395 indumentis
3558 3334 3789 3397 animae
3834 3354 3943 3397 no-

2444 3441 2589 3494 strae
2638 3430 2702 3492 in
2754 3429 3073 3512 Baptismo
3127 3429 3391 3492 fuerunt
3442 3431 3678 3495 indutae
3730 3451 3746 3494 :
3797 3452 3941 3515 quae

2444 3529 2765 3612 peccando
2802 3529 3158 3602 amisimuS,
3196 3530 3306 3591 sed
3348 3547 3463 3611 per
3501 3528 3937 3593 Poenitentiam

2443 3636 2505 3689 et
2544 3636 2753 3689 cetera
2800 3634 3193 3689 sacramenta
3234 3646 3307 3688 ea
3356 3645 3732 3709 recuperare
3774 3630 3945 3691 vale-

2444 3746 2611 3788 muS.
2644 3726 2730 3787 De
2758 3724 2997 3807 quibus
3026 3725 3217 3787 etiam
3250 3726 3645 3789 vestimentis
3682 3728 3745 3789 in
3778 3727 3943 3810 Apo—

2444 3825 2682 3908 calypsi
2746 3823 3027 3905 loquitur
3075 3822 3361 3887 Christus
3416 3844 3429 3887 ε
3481 3824 3596 3897 Qui
3656 3846 3779 3890 non
3840 3828 3939 3889 in·
3968 3840 4248 3897 Apamam.

2444 3924 2874 4005 quinaverunt
2924 3923 3302 3985 vestimenta
3346 3943 3480 3995 sua,
3522 3924 3941 3988 ambulabunt

2448 4040 2701 4084 mecum
2748 4023 2811 4083 in
2857 4022 3043 4084 albis.
3078 4025 3165 4083 Ec
3194 4025 3415 4099 playis
3457 4025 3800 4100 impositis,
3838 4028 3947 4085 ab·

2448 4122 2693 4190 ierunt,
2726 4120 2790 4181 id
2820 4127 2936 4193 est,
2970 4138 3171 4201 quum
3213 4119 3539 4181 hominem
3575 4121 3949 4204 multiplici-

841 4216 1188 4299 plationem
1219 4216 1450 4297 patriae,
1470 4223 1532 4276 et
1561 4216 2153 4297 contemplationem
2186 4238 2343 4281 com-
2377 4222 2424 4284 D
2455 4226 2547 4279 ter
2585 4216 3025 4280 vulnerassent
3067 4216 3133 4277 in
3175 4217 3407 4291 anima,
3440 4219 3516 4280 ad
3558 4218 3775 4281 boram
3817 4239 3951 4283 ces—

846 4332 1107 4377 munem
1156 4314 1528 4376 devotorum
1574 4313 1642 4375 in
1694 4314 1813 4377 isto
1862 4314 2108 4377 exsilio.
2161 4317 2339 4391 Item,

850 4431 964 4495 per
984 4411 1324 4474 Jerusalem
1354 4410 1660 4491 figuratur
1690 4429 1947 4491 regnum
1982 4413 2342 4491 coeleste,in

554 4526 978 4592 1tfd.=v,⁷.quo
1026 4518 1122 4571 est
1156 4507 1455 4571 beatifica
1491 4509 1654 4571 visio
1695 4508 1868 4590 pacis
1907 4518 2159 4573 aeternae
2201 4530 2345 4593 quae

848 4627 1103 4673 omnem
1162 4626 1420 4669 sensum
1479 4614 1838 4689 exsuperat.
1893 4607 2034 4689 Ipsa
2085 4628 2344 4691 quoque

850 4706 1142 4769 mentalis
1190 4705 1618 4787 tranquillitas
1669 4706 1896 4769 animae
1946 4707 2226 4771 viatricis
2275 4710 2343 4771 in

847 4804 974 4869 Deo
1004 4811 1239 4887 pacatae
1268 4823 1340 4866 ac
1370 4803 1642 4866 dulciter
1678 4803 1992 4878 stabilitae,
2029 4824 2143 4887 per
2170 4807 2345 4869 Jeru-

847 4904 1046 4967 salem
1087 4903 1442 4965 denotatur.
1483 4901 1770 4984 Insuper,
1815 4903 1979 4965 sicut
2015 4923 2236 4967 omnes
2276 4906 2345 4969 in

848 5003 1044 5065 Adam
1075 5019 1328 5064 eramus
1366 5008 1558 5081 atque
1591 5000 1960 5075 cecidimus,
1995 5002 2087 5064 sic
2123 5021 2347 5067 omnes

851 5100 918 5162 in
950 5101 1090 5182 ipso
1121 5101 1187 5163 in
1229 5098 1519 5181 paradiso
1547 5098 1831 5160 terrestri
1870 5100 2250 5175 exstitimus,
2286 5109 2350 5164 et

852 5198 918 5261 in
950 5200 1091 5281 ipso
1121 5200 1270 5261 inde
1299 5195 1552 5279 expulsi
1591 5197 1920 5280 elapsique
1955 5218 2200 5263 sumus,
2234 5200 2350 5262 Per

851 5297 1100 5361 Jericho
1151 5314 1320 5371 vero,
1365 5296 1471 5359 hic
1517 5297 1796 5359 mundus
1846 5296 2184 5373 instabiliS,
2237 5316 2349 5361 seu

2453 4322 2754 4377 saverunt
2792 4314 2874 4375 ab
2916 4313 3057 4394 ejus
3101 4313 3398 4395 laesione3
3444 4316 3569 4389 vel,
3613 4317 3944 4394 Abierant,

2452 4414 2716 4476 insidias
2776 4412 3243 4475 abscondendo.
3305 4412 3677 4496 Specialiter
3734 4425 3947 4480 autem

2453 4511 2724 4574 incurrit
2758 4528 2961 4591 genus
3000 4511 3350 4574 humanum
3381 4520 3656 4593 quatuor
3683 4516 3951 4579 vulnera

2451 4611 2680 4673 animae
2718 4628 2796 4672 ex
2838 4610 3131 4691 originali
3174 4618 3451 4691 peccato,
3488 4612 3783 4675 videlicet
3818 4633 3953 4677 ma-

2452 4708 2677 4781 litiam,
2712 4707 2775 4769 id
2824 4714 2920 4769 est
2969 4708 3347 4790 pronitatem
3398 4710 3475 4771 ad
3524 4710 3689 4772 mala
3735 4710 3799 4773 in
3840 4731 3951 4775 vo—

2454 4808 2717 4873 luntate.
2752 4806 3171 4886 ignorantiam
3204 4807 3269 4867 in
3300 4806 3649 4881 intellectu,
3684 4810 3951 4873 infirmi-

2456 4913 2647 4967 tatem
2689 4905 2753 4965 in
2795 4905 2855 4966 vi
2899 4905 3227 4979 irascibili,
3260 4907 3841 4988 concupiscentiam
3882 4910 3949 4973 in

2456 5004 2965 5085 concupiscibili.
3008 5006 3338 5065 Semivivo
3374 5008 3594 5065 relicto
3624 5028 3647 5066 .·
3677 5008 3830 5088 quia
3874 5008 3954 5071 li-

2458 5111 2557 5165 cet
2606 5120 2720 5184 per
2760 5111 3089 5183 peccatum
3140 5101 3405 5165 mortale
3454 5104 3581 5165 vita
3626 5106 3842 5186 gratiae
3888 5115 3954 5170 et

2458 5201 2684 5263 caritas
2734 5200 3007 5263 totaliter
3052 5200 3445 5275 auferantur,
3480 5211 3691 5265 manet
3738 5212 3949 5268 tamen

2460 5299 2527 5361 in
2565 5298 2825 5363 homine
2864 5298 3137 5361 liberum
3176 5298 3537 5377 arbitrium,
3574 5320 3704 5384 quo
3742 5312 3951 5385 potest
