4300 6259
1172 520 1521 569 malumno
1562 520 1629 567 m
1669 519 1808 567 GAP.
1853 519 1876 566 1
1915 520 2193 569 mamus.
2239 542 2319 553 —
2361 525 2502 572 ΛΒΤ.
2548 526 2610 571 vl

3317 508 3438 574 303

316 698 443 765 est,
480 699 547 753 01
577 692 761 774 quasi
790 711 993 775 agnus
1024 712 1237 757 coram
1277 695 1578 757 tondente
1623 712 1691 756 30
1727 694 1840 757 ob-
1867 692 1919 755 A
1946 696 2228 757 cundum
2267 696 2660 759 Anselmum.
2703 697 2878 759 Unde
2924 697 3047 759 sihi
3091 696 3440 759 debebatur

320 789 614 870 mutuit3
658 791 906 873 quinto,
938 793 1243 873 quoniam
1282 794 1451 855 sicut
1483 792 1606 855 filii
1648 793 1837 855 Israel

318 886 773 952 liberabantur
829 909 865 952 a
924 893 1257 973 tyrannide
1319 892 1658 955 Pharaonis
1722 910 1837 975 per

318 987 479 1067 agni
532 987 1056 1064 immolationem,
1099 990 1191 1053 310
1234 990 1484 1053 liberati
1536 1010 1757 1053 sumus
1799 1009 1837 1052 a

320 1093 641 1167 potestate
673 1088 979 1152 daemonis
1014 1107 1127 1171 per
1161 1090 1393 1154 Christi
1425 1090 1828 1154 oblationem.

432 1188 596 1247 Ecce
643 1188 763 1266 qui
821 1190 991 1249 tollit
1032 1199 1297 1266 peccata
1346 1191 1605 1251 mundi.
1657 1187 1837 1252 Chri-

321 1290 471 1344 stus
501 1285 857 1347 secundum
887 1288 1061 1367 quod
1095 1286 1281 1361 Deua,
1315 1287 1579 1350 abstulit
1614 1306 1837 1370 pecca-

326 1388 393 1442 ta
450 1382 787 1445 hominum
836 1391 1141 1466 tanquam
1194 1405 1383 1448 causa
1442 1386 1835 1468 purgationis

320 1479 635 1544 effectiva
672 1501 746 1545 ae
787 1482 1162 1565 principalis
1206 1504 1219 1548 :
1264 1486 1418 1567 quia
1451 1492 1709 1566 peccata
1744 1484 1838 1547 di-

322 1580 613 1652 mittere,
646 1582 1043 1663 gratiamque
1092 1584 1501 1645 mundantem
1545 1603 1619 1646 ac
1654 1583 1841 1665 justi-

322 1677 641 1741 ficantem
674 1679 1034 1757 infundere,
1057 1682 1183 1745 Deo
1214 1684 1567 1745 secundum
1598 1683 1843 1765 propri-

324 1797 441 1839 am
484 1786 775 1840 naturam
817 1788 912 1841 est
959 1781 1311 1862 proprium,
1352 1788 1541 1864 prout
1584 1790 1837 1844 sanctus

330 1976 497 2037 dum
527 1977 605 2038 de
637 1976 1003 2040 immundo?
1036 1996 1249 2041 nonne
1280 1987 1347 2041 tu
1378 1980 1490 2061 qui
1523 1978 1695 2043 solus
1726 1980 1839 2041 esf

332 2072 463 2134 Sed
516 2074 581 2136 in
631 2083 943 2155 quantum
997 2078 1211 2153 hom0,
1263 2078 1528 2141 abstulit
1585 2085 1842 2161 peccata

329 2179 647 2253 tanquam
704 2192 895 2235 causa
942 2176 1287 2251 meritoria,
1339 2176 1841 2239 instrumentalis

332 2278 401 2332 et
452 2271 795 2337 mediativa
840 2292 853 2335 :
902 2274 995 2336 sic
1038 2282 1275 2354 tamen,
1317 2277 1487 2357 quod
1530 2276 1840 2339 idoneitas

331 2368 674 2432 auferendi
715 2380 993 2452 peccata,
1026 2373 1425 2455 competebat
1457 2374 1705 2438 Christo
1737 2374 1843 2437 ho-

334 2468 504 2530 mini
563 2477 825 2552 propter
882 2471 1184 2535 unionem
1242 2492 1374 2535 suae
1428 2473 1841 2535 humanitatis

336 2586 491 2630 cum
527 2568 736 2631 Verbo
771 2588 783 2631 :
820 2588 895 2631 ex
935 2588 1065 2651 qua
1105 2570 1341 2634 unione
1378 2571 1601 2634 habuit
1640 2573 1844 2653 digni-

334 2676 535 2729 tatem
588 2676 649 2730 et
698 2667 1059 2731 efficaciam
1106 2671 1575 2751 quodammodo
1625 2671 1844 2733 infini-

334 2873 603 2947 peccata
660 2867 869 2948 potuit
924 2867 1167 2942 tollere,
1220 2868 1518 2931 omnibus
1576 2868 1841 2950 gratiam

336 2963 409 3026 in
454 2965 773 3045 praesenti,
810 2971 874 3027 et
908 2966 1175 3046 gloriam
1218 2966 1285 3028 in
1324 2965 1541 3030 futuro
1586 2968 1839 3029 mereri.

1948 813 2063 876 pro
2112 813 2321 876 poena,
2375 796 2653 859 carentia
2698 796 2960 859 visionis
3019 796 3271 861 divinae.
3325 795 3442 859 To-

1945 899 2073 954 tam
2124 912 2272 956 vero
2330 902 2640 969 naturam,
2695 894 2796 958 vel
2856 894 3059 976 ipsam
3121 901 3436 969 naturam,

1945 992 2393 1073 redintegrare,
2455 1011 2697 1068 sanare,
2761 992 3127 1069 reformare,
3190 1011 3304 1056 seu
3361 993 3441 1055 ad

1944 1090 2272 1171 originalis
2318 1090 2582 1171 justitiae
2626 1090 3134 1155 conformitatem
3189 1111 3263 1154 ac
3321 1100 3444 1153 sta-

1945 1196 2081 1249 tum
2124 1190 2446 1263 reducere,
2493 1209 2618 1253 non
2663 1190 3082 1253 conveniebat
3125 1190 3250 1252 nisi
3301 1190 3442 1252 uni-

1948 1286 2177 1348 versali
2234 1287 2635 1369 Redemptori
2693 1288 3040 1369 gratiarum
3099 1288 3443 1369 plenitudi-

1947 1403 2094 1447 nem
2126 1385 2636 1450 continenti.Hoe
2665 1387 2838 1449 enim
2868 1386 3013 1449 fieri
3046 1407 3168 1451 non
3202 1387 3442 1450 valebat

1950 1502 2065 1565 per
2105 1484 2372 1565 gratiam
2431 1486 2903 1567 particularem.
2957 1486 3236 1548 Abstulit
3291 1504 3441 1567 ergo

1950 1582 2234 1645 Christus
2268 1584 2563 1646 universa
2603 1592 2899 1666 peccata3
2941 1586 3050 1647 sed
3088 1592 3335 1667 oportet
3375 1593 3442 1648 ut

1950 1682 2250 1743 meritum
2283 1681 2511 1745 Christi
2547 1682 2914 1746 hominibus
2947 1702 3061 1765 per
3091 1702 3442 1746 sacramen-

1948 1788 2032 1852 ta,
2068 1780 2167 1843 vel
2218 1780 2414 1843 fidem
2463 1788 2526 1843 et
2575 1781 2919 1857 caritatem,
2962 1782 3341 1864 applicetur,
3387 1783 3438 1845 si

44 1893 122 1935 ιω
140 1895 297 1944 ma.
326 1875 452 1938 Job
496 1884 927 1958 protestatur:
961 1877 1111 1950 Quis
1155 1888 1361 1961 potest
1405 1879 1612 1942 faeere
1656 1899 1841 1942 mun-
1878 1873 1924 1934 B
1950 1878 2089 1959 ejus
2146 1878 2452 1942 effectum
2509 1888 3002 1962 consequentur.
3055 1880 3214 1943 Hinc
3270 1881 3439 1964 apud

1950 1978 2171 2039 isaiam
2204 1978 2434 2059 legitur
2467 1997 2481 2041 ε
2517 1978 2818 2042 Dominus
2851 1980 3065 2061 posuit
3101 1980 3169 2041 in
3207 1998 3282 2043 eo
3323 1980 3442 2041 ini·
3485 2000 3546 2043 12.
3567 2015 3648 2053 un,
3670 2004 3710 2045 a.

1950 2077 2256 2157 quitatem
2290 2078 2574 2140 omnium
2609 2085 2938 2158 nostrum3
2979 2084 3042 2140 et
3072 2098 3315 2154 rursus,
3347 2079 3442 2161 Ip-
3507 2100 3687 2145 mas.

1954 2194 2023 2237 se
2076 2184 2285 2238 autem
2334 2176 2702 2238 vulneratus
2755 2184 2851 2239 est
2902 2184 3162 2259 propter
3208 2178 3446 2259 iniqui-

1951 2281 2109 2337 tates
2160 2282 2425 2349 nostras,
2465 2274 2716 2347 attritus
2764 2282 2859 2336 est
2908 2282 3169 2357 propter
3206 2276 3444 2339 scelera

1952 2380 2186 2436 nostra.
2238 2372 2314 2434 Et
2363 2373 2499 2455 ipse
2548 2374 2626 2435 de
2674 2390 2741 2435 se
2787 2374 2876 2435 ait
2922 2373 2990 2436 111
3040 2373 3380 2455 Evangelio
3422 2394 3436 2439 τ

1949 2470 2133 2533 Venit
2176 2469 2374 2533 Filius
2421 2471 2698 2533 hominis
2749 2488 3034 2552 quaerere
3084 2480 3146 2533 et
3194 2472 3441 2535 salvum
3514 2493 3728 2543 Luaxux.

1949 2570 2160 2633 facere
2190 2572 2362 2652 quod
2401 2570 2693 2653 perierat.
2729 2570 2855 2633 Hoc
2893 2579 2990 2633 est
3025 2572 3195 2652 quod
3226 2572 3441 2634 Petrus
3472 2559 3521 2599 ¹⁰

1950 2670 2037 2732 ait
2071 2689 2085 2734 :
2119 2670 2253 2733 Non
2288 2669 2813 2751 corruptibilibus
2851 2688 3006 2733 auro
3046 2671 3145 2733 vel
3183 2679 3441 2751 argento
3469 2689 3732 2744 warnae,
3803 2680 3816 2689 '

332 2774 495 2828 tam.
530 2766 792 2849 Propter
828 2769 1025 2849 quod,
1060 2769 1252 2831 totius
1293 2770 1515 2832 mundi
1550 2770 1845 2833 universa
1954 2770 2266 2850 redempti
2312 2768 2466 2830 estis
2514 2769 2592 2830 de
2641 2786 2802 2830 vana
2853 2775 3059 2831 vestra
3111 2787 3443 2832 conversa·
3470 2756 3538 2797 ¹⁹·

1953 2868 2146 2943 tione,
2195 2869 2304 2930 sed
2349 2867 2625 2949 pretioso
2667 2866 2976 2947 sanguine
3019 2867 3178 2948 Agni
3225 2868 3445 2930 imma-

1955 2966 2171 3029 culati.

332 3062 519 3136 Quod
561 3062 723 3124 nulli
765 3064 1069 3145 competit
1108 3083 1285 3146 purae
1330 3072 1635 3128 creaturae
1668 3083 1681 3129 :
1718 3066 1846 3148 pri-
1882 3063 1927 3128 C
2034 3065 2353 3128 Praedictis
2395 3064 2660 3147 insuper
2699 3063 2912 3127 verbis
2957 3064 3232 3127 declarat
3270 3065 3451 3127 Joan-

334 3180 474 3235 mo,
516 3161 671 3243 quia
715 3168 1043 3243 peccatum
1096 3170 1193 3225 est
1239 3164 1706 3244 quodammodo
1748 3165 1847 3227 in-

332 3259 549 3322 finitae
592 3260 943 3341 gravitatis,
999 3261 1062 3322 in
1112 3269 1425 3342 quantum
1483 3270 1579 3325 est
1628 3271 1845 3327 eontra

334 3358 689 3422 Dominum
754 3359 1086 3422 immensae
1152 3360 1549 3442 majestatis3
1616 3380 1844 3425 secun-

335 3458 447 3531 do,
482 3456 787 3538 quoniam
825 3465 1049 3519 natura
1089 3458 1365 3521 humana
1407 3460 1471 3522 in
1512 3460 1843 3523 infinitum

336 3555 903 3619 communicabilis
946 3564 1062 3631 est,
1106 3544 1248 3620 ideo
1291 3565 1485 3621 'totam
1532 3560 1846 3622 redimere

336 3673 476 3717 11011
528 3654 757 3737 potuit,
811 3654 934 3716 nisi
996 3654 1268 3718 salvator
1314 3655 1587 3720 infinitae
1645 3658 1848 3738 digni-

337 3752 535 3835 tatis3
578 3754 786 3828 tertio,
819 3752 1125 3835 quoniam
1164 3754 1491 3818 beatitudo
1526 3757 1605 3818 ad
1649 3776 1844 3838 quam

335 3853 679 3917 ordinatur
722 3853 1078 3935 redemptio
1120 3871 1157 3913 a
1204 3862 1481 3935 peccato,
1524 3863 1619 3917 est
1656 3855 1846 3918 etiam

336 3953 818 4034 quodammodo
866 3951 1191 4032 dignitatis
1238 3952 1588 4030 immensae,
1642 3974 1843 4035 quum

337 4052 432 4113 sit
479 4050 846 4113 immediata
885 4050 1107 4115 fruitio
1145 4050 1294 4113 boni
1334 4051 1713 4134 simpliciter
1750 4054 1849 4115 in-

334 4149 543 4211 finiti.
566 4148 687 4211 1133
720 4149 995 4211 rationes
1028 4157 1276 4230 ponunt
1304 4150 1665 4227 AuselmuS,
1690 4150 1849 4215 Tho-

334 4267 485 4310 mas
528 4255 593 4308 et
634 4246 1091 4309 Bonaventura.

426 4345 711 4407 Abstulit
750 4352 964 4407 autem
1006 4344 1291 4408 Christus
1333 4346 1547 4410 omnia
1592 4356 1846 4429 peccata

334 4444 599 4520 mundi,
639 4444 947 4525 originale
990 4444 1305 4520 videlicet,
1348 4453 1411 4506 et
1446 4446 1689 4508 actuale
1734 4465 1845 4509 seu

336 4544 703 4627 personale,
766 4542 921 4624 quia
983 4561 1098 4624 pro
1154 4543 1453 4607 omnibus
1514 4544 1841 4608 satisfecit.

334 4641 721 4725 specialiter
752 4648 963 4703 tamen
994 4641 1403 4705 ordinabatur
1433 4643 1643 4724 passio
1673 4644 1849 4707 Chri-

334 4741 425 4803 sti
478 4749 697 4803 contra
742 4739 1071 4820 originale,
1124 4740 1277 4821 quia
1326 4760 1442 4823 pro
1492 4742 1602 4805 1110
1660 4760 1848 4806 1101110

332 4838 714 4901 satisfacere
774 4838 1001 4920 potuit,
1065 4839 1173 4900 sed
1230 4856 1451 4902 01111103
1510 4848 1849 4921 quantum-

334 4955 629 5018 cumque
676 4937 901 5011 sancti,
956 4955 1160 5020 usque
1205 4938 1285 4999 ad
1333 4937 1563 5000 Christi
1607 4940 1847 5021 passio-

334 5055 521 5110 nem,
565 5037 1034 5099 descenderunt
1080 5037 1146 5097 in
1197 5036 1491 5099 limbum.
1534 5037 1849 5119 Originale

334 5136 595 5219 quippe
645 5143 977 5217 peccatum
1035 5136 1321 5217 eorrupit
1376 5144 1568 5217 atque
1626 5137 1849 5199 infecit

338 5244 645 5298 naturam
693 5235 1142 5309 communiter,
1184 5234 1487 5317 quoniam
1536 5244 1672 5298 erat
1719 5236 1850 5318 pri-

340 5334 521 5399 vatio
558 5332 889 5415 originalis
914 5333 1175 5414 justitiae
1206 5333 1433 5397 debitae
1462 5334 1530 5396 in
1561 5352 1719 5411 esse,
1756 5353 1851 5397 se—

1958 3182 2068 3226 nes
2125 3162 2402 3245 Baptista
2459 3163 2782 3246 duplicem
2844 3161 3074 3226 Christi
3133 3170 3444 3239 naturam,

1959 3270 2111 3344 puta
2165 3280 2178 3324 :
2241 3263 2605 3335 humanam,
2667 3261 2956 3336 dicendo,
3017 3260 3179 3323 Ecce
3234 3256 3450 3343 Agnus

1959 3362 2118 3440 Dei3
2189 3369 2252 3423 et
2317 3361 2621 3435 divinam,
2687 3359 3040 3435 subdendo,
3101 3360 3216 3433 Qui
3287 3360 3452 3424 tollit

1959 3467 2215 3542 peccata
2271 3458 2516 3521 mundi.
2567 3457 2811 3520 Dicitur
2857 3476 3115 3541 quoque
3167 3458 3450 3522 Christus

1958 3558 2173 3640 Agnus
2202 3558 2334 3632 Dei,
2371 3576 2484 3639 per
2513 3557 2974 3632 excellentiam,
3009 3564 3311 3640 tanquam
3344 3576 3453 3640 pe-

1960 3657 2131 3719 nitus
2191 3654 2630 3717 immaculatus
2687 3660 2749 3715 et
2799 3653 3124 3717 innocens.
3181 3654 3254 3716 Et
3303 3655 3452 3718 lieet

1957 3756 2158 3837 aliqui
2210 3755 2599 3828 innocenteS,
2656 3752 2840 3815 mites
2897 3772 2970 3815 ac
3028 3753 3140 3835 pii,
3204 3754 3450 3836 possint

1961 3873 2075 3937 per
2130 3854 2548 3916 imitationem
2596 3852 3062 3933 quodammodo
3118 3852 3241 3914 dici
3300 3852 3444 3933 agni

1958 3954 2089 4028 Dei,
2124 3952 2659 4035 quemadmodum
2700 3949 2866 4012 infra
2901 3949 3185 4013 Christus
3223 3953 3301 4014 ad
3338 3952 3448 4015 Pe-

1958 4060 2128 4114 trum
2167 4051 2275 4124 ait,
2318 4049 2505 4111 Pasce
2537 4066 2730 4130 agnos
2770 4066 2985 4127 meos3
3027 4049 3106 4111 de
3147 4050 3322 4114 nullo
3359 4058 3448 4114 ta-
3491 4075 3741 4131 rounam

1959 4170 2105 4213 men
2136 4149 2395 4212 illorum
2435 4148 2647 4211 dicere
2683 4146 2778 4209 fas
2818 4154 2933 4221 est,
2967 4146 3082 4220 Qui
3113 4149 3279 4211 tollit
3309 4170 3452 4233 pec·
3478 4142 3545 4192 ¹⁵·
3567 4142 3631 4183 ¹⁶·

1875 4254 1927 4317 D
1956 4257 2091 4313 eata
2131 4248 2380 4311 mundi.

2039 4350 2191 4418 Hic,
2222 4346 2285 4409 id
2325 4354 2421 4408 est
2462 4346 2579 4407 ista
2620 4363 2889 4428 persona
2916 4346 2993 4407 ad
3027 4363 3129 4407 me
3159 4348 3446 4425 venienS,

1958 4447 2202 4510 30111001
2249 4445 2574 4525 Christus3
2617 4444 2740 4519 vel,
2785 4442 2920 4519 Hic,
2964 4444 3027 4507 id
3073 4452 3168 4507 est
3215 4446 3279 4509 in
3328 4447 3449 4510 hoc

1958 4546 2098 4609 loco
2136 4563 2310 4606 nunc
2356 4543 2882 4626 praesentialiter;
2927 4554 3017 4605 esc
3063 4562 3178 4626 per
3229 4563 3452 4627 corpo-

1960 4644 2156 4706 ralem
2207 4642 2628 4724 praesentiam,
2675 4660 2867 4723 quem
2907 4641 3064 4705 scivi
3112 4648 3452 4705 venturum

1958 4743 2036 4805 ad
2076 4760 2200 4815 me,
2235 4743 2314 4800 de
2350 4760 2475 4820 quo
2513 4741 2690 4810 dimi,
2718 4747 3059 4820 antequam
3101 4740 3178 4801 ad
3219 4758 3321 4801 me
3354 4758 3458 4803 ve-

1959 4841 2125 4902 niret
2169 4858 2182 4901 :
2230 4842 2383 4901 Post
2432 4859 2531 4900 me
2581 4841 2758 4899 venit
2805 4840 2936 4907 vir,
2986 4836 3050 4900 id
3099 4845 3214 4911 est,
3267 4838 3458 4902 homo

1960 4940 2175 5020 vigore
2221 4937 2419 4999 animi
2471 4937 2697 5018 plenus
2752 4944 2934 4997 natus
2984 4943 3081 4997 est
3129 4944 3272 5018 post
3329 4954 3453 4999 me.

1959 5037 2090 5111 Vel,
2128 5036 2332 5111 Venit,
2366 5035 2431 5097 id
2470 5043 2585 5109 est,
2618 5035 2697 5096 ad
2738 5033 3072 5116 publicum
3115 5035 3266 5109 exit,
3299 5043 3362 5096 et
3391 5053 3457 5097 30

1958 5134 2324 5200 hominibus
2381 5132 2787 5195 manifestare
2844 5132 3092 5214 incipit,
3158 5139 3297 5214 post
3353 5151 3456 5195 me

1958 5235 2069 5318 qui
2130 5233 2344 5314 incepi
2405 5231 2747 5314 praedicare
2801 5250 2876 5292 ac
2929 5230 3252 5313 baptizare
3309 5237 3454 5292 ante

1960 5353 2131 5397 eum.
2178 5331 2263 5393 De
2310 5332 2432 5395 hoc
2478 5330 2615 5394 viro
2663 5329 2903 5405 dictum
2951 5328 3078 5393 fuit
3123 5330 3293 5412 apud
3341 5328 3453 5391 Za-

3581 4356 3653 4411 30
