4300 6259
844 492 924 555 66
1620 510 1971 557 manuario
2014 511 2078 556 m
2120 510 2259 556 CAP.
2305 509 2392 555 xn
2437 509 2624 555 LUCAE.
2673 530 2752 538 —
2793 512 2934 556 ΛΒΤ.
2982 511 3174 556 xxxin

843 682 957 755 ria,
1002 681 1177 743 nulla
1215 682 1560 763 corruptio,
1602 682 1777 744 nulla
1826 681 2155 762 iniquitas,
2197 699 2342 762 quae
2372 679 2418 740 A
2453 687 2656 761 pturae
2699 681 3020 753 continua,
3055 697 3136 741 ne
3175 698 3250 740 cx
3289 679 3380 740 eis
3421 685 3711 739 emanent
3749 675 3938 737 inuti-

758 782 764 788 ’
845 780 1069 841 merita
1112 780 1289 842 tollat
1334 788 1441 841 aut
1486 781 1765 862 praemia.

923 877 1051 941 Hoc
1096 887 1307 940 autem
1356 878 1692 960 diligenter
1736 880 2131 960 implendum
2185 885 2280 938 est
2323 895 2336 939 :

640 979 713 1036 34
854 978 974 1036 Ubi
1009 977 1185 1037 enim
1222 986 1312 1037 est
1352 979 1689 1037 thesaurus
1730 987 1949 1047 vester,
1984 975 2046 1037 id
2096 983 2191 1036 est
2242 993 2339 1036 res

841 1092 878 1135 a
908 1073 1089 1135 vohis
1130 1073 1452 1155 praecipue
1491 1083 1717 1148 amata,
1752 1083 1815 1135 et
1851 1080 2225 1154 congregata
2259 1073 2342 1134 si·

838 1189 917 1233 ve
949 1189 1256 1252 possessa,
1283 1173 1376 1232 ibi
1402 1182 1465 1232 et
1492 1193 1602 1233 cor
1631 1183 1913 1232 vestrum
1940 1173 2088 1243 erit,
2123 1171 2187 1232 id
2219 1179 2336 1252 est,

838 1269 1129 1349 cogitatio
1159 1278 1351 1351 atque
1389 1268 1646 1334 affectio
1685 1271 1915 1332 animae
1945 1278 2170 1331 vestrae
2199 1287 2342 1331 ver-

834 1367 1081 1430 sabitur
1110 1376 1171 1430 et
1200 1369 1508 1449 quiescet.
1536 1369 1712 1431 Unde
1744 1369 2093 1431 secundum
2125 1367 2340 1447 Augu-

834 1466 1097 1540 stinum,
1130 1467 1359 1528 Anima
1389 1468 1601 1548 potius
1644 1474 1739 1528 est
1772 1467 1880 1528 ubi
1921 1474 2108 1539 amat,
2143 1484 2337 1546 quam

834 1564 941 1625 ubi
984 1564 1244 1627 animat.
1280 1564 1343 1627 Si
1386 1583 1534 1647 ergo
1575 1565 1640 1627 in
1687 1572 1853 1626 terra
1893 1565 2037 1645 quis
2088 1563 2340 1625 thesau—

831 1681 972 1723 rum
1008 1671 1292 1744 reponat,
1326 1664 1604 1725 animam
1639 1682 1843 1737 suam,
1877 1681 2021 1744 quae
2050 1661 2158 1722 Dei
2193 1662 2339 1723 ima-

826 1778 905 1840 go
957 1769 1073 1833 est,
1107 1763 1378 1824 terrenis
1429 1762 1752 1842 immergit
1797 1781 1811 1823 z
1855 1761 2027 1842 quod
2076 1777 2338 1822 enorme

2451 780 2606 840 lium
2669 779 3120 859 cogitationum
3171 797 3244 840 ac
3294 777 3744 839 desideriorum
3795 793 3938 856 pro-

2451 879 2743 951 flumina‚
2788 878 2968 958 juxta
3018 878 3174 938 illud
3226 879 3289 937 in
3341 876 3582 938 Psalmo
3629 892 3642 936 :
3689 873 3750 934 ln
3801 873 3937 952 lege
4001 887 4188 930 Pam.

2452 978 2697 1040 Domini
2731 977 3023 1040 voluntas
3063 976 3225 1056 ejuS,
3259 984 3322 1037 et
3359 975 3422 1037 in
3465 973 3600 1054 lege
3636 971 3770 1053 ejus
3807 990 3940 1032 me-

2450 1077 2755 1140 ditabitur
2795 1076 2897 1138 die
2943 1095 3016 1137 ac
3067 1083 3268 1137 nocte.
3313 1073 3472 1135 Hinc
3518 1074 3592 1134 ad
3637 1071 3936 1153 Ephesios

2450 1175 2736 1238 hortatur
2775 1174 3112 1256 Apostolus
3157 1191 3171 1234 ε
3221 1171 3390 1234 State
3435 1189 3584 1251 ergo
3632 1169 3934 1232 succincti
3997 1187 4222 1243 apsent-2.

2448 1273 2702 1336 lumbos
2747 1281 2990 1335 vestros
3035 1272 3100 1333 in
3145 1271 3430 1332 veritate.
3971 1254 4043 1294 ¹⁴·

2519 1375 2601 1434 Et
2635 1375 2910 1432 lucernoe
2939 1373 3234 1430 ardentes
3263 1371 3332 1428 in
3369 1368 3666 1427 manibus
3695 1368 3934 1428 vestris.

2447 1469 2562 1532 Per
2601 1470 2892 1532 lucernas
2937 1467 3383 1547 intelliguntur
3419 1465 3714 1527 discretio
3755 1463 3942 1526 ratio-

2447 1569 2546 1629 nis
2591 1569 2656 1629 in
2701 1568 2982 1648 agendiS,
3021 1573 3083 1627 et
3125 1564 3396 1626 eruditio
3439 1563 3706 1626 aliorum
3745 1561 3939 1624 verbo

2445 1674 2554 1728 aut
2596 1665 2781 1728 facto.
2826 1665 2965 1727 Sint
3004 1681 3152 1743 ergo
3190 1663 3464 1725 lucernae
3503 1662 3788 1722 ardentes
3821 1678 3835 1721 ε
3873 1661 3936 1721 id

2447 1773 2574 1838 est,
2611 1763 2909 1826 discretio
2950 1762 3179 1842 dirigat
3219 1779 3411 1842 opera
3457 1767 3519 1820 et
3560 1756 3932 1830 inflammet,

831 1867 1161 1941 peccatum
1202 1868 1320 1922 est.
1355 1859 1416 1922 Si
1462 1878 1611 1922 vero
1652 1860 1821 1922 circa
1856 1859 2051 1920 Deum
2092 1867 2156 1919 et
2194 1858 2339 1920 bea·
2373 1865 2419 1928 B
2444 1863 2624 1943 juxta
2659 1863 2816 1924 illud
2853 1860 3133 1942 Apostoli
3174 1860 3253 1920 ad
3290 1858 3622 1930 RomanOS,
3655 1855 3938 1918 Rationa—
3965 1873 4220 1916 noan-J.

832 1957 1173 2020 titudinem
1204 1959 1565 2020 aeternalem
1600 1958 1881 2019 studium
1912 1957 2212 2037 applicat,
2237 1957 2338 2017 de·

836 2053 1275 2136 sideriumque
1324 2056 1568 2135 defigit,
1619 2055 1749 2135 jam
1800 2054 1864 2114 in
1913 2053 2038 2116 Deo
2087 2063 2182 2114 est
2229 2073 2339 2116 cor

546 2153 1003 2235 pneumate-im,
1056 2163 1119 2216 et
1168 2154 1713 2216 conversationem
1776 2152 1966 2214 habet
2010 2153 2075 2214 in
2130 2153 2330 2216 coelis.

544 2234 613 2276 ²⁰·
838 2252 999 2314 Hinc
1045 2253 1135 2314 ait
1182 2251 1601 2334 Hieronymus
1637 2271 1649 2312 :
1684 2250 1953 2314 Gulosus
2001 2269 2108 2314 cor
2146 2251 2336 2312 habet

838 2350 903 2411 in
938 2359 1179 2424 ventre,
1216 2350 1491 2413 lascivus
1523 2350 1587 2410 in
1633 2349 1914 2422 ludicriS,
1950 2348 2235 2411 lubricus
2269 2351 2333 2411 in

836 2449 1127 2524 libidine,
1173 2468 1403 2511 avarus
1448 2448 1513 2510 in
1559 2448 1848 2529 pecunia.

936 2547 1203 2628 Insuper
1252 2545 1537 2608 Christus
1595 2544 1881 2606 hortatur
1930 2564 2041 2607 nos
2099 2545 2334 2608 habere

840 2645 1033 2706 vitam
1078 2651 1359 2725 paratam
1408 2643 1485 2704 ad
1528 2643 1913 2723 corporalem
1956 2643 2119 2706 hanc
2167 2663 2336 2706 mor-

634 2750 706 2805 35
838 2750 991 2815 tem,
1025 2748 1387 2822 aeternaque
1412 2741 1613 2821 gloria
1642 2741 1917 2821 dignam.
1944 2745 2096 2804 Sint
2127 2748 2336 2804 lumbi

840 2841 1038 2900 vestri
1077 2841 1442 2918 praecincti,
1487 2839 1547 2900 id
1600 2847 1713 2912 est,
1764 2839 1959 2920 parati
2009 2841 2335 2923 agilesque

838 2944 1036 3000 estote
1064 2937 1143 2998 ad
1183 2937 1657 3018 exsequendum
1699 2955 1889 3018 opera
1924 2937 2053 3012 Dei,
2086 2940 2164 3000 ad
2203 2959 2336 3002 am-

2448 1962 2597 2035 bile,
2641 1961 2704 2022 id
2751 1969 2846 2022 est
2887 1960 3254 2032 discretum,
3298 1957 3380 2018 sit
3417 1955 3790 2037 obsequium
3833 1973 3938 2016 ve-

2445 2069 2685 2131 strum;
2729 2067 2792 2120 et
2829 2058 2988 2120 ratio
3023 2055 3302 2120 hominis
3342 2055 3662 2136 proximos
3701 2052 3938 2114 illumi-

2445 2167 2553 2220 net
2581 2165 2644 2219 et
2673 2158 2996 2230 accendat,
3028 2154 3331 2227 docendo,
3365 2150 3936 2234 exemplar-iterque

2446 2257 2741 2328 vivend0,
2786 2253 3324 2336 quemadmodum
3369 2251 3534 2332 apud
3581 2249 3932 2312 Matthaeum

2442 2356 2532 2416 ait
2573 2353 2856 2416 Salvator
2890 2370 2903 2413 :
2946 2351 3048 2412 Sic
3089 2351 3294 2412 luceat
3331 2349 3441 2410 lux
3481 2357 3688 2410 vestra
3725 2365 3932 2409 coram
3995 2371 4223 2414 Mamm

2445 2451 2836 2523 hominihus,
2873 2458 2941 2510 ut
2985 2449 3238 2512 videant
3275 2465 3467 2528 opera
3503 2453 3711 2509 vestra
3747 2445 3932 2518 bona,
3967 2438 4040 2477 ¹⁶·

2442 2559 2505 2612 et
2532 2549 2899 2631 glorificent
2927 2547 3170 2608 Patrem
3206 2554 3484 2608 vestrum
3515 2543 3627 2625 qui
3659 2543 3724 2605 in
3759 2543 3938 2606 coelis

2444 2656 2560 2711 est.
2595 2649 2769 2710 Unde
2815 2646 3167 2708 secundum
3205 2642 3574 2723 Gregorium
3611 2660 3624 2704 :
3661 2640 3938 2703 Lumbos

2447 2747 2918 2828 praecingimus,
2956 2745 3106 2804 dum
3143 2741 3352 2804 carnis
3383 2739 3698 2802 luxuriam
3739 2757 3942 2802 coarc-

2444 2855 2687 2924 tamus;
2731 2845 3026 2906 lucernas
3070 2857 3328 2921 quoque
3371 2840 3660 2900 ardentes
3703 2838 3768 2899 in
3811 2855 3942 2898 ma-
4265 2887 4267 2920 Ι

2444 2944 2636 3006 nibus
2687 2951 3000 3012 tenemus,
3049 2957 3251 3020 quum
3303 2935 3608 3018 proximis
3651 2933 3940 3015 exempla
4265 2929 4267 2952 '

839 3033 1189 3094 bulassdum
1256 3033 1321 3094 in
1380 3033 1483 3095 Via
1544 3033 1809 3108 Domini,
1870 3036 1947 3096 ad
2006 3035 2332 3098 refrenan-
2369 3042 2414 3104 C
2447 3042 2758 3104 virtutum
2789 3045 3236 3101 monstramus,
3261 3035 3478 3116 ltaque
3509 3035 3782 3096 lucernae
3813 3052 3938 3095 non

840 3132 993 3192 dum
1036 3131 1615 3212 concupiscentiam
1649 3132 2164 3215 voluptatemque
2203 3154 2334 3197 car-

838 3229 960 3302 niS‚
980 3246 1125 3309 quae
1156 3229 1325 3308 viget
1355 3229 1419 3290 in
1454 3230 1708 3292 lumbis.
1732 3229 2013 3311 Denique
2043 3233 2331 3314 duplices

838 3333 990 3387 sunt
1017 3325 1221 3387 lumbi
1264 3326 1562 3401 homini3‚
1597 3327 1839 3390 scilicet
1872 3348 1885 3391 :
1916 3332 2218 3406 carnaleS‚
2253 3351 2330 3394 ex

838 3423 1075 3504 quibus
1120 3425 1432 3506 prodeunt
1470 3427 1997 3508 concupiscentiae
2031 3431 2238 3491 carnis
2269 3439 2332 3492 et

839 3541 1032 3604 opera
1081 3523 1423 3604 impudica.
1479 3524 1561 3586 De
1608 3525 1842 3606 quibus
1892 3527 2125 3589 lumbis
2175 3530 2331 3591 scri-

560 3642 809 3693 Jobx1.‚u.
841 3627 1023 3701 ptum
1052 3627 1147 3681 est
1177 3620 1241 3681 in
1270 3619 1383 3683 Job
1419 3639 1431 3683 :
1468 3622 1787 3685 Fortitudo
1818 3623 1955 3704 ejus
1997 3627 2060 3687 in
2093 3625 2328 3689 lumbis

840 3717 1002 3797 ejus,
1037 3717 1111 3779 Hi
1155 3717 1356 3781 lumbi
1399 3738 1511 3801 per
1549 3721 1903 3801 disciplinae
1942 3723 2212 3803 rigorem
2257 3744 2329 3787 ac

839 3817 1317 3896 temperantiam
1372 3817 1768 3882 refrenantur
1814 3839 1887 3882 ac
1934 3823 2330 3904 praecingun-

840 3921 945 3974 tur
994 3932 1007 3976 ε
1060 3916 1231 3995 quod
1278 3917 1449 3978 omni
1501 3917 1852 3982 Christiano
1900 3922 2326 3984 necessarium

548 4036 817 4084 Galatam.
840 4021 935 4074 est
972 4013 1050 4074 ad
1098 4013 1385 4088 salutem,
1421 4016 1667 4078 dicente
1705 4016 2021 4099 Apostolo,
2054 4019 2170 4092 Qui
2213 4039 2326 4081 au-

839 4117 965 4171 tem
1020 4120 1167 4173 sunt
1209 4112 1461 4187 Christi,
1515 4133 1769 4178 carnem
1830 4135 2006 4177 suam
2067 4119 2326 4179 crucifi-

2446 3141 2652 3202 solum
2702 3137 2935 3200 debent
2979 3151 3118 3196 esse
3168 3133 3450 3195 lucentes
3502 3150 3616 3214 per
3659 3131 3939 3193 veritatis

2443 3237 2756 3310 notitiam,
2791 3235 2900 3296 sed
2940 3241 3002 3294 et
3039 3233 3331 3294 ardentes
3368 3249 3482 3312 per
3512 3229 3785 3292 caritatis
3816 3228 3941 3290 fer-

2441 3354 2683 3408 vorem,
2724 3333 2878 3414 quia
2918 3330 3195 3411 cognitio
3245 3329 3528 3390 veritatis
3567 3327 3806 3408 absque
3845 3328 3940 3388 di-

2442 3434 2711 3496 lectione
2742 3430 3041 3493 bonitatis
3075 3426 3368 3490 informis
3399 3433 3514 3488 est.
3547 3425 3798 3494 Rursus,
3822 3443 3938 3507 per

2441 3533 2731 3594 lucernas
2764 3535 3029 3609 possunt
3061 3526 3328 3606 intelligi
3360 3525 3575 3586 divina
3601 3524 3845 3605 eloquia
3873 3534 3936 3586 et

2440 3637 2775 3713 praecepta,
2810 3626 3047 3707 quihus
3089 3634 3318 3688 nostrae
3353 3624 3582 3686 animae
3619 3623 3934 3684 illustran-

2438 3738 2563 3802 tur,
2595 3729 2774 3809 juxta
2815 3726 2974 3788 illud
3010 3724 3493 3786 proverbiorum
3529 3741 3542 3784 z
3575 3721 3926 3784 Mandatum
3959 3741 4222 3788 Prot-mas.

2438 3827 2700 3889 lucerna
2735 3834 2850 3898 est,
2890 3831 2953 3885 et
2993 3824 3092 3885 lex
3136 3822 3282 3894 lux;
3324 3828 3515 3901 atque
3557 3820 3621 3881 in
3661 3819 3924 3895 Psalmo,

2435 3928 2721 3988 Lucerna
2762 3923 3032 4006 pedibus
3073 3921 3231 3983 meis
3273 3920 3539 3983 verbum
3587 3927 3791 3980 tuum.
3823 3919 3932 3982 Hae
3985 3937 4221 3984 Pau-m.

2437 4032 2648 4086 autem
2690 4024 2965 4085 lucernae
3005 4019 3174 4081 fiunt
3212 4019 3524 4092 ardenteS,
3557 4017 3809 4098 quando
3849 4035 3928 4079 ex
3958 4001 4060 4042 ¹⁰⁵·

2437 4123 2693 4186 caritate
2737 4120 3217 4186 considerantur
3259 4137 3330 4179 ac
3371 4117 3803 4178 observantur.

839 4216 1066 4270 xerunt
1114 4227 1259 4271 cum
1298 4210 1467 4273 vitiis
1506 4220 1567 4272 et
1610 4215 2164 4295 concupiscentiis,
2200 4215 2327 4280 Hoc
2359 4223 2406 4284 D
2499 4223 2581 4281 Εε
2615 4239 2719 4280 vos
2745 4218 2991 4278 similes
3021 4216 3158 4277 sitis
3187 4215 3551 4275 hominibus
3577 4223 3931 4291 exspectan·
4071 4233 4144 4286 35

594 4326 811 4377 metm,
839 4306 1009 4368 enim
1049 4315 1143 4368 est
1178 4307 1497 4370 abstinere
1526 4330 1562 4372 a
1596 4311 1954 4373 carnalibus
1996 4314 2326 4376 desideriis

550 4391 616 4433 ¹¹·
840 4422 982 4485 quae
1012 4404 1283 4467 militant
1313 4408 1612 4470 adversus
1652 4409 1951 4471 animam.
1989 4411 2160 4472 Unde
2193 4433 2329 4474 rur-

590 4523 812 4575 aom.vm‚
839 4521 946 4564 sus
994 4501 1081 4564 ait
1127 4503 1461 4584 Apostolus
1504 4525 1517 4567 :
1557 4505 1618 4567 Si
1671 4509 2019 4569 secundum
2072 4529 2325 4573 carnem

546 4587 615 4629 ¹³·
839 4601 1144 4674 vixeritiS‚
1188 4604 1584 4676 moriemini:
1622 4605 1674 4666 si
1715 4613 1925 4667 autem
1965 4607 2196 4688 spiritu
2237 4611 2329 4671 fa-

836 4707 934 4761 cta
980 4699 1185 4761 carnis
1232 4700 1789 4776 mortificaveritiS,
1838 4704 2086 4766 vivetis.
2139 4706 2328 4772 Porro

832 4797 939 4859 alii
973 4805 1119 4859 sunt
1150 4797 1349 4861 lumbi
1392 4800 1777 4881 spirituales,
1818 4802 2111 4864 videlicet
2144 4805 2329 4867 intel-

834 4895 1031 4956 lectus
1069 4903 1259 4977 atque
1297 4895 1586 4972 affectuS,
1622 4915 1697 4958 ex
1728 4899 1964 4979 quibus
2006 4902 2328 4980 cogitatio-

834 5011 985 5055 num
1023 5001 1085 5056 et
1131 4995 1595 5075 appetitionum
1644 4997 2073 5077 spiritualium
2124 4999 2330 5062 abun-

831 5091 1041 5153 dantia
1087 5093 1289 5153 oritur
1324 5112 1337 5154 ε
1376 5101 1633 5175 propter
1672 5096 1841 5175 quod
1896 5097 2322 5177 praecingendi

830 5198 980 5251 sunt
1034 5190 1350 5271 spirituali
1410 5191 1735 5266 cinctorio,
1800 5201 2017 5274 utpote
2073 5197 2326 5259 assidua

830 5289 1035 5350 cordis
1066 5290 1359 5366 custodia,
1380 5299 1442 5352 et
1471 5291 1877 5354 meditatione
1907 5293 2139 5356 ‹livinae
2168 5295 2324 5358 Scri·

2439 4321 2602 4378 cibus
2644 4317 2987 4377 dominum
3023 4333 3242 4382 suum,
3272 4315 3531 4391 quando
3569 4320 3930 4371 revertatur

2435 4437 2476 4476 a
2507 4417 2760 4493 nuptiis
2793 4435 2814 4472 .·
2847 4423 2918 4473 uc
2948 4432 3152 4491 quum
3187 4411 3433 4470 venerit
3460 4420 3520 4469 et
3545 4409 3929 4486 pulsaverit,

2435 4515 2771 4591 confestim
2813 4512 3117 4587 aperiant
3153 4511 3215 4568 ei
3245 4530 3266 4568 .·
3299 4508 3362 4570 id
3401 4514 3518 4580 est,
3553 4506 3715 4568 sicut
3762 4504 3927 4567 servi

2437 4611 2588 4674 boni
2643 4608 3084 4692 praestolantur
3133 4607 3407 4667 reditum
3459 4603 3696 4668 domini
3749 4603 3846 4664 sui
3893 4620 3934 4664 a

2439 4709 2682 4791 nuptiis
2730 4726 2876 4769 cum
2928 4704 3256 4784 diligentia
3307 4722 3380 4764 ac
3431 4702 3753 4784 patientia,
3804 4719 3931 4763 non

2435 4808 2740 4868 audentes
2773 4823 2839 4866 se
2871 4804 3126 4865 interim
3158 4801 3324 4864 male
3354 4800 3608 4872 habere,
3637 4817 3752 4860 nec
3784 4799 3932 4860 hinc

2437 4905 2586 4967 inde
2619 4903 2853 4983 vagari,
2878 4903 2986 4964 sed
3018 4901 3278 4963 domum
3311 4899 3754 4974 custodientes,
3777 4917 3934 4960 sem·

2439 5019 2678 5084 perque
2710 5001 2910 5082 parati
2940 4999 3170 5062 ostium
3204 4998 3488 5059 redeunti
3518 4996 3770 5058 domino
3796 5013 3934 5076 ape-

2433 5101 2607 5177 rire3
2661 5101 2745 5160 ita
2794 5107 2856 5159 et
2907 5117 3015 5160 vos
3067 5115 3212 5158 cum
3263 5095 3436 5159 omni
3486 5093 3811 5174 diligentia
3857 5111 3930 5154 ac

2436 5197 2736 5280 patientia
2785 5204 3144 5278 exspectate
3197 5212 3410 5256 meum
3461 5195 3801 5255 adventum
3849 5192 3927 5253 ad

2433 5316 2566 5370 vos,
2619 5314 2748 5377 quo
2799 5301 3102 5356 venturus
3162 5312 3302 5354 sum
3361 5293 3438 5354 ad
3489 5310 3620 5365 VOS,
3677 5299 3800 5351 tam
3857 5289 3923 5351 in
