4300 6259
602 2940 672 2995 52

815 486 936 550 400

818 680 1108 737 naturam
1158 675 1438 738 divinam
1497 674 1918 738 essentialiter
1965 674 2095 737 vita
2143 692 2309 749 sum,
2343 674 2390 734 A
2423 674 2544 737 tria
2590 693 2604 737 τ

817 772 1038 835 vivens
1072 774 1133 835 in
1178 793 1281 836 me
1319 774 1480 857 ipso,
1514 780 1578 836 et
1608 774 1800 837 vitam
1841 774 2057 854 gratiae
2088 773 2317 836 vitam-

815 889 942 953 que
983 872 1200 952 gloriae
1249 892 1438 936 causo
1489 874 1555 935 in
1599 872 1764 945 aliis,
1803 890 2024 935 omnes
2077 872 2313 934 electos

815 970 1112 1033 reficiens
1161 980 1224 1035 et
1271 972 1656 1036 confortans.
1699 972 1909 1046 Porro,
1959 973 2310 1034 secundum

815 1076 1103 1133 naturam
1133 1078 1520 1153 assumptam
1555 1090 1696 1133 sum
1729 1071 1910 1153 panis
1940 1070 2144 1147 vivuS,
2164 1089 2315 1151 quo-

815 1167 984 1230 niam
1027 1177 1288 1251 propter
1328 1170 1630 1232 unionem
1670 1188 1817 1231 cum
1846 1168 2074 1243 Verb0,
2109 1167 2311 1231 habeo

814 1265 1278 1347 plenitudinem
1330 1268 1618 1331 omnium
1673 1267 2021 1348 gratiarum
2069 1273 2134 1329 et
2178 1267 2313 1347 glo-

814 1364 973 1427 riam
1023 1366 1504 1448 perfectissimae
1550 1364 1876 1428 fruitionis
1929 1365 1994 1426 in
2039 1364 2186 1440 Deo,
2228 1373 2313 1427 at·

813 1483 938 1546 que
987 1483 1100 1547 per
1147 1484 1378 1547 corpus
1423 1473 1486 1526 et
1527 1464 1901 1544 sanguinem
1947 1481 2184 1537 meum,
2232 1462 2311 1525 fi-

811 1563 1052 1626 dolium
1099 1564 1343 1626 animas
1385 1562 1486 1627 alo
1533 1582 1606 1625 ac
1653 1568 1822 1644 pot0,
1863 1561 2128 1642 gratiam
2180 1561 2309 1624 illis

812 1664 1168 1745 praestando
1207 1681 1321 1745 per
1365 1663 1622 1725 modum
1667 1678 1874 1723 causae
1921 1660 2309 1723 instrumen-

808 1761 955 1823 talis
983 1780 1055 1824 ac
1087 1761 1447 1823 meritoriae.
1471 1759 1835 1822 Humanitas
1867 1758 2102 1820 etenim
2135 1758 2309 1821 Chri-

1591 503 1940 551 mimano
1981 504 2046 549 m
2087 502 2227 550 cAP.
2274 504 2333 549 vl
2376 503 2650 551 somma.
2696 520 2777 534 ·—
2818 505 2960 551 ΛΒΤ.
3006 504 3157 551 xvul

2656 675 2939 738 Primum
2988 684 3083 739 est
3131 684 3597 739 sacramentum
3642 682 3909 747 tantum,

2424 774 2721 836 videlicet
2770 776 3015 856 species
3064 776 3246 856 panis
3294 782 3357 837 et
3406 775 3538 837 vini
3584 782 3724 855 post
3766 793 3915 836 con-

2424 872 2860 935 secrationem.
2906 872 3267 936 Secundum
3318 881 3411 935 est
3463 890 3560 933 res
3604 880 3667 935 et
3714 890 3916 933 saera-

2424 978 2733 1046 mentum,
2770 971 3066 1034 videlicet
3102 989 3332 1053 corpus
3364 977 3426 1032 et
3455 970 3709 1050 sanguis
3740 969 3917 1031 Chri-

2423 1068 2526 1131 sti.
2562 1068 2843 1132 Tertium
2882 1077 2977 1132 est
3015 1087 3115 1131 res
3152 1078 3420 1143 tantum,
3464 1076 3683 1150 utpote
3715 1069 3917 1149 gratia

2423 1167 2916 1243 sacramentaliS,
2960 1168 3058 1231 vel
3111 1168 3319 1230 unitas
3367 1168 3650 1249 corporis
3699 1167 3917 1249 mysti-

2422 1266 2501 1327 ci.
2546 1265 2801 1348 Species
2840 1266 3055 1348 itaque
3106 1268 3285 1349 panis
3335 1272 3397 1328 et
3435 1266 3569 1329 vini
3613 1266 3914 1328 dicuntur

2422 1374 2909 1438 sacramentum,
2942 1366 3245 1447 quoniam
3286 1366 3377 1427 rei
3418 1384 3611 1427 sacrae
3649 1372 3796 1426 sunt
3832 1364 3913 1425 si-

2410 1481 2638 1543 gnum,
2661 1463 2959 1527 videlicet
2986 1464 3269 1547 corporis
3297 1473 3363 1525 et
3388 1462 3716 1544 sanguinis
3746 1463 3914 1526 Chri-

2421 1561 2521 1623 sti.
2549 1563 2789 1644 Corpus
2822 1581 2970 1625 vero
3000 1572 3095 1625 est
3124 1571 3587 1626 sacramentum
3620 1569 3913 1643 respectu

2420 1661 2517 1723 sui
2572 1660 2865 1737 effectuS,
2908 1663 3020 1743 qui
3068 1670 3164 1725 est
3211 1661 3431 1743 gratia,
3468 1661 3567 1725 vel
3618 1668 3911 1742 respectu

2419 1760 2517 1821 sui
2569 1760 2820 1840 signati,
2873 1762 3043 1842 quod
3104 1768 3198 1823 est
3252 1779 3484 1842 corpus
3543 1760 3907 1842 mysticum,

811 1860 892 1921 sti
940 1867 1036 1921 est
1079 1860 1576 1921 instrumentum
1623 1859 1996 1933 animatum,
2041 1859 2309 1940 conjun-
2344 1859 2389 1921 Β
2420 1866 2571 1939 puta
2600 1858 2900 1921 Ecclesia.
2934 1859 3138 1932 Quum
3178 1859 3371 1939 igitur
3406 1858 3641 1939 aliquis
3679 1857 3913 1940 accipit

811 1965 986 2019 ctum
1047 1977 1122 2020 ac
1179 1959 1511 2040 proprium
1569 1958 1782 2033 Verbi,
1845 1976 1959 2040 per
2015 1958 2185 2039 quod
2245 1965 2310 2019 et

810 2056 996 2137 cujus
1036 2055 1270 2120 virtute
1307 2076 1380 2119 ac
1417 2056 1666 2125 merito,
1699 2056 1913 2119 omnia
1950 2056 2167 2118 divina
2198 2074 2309 2118 no-

809 2154 909 2217 bis
942 2161 1320 2237 praestantur
1345 2154 1694 2234 gratiarum
1725 2153 2103 2217 charismata
2139 2173 2152 2217 :
2188 2154 2309 2215 sic-

812 2262 882 2316 ut
929 2261 990 2315 et
1039 2272 1270 2336 eorpus
1330 2261 1617 2316 nostrum
1665 2261 1760 2315 est
1807 2252 2304 2315 instrumentum

808 2352 1180 2427 animatum,
1215 2352 1466 2414 unitum
1499 2360 1560 2413 et
1589 2351 1919 2433 proprium
1950 2350 2180 2412 animae
2210 2368 2308 2412 ra-

787 2450 1085 2526 ·tionalis‚
1139 2468 1252 2532 per
1299 2451 1472 2531 quod
1519 2449 1732 2512 anima
1778 2450 1907 2530 agit
1955 2456 2016 2511 et
2065 2448 2300 2511 effluit.

812 2551 941 2618 Qui
995 2552 1273 2610 de‘coelo
1319 2550 1622 2609 descendi
1680 2566 1794 2630 per
1851 2546 2303 2610 incarnationis

809 2648 1182 2731 mysterium
1220 2656 1283 2711 et
1321 2648 1467 2711 novi
1501 2647 1768 2710 effectus
1801 2647 2299 2730 productionem,

809 2766 935 2810 non
991 2766 1104 2830 per
1154 2746 1417 2810 localem
1478 2748 1878 2821 descensum,
1934 2754 2004 2807 ut
2058 2746 2297 2808 dictum

807 2853 904 2908 est
947 2845 1202 2928 saepius.

886 2946 968 3007 Si
985 2947 1133 3023 quis
1151 2943 1664 3013 manducaverit,
1682 2961 1810 3005 non
1840 2942 2304 3005 sacramentali-

2418 1976 2649 2039 corpus
2698 1966 2761 2020 et
2816 1958 3191 2038 sanguinem
3248 1957 3367 2019 sub
3422 1956 3758 2039 speciebus
3816 1975 3913 2017 sa-

2417 2056 2932 2129 cramentalibuS,
2994 2064 3057 2119 et
3118 2075 3243 2120 non
3309 2054 3646 2137 participat
3702 2073 3908 2116 sacra-

2416 2155 2615 2216 menti
2682 2154 2875 2234 hujus
2944 2153 3270 2228 effectum,
3332 2153 3577 2215 scilicet
3638 2152 3903 2233 gratiam

2414 2260 2606 2333 atque
2654 2251 2951 2315 Ecclesiae
3000 2252 3593 2333 incorporationem,
3648 2258 3909 2333 propter

2415 2371 2592 2414 suam
2639 2351 3143 2434 incapacitatem,
3175 2350 3615 2432 indignitatem
3660 2358 3723 2411 et
3768 2367 3911 2431 pra-

2414 2450 2695 2524 vitatem,
2729 2468 2855 2531 qua
2895 2450 3074 2531 ponit
3118 2448 3366 2513 obicem
3401 2448 3637 2529 gratiae,
3674 2448 3908 2510 dicitur

2414 2549 2796 2609 manducare
2835 2547 3369 2610 sacramentaliter
3398 2554 3666 2609 tantum.
3698 2546 3903 2618 Quum

2413 2664 2563 2709 vero
2611 2646 2920 2709 sumendo
2966 2653 3454 2719 sacramentum,
3490 2643 3716 2726 recipit
3763 2644 3903 2724 ejus

2412 2743 2750 2806 salutarem
2796 2742 3121 2819 effectum,
3169 2744 3506 2805 manducat
3548 2759 3907 2804 sacramen-

2411 2841 2619 2903 taliter
2665 2850 2729 2905 et
2778 2842 3212 2924 spiritualiter.
3266 2841 3423 2903 Dum
3468 2847 3677 2902 autem
3721 2840 3911 2903 sorti-

2411 2948 2513 3001 tur
2556 2940 2860 3002 effectum
2907 2937 3260 3022 praefatum,
3297 2958 3414 3001 nec
3452 2947 3661 3001 tamen
3706 2938 3907 2999 susci-

804 3050 903 3105 ter
931 3049 1200 3119 tantum,
1235 3043 1342 3105 sed
1374 3040 1911 3105 sacramentaliter
1947 3049 2009 3104 et
2047 3042 2302 3123 spiritu·
2336 3038 2379 3102 C
2412 3038 2506 3121 pit
2556 3046 3042 3113 sacramentum,
3096 3038 3433 3100 manducat
3488 3036 3905 3119 spiritualiter

803 3142 1007 3216 aliter,
1041 3142 1141 3205 vel
1175 3141 1253 3203 ad
1289 3140 1501 3202 minus
1532 3140 1949 3221 spiritualiter
1977 3159 2124 3203 cum
2160 3159 2302 3222 pro-

805 3240 1009 3322 posito
1049 3240 1473 3303 manducandi
1519 3240 2057 3301 sacramentaliter
2095 3258 2298 3320 quum

803 3338 997 3400 fuerit
1035 3345 1491 3421 opportunum,
1535 3358 1615 3399 ex
1651 3341 1767 3399 hoc
1792 3358 1993 3416 pane,
2025 3340 2195 3398 vivet
2226 3340 2299 3397 in

798 3448 1115 3501 oeternum
1154 3438 1282 3501 vita
1327 3437 1667 3519 spirituali,
1702 3456 1846 3518 quae
1885 3455 2056 3499 nunc
2094 3436 2162 3498 in
2205 3436 2300 3518 ip-

802 3555 871 3600 so
911 3536 1264 3611 inchoatur,
1297 3544 1360 3598 et
1400 3536 1634 3597 virtute
1679 3535 2055 3597 sacramenti
2105 3534 2300 3617 perfi-

801 3636 987 3710 citur,
1021 3643 1212 3716 atque
1251 3635 1317 3697 in
1352 3635 1554 3717 patria
1583 3639 2083 3697 consummatur.
2117 3633 2299 3695 Nunc

799 3734 971 3797 enim
1013 3734 1193 3807 vivit,
1235 3733 1400 3796 bene
1447 3733 1688 3814 agendo
1735 3750 1846 3814 per
1887 3731 2196 3812 gratiam3
2238 3741 2300 3793 et

799 3834 866 3895 in
906 3832 1123 3896 futuro
1154 3818 1344 3906 viret,
1381 3832 1580 3893 Deum
1613 3832 1886 3894 videndo
1929 3849 2041 3913 per
2079 3831 2298 3911 gloriae

800 3930 1039 4005 lumen,
1091 3931 1436 3993 dummodo
1484 3929 1769 3991 finaliter
1820 3936 2184 4011 perseveret
2230 3928 2296 3989 in

801 4028 994 4108 hujus
1033 4028 1538 4091 manducationis
1571 4027 1828 4089 effectu.
1863 4026 2044 4090 Vivet
2082 4026 2297 4108 itaque

801 4126 868 4188 in
907 4133 1237 4200 aeternum,
1272 4133 1582 4207 quantum
1625 4133 1723 4188 est
1759 4144 1835 4187 ex
1877 4134 2056 4208 parte
2095 4144 2300 4187 sacra-

2410 3137 2639 3200 solum.

2486 3240 2573 3297 Ει
2596 3238 2796 3313 panis
2824 3256 3007 3316 quem
3038 3256 3149 3313 eqo
3178 3237 3363 3307 daha,
3398 3252 3512 3316 per
3547 3252 3651 3296 me
3681 3234 3895 3315 ipsum

2409 3334 2473 3396 in
2535 3334 2743 3409 Coena,
2806 3334 2923 3397 hoc
2981 3341 3444 3397 sacramentum
3509 3332 3900 3396 institue-ndo

2408 3434 2870 3518 discipulisque
2921 3434 3244 3508 tradendo,
3295 3441 3359 3495 et
3415 3433 3481 3495 in
3528 3451 3633 3494 ara
3689 3433 3899 3495 crucis

2410 3551 2638 3616 panem
2687 3533 2858 3594 hunc
2898 3531 3063 3594 Patri
3106 3531 3459 3606 offerendo,
3492 3538 3554 3593 et
3598 3531 3905 3612 deinceps

2412 3650 2524 3714 per
2569 3650 2741 3695 meos
2785 3630 3135 3704 ministroS‚
3180 3629 3475 3694 videlicet
3522 3630 3899 3705 sacerdotes,

2410 3729 2647 3811 quibus
2691 3730 2989 3793 convenit
3032 3714 3495 3792 sacramentum
3542 3728 3711 3790 istud
3756 3746 3907 3790 con-

2410 3846 2656 3891 secrare
2712 3836 2904 3910 atque
2954 3828 3277 3909 porrigere
3323 3826 3511 3906 aliis3
3560 3847 3711 3887 caro
3762 3847 3903 3887 mea

2386 3937 2520 3998 est,
2552 3945 2697 4007 quae
2732 3924 2843 3987 alit
2883 3932 3157 3987 mentem
3200 3923 3491 3986 fidelium
3529 3942 3541 3985 :
3576 3931 3713 3985 tum
3752 3924 3906 4005 quia

2410 4023 2615 4087 Verbo
2665 4024 2861 4096 unita,
2912 4030 3048 4085 tum
3098 4022 3401 4103 quoniam
3446 4021 3665 4102 gratiis
3715 4022 3905 4104 plena

2411 4140 2523 4205 per
2555 4120 3059 4195 redundantiam,
3092 4128 3155 4183 et
3192 4120 3344 4201 quia
3375 4118 3730 4182 Divinitatis
3765 4138 3905 4199 gra-

802 4224 1021 4300 menti‚
1055 4225 1227 4305 quod
1265 4232 1454 4287 tan'tae
1493 4224 1800 4286 efficaciae
1839 4232 1954 4298 est,
1991 4230 2060 4284 ut
2099 4224 2298 4305 possit
2327 4223 2378 4286 D
2407 4220 2555 4281 tiam
2610 4218 2881 4282 creantis
2930 4225 3023 4279 est
3065 4218 3584 4291 instrumentum,
3621 4216 3905 4297 itemque

801 4321 995 4385 vitam
1041 4329 1340 4385 aeternam
1389 4321 1688 4385 influere.
1731 4358 1812 4367 —
1852 4319 2055 4394 Quum
2106 4320 2301 4403 quili-

798 4418 907 4482 bet
963 4420 1438 4483 communicans
1499 4420 1763 4502 recipiat
1825 4435 2051 4501 panem
2101 4419 2293 4480 istum

798 4525 1002 4582 totum
1033 4510 1107 4581 ac
1136 4519 1476 4599 integrum,
1510 4537 1636 4582 non
1670 4526 1912 4600 partem
1946 4518 2291 4593 dumtaxat,

797 4635 913 4679 cur
948 4618 1057 4692 ait,
1101 4616 1163 4679 Si
1207 4618 1353 4699 quis
1394 4616 1873 4679 manducaverit
1912 4633 1989 4677 ex
2028 4615 2148 4678 hoc
2191 4634 2297 4697 pa-

798 4732 900 4789 ne,
935 4722 998 4777 et
1046 4734 1173 4779 non
1225 4716 1459 4797 potiuS‚
1503 4714 1566 4776 Si
1617 4713 1763 4795 quis
1817 4713 2298 4775 manducaverit

796 4814 969 4875 hunc
1029 4816 1300 4896 panem?
1350 4813 1721 4887 Dicendum,
1775 4812 1947 4895 quod
2001 4813 2078 4874 ad
2138 4811 2295 4873 insi-

797 4913 1122 4974 nuandum
1163 4913 1334 4993 quod
1374 4912 1554 4994 panis
1595 4911 1714 4973 iste
1759 4910 2296 4993 inconsumptibi-

794 5009 874 5071 lis
917 5016 1032 5084 est,
1069 5029 1398 5092 nunquam
1444 5007 1776 5071 deficiens,

874 5108 1196 5183 Praeterea,
1239 5110 1316 5171 ad
1360 5108 1849 5188 intelligendum
1892 5106 2106 5169 omnia
2147 5124 2292 5187 quae

796 5207 873 5269 de
910 5206 1033 5269 isto
1071 5214 1461 5270 sacramento
1497 5206 1627 5286 jam
1676 5212 2069 5278 asseruntur,
2107 5222 2293 5285 opor-

793 5312 884 5368 tet
921 5305 1084 5368 scire
1124 5306 1298 5388 quod
1334 5305 1398 5367 in
1441 5304 1844 5368 Sacramento
1881 5302 2098 5365 altaris
2139 5310 2289 5365 sunt

2408 4320 2633 4382 merito
2702 4337 2833 4381 suae
2898 4316 3163 4379 actionis
3229 4335 3301 4378 ac
3370 4315 3725 4397 passionis;
3776 4335 3903 4395 pro

2408 4419 2646 4483 mundi
2689 4418 2850 4486 vita,
2902 4415 2965 4476 id
3014 4422 3109 4492 est
3162 4432 3274 4496 pro
3324 4413 3643 4496 spirituali
3692 4412 3909 4477 vivifi-

2408 4516 2653 4578 catione
2696 4514 3028 4577 hominum
3069 4512 3381 4575 viatorum
3418 4513 3481 4574 in
3524 4513 3763 4576 mundo
3802 4514 3906 4574 de-

2402 4614 2706 4695 gentium.
2741 4612 2831 4673 Ad
2863 4611 3035 4673 hunc
3073 4610 3243 4673 enim
3276 4610 3497 4685 finem,
3534 4617 3602 4672 ut
3631 4630 3667 4671 a
3698 4618 3903 4674 morte

2406 4712 2611 4793 culpae
2657 4730 2729 4772 ac
2778 4709 3053 4771 miseriae
3103 4710 3521 4791 eriperemur,
3574 4708 3901 4789 vitamque

2402 4811 2620 4891 gratiae
2686 4817 2749 4871 et
2812 4808 3033 4889 gloriae
3097 4825 3655 4889 consequeremur,
3726 4808 3901 4869 dedit

2406 4908 2689 4971 Christus
2750 4924 2979 4988 corpus
3040 4925 3227 4968 suum
3286 4904 3351 4967 in
3402 4923 3589 4967 cruce
3641 4906 3705 4968 in
3756 4924 3903 4986 pre-

2402 5006 2587 5080 tium,
2622 5012 2686 5066 et
2730 5004 2795 5066 in
2842 5010 3233 5067 sacramento
3273 5004 3341 5064 in
3380 5002 3667 5065 edulium
3703 5012 3899 5084 atque

2403 5102 2778 5166 remedium.
2839 5101 3129 5175 Quotidie
3183 5120 3443 5184 quoque
3500 5102 3607 5164 dat
3663 5120 3895 5183 panem

2402 5203 2591 5264 istum
2637 5219 2751 5283 pro
2791 5200 2919 5261 vita
2958 5208 3191 5275 nostra,
3233 5200 3354 5262 hoc
3396 5207 3512 5276 est,
3554 5201 3633 5263 ad
3664 5200 3783 5263 hoc
3827 5206 3899 5261 ut

2400 5301 2467 5364 in
2505 5300 2634 5365 vita
2673 5300 2891 5380 gratiae
2929 5298 3301 5363 roboremur
3335 5318 3409 5361 ac
3446 5298 3895 5382 perficiamur.
