4300 6259
605 679 760 724 Bccle.
778 693 837 732 ix,

575 745 641 787 ¹2.

626 1858 796 1903 Mami.

572 1935 688 1974 ιινι,
711 1923 779 1965 41.

609 2845 767 2890 {Petra
786 2861 830 2898 v,

569 2911 612 2960 8,
631 2911 673 2953 9.

567 3241 831 3294 Raetiam,

567 3439 832 3492 Ibtd.xxxix,

571 4527 710 4572 Pron.
723 4541 779 4577 vi,
793 4529 834 4570 9.

869 479 987 560 196
1675 495 2024 548 mam-1⁸10
2067 497 2132 546 m
2176 495 2317 546 car.
2362 495 2471 544 xxi
2512 497 2701 546 tucn.
2746 518 2828 529 —
2868 499 3011 547 nr.
3056 500 3175 546 nv

865 680 1168 738 consonat
1215 673 1376 738 illud
1415 673 1809 738 Ecclesiastae
1854 692 1869 737 ε
1913 673 2126 737 Nescit
2176 674 2369 737 homo
2398 669 2449 732 A
2477 680 2692 737 monet
2738 672 3065 756 Scriptura
3098 693 3111 737 :
3144 672 3283 737 Noli
3334 672 3597 754 diligere
3646 689 3961 746 somnum,
4020 686 4199 737 rma.

865 771 1066 835 finem
1115 792 1346 852 suum;
1398 775 1508 836 sed
1557 773 1722 836 sicut
1769 773 1976 856 pisces
2027 774 2368 856 capiuntur
2476 780 2647 834 nete
2676 781 2917 854 egestas
2957 773 3298 856 opprimat.
3334 771 3381 835 Ο
3408 791 3601 854 quam
3634 769 3835 833 multa
3860 788 3966 832 ne-
3990 751 4049 791 ¹³·

867 872 1075 947 hamo,
1124 879 1186 933 et
1228 890 1376 934 aves
1435 873 1682 954 laqueo,
1728 873 1820 936 sic
1867 873 2209 955 capiuntur
2256 873 2368 935 ho-

867 969 1072 1031 mines
1115 977 1401 1052 tempore
1441 971 1627 1046 malo,
1661 990 1864 1052 quum
1912 971 2004 1033 eis
2045 969 2365 1053 extemplo

868 1068 1330 1149 supervenerit.

965 1168 1240 1244 Viqilace
1281 1169 1500 1248 itaque
1544 1171 1725 1230 omni
1770 1179 2044 1246 tempore
2081 1179 2360 1230 orantes,

864 1262 1040 1335 Quod
1076 1265 1184 1340 ait,
1219 1265 1400 1327 Omni
1441 1275 1749 1349 tempore,
1785 1266 2007 1330 referri
2050 1275 2257 1350 potest
2284 1267 2364 1329 ad

865 1362 1155 1438 verbum,
1207 1363 1493 1444 Vigilate,
1541 1371 1733 1446 atque
1789 1366 1868 1427 ad
1927 1366 2360 1449 participium,

864 1459 1143 1524 Orantes.
1178 1462 1361 1524 Omni
1391 1481 1540 1544 ergo
1570 1470 1856 1546 tempore
1885 1472 2268 1546 opportuno,
2303 1472 2365 1526 et

863 1566 1175 1639 quantum
1215 1559 1539 1642 fragilitati
1583 1562 1878 1625 humanae
1919 1571 2123 1625 exstat
2162 1563 2365 1645 possi-

861 1655 1013 1731 bile,
1048 1657 1311 1738 vigilare
1357 1665 1421 1720 et
1468 1677 1648 1721 orare
1695 1659 2002 1722 debemus
2039 1680 2052 1724 ε
2087 1661 2255 1724 sicut
2302 1669 2365 1723 et

865 1755 1156 1836 passione
1209 1757 1503 1832 instante,
1557 1757 1718 1820 dixit
1764 1758 2049 1820 Christus
2097 1758 2363 1841 Aposto-

2473 871 2723 952 gligunt
2770 871 2957 946 bona,
2992 880 3055 934 et
3096 891 3289 953 quam
3334 869 3780 933 damnabiliter
3813 876 3969 930 tem-

2477 989 2597 1052 pus
2638 989 2825 1032 suum
2867 971 3237 1053 expendunt
3272 968 3653 1033 somnolenti
3682 976 3747 1030 et
3780 967 3965 1050 pigri,

2473 1076 2536 1130 et
2564 1069 2675 1150 qui
2707 1069 2786 1130 de
2816 1086 2957 1132 sero
2988 1069 3054 1130 in
3087 1068 3259 1131 vitiis
3292 1067 3541 1149 vigilias
3574 1066 3965 1150 protrahunt,

2476 1174 2735 1249 propter
2772 1167 2945 1248 quod
2990 1168 3167 1229 tarde
3206 1172 3507 1247 surgunt!
3542 1164 3677 1228 Non
3720 1172 3814 1226 est
3852 1164 3971 1226 hoc

2472 1271 2645 1326 arcta
2691 1265 2795 1326 via
2850 1264 3093 1340 salutiS,
3148 1283 3266 1328 nec
3319 1263 3712 1327 conversatio
3771 1263 3971 1345 poeni-

2472 1363 2772 1436 tentialiS‚
2817 1381 2935 1426 nec
2984 1363 3191 1426 cordis
3242 1363 3545 1437 custodia,
3594 1380 3713 1424 nec
3760 1380 3967 1424 coram

2472 1460 2596 1525 Deo
2645 1460 2974 1542 diligentia
3021 1480 3189 1524 vera.
3246 1462 3420 1524 Unde
3470 1459 3752 1524 Salvator
3798 1479 3969 1521 nunc

2474 1559 2691 1622 subdit
2733 1579 2746 1621 :
2801 1563 2879 1622 Ut
2921 1563 3117 1637 diqm'
3160 1562 3531 1621 habeamini
3570 1560 3797 1638 fuqere
3846 1561 3969 1619 ista

2471 1660 2693 1718 omnia
2742 1679 2885 1738 qua·
2924 1659 3161 1735 futura
3202 1667 3375 1730 sunt,
3422 1658 3542 1721 hoc
3589 1663 3705 1731 est,
3754 1657 3970 1720 divino

2468 1755 2711 1836 judicio
2743 1757 2997 1839 possitis
3028 1758 3295 1821 evadere
3326 1757 3623 1820 universa
3652 1757 3818 1819 mala
3849 1775 3971 1839 poe-

864 1851 965 1927 lis,
1015 1853 1282 1935 Vigilate
1329 1863 1392 1918 et
1440 1865 1634 1931 orate,
1688 1865 1758 1919 ut
1809 1876 1934 1921 non
1997 1857 2246 1920 intretis
2296 1858 2362 1920 in
2400 1855 2447 1918 B
2474 1855 2641 1916 nalia
2672 1855 2959 1936 reprobis
2998 1856 3062 1916 in
3103 1857 3208 1918 die
3237 1855 3463 1936 judicii
3506 1855 3877 1936 infligenda,
3908 1865 3969 1916 et

862 1954 1298 2018 tentationem.
1333 1954 1484 2017 Nam
1536 1963 1598 2017 et
1647 1957 1992 2038 corporalis
2039 1966 2255 2020 sancta
2302 1965 2363 2020 et

863 2052 1135 2115 discreta
1165 2053 1380 2134 vigilia
1409 2053 1591 2117 valde
1620 2062 1716 2116 est
1752 2054 2094 2130 fructuosa,
2131 2065 2195 2119 et
2224 2076 2364 2138 pas-

863 2150 1072 2213 siones
1103 2151 1410 2226 debilitat,
1444 2153 1523 2214 ad
1551 2154 1887 2229 orationeS,
1922 2156 2361 2218 meditationes

861 2247 1556 2331 contemplationesque
1605 2251 1906 2334 disponit.
1950 2252 2159 2317 Oratio
2206 2273 2363 2335 quo-

861 2365 988 2428 que
1033 2347 1396 2410 indesinens
1445 2349 1629 2412 nobis
1673 2352 2028 2414 necessa-ria
2071 2352 2363 2434 perhibe-

860 2452 986 2520 tur,
1047 2446 1160 2528 qui
1218 2455 1310 2510 tot
1365 2448 1690 2529 periculiS,
1747 2456 1841 2513 tot
1898 2450 2356 2526 invisibilibuS,

858 2543 1292 2620 atrocissimiS,
1344 2545 1848 2628 infatigabilibus
1898 2549 2190 2612 hostibus
2241 2550 2361 2612 cir-

859 2642 1342 2705 cumvallamur.
1405 2643 1665 2727 Propter
1723 2647 1895 2728 quod
1951 2647 2359 2710 beatissimus

861 2739 1160 2821 princeps
1205 2741 1652 2824 Apostolorum
1702 2745 1766 2806 in
1818 2764 1932 2807 sua
1979 2746 2295 2809 Canonica
2341 2765 2355 2808 z

859 2837 1067 2901 Sobrii
1096 2839 1364 2921 (inquit)
1396 2849 1616 2916 estote,
1650 2851 1714 2905 et
1752 2843 2026 2924 vigilate,
2061 2843 2214 2926 quia
2254 2845 2362 2907 ad-

862 2937 1177 3000 versarius
1208 2946 1416 3002 vester
1445 2940 1733 3003 diabolus
1773 2948 2077 3024 tanquam
2117 2943 2216 3006 leo
2256 2963 2359 3004 ru-

2470 1963 2641 2013 scare
2670 1964 2820 2014 ante
2854 1955 3101 2015 Filium
3131 1956 3437 2026 hominis,
3462 1954 3583 2017 hoc
3612 1962 3727 2027 est,
3755 1973 3965 2016 coram

2472 2051 2706 2112 summi
2734 2051 2972 2114 Judicis
3010 2051 3315 2114 tribunali
3356 2052 3562 2114 securi
3597 2052 3963 2125 consistere,

2471 2149 3009 2229 quemadmodum
3058 2148 3323 2230 Sapiens
3370 2150 3595 2212 asserit
3642 2168 3655 2212 :
3700 2149 3969 2212 Stabunt
4012 2172 4189 2227 sapsa.

2467 2245 2623 2326 justi
2682 2246 2749 2308 in
2809 2265 3034 2328 magna
3092 2248 3444 2310 constantia
3498 2249 3801 2311 adversus
3862 2267 3967 2312 eos

2471 2345 2585 2426 qui
2629 2363 2697 2407 se
2738 2347 3279 2426 angustiaverunt.

2552 2445 2719 2504 Erat
2767 2454 2979 2504 autem
3034 2443 3320 2506 Christus
3358 2447 3581 2506 diebus
3622 2449 3853 2508 docens
3892 2448 3967 2506 in
4085 2450 4140 2506 3¹1

2473 2545 2702 2618 templo
2732 2562 2755 2601 .·
2786 2542 2938 2623 quia
2976 2541 3043 2604 in
3082 2542 3187 2604 die
3225 2541 3581 2605 Palmarum
3622 2551 3685 2606 et
3717 2544 3967 2608 duobus

2470 2638 2693 2700 diebus
2743 2640 3159 2720 sequentibus
3208 2641 3576 2722 praedicavit
3620 2642 3686 2704 in
3728 2642 3971 2725 templo

2468 2737 2852 2818 Jerusalem3
2886 2741 3175 2800 noctibus
3218 2760 3363 2801 vero
3405 2743 3645 2812 exiens,
3681 2745 3971 2802 moraba-

2473 2843 2580 2894 tur
2610 2837 2683 2896 in
2717 2845 2927 2896 monce
2958 2837 3075 2914 qui
3106 2845 3371 2898 vocatur
3402 2840 3661 2906 oliveti,
3694 2838 3815 2902 hoc
3848 2847 3965 2912 est,

2468 2932 2547 2992 de
2598 2931 2944 2995 Jerusalem
3008 2941 3156 2996 ante
3215 2951 3543 3017 vesperam
3608 2936 3965 3017 egredienS,

858 3035 1038 3116 giens
1067 3036 1315 3110 circuit,
1349 3056 1640 3118 quaerens
1681 3057 1875 3120 quem
1909 3041 2171 3104 devoret
2206 3060 2219 3103 ς
2254 3042 2356 3104 eui
2396 3031 2439 3096 C
2469 3047 2710 3092 moram
2743 3031 3049 3112 protraxit
3088 3032 3154 3092 in
3188 3039 3403 3096 monte
3430 3031 3679 3109 oliveti,
3715 3034 3804 3096 ibi
3836 3053 3969 3098 ora-

861 3134 1134 3196 resistite
1172 3135 1365 3198 fortes
1405 3136 1471 3199 in
1511 3135 1664 3199 fide.
1699 3136 1773 3198 Et
1812 3139 1877 3200 in
1917 3138 2359 3203 Ecclesiastico

861 3232 1131 3295 habetur
1162 3253 1176 3296 ε
1208 3233 1436 3314 Vigilia
1475 3234 1819 3298 honestatis
1857 3236 2196 3300 tabefaciet
2224 3257 2361 3301 car-

863 3350 996 3404 neS,
1038 3340 1100 3394 et
1147 3333 1453 3414 cogitatus
1503 3333 1675 3396 illius
1722 3334 1968 3398 auferet
2015 3356 2355 3418 somnum;

862 3437 924 3491 et
962 3449 1204 3506 rursus,
1239 3430 1502 3513 Sapiens
1541 3450 1650 3494 cor
1689 3452 1876 3495 suum
1916 3436 2118 3497 tradet
2157 3437 2235 3498 ad
2267 3437 2361 3498 vi-

860 3528 1188 3609 gilandum
1229 3529 1509 3594 diluculo
1557 3531 1636 3592 ad
1673 3530 2012 3594 Dominum
2053 3534 2167 3615 qui
2210 3534 2361 3596 fecit

861 3625 1068 3702 illum,
1102 3634 1166 3689 et
1209 3627 1274 3689 in
1323 3636 1665 3710 conspectu
1705 3628 2012 3693 Altissimi
2062 3633 2361 3714 depreca-

861 3723 1048 3787 bitur.
1067 3760 1148 3770 —
1167 3724 1368 3799 Porro,
1395 3744 1656 3789 somnus
1685 3726 2054 3809 superfluus
2084 3730 2362 3793 maxime

861 3823 1161 3886 indecens
1199 3831 1296 3886 est
1325 3824 1700 3900 Christiano,
1736 3834 1798 3887 et
1834 3827 2084 3908 corpori
2124 3847 2199 3890 ac
2226 3830 2361 3891 ani-

862 3939 983 3984 mae
1030 3929 1126 3983 est
1171 3921 1458 3996 nocivuS,
1488 3931 1706 4003 gravat
1755 3931 2066 4000 naturam,
2104 3926 2359 3989 hebetat

862 4037 1144 4092 sensum,
1179 4018 1487 4082 rationem
1520 4019 1813 4094 offuscat,
1848 4029 1910 4083 et
1940 4023 2094 4085 vitia
2132 4024 2352 4088 nutrit.

861 4116 1122 4200 Propter
1161 4119 1334 4199 quod
1376 4118 1522 4181 Cato
1564 4118 1728 4181 bene
1770 4119 2020 4183 locutus
2064 4131 2163 4184 est
2210 4141 2223 4185 :

895 4276 1032 4328 Plus
1060 4276 1230 4340 vigila
1259 4291 1498 4343 semper,
1529 4293 1633 4329 nec
1662 4294 1861 4332 somno
1892 4281 2114 4333 deditus
2143 4286 2267 4335 esto
2291 4298 2303 4335 :

893 4357 1037 4408 Nam
1063 4358 1330 4410 diuturna
1357 4359 1532 4424 quies,
1557 4361 1707 4412 vitiis
1735 4362 2004 4414 alimenta
2029 4363 2325 4416 ministrat.

865 4500 941 4564 Et
979 4501 1274 4566 Salomon
1318 4503 1516 4567 dicit:
1559 4504 1922 4587 Usquequo,
1969 4507 2172 4590 piger,
2218 4510 2361 4571 dor—

866 4601 1068 4664 mies?
1111 4602 1366 4684 quando
1417 4621 1758 4684 consurges
1811 4605 1890 4665 de
1935 4624 2159 4670 somno
2206 4610 2358 4671 tuo?

2468 3128 2750 3190 tionibus
2806 3147 3054 3204 vacanS,
3113 3130 3341 3193 deinde
3401 3130 3767 3194 Bethaniam
3822 3151 3965 3214 per-

2467 3234 2841 3308 genS,atque
2874 3227 2939 3288 in
2970 3228 3157 3290 domo
3184 3227 3434 3292 Marthae
3462 3248 3601 3291 cum
3631 3230 3963 3312 discipulis

2471 3325 2603 3386 suis
2650 3325 3024 3388 consistens,
3060 3329 3147 3387 Ec
3193 3329 3403 3388 omnis
3442 3332 3747 3405 populu-3,
3788 3329 3965 3392 vide-
4080 3341 4136 3396 38

2470 3423 2619 3486 licet
2649 3423 2829 3505 plebs
2861 3424 3240 3499 communis,
3277 3428 3665 3495 manicabat,
3700 3427 3818 3491 hoc
3848 3436 3960 3505 est,

2470 3541 2655 3585 mane
2702 3530 2765 3584 et
2812 3521 3104 3584 celeriter
3144 3523 3339 3598 venit,
3372 3527 3461 3585 ad
3504 3546 3651 3586 eum
3689 3528 3759 3586 in
3811 3536 3963 3587 tem-

2460 3626 2597 3699 plo,
2630 3622 2907 3684 secunda
2934 3629 2998 3684 et
3024 3623 3211 3684 tertia
3237 3621 3398 3685 feria
3435 3632 3576 3706 post
3604 3623 3961 3687 Palmarum

2465 3722 2643 3798 (nam
2701 3730 2925 3802 quarta
2973 3719 3131 3783 feria
3188 3721 3255 3782 in
3302 3721 3602 3784 Bethania
3656 3723 3893 3785 mansit
3943 3742 3957 3786 :

2467 3820 2762 3882 similiter
2800 3820 3025 3902 quinta
3070 3819 3231 3882 feria
3280 3840 3483 3903 usque
3527 3829 3669 3904 post
3706 3823 3959 3904 prandii

2469 3917 2735 3998 horam),
2783 3919 3017 3979 audire
3064 3939 3212 3979 eum
3255 3937 3278 3980 .·
3324 3919 3477 4000 quia
3528 3937 3747 3983 revera
3793 3921 3962 3982 dele—

2468 4016 2697 4079 ctabile
2736 4016 2918 4079 valde
2964 4024 3096 4079 erat
3136 4017 3358 4079 audire
3400 4016 3508 4078 Dei
3556 4019 3957 4100 sapientiam,

2468 4113 2745 4176 Verbum
2806 4114 2999 4177 Patris
3056 4114 3299 4188 aeterni,
3362 4114 3767 4196 Unigenitum
3826 4117 3956 4193 Dei,

2391 4213 2439 4276 D
2470 4213 2661 4274 Deum
2696 4231 2919 4277 verum
2958 4213 3377 4288 incarnatum,
3411 4213 3477 4275 in
3518 4232 3788 4296 persona
3817 4234 3962 4297 pro-

2468 4313 2607 4394 pria
2656 4311 3124 4393 praedicantem,
3175 4319 3435 4393 propter
3480 4331 3611 4376 suae
3658 4313 3959 4377 doctrinm

2469 4409 2964 4492 profunditatem
3029 4428 3102 4471 ac
3167 4409 3649 4473 saluberrimam
3717 4412 3955 4475 utilita-

2465 4517 2613 4586 tem,
2647 4517 2710 4572 et
2739 4515 3000 4590 propter
3028 4527 3158 4570 suae
3186 4508 3565 4590 eloquentiae
3590 4511 3958 4592 gratiosissi-

2468 4627 2637 4670 mam
2669 4613 3084 4681 venustatem,
3119 4607 3230 4668 sed
3262 4614 3326 4668 et
3366 4615 3624 4690 propter
3656 4609 3955 4691 praeclara

590 4715 836 4766 mamm.
865 4697 942 4760 Et
971 4719 1190 4762 rursus
1224 4718 1240 4763 ε
1274 4699 1450 4763 Sicut
1485 4701 1720 4764 ostium
1754 4703 2022 4766 vertitur
2053 4705 2118 4768 in
2158 4706 2361 4768 cardi·
2466 4725 2539 4768 ac
2586 4705 2841 4787 copiosa
2884 4703 3211 4778 miracula,
3255 4705 3395 4785 ejus
3442 4707 3953 4788 praedicationem

573 4780 645 4825 ¹4.

867 4817 948 4860 ne
979 4817 1114 4874 suo,
1148 4798 1240 4861 sic
1269 4799 1449 4881 piger
1479 4800 1545 4862 in
1588 4801 1819 4865 lectulo
1850 4822 1986 4866 suo.
2019 4801 2094 4865 Et
2124 4804 2357 4867 iterum

2468 4803 2965 4886 comprobantia.
