4300 6259
68 1693 95 1735 ιι
110 1693 215 1738 rim.
227 1695 320 1746 ιιμι.

77 2085 169 2128 Act.
185 2100 241 2136 n,
260 2090 301 2128 2.

68 3173 191 3218 icor.
202 3191 256 3227 vi,
272 3181 315 3221 t.

70 3764 179 3808 ma.
195 3779 253 3815 ιιι,
275 3769 317 3811 3.

76 4061 315 4112 Galatam).

154 4253 217 4308 {5

114 4648 165 4691 18.
180 4665 207 4700 ι,

84 4843 159 4888 Jer.
182 4861 231 4899 τι,
254 4853 317 4892 ¹2.

1136 522 1487 570 mamu‘rlo
1530 521 1593 568 m
1634 522 1772 568 GAP.
1818 521 1909 568 111
1950 521 2139 568 LUGAE.
2186 541 2266 552 -
2305 523 2446 569 Am.
2492 523 2666 570 XXXI!

3370 503 3450 568 57

348 689 430 750 ad
466 696 723 772 tempus
763 693 1075 768 omittere,
1110 712 1313 774 quum
1343 693 1627 757 Christus
1667 691 1855 755 idcir·
1881 691 1934 752 A
1964 691 2219 756 vitando
2254 713 2267 756 :
2302 693 2453 774 quia
2485 711 2612 774 quo
2643 693 2788 775 quis
2817 694 2893 754 ad
2927 691 3296 773 temporalia
3325 709 3454 752 ma-

351 806 427 849 co
466 787 531 850 in
575 809 827 854 summa
856 792 1103 856 venerit
1144 800 1536 874 paupertate,
1573 800 1641 854 ut
1671 793 1855 856 doce—

348 895 449 948 ret
505 896 761 951 terrena
816 899 1077 972 propter
1126 891 1409 954 coelestia
1466 891 1847 972 derelinqui.

346 985 513 1048 Hinc
551 987 641 1049 ait
681 989 1056 1052 Ambrosius
1093 1008 1107 1051 :
1140 989 1277 1054 Non
1323 991 1617 1070 dignatur
1656 989 1851 1071 judex

348 1103 493 1148 esse
521 1086 735 1148 litium
771 1095 881 1149 aut
908 1089 1149 1151 arbiter
1184 1088 1582 1165 facultatum,
1616 1091 1727 1171 qui
1760 1091 1853 1152 vi-

349 1203 579 1246 vorum
610 1191 673 1246 et
710 1195 1109 1251 mortuorum
1140 1187 1331 1250 habet
1366 1187 1703 1268 judicium.
1736 1187 1853 1250 Ve-

348 1281 447 1345 nit
483 1283 657 1345 enim
698 1283 980 1348 Salvator
1012 1285 1077 1348 in
1119 1285 1582 1367 spiritualibuS,
1616 1305 1742 1349 non
1783 1287 1847 1348 in

348 1382 813 1462 temporalibus
846 1384 1269 1446 determinare
1304 1391 1496 1465 atque
1534 1385 1853 1447 discerne-

349 1499 439 1542 re.
476 1480 608 1553 Quo
649 1481 944 1564 exemplo
984 1483 1239 1544 realiter
1276 1484 1491 1546 docuit
1527 1490 1592 1545 et
1626 1483 1853 1564 imple-

350 1579 443 1641 vit
500 1581 676 1661 quod
739 1587 957 1662 postea
1018 1582 1096 1643 ad
1159 1580 1558 1644 Timotheum
1620 1580 1849 1644 Paulus

347 1678 736 1760 conseripsit
777 1697 791 1741 ε
831 1678 1029 1742 Nemo
1068 1679 1349 1742 militans
1391 1679 1517 1742 Deo
1563 1679 1853 1761 implicat

346 1794 419 1838 se
468 1777 881 1839 saeeularibus
930 1778 1221 1858 negotiis,
1256 1777 1380 1840 Nec
1425 1778 1626 1840 voluit
1674 1778 1853 1841 Chri-

347 1883 487 1938 stus
532 1876 953 1938 intermittere
991 1876 1350 1958 spiritualia
1395 1884 1652 1958 propter
1693 1885 1852 1939 tem·
1887 1879 1931 1941 B
1960 1877 2113 1939 dicit
2156 1875 2492 1957 Apostolus
2527 1894 2540 1937 ε
2574 1874 2885 1936 Habentes
2927 1873 3161 1935 victum
3208 1880 3270 1934 et
3309 1871 3452 1953 qui·
3479 1891 3738 1938 [Tema-13.

350 1974 616 2055 poralia.
650 1973 825 2046 Quod
864 1975 1065 2036 secuti
1106 1981 1257 2036 sunt
1298 1974 1498 2036 sancti
1539 1974 1843 2055 Apostoli,

346 2072 635 2134 dicentes
685 2072 846 2134 illud
893 2073 1166 2134 Actuum
1210 2091 1225 2134 t
1267 2071 1401 2136 Non
1450 2081 1546 2134 est
1590 2091 1845 2154 aequum

345 2191 463 2234 nos
502 2171 868 2253 relinquere
906 2171 1175 2233 verbum
1218 2171 1349 2244 Dei,
1384 2179 1446 2234 et
1487 2171 1847 2234 ministrare

343 2270 609 2332 mensis.
664 2269 859 2350 Cujus
916 2269 1303 2333 contrarium
1361 2268 1606 2332 faciunt
1662 2270 1847 2332 multi

339 2367 469 2449 jam
504 2369 863 2430 sacerdotes
892 2375 1084 2449 atque
1114 2368 1424 2441 canonici,
1443 2368 1563 2455 qui·
1591 2376 1849 2450 propter

341 2466 795 2548 occupationes
844 2473 1127 2528 terrenas
1176 2466 1366 2527 etiam
1415 2465 1507 2528 eis
1556 2486 1683 2529 non
1738 2485 1849 2528 ne-

342 2565 673 2637 cessarias,
714 2565 1019 2628 omittunt
1062 2564 1559 2645 praedicationeS,
1602 2573 1665 2627 et
1703 2563 1847 2627 Mis-

342 2684 465 2737 sa5,
517 2682 593 2726 ac
651 2662 966 2726 orationes
1024 2662 1327 2724 diversas.
1377 2662 1553 2724 Unde
1610 2681 1687 2725 ex
1746 2663 1845 2725 his

343 2763 559 2826 verbis
608 2760 907 2842 factoque
954 2760 1208 2835 Christi,
1251 2761 1555 2825 deberent
1604 2762 1845 2843 praelati

342 2861 717 2943 exemplum
764 2859 1075 2942 accipere,
1120 2877 1199 2921 ne
1244 2859 1487 2940 judicia
1532 2860 1849 2924 saeculari-

346 2980 455 3022 um
496 2960 1003 3040 frequentarent,
1038 2959 1167 3020 imo
1203 2958 1443 3038 judicia
1491 2959 1851 3040 temporali·

1959 790 2057 870 gis
2090 791 2446 855 inordinate
2483 791 2787 866 afficitur,
2822 811 2896 854 eo
2923 811 2960 852 a
2989 791 3205 853 divino
3239 807 3454 852 amore

1961 897 2024 951 et
2081 889 2370 953 Creatore
2425 890 2734 954 altissimo
2782 889 3222 953 vehementius
3279 888 3458 950 elon-

1960 996 2164 1069 gatur,
2209 996 2272 1050 et
2313 990 2500 1052 corde
2542 990 2839 1052 deorsum
2890 987 3221 1070 premitur,
3263 993 3454 1066 atque

1962 1087 2027 1148 in
2068 1085 2314 1148 infimis
2353 1094 2722 1149 excaecatur.
2757 1121 2834 1132 —
2863 1085 3142 1148 Avaritia
3171 1103 3320 1148 vero
3360 1092 3456 1146 est

1962 1184 2412 1248 immoderatus
2471 1204 2646 1248 amor
2705 1184 3147 1266 temporalium
3206 1182 3456 1245 divitia-

1964 1302 2127 1346 rum.
2181 1283 2386 1356 Quum
2436 1284 2650 1365 itaque
2697 1283 3050 1365 corporalia
3097 1289 3158 1344 et
3204 1289 3454 1343 terrena

1962 1382 2039 1444 ad
2079 1381 2435 1464 spiritualia
2480 1381 2854 1445 ordinentur
2896 1381 3061 1442 sicut
3107 1381 3185 1441 ad
3225 1378 3450 1452 finem,

1963 1480 2027 1542 in
2057 1488 2302 1542 tantum
2337 1487 2605 1562 possunt
2633 1479 2852 1552 amari,
2885 1479 3099 1561 appeti
3142 1485 3204 1540 et
3233 1477 3455 1558 exqui-

1962 1580 2038 1652 ri,
2091 1586 2404 1661 quantum
2463 1586 2610 1640 sunt
2666 1577 2908 1641 homini
2969 1576 3322 1639 necessaria
3377 1576 3455 1637 ad

1962 1678 2305 1740 vivendum
2357 1677 2422 1739 in
2473 1677 2580 1738 Dei
2629 1676 2960 1758 obsequio,
3007 1683 3070 1738 et
3115 1677 3194 1738 ad
3242 1691 3456 1756 prose-

1959 1778 2288 1859 quendum
2324 1776 2584 1839 rationis
2621 1775 2957 1858 judicium.
2993 1774 3252 1855 Propter
3280 1774 3452 1854 quod

1959 1975 2079 2037 bus
2143 1982 2448 2055 tegamur,
2510 1974 2610 2034 his
2670 1972 2946 2036 contenti
3017 1971 3238 2032 simuS.
3300 1970 3447 2033 Por-

1960 2092 2050 2146 ro,
2102 2091 2295 2152 quam
2354 2072 2716 2134 detestanda
2766 2071 2848 2132 sit
2894 2069 3176 2143 avaritia,
3230 2068 3450 2150 pandit

1958 2171 2298 2254 Apostolus
2351 2189 2364 2233 :
2419 2169 2714 2232 Omnium
2768 2170 3078 2233 malorum
3130 2168 3308 2230 radix
3355 2174 3449 2229 est

1960 2269 2296 2351 cupiditas.
2349 2267 2425 2330 Et
2471 2286 2712 2341 rursuS,
2755 2267 3083 2331 avaritiam
3135 2266 3447 2330 idolorum

1960 2368 2244 2432 nominat
2281 2367 2673 2430 servitutem.
2709 2367 3040 2448 Propterea
3077 2365 3142 2427 in
3182 2363 3452 2427 Ecclesi-

1958 2467 2154 2530 astico
2201 2467 2512 2548 scriptum
2573 2471 2668 2527 est
2720 2484 2733 2527 ε
2787 2464 2989 2527 Avaro
3037 2463 3198 2526 nihil
3257 2463 3452 2524 scele-

1958 2565 2159 2646 stius3
2207 2564 2366 2626 nihil
2406 2570 2503 2624 est
2541 2562 2825 2644 iniquius
2864 2581 3056 2644 quam
3095 2579 3304 2624 amare
3344 2579 3451 2642 pe-

1961 2664 2213 2725 cuniam
2268 2681 2282 2724 :
2335 2662 2439 2724 hic
2487 2662 2660 2724 enim
2706 2661 2986 2723 animam
3033 2680 3211 2723 suam
3262 2659 3450 2721 habet

1960 2761 2271 2826 venalem.
2323 2760 2538 2842 ltaque
2598 2761 2946 2822 cavendum
3008 2766 3102 2821 est
3147 2759 3226 2820 ab
3273 2759 3446 2822 omni

1957 2859 2241 2932 avaritia,
2275 2859 2520 2921 scilicet
2553 2867 2682 2920 tam
2723 2857 3059 2921 mobilium
3097 2877 3292 2939 quam
3335 2857 3453 2918 im-

1956 2957 2310 3031 mobilium,
2334 2977 2370 3019 a
2400 2976 2592 3038 parva
2621 2964 2686 3018 et
2712 2974 2954 3036 magna,
2978 2955 3282 3037 quoniam
3313 2974 3453 3036 par-

346 3079 455 3121 um
486 3058 632 3120 aliis
664 3058 1048 3138 delegarent,
1073 3058 1609 3138 quemadmodum
1643 3055 1851 3119 Corin·
1886 3059 1928 3122 C
1959 3075 2035 3119 va
2083 3055 2364 3138 disponit
2410 3056 2488 3117 ad
2539 3072 2826 3135 magnam
2873 3073 2886 3117 ε
2929 3061 3153 3135 estque
3202 3053 3455 3116 vitanda

346 3157 497 3220 thiis
543 3156 772 3219 scribit
812 3156 1151 3238 Apostolus
1186 3175 1199 3218 z
1235 3154 1572 3218 Saecularia
1610 3153 1852 3236 judicia

346 3255 399 3318 si
440 3254 713 3326 habeti5‚
748 3253 1263 3335 contemptibiles
1295 3253 1409 3334 qui
1448 3260 1597 3314 sunt
1638 3253 1704 3314 in
1735 3251 1850 3313 Ec-

346 3354 541 3417 clesia
582 3351 951 3416 constituite
991 3353 1071 3414 ad
1111 3351 1551 3432 judicandum.

425 3451 717 3533 Denique
747 3449 1033 3514 Christus
1074 3450 1363 3524 dicendo,
1398 3448 1619 3523 Hom0,
1654 3449 1849 3511 sumit

346 3570 579 3616 nomen
612 3549 893 3613 hominis
923 3555 1115 3631 prout
1142 3556 1323 3612 sonat
1354 3549 1421 3610 in
1453 3548 1706 3623 vitium,
1734 3568 1851 3630 pu-

348 3659 409 3712 ta
450 3651 513 3712 in
562 3648 997 3712 terrenitatem
1040 3654 1103 3708 et
1140 3645 1597 3722 carnalitatem,
1632 3665 1849 3727 quem·

346 3749 692 3812 admodum
731 3753 794 3808 et
840 3765 1045 3827 quum
1088 3745 1177 3806 ait
1218 3745 1557 3826 Apostolus
1593 3763 1606 3806 :
1642 3743 1847 3816 Quum

347 3847 429 3908 sit
456 3846 627 3909 inter
658 3864 769 3909 vos
798 3845 971 3906 zelus
1006 3851 1068 3906 et
1098 3843 1439 3916 contentio,
1474 3861 1685 3905 nonne
1713 3861 1851 3905 car-

348 3947 520 4009 nales
582 3943 759 4018 estis,
812 3949 875 4004 et
922 3941 1275 4005 secundum
1332 3941 1657 4004 hominem
1714 3961 1851 4003 am-

347 4045 625 4107 bulatis?
654 4043 943 4123 Itemque
968 4040 1071 4104 :Si
1104 4038 1472 4102 hominibus
1505 4039 1843 4121 placerem,

348 4142 579 4206 Christi
623 4157 848 4204 servus
892 4157 1021 4202 non
1064 4155 1291 4200 essem.

1957 3155 2240 3228 avaritia,
2275 3162 2403 3216 tam
2436 3153 2501 3215 in
2543 3153 2952 3235 acquirendo,
2987 3171 3178 3234 quam
3212 3151 3276 3213 in
3309 3171 3454 3215 con-

1957 3253 2268 3316 servando
2309 3260 2372 3314 et
2415 3252 2480 3314 in
2525 3253 2861 3332 erogando.
2892 3287 2973 3297 —
3005 3251 3172 3320 Quia
3213 3271 3340 3311 non
3380 3252 3452 3309 in

1957 3353 2366 3412 abundantia
2423 3351 2813 3429 cujusquam
2863 3351 3002 3410 vita
3047 3350 3190 3426 ejus
3237 3358 3326 3408 esc
3374 3369 3454 3408 ew

1958 3450 2059 3508 Itis
2088 3470 2234 3528 quse
2255 3451 2559 3528 possidet.
2585 3447 2747 3510 Ordo
2778 3446 3116 3511 verborum
3159 3454 3254 3508 est
3283 3445 3400 3507 iste
3434 3464 3448 3507 :

1956 3547 2301 3609 Avaritiam
2340 3565 2617 3620 omnem,
2662 3547 2814 3627 quia
2854 3564 2980 3608 non
3021 3545 3088 3607 in
3127 3544 3453 3606 abundan-

1956 3643 2044 3705 tia
2099 3643 2504 3724 cujusquam,
2557 3643 2621 3705 id
2673 3649 2768 3704 est
2825 3660 2951 3705 non
3011 3641 3076 3703 in
3127 3640 3454 3722 opulentia

1955 3740 2228 3821 alicujus
2268 3758 2344 3802 ex
2385 3739 2484 3802 his
2523 3759 2666 3821 quae
2705 3739 3004 3821 possidet,
3041 3744 3258 3819 utpote
3296 3745 3454 3799 tem-

1959 3839 2274 3921 poralium
2319 3856 2554 3912 rerum,
2589 3837 2878 3901 consistit
2921 3836 3050 3899 vita
3090 3835 3251 3918 ejus.
3285 3834 3453 3917 Opu-

1956 3937 2153 3999 lentia
2190 3937 2362 3999 enim
2395 3935 2840 4018 temporalium
2883 3953 3094 3997 rerum
3135 3953 3260 3998 non
3301 3933 3452 3996 facit

1957 4037 2282 4098 hominem
2333 4035 2569 4099 diutius
2616 4034 2878 4098 vivere:
2914 4033 3041 4096 imo
3085 4033 3452 4114 frequenter

1956 4134 2202 4196 occasio
2241 4140 2336 4195 est
2382 4133 2555 4213 quod
2597 4131 2774 4194 dives
2815 4131 3000 4192 citius
3046 4131 3332 4205 moritur,
3375 4149 3450 4194 eo

422 4241 747 4318 Dixitque
784 4240 874 4298 ad
909 4239 1081 4304 illos,
1116 4235 1359 4298 scilicet
1394 4236 1471 4297 ad
1518 4235 1845 4298 universos
1878 4235 1927 4296 D
1955 4233 2128 4313 quod
2175 4230 2306 4294 suis
2363 4231 2630 4293 abutens
2690 4229 2951 4303 divitiis,
3004 4228 3333 4310 crapulose
3382 4247 3450 4290 se

346 4339 457 4421 qui
488 4339 755 4400 aderant
786 4355 799 4398 z
836 4334 1141 4416 quoniam
1178 4334 1440 4396 avaritia
1468 4353 1660 4415 quam
1702 4353 1849 4415 pro-

346 4438 568 4500 hibere
610 4434 885 4508 volebat,
928 4449 1268 4496 commune
1315 4440 1411 4494 est
1452 4432 1679 4495 vitium
1724 4433 1847 4494 cle-

346 4538 627 4600 ricorum
670 4553 743 4596 ac
788 4533 1117 4606 laicorum,
1152 4549 1223 4593 ae
1268 4531 1590 4595 seniorum
1629 4551 1703 4594 ac
1742 4531 1845 4611 ju-

346 4637 625 4710 niorum,
656 4632 839 4713 juxta
868 4631 1027 4692 illud
1057 4629 1231 4692 Isaiae
1264 4648 1277 4692 ε
1312 4628 1540 4692 Omnes
1572 4629 1846 4710 diligunt

345 4751 631 4806 munera,
663 4735 1023 4811 sequuntur
1052 4726 1519 4790 retributiones.
1543 4727 1843 4789 Jeremias

346 4847 605 4914 quoque
656 4847 671 4892 :
724 4828 775 4888 A
824 4825 1057 4889 minori
1118 4843 1319 4905 usque
1374 4826 1455 4886 ad
1513 4824 1841 4905 maJorem,

346 4947 567 4994 omnes
596 4925 881 4991 avaritiae
908 4925 1184 4986 student.
1217 4921 1405 5002 Magis
1442 4930 1655 4985 tamen
1688 4923 1847 4986 solet

348 5029 463 5093 hoc
504 5026 737 5091 vitium
783 5040 1049 5104 regnare
1091 5022 1157 5084 in
1199 5019 1580 5084 senioribus.
1604 5023 1841 5094 Videte,

348 5145 457 5210 per
493 5121 993 5189 intellectualem
1034 5119 1623 5194 considerationem,
1656 5129 1717 5180 et
1743 5139 1847 5180 ca-

347 5236 497 5295 vete,
546 5241 665 5306 per
722 5217 1029 5284 doctrinae
1083 5235 1241 5281 meae
1296 5216 1839 5299 adimpletionem,

342 5325 417 5384 ab
462 5321 647 5384 omni
704 5317 1025 5388 avaritia,
1076 5322 1289 5378 mente
1347 5323 1410 5378 et
1466 5323 1609 5378 actu
1668 5315 1843 5378 illam

1955 4329 2200 4404 habeat,
2257 4329 2578 4410 vitamque
2630 4327 2846 4407 gratiae
2904 4327 3144 4408 perdat,
3203 4334 3266 4388 et
3322 4326 3453 4388 exi-

1952 4435 2141 4508 gente
2184 4427 2400 4490 divina
2438 4425 2703 4507 justitia,
2739 4431 2998 4507 propter
3040 4443 3153 4485 sua
3196 4433 3451 4506 peecata

1956 4525 2145 4589 citius
2201 4525 2280 4587 ab
2330 4526 2446 4587 hac
2496 4524 2624 4587 vita
2671 4524 2948 4586 tollatur.
3001 4521 3159 4584 Hinc
3215 4521 3451 4584 Seneca

1956 4630 2343 4688 contestatur
2399 4642 2414 4686 :
2465 4621 2700 4695 Quaeris
2749 4621 2896 4702 quis
2953 4620 3034 4682 sit
3083 4620 3448 4683 divitiarum

1958 4723 2226 4785 modu52
2265 4721 2496 4796 Primo,
2531 4720 2763 4781 habere
2805 4719 2976 4800 quod
3021 4727 3260 4780 naturae
3301 4727 3396 4781 est
3429 4739 3445 4798 3

1955 4822 2255 4895 secundo,
2290 4821 2463 4901 quod
2501 4818 2650 4881 satis
2680 4825 2795 4879 est.
2829 4816 2998 4879 Nulli
3032 4825 3238 4898 potest
3269 4835 3450 4879 secu-

1956 4938 2026 4981 ra
2063 4919 2192 4982 vita
2240 4919 2626 4998 contingere,
2668 4915 2780 4998 qui
2826 4917 2903 4978 de
2949 4916 3337 4997 providenda
3381 4935 3448 4978 re

1958 5018 2149 5080 nimis
2193 5017 2443 5098 cogitat.

2034 5117 2358 5190 Praeterea,
2393 5114 2545 5196 quia
2575 5114 2640 5175 in
2672 5113 3020 5177 moralibus
3051 5113 3446 5177 documentis

1957 5216 2101 5298 plus
2146 5213 2483 5277 conserunt
2523 5211 2929 5294 particularia
2965 5230 3158 5293 quam
3195 5229 3450 5293 genera-

1954 5313 2040 5376 lia
2097 5311 2285 5387 dicta,
2341 5310 2670 5392 magisque
2733 5317 2992 5374 movent
3053 5310 3448 5375 audientium

3503 2185 3623 2229 Ibid.
3647 2187 3712 2228 10.

3477 2284 3640 2340 Ephe&
3655 2286 3738 2336 v,5.

3507 2481 3654 2525 Ecclt'.
3687 2495 3730 2532 x,

3477 2550 3518 2598 9,
3545 2547 3608 2588 ιο.
