4300 6259
90 1497 109 1540 1
134 1499 289 1540 Tim.
306 1511 345 1548 ι,
356 1500 379 1540 1
390 1500 445 1540 2.

124 1703 277 1732 Uer!-

1272 529 1627 576 OEARRATIO
1668 527 1731 574 m
1774 527 1911 573 cAP.
1958 526 2047 572 111
2087 526 2276 572 Luem.
2324 547 2405 557 —
2444 528 2585 574 ΛΒΤ.
2633 528 2804 574 ml}

3511 509 3593 572 δῦ

482 701 645 762 bum
698 702 765 764 in
816 701 1049 765 Filium
1108 703 1412 774 hominiS,
1466 701 1529 762 id
1583 707 1699 772 est,
1751 698 1863 779 qui
1916 715 1993 758 ex
2021 697 2073 756 A
2104 697 2447 760 videlicet:
2481 698 2719 779 agnitio
2767 701 3048 764 veritatis
3086 721 3100 764 ε
3139 707 3356 766 contra
3403 719 3596 782 quam

484 800 846 880 ignorantia
894 801 1275 882 peccaverit,
1319 818 1465 881 quai
1514 798 1861 880 opponitur
1900 815 1995 858 sa-

484 899 770 980 pientia,
814 919 959 980 quae
1005 899 1461 981 appropriatur
1508 897 1666 959 Filio
1714 895 1865 967 Dei;
1901 913 1996 955 re-

482 998 781 1060 mittetur
828 998 947 1072 illi,
991 999 1056 1059 id
1100 1006 1217 1072 est,
1268 1004 1599 1079 peccatum
1648 995 1788 1077 ejus
1840 1012 1997 1075 prae-

484 1095 693 1158 fatum
726 1096 1298 1158 remissibilitatem
1330 1095 1541 1168 habet,
1567 1102 1630 1156 et
1658 1093 1993 1174 poenitenti

484 1195 643 1257 satis
682 1195 870 1257 facile
910 1196 1290 1268 remittetur,
1326 1193 1680 1274 ignorantia
1720 1208 1997 1272 namque

488 1293 727 1374 partim
776 1301 1057 1366 excusat,
1092 1293 1146 1354 si
1194 1291 1491 1356 affectata
1538 1309 1663 1354 non
1714 1291 1816 1352 sit.
1851 1289 1999 1350 Pro-

488 1397 637 1470 pter
674 1391 849 1472 quod
888 1389 1119 1452 Paulus
1158 1391 1237 1452 ad
1278 1388 1678 1452 Timotheum
1723 1387 1933 1468 inquit
1977 1405 1990 1447 ε

488 1489 639 1551 ldeo
682 1488 1185 1552 misericordiam
1224 1495 1603 1551 consecutus
1642 1505 1807 1557 sum,
1844 1485 1998 1566 quia

490 1587 797 1667 ignorans
834 1585 981 1648 feci.
1016 1586 1093 1648 Et
1142 1586 1332 1668 paulo
1373 1593 1515 1667 post
1554 1584 1620 1645 in
1671 1585 1790 1646 hoc
1828 1582 1997 1665 capi-

487 1685 633 1748 tulo
677 1685 768 1747 ait
804 1684 1089 1748 Salvator
1124 1704 1140 1746 :
1173 1683 1407 1747 Servus
1446 1683 1557 1764 qui
1604 1702 1729 1745 non
1771 1701 1998 1762 cogno-

488 1784 587 1846 vit
628 1784 1017 1846 voluntatem
1070 1782 1313 1846 domini
1364 1782 1463 1843 sui
1508 1789 1571 1843 et
1612 1779 1765 1843 fecit
1808 1781 1997 1860 digna

2102 805 2197 858 est
2247 797 2644 878 impugnatio
2683 801 2966 862 veritatis
3015 801 3264 881 agnitae,
3299 802 3449 863 dum
3491 801 3603 864 ho-

2102 914 2209 957 mo
2253 895 2529 976 agnitam
2572 896 2723 959 fidei
2767 899 3096 961 veritatem
3147 899 3497 980 impugnat,
3534 906 3604 960 ut

2103 994 2401 1056 licentius
2443 1003 2680 1076 peccet.
2716 997 2901 1058 Aliud
2952 1006 3047 1058 est
3091 997 3309 1078 gratiae
3347 997 3606 1059 interio—

2104 1091 2192 1152 ris
2239 1092 2549 1154 auxilium
2587 1113 2600 1156 ε
2636 1103 2855 1158 contra
2891 1097 3062 1177 quod
3112 1101 3206 1158 est
3253 1095 3605 1158 invidentia

2102 1190 2320 1269 gratiae
2376 1190 2691 1266 fraternae,
2743 1195 2894 1255 dum
2953 1194 3164 1268 homo,
3217 1212 3342 1257 non
3397 1194 3604 1256 solum

2108 1307 2394 1369 personae
2427 1290 2698 1370 proximi
2737 1291 2860 1364 sui,
2896 1293 3004 1353 sed
3041 1291 3258 1372 gratiae
3287 1291 3396 1353 Dei
3431 1291 3498 1353 in
3529 1310 3605 1354 eo

2106 1392 2202 1446 est
2233 1385 2544 1448 invidens.
2569 1386 2658 1449 Ex
2690 1397 2866 1470 parte
2896 1407 3154 1471 quoque
3185 1390 3425 1471 peccati
3457 1397 3608 1451 sunt

2108 1485 2234 1544 duo
2283 1503 2396 1564 per
2435 1503 2579 1565 quae
2617 1487 2806 1550 homo
2843 1507 2880 1548 a
2923 1494 3179 1568 peccato
3227 1487 3460 1549 retrahi
3503 1489 3608 1550 de-

2109 1582 2237 1644 bet.
2275 1582 2554 1644 Primum
2587 1592 2681 1646 est
2713 1585 3094 1648 inordinatio
3133 1604 3244 1647 seu
3275 1586 3606 1668 turpitudo

2109 1683 2349 1764 peccati
2387 1701 2400 1745 :
2435 1691 2499 1745 et
2546 1691 2763 1746 contra
2813 1686 2930 1748 hoc
2969 1694 3064 1748 est
3114 1685 3601 1767 impoenitentia‚

2108 1799 2235 1844 non
2285 1783 2634 1844 secundum
2684 1785 2854 1864 quod
2901 1785 3056 1846 dicit
3103 1784 3604 1866 permanentiam

490 1882 721 1964 plagiS,
766 1882 1095 1963 vapulabit
1138 1883 1381 1963 pauciS.
1416 1883 1504 1942 Ei
1531 1889 1746 1940 autem
1778 1882 1894 1958 qui
1923 1881 1996 1939 in
2035 1879 2080 1940 B
2109 1881 2173 1940 in
2229 1888 2485 1960 peccato
2536 1900 2740 1962 usque
2789 1883 2854 1944 in
2904 1882 3124 1956 finem,
3171 1882 3323 1965 quia
3370 1883 3462 1944 sic
3513 1889 3608 1944 est

484 1983 827 2058 Spiritum
850 1983 1171 2042 Sanctum
1200 1980 1758 2056 blasphemaverit,
1784 1978 1843 2039 id
1876 1983 1991 2050 est,

482 2099 565 2142 ex
612 2087 783 2142 certa
822 2078 1063 2141 malitia
1100 2087 1210 2141 aut
1246 2095 1323 2140 ex
1364 2084 1735 2159 contemptu
1774 2095 1995 2139 eorum

480 2197 637 2260 quae
669 2186 927 2260 peccata
966 2177 1348 2258 impediunt,
1384 2177 1447 2237 in
1484 2182 1813 2257 peccatum
1857 2193 1998 2256 pro·

482 2277 757 2340 cesserit
788 2279 941 2354 [non
972 2277 1379 2353 remittetur}
1401 2274 1633 2335 Taliter
1654 2273 1827 2335 enim
1860 2291 1995 2355 pcc-

480 2395 666 2448 canS,
710 2375 945 2437 dicitur
981 2375 1047 2436 in
1088 2373 1400 2455 Spiritum
1439 2371 1739 2434 Sanctum
1779 2389 1997 2453 pecca-

482 2493 581 2543 re,
618 2473 773 2554 quia
800 2473 1043 2534 malitia
1074 2471 1495 2536 contrariatur
1527 2471 1817 2542 bonitati,
1852 2489 1995 2551 quae

479 2570 761 2653 Spiritui
806 2569 1033 2632 Sancto
1078 2569 1551 2651 appropriatur.
1603 2569 1861 2650 Proprie
1908 2575 1997 2629 ta·—

480 2687 665 2743 men,
714 2669 1069 2730 secundum
1118 2667 1447 2740 Thomam,
1492 2667 1726 2729 dicitur
1775 2685 1996 2748 pecca-

480 2777 631 2830 tum
684 2785 823 2828 esse
866 2765 931 2828 in
978 2765 1290 2847 Spiritum
1339 2765 1660 2839 Sanctum,
1706 2765 1857 2846 quia
1901 2772 1995 2826 est

480 2885 567 2929 ex
616 2873 987 2947 contemptu
1038 2882 1259 2926 eorum
1311 2881 1455 2944 quae
1498 2869 1753 2944 peccata
1796 2863 1995 2944 impe-

475 2965 701 3044 diunt,
746 2971 815 3024 ut
862 2971 1013 3024 sunt
1063 2962 1255 3025 timor
1305 2961 1539 3023 divinae
1592 2961 1875 3040 justitias,
1932 2969 1994 3023 et

474 3081 635 3145 spes
679 3061 913 3124 divinae
956 3060 1430 3122 misericordiae.

540 3157 835 3241 Denique
864 3159 1218 3220 secundum
1242 3157 1685 3236 Augustinum,
1704 3175 1813 3218 sex
1844 3165 1994 3219 sunt

476 3265 745 3341 peccata
795 3257 861 3318 in
904 3255 1214 3336 Spiritum
1259 3253 1581 3329 Sanctum,
1620 3273 1764 3335 quae
1801 3255 1991 3315 etiam

478 3357 751 3439 proprie
778 3355 1186 3437 appellantur
1216 3353 1461 3434 species
1495 3353 1734 3434 peccati
1768 3353 1831 3413 in
1863 3351 1994 3434 Spi-

476 3457 683 3516 ritum
744 3452 1069 3526 Sanctum,
1128 3450 1426 3512 videlicet
1483 3469 1497 3512 :
1554 3449 1987 3531 praesumptio,

478 3551 873 3633 desperatio,
921 3549 1411 3630 impoenitentia,
1458 3547 1821 3620 obstinatio,
1870 3547 1990 3609 im-

478 3649 793 3732 pugnatio
826 3647 1113 3710 veritatis
1140 3646 1386 3727 agnitas,
1406 3653 1468 3707 et
1499 3645 1849 3708 invidentia
1879 3643 1993 3706 fra-

476 3757 683 3811 ternae
729 3746 951 3828 gratiae
984 3764 997 3808 ε
1032 3763 1308 3826 quorum
1353 3743 1676 3806 distinctio
1718 3743 1995 3804 sumitur

476 3864 683 3929 penes
732 3863 830 3919 ea,
883 3844 985 3906 vel
1040 3861 1236 3925 penes
1286 3848 1721 3922 contemptum
1771 3859 1991 3903 eorum

476 3963 599 4026 per
629 3961 777 4024 quae
817 3942 1010 4004 homo
1038 3961 1075 4002 a
1106 3939 1347 4021 peccati
1388 3939 1697 4000 electione
1728 3938 1991 4000 retrahi-

480 4055 611 4104 tur.
646 4041 931 4113 Quorum
961 4040 1253 4121 quaedam
1284 4046 1432 4099 sunt
1462 4055 1539 4098 ex
1574 4043 1749 4118 parte
1788 4037 1989 4098 divini

474 4139 736 4222 judicii,
788 4139 1081 4220 quaedam
1140 4155 1217 4198 ex
1266 4143 1445 4218 parte
1492 4136 1803 4197 donorum
1858 4135 1987 4205 Dei,

2108 1979 2465 2040 communis
2496 1979 2974 2042 circumstantia
3004 1982 3238 2062 culpae;
3271 1981 3379 2042 sed
3419 1987 3609 2063 prout

2108 2077 2263 2138 dicit
2294 2077 2692 2158 propositum
2725 2097 2850 2142 non
2888 2080 3262 2161 poenitendi.
3295 2079 3483 2140 Aliud
3513 2085 3611 2142 est

2108 2175 2385 2256 parvitas
2413 2195 2486 2236 ac
2526 2175 2804 2238 brevitas
2846 2178 2997 2240 boni
3039 2179 3208 2258 quod
3249 2177 3313 2238 in
3353 2184 3611 2259 peccato

2105 2281 2364 2355 optatur
2397 2293 2410 2336 :
2447 2283 2508 2335 et
2558 2275 2676 2337 hoc
2720 2283 3084 2339 removetur
3133 2294 3248 2358 per
3283 2275 3612 2338 obstinati-

2104 2391 2316 2446 onem,
2352 2391 2480 2453 qua
2526 2373 2672 2454 quis
2718 2374 2782 2436 in
2831 2393 2897 2436 se
2945 2373 3163 2437 firmat
3211 2374 3606 2457 propositum

2104 2471 2456 2533 inhaerendi
2491 2473 2787 2553 peccatis.
2813 2473 2956 2536 Haec
2986 2480 3082 2535 est
3110 2473 3433 2535 distinctio
3463 2490 3612 2554 pec-

2104 2578 2388 2633 catorum
2435 2570 2500 2631 in
2547 2569 2856 2652 Spiritum
2899 2569 3220 2644 Sanctum,
3255 2571 3604 2632 secundum

2105 2667 2410 2730 Thomam
2472 2668 2536 2730 in
2597 2669 2875 2731 secunda
2932 2670 3246 2742 secundae,
3308 2669 3605 2750 quaestio-

2104 2785 2184 2828 ne
2235 2766 2331 2840 14,
2376 2767 2488 2829 ubi
2538 2769 2616 2829 de
2665 2768 2784 2829 ista
2835 2767 3097 2829 materia
3140 2767 3407 2849 pulchre
3456 2767 3610 2829 scri-

2102 2865 2200 2927 bit
2261 2884 2274 2927 :
2335 2884 2608 2947 quorum
2677 2866 2898 2940 multa,
2959 2865 3254 2929 brevitati
3319 2867 3603 2941 studens,

2102 2963 2345 3026 omitto.

2030 3063 2072 3126 C
2183 3061 2346 3124 Dicit
2384 3063 2643 3123 demum
2687 3061 3037 3124 Richardus
3081 3063 3158 3124 de
3197 3060 3258 3123 S.
3301 3061 3600 3126 Victore:

2102 3159 2397 3232 Quaedam
2429 3168 2684 3242 peccata
2714 3161 3049 3224 hominum
3079 3161 3440 3242 specialiter
3469 3180 3606 3243 per·

2100 3258 2310 3320 tinent
2347 3260 2421 3320 ad
2455 3260 2882 3340 corruptelam
2922 3259 3268 3340 propriam,
3304 3265 3374 3320 ut
3403 3260 3602 3322 ebrie-

2101 3365 2196 3419 tas
2247 3363 2309 3418 et
2357 3365 2616 3437 stuprag
2659 3358 2948 3438 quaedam
2987 3375 3137 3420 vero
3176 3358 3253 3419 ad
3298 3356 3600 3439 injuriam

2104 3454 2400 3537 proximi,
2435 3461 2505 3515 ut
2536 3454 2898 3528 homicidia,
2931 3453 3140 3534 furta;
3173 3456 3460 3536 quaedam
3493 3475 3603 3517 au-

2101 3561 2230 3615 tem
2280 3553 2358 3614 ad
2405 3552 2857 3614 contumeliam
2915 3552 3043 3625 Dei,
3095 3553 3260 3615 sicut
3306 3553 3603 3635 blasphe-

2100 3651 2230 3713 mia
2282 3669 2296 3712 τ
2349 3651 2458 3712 sed
2510 3649 2769 3730 quidam
2822 3651 2986 3712 hanc
3033 3650 3324 3713 incidunt
3372 3669 3448 3713 ex
3499 3671 3604 3714 co-

2100 3749 2348 3810 actione
2399 3755 2461 3809 et
2517 3746 2912 3822 infirmitate,
2962 3756 3026 3810 et
3083 3748 3150 3810 hi
3211 3756 3476 3830 peccant
3533 3751 3599 3811 in

2100 3845 2383 3924 Patrem3
2416 3845 2524 3907 alii
2557 3863 2634 3906 ex
2666 3845 3059 3925 deceptione,
3094 3846 3207 3926 qui
3241 3855 3506 3927 peccant
3535 3847 3600 3910 in

2101 3943 2366 4019 Filium3
2398 3943 2504 4004 alii
2547 3961 2623 4004 ex
2655 3943 2788 4004 sola
2817 3942 3229 4023 malignitate,
3263 3951 3326 4006 et
3355 3945 3422 4006 hi
3454 3963 3604 4026 pec-

2103 4050 2248 4104 cant
2287 4042 2351 4102 in
2384 4041 2690 4123 Spiritum
2723 4040 3044 4104 Sanctum.
3082 4041 3190 4104 Est
3229 4050 3438 4105 autem
3484 4044 3602 4106 hoc

2098 4159 2300 4221 genus
2333 4139 2916 4209 sceleratissimum,
2941 4139 3004 4201 in
3037 4159 3168 4220 quo
3199 4140 3440 4204 malitia
3469 4159 3603 4204 cre-

476 4241 781 4322 quaedam
820 4257 898 4300 ex
940 4245 1117 4320 parte
1156 4236 1419 4317 peccati.
1458 4235 1780 4298 Avertitur
1818 4254 1993 4296 nam·
2023 4239 2075 4301 D
2104 4239 2196 4301 vit
2253 4257 2458 4318 usque
2502 4239 2580 4298 ad
2632 4257 2980 4309 summum,
3033 4240 3289 4318 quando
3337 4241 3484 4320 quis
3534 4239 3600 4300 in

474 4357 617 4421 que
656 4339 847 4400 homo
885 4355 922 4398 a
962 4342 1241 4417 peccato,
1276 4333 1734 4396 considerando
1762 4333 1993 4413 judici-

482 4456 599 4498 um
642 4435 776 4514 Dei,
810 4434 873 4496 in
914 4452 1045 4514 quo
1085 4432 1715 4513 comprehenduntur
1750 4432 1992 4493 miseri-

474 4534 703 4598 cordia
732 4541 925 4613 atque
951 4531 1199 4613 justitia
1234 4547 1247 4592 :
1282 4537 1343 4592 et
1372 4548 1449 4592 ex
1490 4530 1991 4592 consideratione

476 4627 947 4694 misericordiae
984 4627 1189 4690 oritur
1226 4643 1413 4707 spes:
1457 4643 1533 4687 cx
1584 4626 1994 4688 considerati-

474 4747 611 4794 one
640 4735 855 4789 autem
881 4725 1166 4807 justitiae,
1200 4724 1411 4786 timor.
1438 4723 1643 4796 Quum
1675 4742 1822 4805 ergo
1856 4743 1994 4806 pec-

478 4835 665 4892 cator
696 4824 861 4888 tollit
887 4843 925 4884 a
952 4841 1021 4884 se
1060 4841 1263 4904 spem,
1296 4823 1373 4884 de
1412 4822 1845 4886 misericordia
1884 4822 1992 4886 Dei

482 4923 871 4994 diffidendo,
906 4921 1143 4984 dicitur
1180 4921 1570 5003 desperati03
1605 4941 1807 5002 quum
1846 4941 1996 4985 vero

486 5024 793 5084 timorem
830 5019 1074 5100 abjicit,
1110 5018 1343 5081 dicitur
1374 5021 1808 5100 pur-sumptio,
1844 5022 1993 5082 dum

488 5129 605 5184 aut
634 5119 968 5201 praesumit
994 5118 1260 5198 gloriam
1292 5118 1430 5179 sine
1460 5118 1727 5191 meritis,
1762 5126 1872 5179 aut
1900 5139 2000 5180 ve-

492 5221 669 5282 niam
710 5217 850 5280 sine
891 5217 1267 5298 poenitentia
1307 5216 1597 5297 adipisci.
1642 5216 1813 5278 Dona
1854 5237 2001 5280 vcro

492 5317 605 5380 Dei
635 5315 875 5398 quibus
906 5335 945 5376 a
976 5322 1231 5396 peccato
1262 5314 1644 5376 retrahimur
1675 5323 1823 5377 sunt
1853 5317 1996 5390 duo,

2103 4335 2438 4417 vituperiis
2479 4335 2583 4396 Dei
2618 4335 2965 4396 delectatur
2994 4343 3056 4397 et
3083 4335 3408 4415 gloriatur.
3443 4337 3602 4399 Hinc

2103 4435 2453 4497 secundum
2512 4432 2817 4508 Glossam,
2870 4433 3144 4515 Spiritus
3201 4432 3411 4496 Sancti
3472 4435 3604 4497 bla-

2104 4532 2396 4614 sphemia
2423 4539 2540 4604 est,
2574 4551 2776 4613 quum
2807 4532 2953 4613 quis
2992 4550 3184 4613 opera
3211 4532 3319 4595 Dei
3361 4534 3605 4613 magni-

2102 4630 2230 4694 fica
2276 4631 2623 4711 intelligit:
2677 4637 2739 4691 et
2781 4650 2980 4712 quum
3023 4630 3324 4693 virtutem
3373 4651 3602 4712 negare

2104 4748 2231 4791 non
2284 4728 2502 4809 possit,
2547 4728 2907 4789 stimulatus
2953 4728 3213 4803 invidia,
3257 4729 3603 4791 calumnia-

2104 4835 2230 4900 tur,
2282 4826 2650 4888 adscribens
2699 4843 2772 4887 ea
2819 4825 3071 4889 diabolo
3124 4845 3268 4908 quae
3327 4826 3602 4908 Spiritus

2104 4924 2316 4986 Sancti
2362 4931 2668 5004 potestate
2708 4931 3038 5004 geruntur.

2186 5022 2527 5094 Postremo,
2581 5022 2634 5082 si
2685 5021 3047 5103 inquiratur
3093 5024 3411 5104 quomodo
3460 5042 3609 5106 pec-

2107 5128 2318 5182 catum
2371 5119 2436 5180 in
2491 5119 2794 5199 Spiritum
2848 5119 3146 5182 Sanctum
3200 5119 3611 5182 irremissibi-

2109 5219 2168 5280 le
2227 5226 2562 5289 asseratur,
2615 5237 2816 5298 quum
2871 5220 2948 5280 de
3006 5219 3182 5280 nullo
3235 5218 3494 5294 viatore,
3553 5219 3604 5281 si

2104 5317 2384 5380 volucrit
2432 5317 2762 5398 poenitere,
2814 5317 2897 5380 sit
2945 5319 3408 5399 desperandum
3455 5337 3468 5381 z
3513 5319 3610 5382 di-
