4300 6259
1127 510 1480 558 mannum
1523 510 1588 557 m
1627 511 1766 556 cn.
1811 510 1916 556 1v1
1957 508 2235 557 scamus.
2281 528 2362 540 —
2402 509 2545 556 aar.
2590 511 2783 556 xxxix
3386 491 3509 556 555

395 683 552 746 licet
592 685 674 746 ad
719 684 1316 767 praenuntiationem
1361 683 1901 766 persecutionum,
1933 682 1986 743 A
2011 683 2171 762 quia
2210 683 2529 744 vobiscum
2565 702 2743 744 eram
2784 700 2898 765 per
2936 681 3329 765 corporalem
3370 699 3511 744 sen-

394 783 554 865 quia
585 791 652 846 ut
681 783 790 846 alii
822 782 1240 864 Evangelistae
1268 789 1592 855 testantur,
1619 781 1903 846 Christus
2015 779 2398 861 sibilemque
2448 780 2873 862 praesentiam,
2917 798 2993 842 ex
3042 799 3168 862 qua
3219 798 3509 860 magnam

95 903 292 946 nasta.
317 917 364 954 x,
397 881 511 944 diu
561 891 710 944 ante
760 881 879 945 hoc
927 889 1204 963 tempus,
1248 880 1541 963 praedixit
1586 880 1904 962 Apostolis
2016 877 2509 941 consolationem
2550 877 2884 951 habuistiS,
2920 885 2981 938 et
3009 879 3165 940 adeo
3193 895 3507 958 magnam,

67 969 366 1078 ‡{:‡2;„²¹·
397 980 500 1042 sui
561 981 766 1062 ipsius
815 999 886 1042 ac
941 980 1226 1062 ipsoru‘m
1289 980 1713 1062 multiplicem
1764 997 1908 1060 per·
2015 977 2124 1038 sed
2194 976 2549 1038 sensualem
2619 975 2849 1058 partim
2918 982 2982 1038 et
3046 975 3507 1058 imperfectam,

71 1095 150 1140 ¹⁰:
187 1093 366 1134 Mare
400 1080 798 1143 secutionem
839 1078 1153 1159 futuram3
1187 1080 1297 1141 sed
1343 1078 1748 1141 referendum
1785 1084 1901 1152 est,
2014 1078 2185 1158 quod
2231 1076 2582 1158 spiritualis
2626 1076 3073 1140 consolationis
3123 1096 3247 1140 non
3298 1075 3511 1138 fuistis

69 1169 180 1260 2⁸:1¹}
195 1157 368 1266 hm.
285 1157 366 1202 η·
400 1178 759 1241 secundum
803 1177 1251 1259 Augustinum,
1292 1177 1370 1239 ad
1415 1195 1489 1239 ea
1528 1196 1673 1258 quae
1718 1176 1906 1257 paulo
2015 1194 2299 1258 capaceS,
2340 1193 2456 1238 nec
2488 1174 2669 1239 vobis
2700 1184 2825 1238 tam
2857 1175 3210 1238 necessaria
3243 1175 3409 1254 [fuit]
3444 1183 3512 1237 ut

75 1284 144 1384 ¹5
173 1283 227 1321 ¹⁷
400 1285 549 1339 ante
594 1274 904 1359 praemisit
941 1277 1018 1338 de
1056 1275 1332 1338 adventu
1372 1283 1436 1337 et
1478 1275 1905 1338 consolatione
2017 1276 2204 1338 modo
2246 1293 2260 1338 ε
2304 1275 2445 1337 ideo
2494 1294 2664 1337 nunc
2714 1274 2833 1337 ista
2880 1274 3069 1337 retuli
3113 1275 3314 1349 vobiS,
3358 1293 3511 1356 qua·

71 1356 272 1448 nm
293 1356 348 1384 '¹
355 1372 678 1456 'Spiritus
709 1373 942 1438 Sancti.
976 1374 1063 1436 De
1091 1372 1326 1436 talibus
1359 1373 1532 1436 enim
1574 1392 1744 1436 nunc
1777 1374 1906 1455 pri·
2013 1381 2198 1458 tenus
2243 1373 2321 1435 de
2364 1391 2504 1436 meo
2552 1372 2862 1455 corporali
2914 1391 3165 1435 recessu
3212 1391 3324 1435 seu
3370 1390 3512 1454 pas-

401 1492 508 1536 mo
557 1473 815 1537 edocuit
871 1491 998 1536 eos.
1049 1472 1244 1554 Cujus
1302 1470 1598 1535 subditur
1645 1491 1832 1534 causa
1885 1491 1898 1534 :
2012 1472 2191 1536 sione
2235 1491 2361 1535 non
2406 1471 2679 1535 nimium
2720 1471 3004 1534 doleatis.

1415 1847 2064 1988 A'R‘rlcuws
2142 1903 2516 1990 xxxlx

741 2175 1057 2221 Exposmo
1099 2174 1374 2222 cam'rum
1419 2175 1806 2222 sssansscml
1851 2177 1866 2220 ἰ
1913 2175 1988 2219 m·
2031 2173 2194 2221 NUNC
2238 2175 2399 2221 VADo
2444 2176 2527 2220 AD
2570 2175 2692 2222 EUM
2734 2175 2835 2230 QUI
2878 2174 2960 2220 m:
3002 2175 3188 2220 msl‘r.

545 2455 766 2520 DHUG
805 2455 1091 2519 Christus
1130 2454 1272 2518 fons
1316 2453 1592 2537 pietatiS‚
1627 2472 1912 2535 compas-
1948 2451 1994 2514 B
2023 2470 2173 2534 ergo
2222 2475 2391 2518 nunc
2437 2456 2679 2519 Veritas
2739 2456 2913 2532 dicit,
2964 2456 3159 2520 Nemo
3207 2473 3286 2518 ex
3335 2453 3515 2519 vobis

564 2555 764 2618 sionis
804 2561 1067 2626 amator,
1101 2554 1444 2617 condolens
1486 2552 1910 2616 moestissimis
2023 2552 2367 2635 interrogat
2394 2573 2518 2630 me,
2552 2563 2671 2617 etc.
2706 2559 2729 2616 3
2770 2554 2865 2617 Ad
2894 2556 3064 2638 quod
3098 2555 3517 2637 respondetur

403 2654 540 2716 suis
591 2653 948 2735 discipuliS‚
1001 2653 1362 2716 consolatur
1409 2671 1514 2716 eos
1564 2653 1642 2714 de
1688 2670 1909 2733 corpo·
2023 2652 2655 2734 dupliciter:l’rimo,
2685 2655 3035 2716 secundum
3063 2653 3512 2734 Augustinum,

403 2752 520 2814 rali
568 2771 685 2815 suo
733 2770 1010 2825 recessu,
1055 2769 1130 2815 eo
1173 2752 1345 2833 quod
1389 2752 1508 2814 hoc
1553 2751 1762 2832 ipsum
1808 2768 1912 2811 ex-
2021 2747 2193 2832 q'uod
2252 2752 2383 2814 haec
2442 2753 2635 2814 verba
2686 2752 2915 2815 Christi
2974 2753 3051 2814 ad
3108 2759 3363 2832 tempus
3418 2770 3517 2812 as-

405 2851 622 2933 pediat
662 2850 777 2912 eiS.
813 2853 900 2912 Ec
929 2870 1108 2911 nunc
1137 2854 1326 2920 vado,
1360 2850 1424 2911 id
1467 2856 1582 2922 est,
1620 2866 1733 2929 per
1772 2867 1914 2930 pas·
2022 2849 2340 2913 censionis
2388 2859 2536 2913 sunt
2584 2850 2938 2925 referenda,
2983 2857 3052 2911 ut
3098 2850 3180 2912 sit
3228 2867 3453 2911 sensus
3498 2867 3511 2912 :

405 2949 653 3012 sionem
684 2957 748 3011 et
775 2949 1211 3012 ascensionem
1249 2956 1528 3011 revertor
1559 2948 1912 3009 secundum
2021 2949 2211 3022 Vado‚
2255 2949 2319 3011 id
2367 2956 2481 3022 est,
2526 2967 2725 3031 prope
2774 2955 2869 3010 est
2918 2957 2985 3010 ut
3032 2948 3393 3022 ascendam,
3436 2947 3515 3008 ad

103 3047 680 3125 Paitim11.formam
740 3048 908 3110 servi
957 3066 1149 3128 quam
1212 3047 1412 3120 indui,
1467 3049 1555 3107 ad
1600 3067 1746 3106 eum
1796 3047 1914 3126 qui
2021 3066 2168 3110 eum
2210 3048 2320 3130 qui
2363 3067 2464 3110 me
2504 3047 2719 3129 misit3
2762 3055 2825 3110 et
2865 3066 3052 3111 nemo
3089 3065 3167 3109 ex
3199 3047 3380 3110 vobis
3420 3045 3517 3108 in-

91 3133 134 3175 ⁷·
407 3168 511 3209 me
559 3147 762 3214 misit,
813 3147 934 3209 hoc
982 3154 1078 3208 est
1133 3147 1210 3208 ad
1259 3144 1504 3207 Patrem
1561 3144 1906 3218 coelestem,
2019 3154 2293 3227 terrogat
2332 3164 2455 3222 me,
2490 3148 2609 3211 hoc
2640 3155 2755 3220 est,
2790 3153 2942 3208 tunc
2984 3145 3199 3207 nullus
3232 3153 3513 3207 vestrum

407 3245 820 3327 adipiscendo
849 3244 1310 3307 beatitudinem
1345 3244 1694 3327 pleniorem
1725 3262 1913 3325 quan·
2021 3245 2307 3326 inquiret
2354 3264 2481 3326 quo
2540 3264 2820 3328 pergam,
2874 3246 3025 3328 quia
3070 3253 3198 3308 tam
3247 3243 3516 3306 manife-

408 3353 548 3407 tum
609 3345 686 3406 ad
751 3342 1086 3425 praemium
1147 3342 1557 3424 accidentale,
1618 3342 1910 3405 videlicet
2021 3351 2114 3406 ste
2170 3345 2503 3406 ascendam
2561 3345 2639 3406 ad
2699 3344 2914 3418 coelos,
2974 3344 3146 3424 quod
3205 3360 3329 3405 non
3393 3342 3515 3404 erit

408 3442 696 3524 corporis
766 3441 1326 3523 glorificationem,
1405 3442 1469 3503 in
1545 3440 1910 3506 coelestibus
2018 3443 2287 3505 dubium
2340 3443 2439 3505 vel
2498 3442 2763 3525 quaestio
2819 3461 2949 3524 quo
3004 3442 3361 3504 ascendam.
3412 3441 3515 3503 Vi-
3560 3467 3661 3508 Ace.
3690 3479 3719 3515 ι,
3746 3469 3786 3510 a.

407 3541 832 3622 mansionem,
871 3542 950 3603 ad
996 3542 1192 3603 Patris
1242 3542 1560 3603 dexteram
1607 3541 1910 3603 consessi·
2020 3542 2319 3605 dentibus
2357 3543 2524 3605 enim
2567 3543 2696 3604 illis
2735 3542 3017 3604 elevatus
3056 3549 3172 3616 est,
3207 3549 3269 3602 et
3310 3541 3513 3602 nubes

407 3659 622 3706 onem.
655 3640 731 3703 Et
770 3640 1064 3722 quamvis
1107 3640 1394 3704 Christus
1441 3648 1508 3703 ut
1547 3641 1736 3702 homo
1781 3658 1906 3702 non
1947 3637 1990 3701 C
2020 3641 2302 3721 suscepit
2349 3659 2495 3702 eum
2534 3641 2615 3703 ab
2659 3641 2862 3704 oculis
2910 3658 3153 3703 eorum.
3198 3638 3509 3712 Secunde,

409 3740 671 3804 redierit
718 3747 891 3803 motu
941 3740 1124 3803 locali
1173 3741 1248 3802 ad
1289 3739 1556 3813 Patrem,
1598 3739 1710 3819 qui
1762 3756 1910 3801 vere
2019 3739 2357 3800 dicendum
2419 3740 2587 3820 quod
2638 3739 2703 3801 in
2757 3737 3074 3820 principio
3134 3736 3327 3818 hujus
3387 3755 3517 3798 ser-

409 3839 656 3920 ubique
693 3844 809 3912 est,
845 3846 1054 3900 tamen
1090 3839 1168 3900 ad
1209 3838 1418 3899 locum
1459 3837 1524 3897 in
1565 3854 1693 3917 quo
1731 3836 1912 3898 Pater
2020 3837 2249 3911 moniS,
2292 3837 2491 3918 aliqui
2528 3842 2628 3918 (ut
2665 3837 2905 3900 dictum
2946 3837 3070 3916 est)
3106 3833 3517 3898 sciscitaban-

407 3936 772 4019 specialiter
801 3953 940 3997 esse
967 3935 1294 4010 asseritur,
1330 3952 1622 3996 reversus
1652 3942 1747 3996 est
1778 3953 1911 3997 mo-
2019 3943 2123 3996 tur
2177 3935 2389 3997 Jesum
2446 3953 2576 4016 quo
2633 3935 2773 3997 iret.
2823 3934 2944 3997 Sed
3003 3943 3221 4016 postea
3274 3935 3512 4015 egressi
3555 3955 3805 4005 mmm,

111 4054 290 4109 εριιω.
313 4067 376 4106 ιν,
407 4043 477 4097 tu
519 4035 727 4108 locali,
759 4035 1160 4097 ascendendo
1198 4019 1393 4115 super
1428 4051 1650 4097 omnes
1690 4033 1904 4097 coelos.
2019 4041 2171 4094 sunt
2198 4034 2275 4095 de
2303 4033 2441 4096 loco
2481 4033 2813 4108 coenaculi,
2846 4042 2909 4096 et
2941 4033 3189 4097 Christo
3222 4041 3511 4116 coeptum
3544 4020 3614 4061 ³¹·

101 4123 168 4162 ¹⁰·
407 4133 601 4197 Porro
644 4134 815 4214 quod
861 4132 970 4206 ait,
1013 4131 1204 4205 Vado,
1250 4133 1391 4195 ideo
1436 4133 1612 4207 dicit,
1647 4133 1799 4215 quia
1843 4133 1908 4194 in
2018 4150 2376 4196 sermonem
2426 4132 2833 4196 continuante
2891 4133 2956 4195 in
3006 4133 3132 4197 alio
3181 4133 3341 4209 loco,
3395 4133 3515 4196 ibi-

410 4230 704 4314 proximo
746 4230 872 4292 suit
917 4237 985 4290 ut
1030 4229 1263 4292 rediret
1305 4231 1382 4292 ad
1425 4231 1692 4293 Patrem.
1735 4230 1910 4303 Quae-
2017 4249 2145 4312 que
2186 4231 2457 4306 dicente,
2490 4231 2660 4296 Vado
2698 4232 2774 4294 ad
2818 4250 2966 4294 eum
3012 4232 3125 4313 qui
3166 4250 3272 4294 me
3314 4232 3509 4306 misit,

408 4331 555 4393 dam
587 4319 799 4391 tamen
833 4327 1173 4402 restabant,
1199 4329 1496 4392 videlicet
1525 4330 1760 4393 occisio
1793 4348 1908 4411 pro
2020 4329 2233 4392 nullus
2265 4330 2709 4412 Apostolorum
2749 4329 3161 4410 interrogavit
3199 4349 3327 4411 quo
3368 4330 3509 4391 iret.

407 4428 633 4490 mundi
693 4426 920 4499 salute,
974 4434 1036 4487 et
1095 4427 1512 4506 resurrecti03
1565 4428 1675 4489 sed
1733 4427 1909 4490 Chri-
2015 4427 2090 4490 Et
2132 4428 2251 4492 hoc
2290 4427 2415 4490 ruit
2451 4446 2528 4490 ex
2574 4427 3011 4508 magnitudine
3049 4427 3509 4502 admirationis,

407 4533 544 4588 stus
592 4533 740 4587 ante
789 4524 1149 4606 passionem
1198 4525 1519 4587 interdum
1568 4526 1660 4588 sic
1704 4526 1909 4608 loqui·
2018 4527 2263 4589 timoris
2311 4535 2502 4609 atque
2551 4526 2886 4600 moestitiae,
2941 4534 3201 4608 propter
3250 4543 3323 4588 ea
3370 4545 3515 4607 quae

407 4633 534 4701 tur,
569 4625 756 4706 quasi
793 4625 926 4707 jam
966 4624 1116 4686 talia
1154 4623 1426 4687 fuissent
1463 4627 1796 4709 completa,
1831 4644 1907 4690 eo
2013 4625 2355 4687 audierunt
2401 4644 2436 4686 a
2484 4623 2751 4699 Christo,
2799 4624 3115 4698 videlicet,
3163 4624 3333 4706 quod
3381 4643 3516 4688 om-
3541 4654 3807 4706 [ιη-φης,

406 4727 583 4808 quod
629 4725 695 4787 in
742 4724 1036 4807 proximo
1079 4731 1260 4786 erant
1300 4725 1696 4806 complenda.
2014 4723 2114 4786 nis
2171 4723 2282 4805 qui
2343 4722 2735 4785 interficeret
2788 4741 2917 4798 θος,
2972 4722 3388 4786 arbitraretur
3446 4741 3513 4785 se

491 4827 578 4886 Et
625 4844 811 4884 nemo
860 4844 942 4883 em
989 4823 1162 4884 vobis
1211 4823 1567 4899 interrogat
1607 4843 1730 4893 me,
1771 4827 1904 4892 Quo
1936 4827 1985 4888 D
2013 4821 2393 4904 obsequium
2442 4821 2567 4884 Deo
2626 4829 2944 4902 praestare,
2998 4828 3117 4884 ete.
3171 4821 3515 4884 Obmutue-

413 4925 642 4984 vadis?
670 4921 875 5002 Supra
903 4921 1184 5003 capitulo
1215 4920 1666 4996 tertiodecimo,
1699 4922 1766 4983 in
1797 4923 1907 4984 hu·
2016 4928 2165 4983 runt
2194 4921 2407 5002 itaque
2440 4919 2849 4982 vehementer
2876 4919 3151 4983 attoniti.
3184 4919 3381 4992 Quam
3412 4921 3515 4983 de-

411 5020 518 5100 jus
567 5019 878 5082 sermonis
936 5019 1211 5091 exordio,
1265 5018 1494 5099 legitur
1551 5018 1766 5081 Petrus
1813 5020 1909 5081 Je-
2011 5019 2354 5101 jectionem
2414 5038 2636 5082 eorum
2698 5018 2983 5082 Christus
3044 5020 3512 5101 quodammodo

117 5140 380 5190 Joaamm,
413 5137 557 5180 sum
608 5117 913 5198 quaesisse
967 5135 980 5180 :
1037 5117 1318 5191 Domine,
1369 5135 1498 5198 quo
1555 5117 1784 5180 vadis?
1832 5117 1906 5180 Et
2014 5116 2455 5200 exprobrando
2490 5116 2733 5180 :Nemo
2768 5117 3038 5198 (inquit)
3072 5135 3150 5180 ex
3192 5115 3372 5181 vobis
3420 5119 3514 5180 in-

107 5205 176 5244 ³⁶·
412 5215 708 5297 sequenti
736 5214 826 5277 ibi
857 5215 1158 5297 capitulo,
1185 5215 1433 5278 locutus
1465 5223 1560 5278 est
1591 5215 1900 5280 Thomas:
2015 5225 2308 5296 terrogat,
2355 5223 2476 5278 etc.

105 5335 380 5388 manns.
413 5313 696 5390 Domine,
757 5313 1080 5376 nescimus
1138 5331 1267 5395 quo
1326 5314 1524 5377 vadis.
1586 5312 1909 5385 Quomodo
2095 5317 2226 5377 Sed
2272 5317 2431 5396 quia
2481 5315 2612 5376 hoec
2663 5314 2741 5378 de
2791 5313 3019 5377 vestris
3076 5313 3311 5377 tuturis
3370 5333 3513 5398 per·
3654 5321 3691 5376 6
