<?xml version="1.0" encoding="UTF-8"?>
<!DOCTYPE html PUBLIC "-//W3C//DTD XHTML 1.0 Transitional//EN"
    "http://www.w3.org/TR/xhtml1/DTD/xhtml1-transitional.dtd">
<html xmlns="http://www.w3.org/1999/xhtml" xml:lang="en" lang="en">
 <head>
  <title>
</title>
<meta http-equiv="Content-Type" content="text/html;charset=utf-8" />
  <meta name='ocr-system' content='tesseract 3.04.00' />
  <meta name='ocr-capabilities' content='ocr_page ocr_carea ocr_par ocr_line ocrx_word'/>
</head>
<body>
  <div class='ocr_page' id='page_1' title='image "./doctorisecstati09unkngoog_0084.png"; bbox 0 0 4300 6259; ppageno 0'>
   <div class='ocr_carea' id='block_1_1' title="bbox 510 840 718 888">
    <p class='ocr_par' dir='ltr' id='par_1_1' title="bbox 510 840 718 888">
     <span class='ocr_line' id='line_1_1' title="bbox 510 840 718 888; baseline 0 -9"><span class='ocrx_word' id='word_1_1' title='bbox 510 842 548 888; x_wconf 76' lang='grc' dir='ltr'><strong>’ῖς</strong></span> <span class='ocrx_word' id='word_1_2' title='bbox 571 850 658 887; x_wconf 74' lang='lat' dir='ltr'><strong>xxi,</strong></span> <span class='ocrx_word' id='word_1_3' title='bbox 679 840 718 879; x_wconf 84' lang='lat'><strong>9.</strong></span> 
     </span>
    </p>
   </div>
   <div class='ocr_carea' id='block_1_2' title="bbox 597 1060 667 1115">
    <p class='ocr_par' dir='ltr' id='par_1_2' title="bbox 597 1060 667 1115">
     <span class='ocr_line' id='line_1_2' title="bbox 597 1060 667 1115; baseline 0 0"><span class='ocrx_word' id='word_1_4' title='bbox 597 1060 667 1115; x_wconf 72' lang='lat'><strong>34</strong></span> 
     </span>
    </p>
   </div>
   <div class='ocr_carea' id='block_1_3' title="bbox 801 470 3084 547">
    <p class='ocr_par' dir='ltr' id='par_1_3' title="bbox 801 470 3084 547">
     <span class='ocr_line' id='line_1_3' title="bbox 801 470 3084 547; baseline 0.005 -12"><span class='ocrx_word' id='word_1_5' title='bbox 801 470 882 536; x_wconf 83' lang='lat'><strong>42</strong></span> <span class='ocrx_word' id='word_1_6' title='bbox 1625 496 1974 544; x_wconf 64' lang='lat' dir='ltr'><strong>mannum</strong></span> <span class='ocrx_word' id='word_1_7' title='bbox 2017 498 2081 544; x_wconf 80' lang='lat' dir='ltr'><strong>m</strong></span> <span class='ocrx_word' id='word_1_8' title='bbox 2123 498 2261 545; x_wconf 60' lang='lat' dir='ltr'><strong>car.</strong></span> <span class='ocrx_word' id='word_1_9' title='bbox 2308 498 2374 545; x_wconf 81' lang='lat'><strong>11</strong></span> <span class='ocrx_word' id='word_1_10' title='bbox 2413 499 2602 546; x_wconf 71' lang='lat' dir='ltr'><strong>Lm.</strong></span> <span class='ocrx_word' id='word_1_11' title='bbox 2646 518 2726 530; x_wconf 93' lang='lat'>-</span> <span class='ocrx_word' id='word_1_12' title='bbox 2768 501 2911 546; x_wconf 72' lang='lat' dir='ltr'><strong>Am.</strong></span> <span class='ocrx_word' id='word_1_13' title='bbox 2958 502 3084 547; x_wconf 84' lang='lat' dir='ltr'><strong>xxx</strong></span> 
     </span>
    </p>
   </div>
   <div class='ocr_carea' id='block_1_4' title="bbox 534 660 3909 850">
    <p class='ocr_par' dir='ltr' id='par_1_4' title="bbox 534 660 3909 850">
     <span class='ocr_line' id='line_1_4' title="bbox 803 660 3909 754; baseline 0.004 -33"><span class='ocrx_word' id='word_1_14' title='bbox 803 660 891 723; x_wconf 91' lang='lat' dir='ltr'><strong>ris</strong></span> <span class='ocrx_word' id='word_1_15' title='bbox 929 660 1111 725; x_wconf 81' lang='lat' dir='ltr'><strong>sortis</strong></span> <span class='ocrx_word' id='word_1_16' title='bbox 1155 682 1168 726; x_wconf 91' lang='lat'><strong>:</strong></span> <span class='ocrx_word' id='word_1_17' title='bbox 1214 684 1328 746; x_wconf 89' lang='lat' dir='ltr'><strong>per</strong></span> <span class='ocrx_word' id='word_1_18' title='bbox 1372 686 1566 748; x_wconf 90' lang='lat' dir='ltr'><strong>quam</strong></span> <span class='ocrx_word' id='word_1_19' title='bbox 1613 667 1701 729; x_wconf 90' lang='lat' dir='ltr'><strong>ibi</strong></span> <span class='ocrx_word' id='word_1_20' title='bbox 1742 667 2058 749; x_wconf 81' lang='lat' dir='ltr'><strong>figuratur</strong></span> <span class='ocrx_word' id='word_1_21' title='bbox 2099 668 2303 732; x_wconf 87' lang='lat' dir='ltr'><strong>Eccle-</strong></span> <span class='ocrx_word' id='word_1_22' title='bbox 2331 669 2382 730; x_wconf 91' lang='lat' dir='ltr'><strong>A</strong></span> <span class='ocrx_word' id='word_1_23' title='bbox 2408 669 2797 750; x_wconf 85' lang='lat' dir='ltr'><strong>judicantur,</strong></span> <span class='ocrx_word' id='word_1_24' title='bbox 2843 673 2952 734; x_wconf 89' lang='lat' dir='ltr'><strong>sed</strong></span> <span class='ocrx_word' id='word_1_25' title='bbox 3003 672 3115 735; x_wconf 88' lang='lat' dir='ltr'><strong>illa</strong></span> <span class='ocrx_word' id='word_1_26' title='bbox 3152 691 3297 754; x_wconf 84' lang='lat' dir='ltr'><strong>quae</strong></span> <span class='ocrx_word' id='word_1_27' title='bbox 3335 673 3413 735; x_wconf 90' lang='lat' dir='ltr'><strong>de</strong></span> <span class='ocrx_word' id='word_1_28' title='bbox 3451 690 3519 735; x_wconf 90' lang='lat' dir='ltr'><strong>se</strong></span> <span class='ocrx_word' id='word_1_29' title='bbox 3553 672 3721 735; x_wconf 88' lang='lat' dir='ltr'><strong>bona</strong></span> <span class='ocrx_word' id='word_1_30' title='bbox 3756 679 3909 733; x_wconf 90' lang='lat' dir='ltr'><strong>sunt</strong></span> 
     </span>
     <span class='ocr_line' id='line_1_5' title="bbox 534 760 2301 850; baseline 0 -21"><span class='ocrx_word' id='word_1_31' title='bbox 534 774 773 829; x_wconf 67' lang='lat' dir='ltr'><strong>Aroe-nx,</strong></span> <span class='ocrx_word' id='word_1_32' title='bbox 803 760 1143 842; x_wconf 84' lang='lat' dir='ltr'><strong>sia‚·quam</strong></span> <span class='ocrx_word' id='word_1_33' title='bbox 1174 764 1441 827; x_wconf 88' lang='lat' dir='ltr'><strong>Joannes</strong></span> <span class='ocrx_word' id='word_1_34' title='bbox 1483 766 1547 827; x_wconf 90' lang='lat' dir='ltr'><strong>in</strong></span> <span class='ocrx_word' id='word_1_35' title='bbox 1584 766 1964 850; x_wconf 83' lang='lat' dir='ltr'><strong>Apocalypsi</strong></span> <span class='ocrx_word' id='word_1_36' title='bbox 2001 787 2301 849; x_wconf 85' lang='lat' dir='ltr'><strong>sponsam</strong></span> 
     </span>
    </p>
   </div>
   <div class='ocr_carea' id='block_1_5' title="bbox 798 864 2299 1835">
    <p class='ocr_par' dir='ltr' id='par_1_5' title="bbox 803 864 1834 946">
     <span class='ocr_line' id='line_1_6' title="bbox 803 864 1834 946; baseline 0.006 -27"><span class='ocrx_word' id='word_1_37' title='bbox 803 866 994 940; x_wconf 87' lang='lat' dir='ltr'><strong>atque</strong></span> <span class='ocrx_word' id='word_1_38' title='bbox 1037 880 1296 924; x_wconf 84' lang='lat' dir='ltr'><strong>uxorem</strong></span> <span class='ocrx_word' id='word_1_39' title='bbox 1340 864 1497 944; x_wconf 88' lang='lat' dir='ltr'><strong>Agni</strong></span> <span class='ocrx_word' id='word_1_40' title='bbox 1535 865 1834 946; x_wconf 89' lang='lat' dir='ltr'><strong>appellat.</strong></span> 
     </span>
    </p>

    <p class='ocr_par' dir='ltr' id='par_1_6' title="bbox 798 956 2299 1835">
     <span class='ocr_line' id='line_1_7' title="bbox 883 956 2299 1040; baseline 0.006 -22"><span class='ocrx_word' id='word_1_41' title='bbox 883 956 974 1019; x_wconf 85' lang='lat' dir='ltr'><strong>Ex</strong></span> <span class='ocrx_word' id='word_1_42' title='bbox 1015 960 1426 1040; x_wconf 83' lang='lat' dir='ltr'><strong>praeinductis</strong></span> <span class='ocrx_word' id='word_1_43' title='bbox 1467 961 1752 1025; x_wconf 88' lang='lat' dir='ltr'><strong>Christus</strong></span> <span class='ocrx_word' id='word_1_44' title='bbox 1792 965 1870 1025; x_wconf 88' lang='lat' dir='ltr'><strong>ad</strong></span> <span class='ocrx_word' id='word_1_45' title='bbox 1911 971 2191 1027; x_wconf 89' lang='lat' dir='ltr'><strong>nostram</strong></span> <span class='ocrx_word' id='word_1_46' title='bbox 2233 983 2299 1026; x_wconf 87' lang='lat' dir='ltr'><strong>se</strong></span> 
     </span>
     <span class='ocr_line' id='line_1_8' title="bbox 804 1055 2299 1140; baseline 0.004 -23"><span class='ocrx_word' id='word_1_47' title='bbox 804 1055 1318 1120; x_wconf 79' lang='lat' dir='ltr'><strong>informationem</strong></span> <span class='ocrx_word' id='word_1_48' title='bbox 1349 1062 1674 1123; x_wconf 81' lang='lat' dir='ltr'><strong>convertit.</strong></span> <span class='ocrx_word' id='word_1_49' title='bbox 1695 1065 1986 1123; x_wconf 80' lang='lat' dir='ltr'><strong>Lucerna</strong></span> <span class='ocrx_word' id='word_1_50' title='bbox 2015 1066 2299 1140; x_wconf 80' lang='lat' dir='ltr'><strong>corporis</strong></span> 
     </span>
     <span class='ocr_line' id='line_1_9' title="bbox 805 1158 2298 1225; baseline 0.006 -9"><span class='ocrx_word' id='word_1_51' title='bbox 805 1158 906 1216; x_wconf 78' lang='lat' dir='ltr'><strong>tui</strong></span> <span class='ocrx_word' id='word_1_52' title='bbox 932 1165 1022 1216; x_wconf 80' lang='lat' dir='ltr'><strong>est</strong></span> <span class='ocrx_word' id='word_1_53' title='bbox 1050 1162 1273 1217; x_wconf 80' lang='lat' dir='ltr'><strong>oculus</strong></span> <span class='ocrx_word' id='word_1_54' title='bbox 1307 1168 1471 1220; x_wconf 78' lang='lat' dir='ltr'><strong>tuus,</strong></span> <span class='ocrx_word' id='word_1_55' title='bbox 1505 1160 1632 1223; x_wconf 90' lang='lat' dir='ltr'><strong>Hoc</strong></span> <span class='ocrx_word' id='word_1_56' title='bbox 1664 1162 1742 1222; x_wconf 91' lang='lat' dir='ltr'><strong>de</strong></span> <span class='ocrx_word' id='word_1_57' title='bbox 1775 1161 2080 1223; x_wconf 86' lang='lat' dir='ltr'><strong>materiali</strong></span> <span class='ocrx_word' id='word_1_58' title='bbox 2113 1161 2298 1225; x_wconf 91' lang='lat' dir='ltr'><strong>oculo</strong></span> 
     </span>
     <span class='ocr_line' id='line_1_10' title="bbox 800 1254 2295 1340; baseline 0.004 -25"><span class='ocrx_word' id='word_1_59' title='bbox 800 1256 877 1315; x_wconf 89' lang='lat' dir='ltr'><strong>ad</strong></span> <span class='ocrx_word' id='word_1_60' title='bbox 917 1254 1191 1316; x_wconf 88' lang='lat' dir='ltr'><strong>litteram</strong></span> <span class='ocrx_word' id='word_1_61' title='bbox 1228 1256 1617 1329; x_wconf 79' lang='lat' dir='ltr'>verificatur,</span> <span class='ocrx_word' id='word_1_62' title='bbox 1655 1278 1770 1340; x_wconf 91' lang='lat' dir='ltr'><strong>per</strong></span> <span class='ocrx_word' id='word_1_63' title='bbox 1807 1259 2295 1322; x_wconf 88' lang='lat' dir='ltr'><strong>similitudinem</strong></span> 
     </span>
     <span class='ocr_line' id='line_1_11' title="bbox 800 1352 2295 1429; baseline 0.003 -13"><span class='ocrx_word' id='word_1_64' title='bbox 800 1352 968 1416; x_wconf 91' lang='lat' dir='ltr'><strong>oculi</strong></span> <span class='ocrx_word' id='word_1_65' title='bbox 1019 1373 1164 1415; x_wconf 91' lang='lat' dir='ltr'><strong>cum</strong></span> <span class='ocrx_word' id='word_1_66' title='bbox 1214 1355 1495 1418; x_wconf 89' lang='lat' dir='ltr'><strong>lucerna.</strong></span> <span class='ocrx_word' id='word_1_67' title='bbox 1535 1356 2076 1429; x_wconf 81' lang='lat' dir='ltr'><strong>Quemadmodum</strong></span> <span class='ocrx_word' id='word_1_68' title='bbox 2122 1359 2295 1420; x_wconf 91' lang='lat' dir='ltr'><strong>enim</strong></span> 
     </span>
     <span class='ocr_line' id='line_1_12' title="bbox 801 1452 2296 1529; baseline 0.005 -18"><span class='ocrx_word' id='word_1_69' title='bbox 801 1452 866 1512; x_wconf 90' lang='lat' dir='ltr'><strong>in</strong></span> <span class='ocrx_word' id='word_1_70' title='bbox 899 1452 1159 1514; x_wconf 87' lang='lat' dir='ltr'><strong>lucerna</strong></span> <span class='ocrx_word' id='word_1_71' title='bbox 1189 1453 1299 1515; x_wconf 86' lang='lat' dir='ltr'><strong>lux</strong></span> <span class='ocrx_word' id='word_1_72' title='bbox 1329 1456 1710 1529; x_wconf 80' lang='lat' dir='ltr'><strong>continetur,</strong></span> <span class='ocrx_word' id='word_1_73' title='bbox 1747 1464 1938 1518; x_wconf 83' lang='lat' dir='ltr'><strong>totam</strong></span> <span class='ocrx_word' id='word_1_74' title='bbox 1969 1457 2296 1519; x_wconf 89' lang='lat' dir='ltr'><strong>lucernam</strong></span> 
     </span>
     <span class='ocr_line' id='line_1_13' title="bbox 801 1551 2294 1638; baseline 0.005 -27"><span class='ocrx_word' id='word_1_75' title='bbox 801 1569 914 1611; x_wconf 91' lang='lat' dir='ltr'><strong>sua</strong></span> <span class='ocrx_word' id='word_1_76' title='bbox 954 1551 1236 1613; x_wconf 90' lang='lat' dir='ltr'><strong>claritate</strong></span> <span class='ocrx_word' id='word_1_77' title='bbox 1275 1552 1702 1635; x_wconf 80' lang='lat' dir='ltr'><strong>perfundens3</strong></span> <span class='ocrx_word' id='word_1_78' title='bbox 1749 1556 1834 1616; x_wconf 89' lang='lat' dir='ltr'><strong>ita</strong></span> <span class='ocrx_word' id='word_1_79' title='bbox 1874 1556 1939 1617; x_wconf 94' lang='lat' dir='ltr'><strong>in</strong></span> <span class='ocrx_word' id='word_1_80' title='bbox 1981 1556 2294 1638; x_wconf 88' lang='lat' dir='ltr'><strong>corporali</strong></span> 
     </span>
     <span class='ocr_line' id='line_1_14' title="bbox 798 1652 2297 1736; baseline 0.003 -24"><span class='ocrx_word' id='word_1_81' title='bbox 798 1668 1032 1730; x_wconf 88' lang='lat' dir='ltr'><strong>organo</strong></span> <span class='ocrx_word' id='word_1_82' title='bbox 1079 1652 1270 1725; x_wconf 91' lang='lat' dir='ltr'><strong>oculi,</strong></span> <span class='ocrx_word' id='word_1_83' title='bbox 1322 1652 1431 1713; x_wconf 82' lang='lat' dir='ltr'><strong>lux</strong></span> <span class='ocrx_word' id='word_1_84' title='bbox 1482 1654 1842 1715; x_wconf 83' lang='lat' dir='ltr'><strong>continetur</strong></span> <span class='ocrx_word' id='word_1_85' title='bbox 1890 1654 2114 1727; x_wconf 78' lang='lat' dir='ltr'><strong>visiva,</strong></span> <span class='ocrx_word' id='word_1_86' title='bbox 2168 1674 2297 1736; x_wconf 85' lang='lat' dir='ltr'><strong>qua</strong></span> 
     </span>
     <span class='ocr_line' id='line_1_15' title="bbox 798 1750 2293 1835; baseline 0.004 -26"><span class='ocrx_word' id='word_1_87' title='bbox 798 1756 1000 1810; x_wconf 87' lang='lat' dir='ltr'><strong>totum</strong></span> <span class='ocrx_word' id='word_1_88' title='bbox 1041 1768 1271 1831; x_wconf 90' lang='lat' dir='ltr'><strong>corpus</strong></span> <span class='ocrx_word' id='word_1_89' title='bbox 1313 1750 1377 1811; x_wconf 88' lang='lat' dir='ltr'><strong>in</strong></span> <span class='ocrx_word' id='word_1_90' title='bbox 1418 1752 1552 1813; x_wconf 90' lang='lat' dir='ltr'><strong>suis</strong></span> <span class='ocrx_word' id='word_1_91' title='bbox 1593 1752 1873 1815; x_wconf 89' lang='lat' dir='ltr'><strong>motibus</strong></span> <span class='ocrx_word' id='word_1_92' title='bbox 1913 1753 2293 1835; x_wconf 87' lang='lat' dir='ltr'><strong>actibusque</strong></span> 
     </span>
    </p>
   </div>
   <div class='ocr_carea' id='block_1_6' title="bbox 2403 770 3907 1835">
    <p class='ocr_par' dir='ltr' id='par_1_7' title="bbox 2403 770 3907 1835">
     <span class='ocr_line' id='line_1_16' title="bbox 2412 770 3907 843; baseline 0.001 -11"><span class='ocrx_word' id='word_1_93' title='bbox 2412 770 2511 832; x_wconf 90' lang='lat' dir='ltr'><strong>vel</strong></span> <span class='ocrx_word' id='word_1_94' title='bbox 2544 770 3001 833; x_wconf 82' lang='lat' dir='ltr'><strong>indifferentia.</strong></span> <span class='ocrx_word' id='word_1_95' title='bbox 3038 770 3332 843; x_wconf 77' lang='lat' dir='ltr'><strong>Quaedam</strong></span> <span class='ocrx_word' id='word_1_96' title='bbox 3366 789 3513 835; x_wconf 92' lang='lat' dir='ltr'><strong>vero</strong></span> <span class='ocrx_word' id='word_1_97' title='bbox 3543 778 3691 833; x_wconf 87' lang='lat' dir='ltr'><strong>sunt</strong></span> <span class='ocrx_word' id='word_1_98' title='bbox 3719 772 3799 833; x_wconf 87' lang='lat' dir='ltr'><strong>dc</strong></span> <span class='ocrx_word' id='word_1_99' title='bbox 3836 790 3907 833; x_wconf 89' lang='lat' dir='ltr'><strong>se</strong></span> 
     </span>
     <span class='ocr_line' id='line_1_17' title="bbox 2410 868 3907 951; baseline 0.001 -21"><span class='ocrx_word' id='word_1_100' title='bbox 2410 868 2638 931; x_wconf 86' lang='lat' dir='ltr'><strong>vitiosa</strong></span> <span class='ocrx_word' id='word_1_101' title='bbox 2675 877 2737 930; x_wconf 91' lang='lat' dir='ltr'><strong>et</strong></span> <span class='ocrx_word' id='word_1_102' title='bbox 2777 870 2963 943; x_wconf 88' lang='lat' dir='ltr'><strong>mala,</strong></span> <span class='ocrx_word' id='word_1_103' title='bbox 2997 888 3142 951; x_wconf 83' lang='lat' dir='ltr'><strong>quae</strong></span> <span class='ocrx_word' id='word_1_104' title='bbox 3179 870 3298 933; x_wconf 91' lang='lat' dir='ltr'><strong>hoc</strong></span> <span class='ocrx_word' id='word_1_105' title='bbox 3338 870 3526 932; x_wconf 91' lang='lat' dir='ltr'><strong>modo</strong></span> <span class='ocrx_word' id='word_1_106' title='bbox 3574 888 3650 931; x_wconf 87' lang='lat' dir='ltr'><strong>ex</strong></span> <span class='ocrx_word' id='word_1_107' title='bbox 3700 870 3907 931; x_wconf 89' lang='lat' dir='ltr'><strong>inten-</strong></span> 
     </span>
     <span class='ocr_line' id='line_1_18' title="bbox 2406 967 3902 1032; baseline 0.001 -3"><span class='ocrx_word' id='word_1_108' title='bbox 2406 968 2581 1032; x_wconf 88' lang='lat' dir='ltr'><strong>tione</strong></span> <span class='ocrx_word' id='word_1_109' title='bbox 2620 967 2787 1030; x_wconf 88' lang='lat' dir='ltr'><strong>bona</strong></span> <span class='ocrx_word' id='word_1_110' title='bbox 2832 986 2947 1029; x_wconf 90' lang='lat' dir='ltr'><strong>seu</strong></span> <span class='ocrx_word' id='word_1_111' title='bbox 2996 968 3129 1030; x_wconf 79' lang='lat' dir='ltr'><strong>fine</strong></span> <span class='ocrx_word' id='word_1_112' title='bbox 3180 967 3345 1031; x_wconf 91' lang='lat' dir='ltr'><strong>bono</strong></span> <span class='ocrx_word' id='word_1_113' title='bbox 3388 967 3733 1031; x_wconf 89' lang='lat' dir='ltr'><strong>bonitatem</strong></span> <span class='ocrx_word' id='word_1_114' title='bbox 3774 987 3902 1030; x_wconf 92' lang='lat' dir='ltr'><strong>non</strong></span> 
     </span>
     <span class='ocr_line' id='line_1_19' title="bbox 2409 1066 3905 1149; baseline -0.001 -20"><span class='ocrx_word' id='word_1_115' title='bbox 2409 1067 2764 1129; x_wconf 87' lang='lat' dir='ltr'><strong>sortiuntur</strong></span> <span class='ocrx_word' id='word_1_116' title='bbox 2800 1085 2811 1128; x_wconf 94' lang='lat'><strong>:</strong></span> <span class='ocrx_word' id='word_1_117' title='bbox 2859 1074 2927 1127; x_wconf 90' lang='lat' dir='ltr'><strong>ut</strong></span> <span class='ocrx_word' id='word_1_118' title='bbox 2968 1068 3019 1129; x_wconf 91' lang='lat' dir='ltr'><strong>si</strong></span> <span class='ocrx_word' id='word_1_119' title='bbox 3059 1067 3206 1148; x_wconf 87' lang='lat' dir='ltr'><strong>quis</strong></span> <span class='ocrx_word' id='word_1_120' title='bbox 3249 1066 3643 1129; x_wconf 87' lang='lat' dir='ltr'><strong>adulteretur</strong></span> <span class='ocrx_word' id='word_1_121' title='bbox 3683 1074 3905 1149; x_wconf 89' lang='lat' dir='ltr'><strong>quate-</strong></span> 
     </span>
     <span class='ocr_line' id='line_1_20' title="bbox 2407 1164 3898 1246; baseline 0.001 -21"><span class='ocrx_word' id='word_1_122' title='bbox 2407 1183 2528 1225; x_wconf 90' lang='lat' dir='ltr'><strong>nus</strong></span> <span class='ocrx_word' id='word_1_123' title='bbox 2574 1183 2610 1225; x_wconf 77' lang='grc' dir='ltr'><strong>ει</strong></span> <span class='ocrx_word' id='word_1_124' title='bbox 2660 1164 3191 1246; x_wconf 85' lang='lat' dir='ltr'><strong>concupiscentiae</strong></span> <span class='ocrx_word' id='word_1_125' title='bbox 3235 1165 3525 1227; x_wconf 87' lang='lat' dir='ltr'><strong>molestia</strong></span> <span class='ocrx_word' id='word_1_126' title='bbox 3563 1165 3898 1240; x_wconf 81' lang='lat' dir='ltr'><strong>relevatuS,</strong></span> 
     </span>
     <span class='ocr_line' id='line_1_21' title="bbox 2406 1263 3905 1345; baseline 0.001 -22"><span class='ocrx_word' id='word_1_127' title='bbox 2406 1264 2688 1345; x_wconf 90' lang='lat' dir='ltr'><strong>quietius</strong></span> <span class='ocrx_word' id='word_1_128' title='bbox 2730 1263 3175 1345; x_wconf 85' lang='lat' dir='ltr'><strong>spiritualibus</strong></span> <span class='ocrx_word' id='word_1_129' title='bbox 3216 1271 3417 1326; x_wconf 86' lang='lat' dir='ltr'><strong>vacet.</strong></span> <span class='ocrx_word' id='word_1_130' title='bbox 3458 1263 3618 1326; x_wconf 87' lang='lat' dir='ltr'><strong>Hinc</strong></span> <span class='ocrx_word' id='word_1_131' title='bbox 3659 1264 3766 1326; x_wconf 89' lang='lat' dir='ltr'><strong>alii</strong></span> <span class='ocrx_word' id='word_1_132' title='bbox 3809 1264 3905 1327; x_wconf 92' lang='lat' dir='ltr'><strong>di—</strong></span> 
     </span>
     <span class='ocr_line' id='line_1_22' title="bbox 2406 1362 3899 1444; baseline 0.003 -23"><span class='ocrx_word' id='word_1_133' title='bbox 2406 1369 2580 1436; x_wconf 89' lang='lat' dir='ltr'><strong>cunt,</strong></span> <span class='ocrx_word' id='word_1_134' title='bbox 2614 1363 2783 1442; x_wconf 91' lang='lat' dir='ltr'><strong>quod</strong></span> <span class='ocrx_word' id='word_1_135' title='bbox 2825 1363 3064 1444; x_wconf 86' lang='lat' dir='ltr'><strong>duplex</strong></span> <span class='ocrx_word' id='word_1_136' title='bbox 3107 1370 3205 1425; x_wconf 86' lang='lat' dir='ltr'><strong>est</strong></span> <span class='ocrx_word' id='word_1_137' title='bbox 3239 1362 3403 1425; x_wconf 86' lang='lat' dir='ltr'><strong>finis·</strong></span> <span class='ocrx_word' id='word_1_138' title='bbox 3436 1363 3571 1426; x_wconf 86' lang='lat' dir='ltr'><strong>sive</strong></span> <span class='ocrx_word' id='word_1_139' title='bbox 3608 1364 3899 1439; x_wconf 88' lang='lat' dir='ltr'><strong>intentio,</strong></span> 
     </span>
     <span class='ocr_line' id='line_1_23' title="bbox 2406 1460 3903 1543; baseline 0.003 -23"><span class='ocrx_word' id='word_1_140' title='bbox 2406 1466 2625 1540; x_wconf 86' lang='lat' dir='ltr'><strong>utpote</strong></span> <span class='ocrx_word' id='word_1_141' title='bbox 2656 1460 3069 1536; x_wconf 79' lang='lat' dir='ltr'><strong>intendentiS,</strong></span> <span class='ocrx_word' id='word_1_142' title='bbox 3105 1470 3167 1523; x_wconf 88' lang='lat' dir='ltr'><strong>et</strong></span> <span class='ocrx_word' id='word_1_143' title='bbox 3196 1462 3283 1523; x_wconf 90' lang='lat' dir='ltr'><strong>rei</strong></span> <span class='ocrx_word' id='word_1_144' title='bbox 3319 1480 3431 1523; x_wconf 88' lang='lat' dir='ltr'><strong>seu</strong></span> <span class='ocrx_word' id='word_1_145' title='bbox 3462 1461 3696 1543; x_wconf 82' lang='lat' dir='ltr'><strong>operiS.</strong></span> <span class='ocrx_word' id='word_1_146' title='bbox 3730 1461 3903 1524; x_wconf 86' lang='lat' dir='ltr'><strong>Finis</strong></span> 
     </span>
     <span class='ocr_line' id='line_1_24' title="bbox 2403 1557 3902 1641; baseline 0.003 -24"><span class='ocrx_word' id='word_1_147' title='bbox 2403 1564 2616 1618; x_wconf 88' lang='lat' dir='ltr'><strong>autem</strong></span> <span class='ocrx_word' id='word_1_148' title='bbox 2668 1557 3081 1633; x_wconf 79' lang='lat' dir='ltr'><strong>intendentiS,</strong></span> <span class='ocrx_word' id='word_1_149' title='bbox 3135 1567 3231 1621; x_wconf 87' lang='lat' dir='ltr'><strong>est</strong></span> <span class='ocrx_word' id='word_1_150' title='bbox 3278 1577 3473 1641; x_wconf 89' lang='lat' dir='ltr'><strong>quem</strong></span> <span class='ocrx_word' id='word_1_151' title='bbox 3529 1578 3721 1640; x_wconf 86' lang='lat' dir='ltr'><strong>agens</strong></span> <span class='ocrx_word' id='word_1_152' title='bbox 3775 1560 3902 1622; x_wconf 88' lang='lat' dir='ltr'><strong>sibi</strong></span> 
     </span>
     <span class='ocr_line' id='line_1_25' title="bbox 2406 1654 3905 1739; baseline 0.003 -24"><span class='ocrx_word' id='word_1_153' title='bbox 2406 1654 2701 1736; x_wconf 82' lang='lat' dir='ltr'><strong>praefigit‚</strong></span> <span class='ocrx_word' id='word_1_154' title='bbox 2736 1656 3032 1737; x_wconf 87' lang='lat' dir='ltr'><strong>quamvis</strong></span> <span class='ocrx_word' id='word_1_155' title='bbox 3064 1657 3275 1720; x_wconf 88' lang='lat' dir='ltr'><strong>media</strong></span> <span class='ocrx_word' id='word_1_156' title='bbox 3315 1677 3442 1720; x_wconf 91' lang='lat' dir='ltr'><strong>non</strong></span> <span class='ocrx_word' id='word_1_157' title='bbox 3482 1658 3609 1719; x_wconf 87' lang='lat' dir='ltr'><strong>sint</strong></span> <span class='ocrx_word' id='word_1_158' title='bbox 3641 1676 3905 1739; x_wconf 87' lang='lat' dir='ltr'><strong>propor-</strong></span> 
     </span>
     <span class='ocr_line' id='line_1_26' title="bbox 2403 1753 3905 1835; baseline 0.003 -21"><span class='ocrx_word' id='word_1_159' title='bbox 2403 1753 2640 1816; x_wconf 87' lang='lat' dir='ltr'><strong>tionata</strong></span> <span class='ocrx_word' id='word_1_160' title='bbox 2676 1757 2755 1818; x_wconf 87' lang='lat' dir='ltr'><strong>ad</strong></span> <span class='ocrx_word' id='word_1_161' title='bbox 2797 1755 3167 1835; x_wconf 88' lang='lat' dir='ltr'><strong>hujusmodi</strong></span> <span class='ocrx_word' id='word_1_162' title='bbox 3209 1755 3411 1818; x_wconf 86' lang='lat' dir='ltr'><strong>finem</strong></span> <span class='ocrx_word' id='word_1_163' title='bbox 3456 1774 3471 1818; x_wconf 74' lang='grc' dir='ltr'>ε</span> <span class='ocrx_word' id='word_1_164' title='bbox 3516 1756 3752 1820; x_wconf 86' lang='lat' dir='ltr'><strong>idcirco</strong></span> <span class='ocrx_word' id='word_1_165' title='bbox 3790 1756 3905 1819; x_wconf 95' lang='lat' dir='ltr'><strong>bo-</strong></span> 
     </span>
    </p>
   </div>
   <div class='ocr_carea' id='block_1_7' title="bbox 799 1848 3904 1935">
    <p class='ocr_par' dir='ltr' id='par_1_8' title="bbox 799 1848 3904 1935">
     <span class='ocr_line' id='line_1_27' title="bbox 799 1848 3904 1935; baseline 0.003 -28"><span class='ocrx_word' id='word_1_166' title='bbox 799 1848 1115 1928; x_wconf 88' lang='lat' dir='ltr'><strong>dirigitur.</strong></span> <span class='ocrx_word' id='word_1_167' title='bbox 1172 1848 1291 1911; x_wconf 90' lang='lat' dir='ltr'><strong>Sed</strong></span> <span class='ocrx_word' id='word_1_168' title='bbox 1351 1849 1658 1923; x_wconf 83' lang='lat' dir='ltr'><strong>ChristuS,</strong></span> <span class='ocrx_word' id='word_1_169' title='bbox 1713 1852 1880 1914; x_wconf 87' lang='lat' dir='ltr'><strong>sicut</strong></span> <span class='ocrx_word' id='word_1_170' title='bbox 1936 1870 2013 1914; x_wconf 86' lang='lat' dir='ltr'><strong>ex</strong></span> <span class='ocrx_word' id='word_1_171' title='bbox 2073 1871 2293 1915; x_wconf 89' lang='lat' dir='ltr'><strong>conse-</strong></span> <span class='ocrx_word' id='word_1_172' title='bbox 2330 1852 2375 1913; x_wconf 91' lang='lat' dir='ltr'>B</span> <span class='ocrx_word' id='word_1_173' title='bbox 2404 1852 2567 1913; x_wconf 84' lang='lat' dir='ltr'><strong>nitas</strong></span> <span class='ocrx_word' id='word_1_174' title='bbox 2600 1853 2743 1915; x_wconf 90' lang='lat' dir='ltr'><strong>talis</strong></span> <span class='ocrx_word' id='word_1_175' title='bbox 2774 1852 2927 1915; x_wconf 81' lang='lat' dir='ltr'><strong>finis</strong></span> <span class='ocrx_word' id='word_1_176' title='bbox 2960 1873 3085 1916; x_wconf 91' lang='lat' dir='ltr'><strong>non</strong></span> <span class='ocrx_word' id='word_1_177' title='bbox 3119 1871 3374 1935; x_wconf 88' lang='lat' dir='ltr'><strong>semper</strong></span> <span class='ocrx_word' id='word_1_178' title='bbox 3404 1853 3653 1917; x_wconf 86' lang='lat' dir='ltr'><strong>sufficit</strong></span> <span class='ocrx_word' id='word_1_179' title='bbox 3679 1855 3757 1916; x_wconf 86' lang='lat' dir='ltr'><strong>ad</strong></span> <span class='ocrx_word' id='word_1_180' title='bbox 3790 1854 3904 1916; x_wconf 93' lang='lat' dir='ltr'><strong>bo-</strong></span> 
     </span>
    </p>
   </div>
   <div class='ocr_carea' id='block_1_8' title="bbox 796 1946 2294 3014">
    <p class='ocr_par' dir='ltr' id='par_1_9' title="bbox 796 1946 2294 3014">
     <span class='ocr_line' id='line_1_28' title="bbox 798 1946 2294 2026; baseline 0.005 -21"><span class='ocrx_word' id='word_1_181' title='bbox 798 1946 1146 2026; x_wconf 89' lang='lat' dir='ltr'><strong>quentibus</strong></span> <span class='ocrx_word' id='word_1_182' title='bbox 1196 1949 1552 2010; x_wconf 83' lang='lat' dir='ltr'><strong>ostenditur</strong></span> <span class='ocrx_word' id='word_1_183' title='bbox 1597 1948 1830 2024; x_wconf 80' lang='lat' dir='ltr'><strong>verbis,</strong></span> <span class='ocrx_word' id='word_1_184' title='bbox 1873 1968 1999 2013; x_wconf 92' lang='lat' dir='ltr'><strong>non</strong></span> <span class='ocrx_word' id='word_1_185' title='bbox 2039 1952 2116 2013; x_wconf 92' lang='lat' dir='ltr'><strong>de</strong></span> <span class='ocrx_word' id='word_1_186' title='bbox 2159 1970 2294 2014; x_wconf 90' lang='lat' dir='ltr'><strong>cor-</strong></span> 
     </span>
     <span class='ocr_line' id='line_1_29' title="bbox 801 2045 2289 2130; baseline 0.004 -24"><span class='ocrx_word' id='word_1_187' title='bbox 801 2045 1001 2126; x_wconf 90' lang='lat' dir='ltr'><strong>porali</strong></span> <span class='ocrx_word' id='word_1_188' title='bbox 1059 2046 1244 2108; x_wconf 92' lang='lat' dir='ltr'><strong>oculo</strong></span> <span class='ocrx_word' id='word_1_189' title='bbox 1303 2046 1744 2129; x_wconf 82' lang='lat' dir='ltr'><strong>principaliter</strong></span> <span class='ocrx_word' id='word_1_190' title='bbox 1801 2049 2127 2130; x_wconf 77' lang='lat' dir='ltr'><strong>loquitur:</strong></span> <span class='ocrx_word' id='word_1_191' title='bbox 2182 2051 2289 2112; x_wconf 92' lang='lat' dir='ltr'><strong>sed</strong></span> 
     </span>
     <span class='ocr_line' id='line_1_30' title="bbox 799 2143 2293 2228; baseline 0.005 -26"><span class='ocrx_word' id='word_1_192' title='bbox 799 2160 914 2223; x_wconf 92' lang='lat' dir='ltr'><strong>per</strong></span> <span class='ocrx_word' id='word_1_193' title='bbox 945 2143 1210 2206; x_wconf 89' lang='lat' dir='ltr'><strong>verbum</strong></span> <span class='ocrx_word' id='word_1_194' title='bbox 1251 2145 1672 2225; x_wconf 82' lang='lat' dir='ltr'><strong>praehabitum</strong></span> <span class='ocrx_word' id='word_1_195' title='bbox 1703 2146 1936 2220; x_wconf 89' lang='lat' dir='ltr'><strong>innuit,</strong></span> <span class='ocrx_word' id='word_1_196' title='bbox 1969 2148 2142 2228; x_wconf 92' lang='lat' dir='ltr'><strong>quod</strong></span> <span class='ocrx_word' id='word_1_197' title='bbox 2174 2147 2293 2209; x_wconf 90' lang='lat' dir='ltr'><strong>sic-</strong></span> 
     </span>
     <span class='ocr_line' id='line_1_31' title="bbox 798 2242 2291 2327; baseline 0.003 -25"><span class='ocrx_word' id='word_1_198' title='bbox 798 2248 870 2302; x_wconf 92' lang='lat' dir='ltr'><strong>ut</strong></span> <span class='ocrx_word' id='word_1_199' title='bbox 897 2242 1119 2303; x_wconf 88' lang='lat' dir='ltr'><strong>oculus</strong></span> <span class='ocrx_word' id='word_1_200' title='bbox 1152 2243 1496 2324; x_wconf 88' lang='lat' dir='ltr'><strong>corporalis</strong></span> <span class='ocrx_word' id='word_1_201' title='bbox 1528 2250 1623 2305; x_wconf 90' lang='lat' dir='ltr'><strong>est</strong></span> <span class='ocrx_word' id='word_1_202' title='bbox 1653 2244 1975 2306; x_wconf 90' lang='lat' dir='ltr'><strong>sensibilis</strong></span> <span class='ocrx_word' id='word_1_203' title='bbox 2006 2246 2291 2327; x_wconf 92' lang='lat' dir='ltr'><strong>corporis</strong></span> 
     </span>
     <span class='ocr_line' id='line_1_32' title="bbox 800 2341 2285 2419; baseline 0.004 -18"><span class='ocrx_word' id='word_1_204' title='bbox 800 2341 995 2403; x_wconf 83' lang='lat' dir='ltr'><strong>nostri</strong></span> <span class='ocrx_word' id='word_1_205' title='bbox 1038 2342 1318 2415; x_wconf 85' lang='lat' dir='ltr'><strong>lucerna,</strong></span> <span class='ocrx_word' id='word_1_206' title='bbox 1354 2342 1445 2404; x_wconf 89' lang='lat' dir='ltr'><strong>sic</strong></span> <span class='ocrx_word' id='word_1_207' title='bbox 1483 2344 1706 2404; x_wconf 90' lang='lat' dir='ltr'><strong>oculus</strong></span> <span class='ocrx_word' id='word_1_208' title='bbox 1745 2351 1958 2406; x_wconf 89' lang='lat' dir='ltr'><strong>noster</strong></span> <span class='ocrx_word' id='word_1_209' title='bbox 1999 2344 2285 2419; x_wconf 89' lang='lat' dir='ltr'><strong>interior,</strong></span> 
     </span>
     <span class='ocr_line' id='line_1_33' title="bbox 798 2439 2291 2522; baseline 0.003 -22"><span class='ocrx_word' id='word_1_210' title='bbox 798 2439 1042 2501; x_wconf 89' lang='lat' dir='ltr'><strong>scilicet</strong></span> <span class='ocrx_word' id='word_1_211' title='bbox 1087 2439 1446 2502; x_wconf 87' lang='lat' dir='ltr'><strong>intellectus</strong></span> <span class='ocrx_word' id='word_1_212' title='bbox 1501 2459 1613 2502; x_wconf 91' lang='lat' dir='ltr'><strong>seu</strong></span> <span class='ocrx_word' id='word_1_213' title='bbox 1662 2442 1802 2522; x_wconf 90' lang='lat' dir='ltr'><strong>ejus</strong></span> <span class='ocrx_word' id='word_1_214' title='bbox 1851 2443 2142 2517; x_wconf 90' lang='lat' dir='ltr'><strong>intentio,</strong></span> <span class='ocrx_word' id='word_1_215' title='bbox 2196 2451 2291 2505; x_wconf 89' lang='lat' dir='ltr'><strong>est</strong></span> 
     </span>
     <span class='ocr_line' id='line_1_34' title="bbox 796 2537 2292 2623; baseline 0.003 -23"><span class='ocrx_word' id='word_1_216' title='bbox 796 2537 1020 2600; x_wconf 92' lang='lat' dir='ltr'><strong>oculus</strong></span> <span class='ocrx_word' id='word_1_217' title='bbox 1057 2538 1286 2601; x_wconf 85' lang='lat' dir='ltr'><strong>animae</strong></span> <span class='ocrx_word' id='word_1_218' title='bbox 1325 2547 1576 2614; x_wconf 84' lang='lat' dir='ltr'><strong>nostrae,</strong></span> <span class='ocrx_word' id='word_1_219' title='bbox 1610 2558 2009 2623; x_wconf 89' lang='lat' dir='ltr'><strong>operumque</strong></span> <span class='ocrx_word' id='word_1_220' title='bbox 2045 2550 2292 2605; x_wconf 89' lang='lat' dir='ltr'><strong>nostro-</strong></span> 
     </span>
     <span class='ocr_line' id='line_1_35' title="bbox 799 2637 2292 2720; baseline 0.004 -24"><span class='ocrx_word' id='word_1_221' title='bbox 799 2655 964 2709; x_wconf 89' lang='lat' dir='ltr'><strong>rum,</strong></span> <span class='ocrx_word' id='word_1_222' title='bbox 983 2655 1127 2717; x_wconf 84' lang='lat' dir='ltr'><strong>quae</strong></span> <span class='ocrx_word' id='word_1_223' title='bbox 1153 2637 1416 2719; x_wconf 83' lang='lat' dir='ltr'><strong>mystice</strong></span> <span class='ocrx_word' id='word_1_224' title='bbox 1447 2657 1678 2720; x_wconf 91' lang='lat' dir='ltr'><strong>corpus</strong></span> <span class='ocrx_word' id='word_1_225' title='bbox 1709 2647 2036 2701; x_wconf 85' lang='lat' dir='ltr'><strong>vocantur.</strong></span> <span class='ocrx_word' id='word_1_226' title='bbox 2062 2639 2292 2702; x_wconf 84' lang='lat' dir='ltr'><strong>Anima</strong></span> 
     </span>
     <span class='ocr_line' id='line_1_36' title="bbox 796 2734 2287 2819; baseline 0.003 -25"><span class='ocrx_word' id='word_1_227' title='bbox 796 2734 1040 2816; x_wconf 88' lang='lat' dir='ltr'><strong>quippe</strong></span> <span class='ocrx_word' id='word_1_228' title='bbox 1077 2742 1172 2796; x_wconf 90' lang='lat' dir='ltr'><strong>est</strong></span> <span class='ocrx_word' id='word_1_229' title='bbox 1213 2742 1412 2798; x_wconf 91' lang='lat' dir='ltr'><strong>totum</strong></span> <span class='ocrx_word' id='word_1_230' title='bbox 1460 2736 1928 2817; x_wconf 84' lang='lat' dir='ltr'><strong>potestativum,</strong></span> <span class='ocrx_word' id='word_1_231' title='bbox 1963 2738 2181 2819; x_wconf 90' lang='lat' dir='ltr'><strong>plures</strong></span> <span class='ocrx_word' id='word_1_232' title='bbox 2223 2737 2287 2799; x_wconf 92' lang='lat' dir='ltr'><strong>in</strong></span> 
     </span>
     <span class='ocr_line' id='line_1_37' title="bbox 797 2833 2291 2917; baseline 0.003 -24"><span class='ocrx_word' id='word_1_233' title='bbox 797 2850 864 2893; x_wconf 90' lang='lat' dir='ltr'><strong>se</strong></span> <span class='ocrx_word' id='word_1_234' title='bbox 896 2833 1064 2895; x_wconf 89' lang='lat' dir='ltr'><strong>vires</strong></span> <span class='ocrx_word' id='word_1_235' title='bbox 1103 2833 1394 2897; x_wconf 88' lang='lat' dir='ltr'><strong>habendo</strong></span> <span class='ocrx_word' id='word_1_236' title='bbox 1431 2853 1506 2897; x_wconf 90' lang='lat' dir='ltr'><strong>ac</strong></span> <span class='ocrx_word' id='word_1_237' title='bbox 1546 2836 1950 2909; x_wconf 88' lang='lat' dir='ltr'><strong>continendo,</strong></span> <span class='ocrx_word' id='word_1_238' title='bbox 1984 2838 2291 2917; x_wconf 87' lang='lat' dir='ltr'><strong>quemad-</strong></span> 
     </span>
     <span class='ocr_line' id='line_1_38' title="bbox 797 2932 2281 3014; baseline 0.003 -21"><span class='ocrx_word' id='word_1_239' title='bbox 797 2933 1061 2994; x_wconf 90' lang='lat' dir='ltr'><strong>modum</strong></span> <span class='ocrx_word' id='word_1_240' title='bbox 1102 2951 1334 3014; x_wconf 89' lang='lat' dir='ltr'><strong>corpus</strong></span> <span class='ocrx_word' id='word_1_241' title='bbox 1375 2932 1578 2994; x_wconf 87' lang='lat' dir='ltr'><strong>multa</strong></span> <span class='ocrx_word' id='word_1_242' title='bbox 1615 2934 1898 2996; x_wconf 90' lang='lat' dir='ltr'><strong>continet</strong></span> <span class='ocrx_word' id='word_1_243' title='bbox 1936 2934 2225 2996; x_wconf 89' lang='lat' dir='ltr'><strong>membra</strong></span> <span class='ocrx_word' id='word_1_244' title='bbox 2268 2955 2281 2997; x_wconf 94' lang='lat'>:</span> 
     </span>
    </p>
   </div>
   <div class='ocr_carea' id='block_1_9' title="bbox 2400 1950 3906 2822">
    <p class='ocr_par' dir='ltr' id='par_1_10' title="bbox 2400 1950 3905 2505">
     <span class='ocr_line' id='line_1_39' title="bbox 2403 1950 3902 2032; baseline 0.001 -21"><span class='ocrx_word' id='word_1_245' title='bbox 2403 1950 2663 2013; x_wconf 88' lang='lat' dir='ltr'><strong>nitatem</strong></span> <span class='ocrx_word' id='word_1_246' title='bbox 2716 1952 3020 2015; x_wconf 88' lang='lat' dir='ltr'><strong>moralem</strong></span> <span class='ocrx_word' id='word_1_247' title='bbox 3066 1952 3476 2032; x_wconf 77' lang='lat' dir='ltr'><strong>operationis,</strong></span> <span class='ocrx_word' id='word_1_248' title='bbox 3523 1952 3701 2014; x_wconf 90' lang='lat' dir='ltr'><strong>Alius</strong></span> <span class='ocrx_word' id='word_1_249' title='bbox 3750 1970 3902 2015; x_wconf 82' lang='lat' dir='ltr'><strong>vero</strong></span> 
     </span>
     <span class='ocr_line' id='line_1_40' title="bbox 2400 2048 3903 2131; baseline 0 -20"><span class='ocrx_word' id='word_1_250' title='bbox 2400 2048 2580 2121; x_wconf 81' lang='lat' dir='ltr'><strong>finis,</strong></span> <span class='ocrx_word' id='word_1_251' title='bbox 2618 2056 2837 2131; x_wconf 90' lang='lat' dir='ltr'><strong>utpote</strong></span> <span class='ocrx_word' id='word_1_252' title='bbox 2884 2048 3037 2111; x_wconf 82' lang='lat' dir='ltr'><strong>finis</strong></span> <span class='ocrx_word' id='word_1_253' title='bbox 3087 2050 3177 2113; x_wconf 91' lang='lat' dir='ltr'><strong>rei</strong></span> <span class='ocrx_word' id='word_1_254' title='bbox 3228 2068 3341 2112; x_wconf 89' lang='lat' dir='ltr'><strong>seu</strong></span> <span class='ocrx_word' id='word_1_255' title='bbox 3392 2050 3626 2131; x_wconf 78' lang='lat' dir='ltr'><strong>operiS,</strong></span> <span class='ocrx_word' id='word_1_256' title='bbox 3669 2049 3903 2113; x_wconf 88' lang='lat' dir='ltr'><strong>dicitur</strong></span> 
     </span>
     <span class='ocr_line' id='line_1_41' title="bbox 2402 2148 3904 2230; baseline 0 -20"><span class='ocrx_word' id='word_1_257' title='bbox 2402 2148 2557 2210; x_wconf 86' lang='lat' dir='ltr'><strong>finis</strong></span> <span class='ocrx_word' id='word_1_258' title='bbox 2598 2148 2902 2230; x_wconf 89' lang='lat' dir='ltr'><strong>operibus</strong></span> <span class='ocrx_word' id='word_1_259' title='bbox 2954 2167 3065 2210; x_wconf 90' lang='lat' dir='ltr'><strong>seu</strong></span> <span class='ocrx_word' id='word_1_260' title='bbox 3106 2148 3334 2211; x_wconf 89' lang='lat' dir='ltr'><strong>mediis</strong></span> <span class='ocrx_word' id='word_1_261' title='bbox 3369 2150 3447 2210; x_wconf 84' lang='lat' dir='ltr'><strong>ad</strong></span> <span class='ocrx_word' id='word_1_262' title='bbox 3491 2149 3689 2211; x_wconf 81' lang='lat' dir='ltr'><strong>finem</strong></span> <span class='ocrx_word' id='word_1_263' title='bbox 3735 2149 3904 2211; x_wconf 85' lang='lat' dir='ltr'><strong>ordi-</strong></span> 
     </span>
     <span class='ocr_line' id='line_1_42' title="bbox 2404 2245 3905 2329; baseline 0 -20"><span class='ocrx_word' id='word_1_264' title='bbox 2404 2246 2568 2309; x_wconf 84' lang='lat' dir='ltr'><strong>natis</strong></span> <span class='ocrx_word' id='word_1_265' title='bbox 2632 2245 3145 2329; x_wconf 85' lang='lat' dir='ltr'><strong>proportionatus</strong></span> <span class='ocrx_word' id='word_1_266' title='bbox 3202 2266 3276 2309; x_wconf 84' lang='lat' dir='ltr'><strong>ac</strong></span> <span class='ocrx_word' id='word_1_267' title='bbox 3334 2266 3690 2328; x_wconf 82' lang='lat' dir='ltr'><strong>congruens</strong></span> <span class='ocrx_word' id='word_1_268' title='bbox 3742 2266 3756 2309; x_wconf 92' lang='lat'><strong>:</strong></span> <span class='ocrx_word' id='word_1_269' title='bbox 3812 2247 3905 2309; x_wconf 91' lang='lat' dir='ltr'><strong>id—</strong></span> 
     </span>
     <span class='ocr_line' id='line_1_43' title="bbox 2402 2343 3905 2426; baseline 0 -19"><span class='ocrx_word' id='word_1_270' title='bbox 2402 2345 2573 2407; x_wconf 88' lang='lat' dir='ltr'><strong>circo</strong></span> <span class='ocrx_word' id='word_1_271' title='bbox 2613 2364 2650 2406; x_wconf 89' lang='lat' dir='ltr'><strong>a</strong></span> <span class='ocrx_word' id='word_1_272' title='bbox 2686 2343 2795 2405; x_wconf 88' lang='lat' dir='ltr'><strong>tali</strong></span> <span class='ocrx_word' id='word_1_273' title='bbox 2844 2343 2977 2407; x_wconf 83' lang='lat' dir='ltr'><strong>fine</strong></span> <span class='ocrx_word' id='word_1_274' title='bbox 3021 2345 3305 2426; x_wconf 90' lang='lat' dir='ltr'><strong>operatio</strong></span> <span class='ocrx_word' id='word_1_275' title='bbox 3355 2346 3589 2407; x_wconf 89' lang='lat' dir='ltr'><strong>dicitur</strong></span> <span class='ocrx_word' id='word_1_276' title='bbox 3638 2346 3803 2409; x_wconf 89' lang='lat' dir='ltr'><strong>bona</strong></span> <span class='ocrx_word' id='word_1_277' title='bbox 3841 2353 3905 2407; x_wconf 87' lang='lat' dir='ltr'><strong>et</strong></span> 
     </span>
     <span class='ocr_line' id='line_1_44' title="bbox 2402 2444 2588 2505; baseline -0.011 0"><span class='ocrx_word' id='word_1_278' title='bbox 2402 2444 2588 2505; x_wconf 87' lang='lat' dir='ltr'><strong>mala.</strong></span> 
     </span>
    </p>

    <p class='ocr_par' dir='ltr' id='par_1_11' title="bbox 2401 2544 3906 2822">
     <span class='ocr_line' id='line_1_45' title="bbox 2482 2544 3906 2622; baseline 0 -17"><span class='ocrx_word' id='word_1_279' title='bbox 2482 2545 2563 2605; x_wconf 84' lang='lat' dir='ltr'><strong>Si</strong></span> <span class='ocrx_word' id='word_1_280' title='bbox 2592 2553 2809 2605; x_wconf 74' lang='lat' dir='ltr'><strong>autem</strong></span> <span class='ocrx_word' id='word_1_281' title='bbox 2849 2563 3130 2622; x_wconf 81' lang='lat' dir='ltr'><strong>nequam</strong></span> <span class='ocrx_word' id='word_1_282' title='bbox 3167 2544 3391 2620; x_wconf 72' lang='lat' dir='ltr'><strong>fuerit,</strong></span> <span class='ocrx_word' id='word_1_283' title='bbox 3436 2544 3499 2605; x_wconf 93' lang='lat' dir='ltr'><strong>id</strong></span> <span class='ocrx_word' id='word_1_284' title='bbox 3536 2551 3652 2618; x_wconf 85' lang='lat' dir='ltr'><strong>est,</strong></span> <span class='ocrx_word' id='word_1_285' title='bbox 3697 2544 3906 2605; x_wconf 88' lang='lat' dir='ltr'><strong>inten-</strong></span> 
     </span>
     <span class='ocr_line' id='line_1_46' title="bbox 2401 2640 3904 2722; baseline 0.002 -20"><span class='ocrx_word' id='word_1_286' title='bbox 2401 2641 2491 2704; x_wconf 89' lang='lat' dir='ltr'><strong>tio</strong></span> <span class='ocrx_word' id='word_1_287' title='bbox 2542 2649 2649 2702; x_wconf 87' lang='lat' dir='ltr'><strong>tua</strong></span> <span class='ocrx_word' id='word_1_288' title='bbox 2698 2659 2811 2703; x_wconf 91' lang='lat' dir='ltr'><strong>seu</strong></span> <span class='ocrx_word' id='word_1_289' title='bbox 2862 2640 3284 2722; x_wconf 86' lang='lat' dir='ltr'><strong>intelligentia</strong></span> <span class='ocrx_word' id='word_1_290' title='bbox 3333 2648 3444 2703; x_wconf 86' lang='lat' dir='ltr'><strong>aut</strong></span> <span class='ocrx_word' id='word_1_291' title='bbox 3493 2642 3651 2705; x_wconf 88' lang='lat' dir='ltr'><strong>ratio</strong></span> <span class='ocrx_word' id='word_1_292' title='bbox 3710 2642 3904 2705; x_wconf 81' lang='lat' dir='ltr'><strong>suerit</strong></span> 
     </span>
     <span class='ocr_line' id='line_1_47' title="bbox 2402 2741 3904 2822; baseline 0 -21"><span class='ocrx_word' id='word_1_293' title='bbox 2402 2757 2723 2822; x_wconf 86' lang='lat' dir='ltr'><strong>perversa,</strong></span> <span class='ocrx_word' id='word_1_294' title='bbox 2760 2741 2957 2800; x_wconf 84' lang='lat' dir='ltr'><strong>etiam</strong></span> <span class='ocrx_word' id='word_1_295' title='bbox 3002 2760 3233 2817; x_wconf 80' lang='lat' dir='ltr'><strong>corpus</strong></span> <span class='ocrx_word' id='word_1_296' title='bbox 3277 2748 3462 2801; x_wconf 79' lang='lat' dir='ltr'><strong>tuum</strong></span> <span class='ocrx_word' id='word_1_297' title='bbox 3510 2744 3904 2802; x_wconf 73' lang='lat' dir='ltr'><strong>tenebrosum</strong></span> 
     </span>
    </p>
   </div>
   <div class='ocr_carea' id='block_1_10' title="bbox 2365 2837 3905 2919">
    <p class='ocr_par' dir='ltr' id='par_1_12' title="bbox 2365 2837 3905 2919">
     <span class='ocr_line' id='line_1_48' title="bbox 2365 2837 3905 2919; baseline 0.001 -22"><span class='ocrx_word' id='word_1_298' title='bbox 2365 2848 2369 2855; x_wconf 86' lang='grc'><strong>’</strong></span> <span class='ocrx_word' id='word_1_299' title='bbox 2398 2840 2551 2907; x_wconf 72' lang='lat' dir='ltr'><strong>erit,</strong></span> <span class='ocrx_word' id='word_1_300' title='bbox 2584 2837 2647 2899; x_wconf 92' lang='lat' dir='ltr'><strong>id</strong></span> <span class='ocrx_word' id='word_1_301' title='bbox 2680 2844 2797 2912; x_wconf 87' lang='lat' dir='ltr'><strong>est,</strong></span> <span class='ocrx_word' id='word_1_302' title='bbox 2824 2855 3089 2919; x_wconf 90' lang='lat' dir='ltr'><strong>operum</strong></span> <span class='ocrx_word' id='word_1_303' title='bbox 3123 2845 3379 2900; x_wconf 88' lang='lat' dir='ltr'><strong>tuorum</strong></span> <span class='ocrx_word' id='word_1_304' title='bbox 3412 2839 3739 2918; x_wconf 87' lang='lat' dir='ltr'><strong>congeries</strong></span> <span class='ocrx_word' id='word_1_305' title='bbox 3769 2837 3905 2901; x_wconf 86' lang='lat' dir='ltr'><strong>sive</strong></span> 
     </span>
    </p>
   </div>
   <div class='ocr_carea' id='block_1_11' title="bbox 2402 2935 3906 3017">
    <p class='ocr_par' dir='ltr' id='par_1_13' title="bbox 2402 2935 3906 3017">
     <span class='ocr_line' id='line_1_49' title="bbox 2402 2935 3906 3017; baseline 0 -19"><span class='ocrx_word' id='word_1_306' title='bbox 2402 2935 2694 2999; x_wconf 85' lang='lat' dir='ltr'><strong>collectio</strong></span> <span class='ocrx_word' id='word_1_307' title='bbox 2738 2954 2815 2997; x_wconf 86' lang='lat' dir='ltr'><strong>ex</strong></span> <span class='ocrx_word' id='word_1_308' title='bbox 2857 2936 2967 2997; x_wconf 90' lang='lat' dir='ltr'><strong>tali</strong></span> <span class='ocrx_word' id='word_1_309' title='bbox 3010 2936 3364 2998; x_wconf 88' lang='lat' dir='ltr'><strong>intentione</strong></span> <span class='ocrx_word' id='word_1_310' title='bbox 3407 2936 3778 3017; x_wconf 82' lang='lat' dir='ltr'><strong>procedenS‚</strong></span> <span class='ocrx_word' id='word_1_311' title='bbox 3813 2937 3906 2999; x_wconf 87' lang='lat' dir='ltr'><strong>vi-</strong></span> 
     </span>
    </p>
   </div>
   <div class='ocr_carea' id='block_1_12' title="bbox 797 3029 3906 3114">
    <p class='ocr_par' dir='ltr' id='par_1_14' title="bbox 797 3029 3906 3114">
     <span class='ocr_line' id='line_1_50' title="bbox 797 3029 3906 3114; baseline 0.002 -24"><span class='ocrx_word' id='word_1_312' title='bbox 797 3029 888 3092; x_wconf 92' lang='lat' dir='ltr'><strong>sic</strong></span> <span class='ocrx_word' id='word_1_313' title='bbox 919 3036 982 3091; x_wconf 89' lang='lat' dir='ltr'><strong>et</strong></span> <span class='ocrx_word' id='word_1_314' title='bbox 1011 3030 1284 3093; x_wconf 85' lang='lat' dir='ltr'><strong>totalitas</strong></span> <span class='ocrx_word' id='word_1_315' title='bbox 1316 3030 1450 3093; x_wconf 85' lang='lat' dir='ltr'><strong>sive</strong></span> <span class='ocrx_word' id='word_1_316' title='bbox 1480 3032 1806 3111; x_wconf 87' lang='lat' dir='ltr'><strong>congeries</strong></span> <span class='ocrx_word' id='word_1_317' title='bbox 1838 3050 2126 3114; x_wconf 90' lang='lat' dir='ltr'><strong>operum,</strong></span> <span class='ocrx_word' id='word_1_318' title='bbox 2153 3051 2289 3096; x_wconf 86' lang='lat' dir='ltr'><strong>cor·</strong></span> <span class='ocrx_word' id='word_1_319' title='bbox 2330 3034 2373 3098; x_wconf 90' lang='lat' dir='ltr'>C</span> <span class='ocrx_word' id='word_1_320' title='bbox 2403 3035 2563 3097; x_wconf 89' lang='lat' dir='ltr'><strong>tiosa</strong></span> <span class='ocrx_word' id='word_1_321' title='bbox 2592 3034 2916 3108; x_wconf 89' lang='lat' dir='ltr'><strong>consistet,</strong></span> <span class='ocrx_word' id='word_1_322' title='bbox 2952 3042 3015 3095; x_wconf 89' lang='lat' dir='ltr'><strong>et</strong></span> <span class='ocrx_word' id='word_1_323' title='bbox 3041 3039 3171 3096; x_wconf 87' lang='lat' dir='ltr'><strong>tota</strong></span> <span class='ocrx_word' id='word_1_324' title='bbox 3208 3034 3421 3096; x_wconf 86' lang='lat' dir='ltr'><strong>anima</strong></span> <span class='ocrx_word' id='word_1_325' title='bbox 3451 3033 3730 3097; x_wconf 89' lang='lat' dir='ltr'><strong>tenebris</strong></span> <span class='ocrx_word' id='word_1_326' title='bbox 3762 3034 3906 3097; x_wconf 87' lang='lat' dir='ltr'><strong>viti-</strong></span> 
     </span>
    </p>
   </div>
   <div class='ocr_carea' id='block_1_13' title="bbox 794 3127 2296 4192">
    <p class='ocr_par' dir='ltr' id='par_1_15' title="bbox 797 3127 1822 3211">
     <span class='ocr_line' id='line_1_51' title="bbox 797 3127 1822 3211; baseline 0 -22"><span class='ocrx_word' id='word_1_327' title='bbox 797 3146 918 3208; x_wconf 91' lang='lat' dir='ltr'><strong>pus</strong></span> <span class='ocrx_word' id='word_1_328' title='bbox 964 3127 1350 3209; x_wconf 90' lang='lat' dir='ltr'><strong>tropologice</strong></span> <span class='ocrx_word' id='word_1_329' title='bbox 1393 3135 1822 3211; x_wconf 89' lang='lat' dir='ltr'><strong>nuncupatur.</strong></span> 
     </span>
    </p>

    <p class='ocr_par' dir='ltr' id='par_1_16' title="bbox 794 3227 2296 4192">
     <span class='ocr_line' id='line_1_52' title="bbox 877 3227 2287 3305; baseline 0.003 -18"><span class='ocrx_word' id='word_1_330' title='bbox 877 3227 958 3287; x_wconf 84' lang='lat' dir='ltr'><strong>Si</strong></span> <span class='ocrx_word' id='word_1_331' title='bbox 985 3230 1206 3287; x_wconf 75' lang='lat' dir='ltr'><strong>oculus</strong></span> <span class='ocrx_word' id='word_1_332' title='bbox 1240 3236 1387 3287; x_wconf 80' lang='lat' dir='ltr'><strong>tuus</strong></span> <span class='ocrx_word' id='word_1_333' title='bbox 1425 3228 1632 3304; x_wconf 81' lang='lat' dir='ltr'><strong>fuerit</strong></span> <span class='ocrx_word' id='word_1_334' title='bbox 1670 3227 1972 3304; x_wconf 75' lang='lat' dir='ltr'><strong>simplex,</strong></span> <span class='ocrx_word' id='word_1_335' title='bbox 2007 3228 2126 3290; x_wconf 93' lang='lat' dir='ltr'><strong>hoc</strong></span> <span class='ocrx_word' id='word_1_336' title='bbox 2171 3237 2287 3305; x_wconf 88' lang='lat' dir='ltr'><strong>est,</strong></span> 
     </span>
     <span class='ocr_line' id='line_1_53' title="bbox 797 3324 2295 3405; baseline 0.003 -20"><span class='ocrx_word' id='word_1_337' title='bbox 797 3324 850 3385; x_wconf 92' lang='lat' dir='ltr'><strong>si</strong></span> <span class='ocrx_word' id='word_1_338' title='bbox 891 3324 1250 3387; x_wconf 89' lang='lat' dir='ltr'><strong>intellectus</strong></span> <span class='ocrx_word' id='word_1_339' title='bbox 1293 3326 1392 3388; x_wconf 88' lang='lat' dir='ltr'><strong>vel</strong></span> <span class='ocrx_word' id='word_1_340' title='bbox 1431 3325 1571 3405; x_wconf 87' lang='lat' dir='ltr'><strong>ejus</strong></span> <span class='ocrx_word' id='word_1_341' title='bbox 1612 3325 1880 3388; x_wconf 89' lang='lat' dir='ltr'><strong>intentio</strong></span> <span class='ocrx_word' id='word_1_342' title='bbox 1924 3325 2120 3388; x_wconf 83' lang='lat' dir='ltr'><strong>fuerit</strong></span> <span class='ocrx_word' id='word_1_343' title='bbox 2156 3328 2295 3389; x_wconf 88' lang='lat' dir='ltr'><strong>abs·</strong></span> 
     </span>
     <span class='ocr_line' id='line_1_54' title="bbox 796 3422 2294 3506; baseline 0.002 -23"><span class='ocrx_word' id='word_1_344' title='bbox 796 3441 923 3503; x_wconf 91' lang='lat' dir='ltr'><strong>que</strong></span> <span class='ocrx_word' id='word_1_345' title='bbox 961 3440 1176 3485; x_wconf 90' lang='lat' dir='ltr'><strong>errore</strong></span> <span class='ocrx_word' id='word_1_346' title='bbox 1218 3430 1279 3485; x_wconf 90' lang='lat' dir='ltr'><strong>et</strong></span> <span class='ocrx_word' id='word_1_347' title='bbox 1317 3422 1716 3504; x_wconf 89' lang='lat' dir='ltr'><strong>obliquitate,</strong></span> <span class='ocrx_word' id='word_1_348' title='bbox 1760 3423 1878 3485; x_wconf 91' lang='lat' dir='ltr'><strong>hoc</strong></span> <span class='ocrx_word' id='word_1_349' title='bbox 1917 3431 2012 3485; x_wconf 91' lang='lat' dir='ltr'><strong>est</strong></span> <span class='ocrx_word' id='word_1_350' title='bbox 2049 3424 2294 3506; x_wconf 88' lang='lat' dir='ltr'><strong>absque</strong></span> 
     </span>
     <span class='ocr_line' id='line_1_55' title="bbox 796 3521 2296 3605; baseline 0.001 -22"><span class='ocrx_word' id='word_1_351' title='bbox 796 3521 1188 3603; x_wconf 86' lang='lat' dir='ltr'><strong>duplicitatis</strong></span> <span class='ocrx_word' id='word_1_352' title='bbox 1225 3540 1336 3583; x_wconf 90' lang='lat' dir='ltr'><strong>seu</strong></span> <span class='ocrx_word' id='word_1_353' title='bbox 1377 3522 1801 3585; x_wconf 88' lang='lat' dir='ltr'><strong>simulationis</strong></span> <span class='ocrx_word' id='word_1_354' title='bbox 1833 3522 1967 3584; x_wconf 86' lang='lat' dir='ltr'><strong>sive</strong></span> <span class='ocrx_word' id='word_1_355' title='bbox 2002 3522 2296 3605; x_wconf 88' lang='lat' dir='ltr'><strong>hypocri-</strong></span> 
     </span>
     <span class='ocr_line' id='line_1_56' title="bbox 798 3620 2289 3701; baseline 0.001 -20"><span class='ocrx_word' id='word_1_356' title='bbox 798 3620 884 3681; x_wconf 89' lang='lat' dir='ltr'><strong>sis</strong></span> <span class='ocrx_word' id='word_1_357' title='bbox 939 3620 1102 3701; x_wconf 88' lang='lat' dir='ltr'><strong>plica</strong></span> <span class='ocrx_word' id='word_1_358' title='bbox 1151 3626 1212 3681; x_wconf 88' lang='lat' dir='ltr'><strong>et</strong></span> <span class='ocrx_word' id='word_1_359' title='bbox 1261 3621 1529 3694; x_wconf 85' lang='lat' dir='ltr'><strong>macula,</strong></span> <span class='ocrx_word' id='word_1_360' title='bbox 1579 3629 1783 3680; x_wconf 76' lang='lat' dir='ltr'><strong>locum</strong></span> <span class='ocrx_word' id='word_1_361' title='bbox 1829 3640 2057 3697; x_wconf 78' lang='lat' dir='ltr'><strong>corpus</strong></span> <span class='ocrx_word' id='word_1_362' title='bbox 2107 3630 2289 3683; x_wconf 80' lang='lat' dir='ltr'><strong>cuum</strong></span> 
     </span>
     <span class='ocr_line' id='line_1_57' title="bbox 799 3718 2294 3791; baseline 0.002 -14"><span class='ocrx_word' id='word_1_363' title='bbox 799 3720 1084 3779; x_wconf 80' lang='lat' dir='ltr'><strong>lucidum</strong></span> <span class='ocrx_word' id='word_1_364' title='bbox 1115 3721 1265 3787; x_wconf 84' lang='lat' dir='ltr'><strong>erit,</strong></span> <span class='ocrx_word' id='word_1_365' title='bbox 1296 3718 1360 3780; x_wconf 93' lang='lat' dir='ltr'><strong>id</strong></span> <span class='ocrx_word' id='word_1_366' title='bbox 1389 3726 1505 3791; x_wconf 92' lang='lat' dir='ltr'><strong>est,</strong></span> <span class='ocrx_word' id='word_1_367' title='bbox 1541 3725 1668 3781; x_wconf 89' lang='lat' dir='ltr'><strong>tota</strong></span> <span class='ocrx_word' id='word_1_368' title='bbox 1705 3719 1917 3780; x_wconf 90' lang='lat' dir='ltr'><strong>anima</strong></span> <span class='ocrx_word' id='word_1_369' title='bbox 1949 3726 2118 3781; x_wconf 91' lang='lat' dir='ltr'><strong>recte</strong></span> <span class='ocrx_word' id='word_1_370' title='bbox 2147 3719 2294 3781; x_wconf 90' lang='lat' dir='ltr'><strong>diri-</strong></span> 
     </span>
     <span class='ocr_line' id='line_1_58' title="bbox 794 3816 2293 3899; baseline 0.001 -22"><span class='ocrx_word' id='word_1_371' title='bbox 794 3824 980 3897; x_wconf 89' lang='lat' dir='ltr'><strong>getur</strong></span> <span class='ocrx_word' id='word_1_372' title='bbox 1007 3817 1086 3878; x_wconf 89' lang='lat' dir='ltr'><strong>ab</strong></span> <span class='ocrx_word' id='word_1_373' title='bbox 1118 3816 1468 3890; x_wconf 91' lang='lat' dir='ltr'><strong>intellectu,</strong></span> <span class='ocrx_word' id='word_1_374' title='bbox 1503 3825 1567 3878; x_wconf 88' lang='lat' dir='ltr'><strong>et</strong></span> <span class='ocrx_word' id='word_1_375' title='bbox 1602 3816 1745 3879; x_wconf 89' lang='lat' dir='ltr'><strong>luce</strong></span> <span class='ocrx_word' id='word_1_376' title='bbox 1786 3817 2115 3899; x_wconf 81' lang='lat' dir='ltr'><strong>sapientiae</strong></span> <span class='ocrx_word' id='word_1_377' title='bbox 2152 3818 2293 3898; x_wconf 90' lang='lat' dir='ltr'><strong>ejus</strong></span> 
     </span>
     <span class='ocr_line' id='line_1_59' title="bbox 797 3916 2293 3997; baseline 0.001 -20"><span class='ocrx_word' id='word_1_378' title='bbox 797 3916 1139 3995; x_wconf 81' lang='lat' dir='ltr'><strong>clarescet3</strong></span> <span class='ocrx_word' id='word_1_379' title='bbox 1173 3933 1440 3997; x_wconf 89' lang='lat' dir='ltr'><strong>operum</strong></span> <span class='ocrx_word' id='word_1_380' title='bbox 1471 3933 1730 3996; x_wconf 91' lang='lat' dir='ltr'><strong>quoque</strong></span> <span class='ocrx_word' id='word_1_381' title='bbox 1760 3916 2108 3996; x_wconf 81' lang='lat' dir='ltr'><strong>congerieS,</strong></span> <span class='ocrx_word' id='word_1_382' title='bbox 2145 3934 2293 3979; x_wconf 86' lang='lat' dir='ltr'><strong>vere</strong></span> 
     </span>
     <span class='ocr_line' id='line_1_60' title="bbox 801 4013 2295 4096; baseline 0 -21"><span class='ocrx_word' id='word_1_383' title='bbox 801 4014 1079 4077; x_wconf 83' lang='lat' dir='ltr'><strong>virtuosa</strong></span> <span class='ocrx_word' id='word_1_384' title='bbox 1117 4013 1440 4088; x_wconf 89' lang='lat' dir='ltr'><strong>consistet,</strong></span> <span class='ocrx_word' id='word_1_385' title='bbox 1482 4014 1635 4094; x_wconf 89' lang='lat' dir='ltr'><strong>quia</strong></span> <span class='ocrx_word' id='word_1_386' title='bbox 1671 4014 1938 4077; x_wconf 89' lang='lat' dir='ltr'><strong>intentio</strong></span> <span class='ocrx_word' id='word_1_387' title='bbox 1979 4014 2295 4096; x_wconf 90' lang='lat' dir='ltr'><strong>imprimit</strong></span> 
     </span>
     <span class='ocr_line' id='line_1_61' title="bbox 801 4110 2187 4192; baseline 0 -20"><span class='ocrx_word' id='word_1_388' title='bbox 801 4112 1078 4191; x_wconf 88' lang='lat' dir='ltr'><strong>speciem</strong></span> <span class='ocrx_word' id='word_1_389' title='bbox 1122 4110 1322 4192; x_wconf 89' lang='lat' dir='ltr'><strong>operi,</strong></span> <span class='ocrx_word' id='word_1_390' title='bbox 1359 4112 1714 4173; x_wconf 86' lang='lat' dir='ltr'><strong>secundum</strong></span> <span class='ocrx_word' id='word_1_391' title='bbox 1757 4110 2187 4174; x_wconf 81' lang='lat' dir='ltr'><strong>Ambrosium.</strong></span> 
     </span>
    </p>
   </div>
   <div class='ocr_carea' id='block_1_14' title="bbox 2400 3131 3906 4196">
    <p class='ocr_par' dir='ltr' id='par_1_17' title="bbox 2400 3131 3906 4196">
     <span class='ocr_line' id='line_1_62' title="bbox 2400 3131 3903 3215; baseline 0 -20"><span class='ocrx_word' id='word_1_392' title='bbox 2400 3152 2582 3197; x_wconf 90' lang='lat' dir='ltr'><strong>orum</strong></span> <span class='ocrx_word' id='word_1_393' title='bbox 2612 3139 2673 3195; x_wconf 89' lang='lat' dir='ltr'><strong>et</strong></span> <span class='ocrx_word' id='word_1_394' title='bbox 2702 3131 3199 3212; x_wconf 88' lang='lat' dir='ltr'><strong>ignorantiarum</strong></span> <span class='ocrx_word' id='word_1_395' title='bbox 3230 3132 3642 3214; x_wconf 88' lang='lat' dir='ltr'><strong>implebitur:</strong></span> <span class='ocrx_word' id='word_1_396' title='bbox 3672 3152 3903 3215; x_wconf 90' lang='lat' dir='ltr'><strong>nempe</strong></span> 
     </span>
     <span class='ocr_line' id='line_1_63' title="bbox 2404 3230 3904 3313; baseline 0.001 -20"><span class='ocrx_word' id='word_1_397' title='bbox 2404 3232 2456 3293; x_wconf 92' lang='lat' dir='ltr'><strong>si</strong></span> <span class='ocrx_word' id='word_1_398' title='bbox 2500 3249 2693 3313; x_wconf 87' lang='lat' dir='ltr'><strong>prava</strong></span> <span class='ocrx_word' id='word_1_399' title='bbox 2733 3231 3048 3312; x_wconf 81' lang='lat' dir='ltr'><strong>praecedat</strong></span> <span class='ocrx_word' id='word_1_400' title='bbox 3086 3230 3377 3305; x_wconf 89' lang='lat' dir='ltr'><strong>intentio,</strong></span> <span class='ocrx_word' id='word_1_401' title='bbox 3411 3249 3573 3313; x_wconf 90' lang='lat' dir='ltr'><strong>opus</strong></span> <span class='ocrx_word' id='word_1_402' title='bbox 3613 3232 3904 3313; x_wconf 90' lang='lat' dir='ltr'><strong>sequitur</strong></span> 
     </span>
     <span class='ocr_line' id='line_1_64' title="bbox 2407 3326 3897 3411; baseline -0.001 -19"><span class='ocrx_word' id='word_1_403' title='bbox 2407 3329 2731 3401; x_wconf 87' lang='lat' dir='ltr'><strong>vitiosum,</strong></span> <span class='ocrx_word' id='word_1_404' title='bbox 2765 3328 3059 3409; x_wconf 85' lang='lat' dir='ltr'><strong>quamvis</strong></span> <span class='ocrx_word' id='word_1_405' title='bbox 3103 3326 3260 3390; x_wconf 83' lang='lat' dir='ltr'><strong>foris</strong></span> <span class='ocrx_word' id='word_1_406' title='bbox 3299 3328 3541 3391; x_wconf 90' lang='lat' dir='ltr'><strong>bonum</strong></span> <span class='ocrx_word' id='word_1_407' title='bbox 3578 3336 3897 3411; x_wconf 89' lang='lat' dir='ltr'><strong>appareat,</strong></span> 
     </span>
     <span class='ocr_line' id='line_1_65' title="bbox 2404 3425 3906 3508; baseline 0.001 -20"><span class='ocrx_word' id='word_1_408' title='bbox 2404 3435 2476 3488; x_wconf 90' lang='lat' dir='ltr'><strong>ut</strong></span> <span class='ocrx_word' id='word_1_409' title='bbox 2513 3426 2565 3489; x_wconf 91' lang='lat' dir='ltr'><strong>si</strong></span> <span class='ocrx_word' id='word_1_410' title='bbox 2597 3426 2745 3507; x_wconf 90' lang='lat' dir='ltr'><strong>quis</strong></span> <span class='ocrx_word' id='word_1_411' title='bbox 2785 3426 3253 3508; x_wconf 83' lang='lat' dir='ltr'><strong>eleemosynam</strong></span> <span class='ocrx_word' id='word_1_412' title='bbox 3299 3425 3540 3488; x_wconf 89' lang='lat' dir='ltr'><strong>tribuat</strong></span> <span class='ocrx_word' id='word_1_413' title='bbox 3578 3446 3657 3488; x_wconf 82' lang='lat' dir='ltr'><strong>ex</strong></span> <span class='ocrx_word' id='word_1_414' title='bbox 3700 3427 3906 3489; x_wconf 87' lang='lat' dir='ltr'><strong>inten-</strong></span> 
     </span>
     <span class='ocr_line' id='line_1_66' title="bbox 2406 3523 3901 3599; baseline 0 -12"><span class='ocrx_word' id='word_1_415' title='bbox 2406 3526 2576 3589; x_wconf 90' lang='lat' dir='ltr'><strong>tione</strong></span> <span class='ocrx_word' id='word_1_416' title='bbox 2626 3524 2833 3585; x_wconf 89' lang='lat' dir='ltr'><strong>laudis</strong></span> <span class='ocrx_word' id='word_1_417' title='bbox 2883 3523 3201 3586; x_wconf 81' lang='lat' dir='ltr'><strong>humanae.</strong></span> <span class='ocrx_word' id='word_1_418' title='bbox 3245 3524 3507 3599; x_wconf 90' lang='lat' dir='ltr'><strong>ldcirco,</strong></span> <span class='ocrx_word' id='word_1_419' title='bbox 3550 3526 3901 3587; x_wconf 89' lang='lat' dir='ltr'><strong>secundum</strong></span> 
     </span>
     <span class='ocr_line' id='line_1_67' title="bbox 2404 3622 3905 3704; baseline 0.001 -20"><span class='ocrx_word' id='word_1_420' title='bbox 2404 3622 2856 3704; x_wconf 84' lang='lat' dir='ltr'><strong>Augustinum,</strong></span> <span class='ocrx_word' id='word_1_421' title='bbox 2886 3622 3093 3703; x_wconf 89' lang='lat' dir='ltr'><strong>primo</strong></span> <span class='ocrx_word' id='word_1_422' title='bbox 3124 3623 3477 3684; x_wconf 87' lang='lat' dir='ltr'><strong>curandum</strong></span> <span class='ocrx_word' id='word_1_423' title='bbox 3509 3630 3605 3684; x_wconf 90' lang='lat' dir='ltr'><strong>est</strong></span> <span class='ocrx_word' id='word_1_424' title='bbox 3636 3630 3706 3685; x_wconf 88' lang='lat' dir='ltr'><strong>ut</strong></span> <span class='ocrx_word' id='word_1_425' title='bbox 3736 3632 3905 3686; x_wconf 84' lang='lat' dir='ltr'><strong>recta</strong></span> 
     </span>
     <span class='ocr_line' id='line_1_68' title="bbox 2404 3720 3904 3803; baseline 0.001 -20"><span class='ocrx_word' id='word_1_426' title='bbox 2404 3721 2488 3783; x_wconf 91' lang='lat' dir='ltr'><strong>sit</strong></span> <span class='ocrx_word' id='word_1_427' title='bbox 2526 3720 2757 3783; x_wconf 91' lang='lat' dir='ltr'><strong>mentis</strong></span> <span class='ocrx_word' id='word_1_428' title='bbox 2798 3720 3090 3791; x_wconf 89' lang='lat' dir='ltr'><strong>intentio,</strong></span> <span class='ocrx_word' id='word_1_429' title='bbox 3134 3727 3196 3782; x_wconf 91' lang='lat' dir='ltr'><strong>et</strong></span> <span class='ocrx_word' id='word_1_430' title='bbox 3235 3739 3315 3782; x_wconf 92' lang='lat' dir='ltr'><strong>ne</strong></span> <span class='ocrx_word' id='word_1_431' title='bbox 3356 3720 3717 3783; x_wconf 89' lang='lat' dir='ltr'><strong>intellectus</strong></span> <span class='ocrx_word' id='word_1_432' title='bbox 3760 3740 3904 3803; x_wconf 89' lang='lat' dir='ltr'><strong>pec-</strong></span> 
     </span>
     <span class='ocr_line' id='line_1_69' title="bbox 2404 3817 3899 3902; baseline 0.001 -20"><span class='ocrx_word' id='word_1_433' title='bbox 2404 3820 2561 3882; x_wconf 89' lang='lat' dir='ltr'><strong>catis</strong></span> <span class='ocrx_word' id='word_1_434' title='bbox 2590 3838 2665 3881; x_wconf 84' lang='lat' dir='ltr'><strong>ac</strong></span> <span class='ocrx_word' id='word_1_435' title='bbox 2706 3818 3112 3901; x_wconf 90' lang='lat' dir='ltr'><strong>passionibus</strong></span> <span class='ocrx_word' id='word_1_436' title='bbox 3151 3817 3549 3895; x_wconf 88' lang='lat' dir='ltr'><strong>obscuretur,</strong></span> <span class='ocrx_word' id='word_1_437' title='bbox 3584 3820 3805 3902; x_wconf 88' lang='lat' dir='ltr'><strong>sicque</strong></span> <span class='ocrx_word' id='word_1_438' title='bbox 3836 3821 3899 3883; x_wconf 88' lang='lat' dir='ltr'><strong>in</strong></span> 
     </span>
     <span class='ocr_line' id='line_1_70' title="bbox 2401 3917 3901 4000; baseline 0.001 -20"><span class='ocrx_word' id='word_1_439' title='bbox 2401 3919 2745 4000; x_wconf 88' lang='lat' dir='ltr'><strong>judicando</strong></span> <span class='ocrx_word' id='word_1_440' title='bbox 2805 3918 2888 3979; x_wconf 88' lang='lat' dir='ltr'><strong>sit</strong></span> <span class='ocrx_word' id='word_1_441' title='bbox 2943 3936 3185 3979; x_wconf 90' lang='lat' dir='ltr'><strong>errans.</strong></span> <span class='ocrx_word' id='word_1_442' title='bbox 3245 3917 3608 3981; x_wconf 85' lang='lat' dir='ltr'><strong>Intellectus</strong></span> <span class='ocrx_word' id='word_1_443' title='bbox 3665 3919 3901 3981; x_wconf 88' lang='lat' dir='ltr'><strong>etenim</strong></span> 
     </span>
     <span class='ocr_line' id='line_1_71' title="bbox 2402 4016 3903 4097; baseline 0.001 -18"><span class='ocrx_word' id='word_1_444' title='bbox 2402 4017 2593 4079; x_wconf 88' lang='lat' dir='ltr'><strong>habet</strong></span> <span class='ocrx_word' id='word_1_445' title='bbox 2632 4016 2837 4097; x_wconf 87' lang='lat' dir='ltr'><strong>ipsam</strong></span> <span class='ocrx_word' id='word_1_446' title='bbox 2880 4016 3297 4089; x_wconf 87' lang='lat' dir='ltr'><strong>voluntatem,</strong></span> <span class='ocrx_word' id='word_1_447' title='bbox 3331 4035 3477 4097; x_wconf 85' lang='lat' dir='ltr'><strong>quae</strong></span> <span class='ocrx_word' id='word_1_448' title='bbox 3516 4017 3595 4079; x_wconf 89' lang='lat' dir='ltr'><strong>de</strong></span> <span class='ocrx_word' id='word_1_449' title='bbox 3635 4035 3701 4079; x_wconf 91' lang='lat' dir='ltr'><strong>se</strong></span> <span class='ocrx_word' id='word_1_450' title='bbox 3740 4036 3903 4080; x_wconf 80' lang='lat' dir='ltr'><strong>caeca</strong></span> 
     </span>
     <span class='ocr_line' id='line_1_72' title="bbox 2401 4115 3901 4196; baseline -0.001 -18"><span class='ocrx_word' id='word_1_451' title='bbox 2401 4116 2727 4187; x_wconf 88' lang='lat' dir='ltr'><strong>asseritur,</strong></span> <span class='ocrx_word' id='word_1_452' title='bbox 2750 4132 2971 4178; x_wconf 91' lang='lat' dir='ltr'><strong>omnes</strong></span> <span class='ocrx_word' id='word_1_453' title='bbox 3003 4132 3262 4196; x_wconf 92' lang='lat' dir='ltr'><strong>quoque</strong></span> <span class='ocrx_word' id='word_1_454' title='bbox 3292 4115 3446 4177; x_wconf 89' lang='lat' dir='ltr'><strong>alias</strong></span> <span class='ocrx_word' id='word_1_455' title='bbox 3475 4115 3704 4178; x_wconf 83' lang='lat' dir='ltr'><strong>animae</strong></span> <span class='ocrx_word' id='word_1_456' title='bbox 3736 4116 3901 4180; x_wconf 87' lang='lat' dir='ltr'><strong>vires</strong></span> 
     </span>
    </p>
   </div>
   <div class='ocr_carea' id='block_1_15' title="bbox 882 4208 3283 4293">
    <p class='ocr_par' dir='ltr' id='par_1_18' title="bbox 882 4208 3283 4293">
     <span class='ocr_line' id='line_1_73' title="bbox 882 4208 3283 4293; baseline 0.001 -23"><span class='ocrx_word' id='word_1_457' title='bbox 882 4208 1185 4289; x_wconf 88' lang='lat' dir='ltr'><strong>Denique,</strong></span> <span class='ocrx_word' id='word_1_458' title='bbox 1230 4216 1300 4269; x_wconf 88' lang='lat' dir='ltr'><strong>ut</strong></span> <span class='ocrx_word' id='word_1_459' title='bbox 1341 4208 1563 4270; x_wconf 89' lang='lat' dir='ltr'><strong>scribit</strong></span> <span class='ocrx_word' id='word_1_460' title='bbox 1605 4209 1709 4270; x_wconf 92' lang='lat' dir='ltr'><strong>hic</strong></span> <span class='ocrx_word' id='word_1_461' title='bbox 1757 4208 1970 4283; x_wconf 88' lang='lat' dir='ltr'><strong>Gorra,</strong></span> <span class='ocrx_word' id='word_1_462' title='bbox 2025 4210 2294 4274; x_wconf 88' lang='lat' dir='ltr'><strong>intentio</strong></span> <span class='ocrx_word' id='word_1_463' title='bbox 2325 4216 2374 4277; x_wconf 92' lang='lat' dir='ltr'>D</span> <span class='ocrx_word' id='word_1_464' title='bbox 2404 4214 2467 4275; x_wconf 91' lang='lat' dir='ltr'><strong>in</strong></span> <span class='ocrx_word' id='word_1_465' title='bbox 2513 4213 2762 4275; x_wconf 88' lang='lat' dir='ltr'><strong>actibus</strong></span> <span class='ocrx_word' id='word_1_466' title='bbox 2810 4213 2943 4274; x_wconf 91' lang='lat' dir='ltr'><strong>suis</strong></span> <span class='ocrx_word' id='word_1_467' title='bbox 2987 4212 3283 4293; x_wconf 86' lang='lat' dir='ltr'><strong>dirigere.</strong></span> 
     </span>
    </p>
   </div>
   <div class='ocr_carea' id='block_1_16' title="bbox 799 4306 2301 5373">
    <p class='ocr_par' dir='ltr' id='par_1_19' title="bbox 799 4306 2301 5373">
     <span class='ocr_line' id='line_1_74' title="bbox 799 4306 2294 4389; baseline 0.002 -21"><span class='ocrx_word' id='word_1_468' title='bbox 799 4307 1142 4389; x_wconf 89' lang='lat' dir='ltr'><strong>dupliciter</strong></span> <span class='ocrx_word' id='word_1_469' title='bbox 1171 4306 1404 4369; x_wconf 91' lang='lat' dir='ltr'><strong>dicitur</strong></span> <span class='ocrx_word' id='word_1_470' title='bbox 1439 4326 1452 4369; x_wconf 91' lang='lat'>:</span> <span class='ocrx_word' id='word_1_471' title='bbox 1491 4327 1616 4371; x_wconf 90' lang='lat' dir='ltr'><strong>uno</strong></span> <span class='ocrx_word' id='word_1_472' title='bbox 1647 4308 1855 4381; x_wconf 91' lang='lat' dir='ltr'><strong>m0d0,</strong></span> <span class='ocrx_word' id='word_1_473' title='bbox 1881 4316 2092 4371; x_wconf 90' lang='lat' dir='ltr'><strong>motus</strong></span> <span class='ocrx_word' id='word_1_474' title='bbox 2122 4328 2294 4371; x_wconf 91' lang='lat' dir='ltr'><strong>men-</strong></span> 
     </span>
     <span class='ocr_line' id='line_1_75' title="bbox 800 4406 2290 4490; baseline 0.003 -22"><span class='ocrx_word' id='word_1_475' title='bbox 800 4408 880 4469; x_wconf 87' lang='lat' dir='ltr'><strong>tis</strong></span> <span class='ocrx_word' id='word_1_476' title='bbox 917 4408 1270 4470; x_wconf 87' lang='lat' dir='ltr'><strong>ordinantis</strong></span> <span class='ocrx_word' id='word_1_477' title='bbox 1319 4427 1480 4490; x_wconf 92' lang='lat' dir='ltr'><strong>opus</strong></span> <span class='ocrx_word' id='word_1_478' title='bbox 1521 4408 1585 4469; x_wconf 89' lang='lat' dir='ltr'><strong>in</strong></span> <span class='ocrx_word' id='word_1_479' title='bbox 1629 4406 1873 4488; x_wconf 83' lang='lat' dir='ltr'><strong>finem3</strong></span> <span class='ocrx_word' id='word_1_480' title='bbox 1914 4408 2039 4470; x_wconf 88' lang='lat' dir='ltr'><strong>alio</strong></span> <span class='ocrx_word' id='word_1_481' title='bbox 2080 4411 2290 4485; x_wconf 89' lang='lat' dir='ltr'><strong>mod0‚</strong></span> 
     </span>
     <span class='ocr_line' id='line_1_76' title="bbox 801 4505 2296 4589; baseline 0.001 -21"><span class='ocrx_word' id='word_1_482' title='bbox 801 4507 940 4589; x_wconf 90' lang='lat' dir='ltr'><strong>ipse</strong></span> <span class='ocrx_word' id='word_1_483' title='bbox 967 4505 1119 4568; x_wconf 83' lang='lat' dir='ltr'><strong>finis</strong></span> <span class='ocrx_word' id='word_1_484' title='bbox 1153 4506 1456 4581; x_wconf 81' lang='lat' dir='ltr'><strong>intentuS,</strong></span> <span class='ocrx_word' id='word_1_485' title='bbox 1489 4507 1567 4567; x_wconf 89' lang='lat' dir='ltr'><strong>ad</strong></span> <span class='ocrx_word' id='word_1_486' title='bbox 1598 4523 1794 4587; x_wconf 91' lang='lat' dir='ltr'><strong>quem</strong></span> <span class='ocrx_word' id='word_1_487' title='bbox 1825 4523 2006 4568; x_wconf 89' lang='lat' dir='ltr'><strong>mens</strong></span> <span class='ocrx_word' id='word_1_488' title='bbox 2045 4508 2296 4570; x_wconf 89' lang='lat' dir='ltr'><strong>ordinat</strong></span> 
     </span>
     <span class='ocr_line' id='line_1_77' title="bbox 799 4604 2295 4687; baseline -0.001 -18"><span class='ocrx_word' id='word_1_489' title='bbox 799 4624 992 4687; x_wconf 88' lang='lat' dir='ltr'><strong>opera</strong></span> <span class='ocrx_word' id='word_1_490' title='bbox 1031 4624 1164 4667; x_wconf 91' lang='lat' dir='ltr'><strong>sua.</strong></span> <span class='ocrx_word' id='word_1_491' title='bbox 1207 4606 1423 4686; x_wconf 88' lang='lat' dir='ltr'><strong>Itaque</strong></span> <span class='ocrx_word' id='word_1_492' title='bbox 1464 4606 1540 4666; x_wconf 88' lang='lat' dir='ltr'><strong>de</strong></span> <span class='ocrx_word' id='word_1_493' title='bbox 1583 4604 1936 4666; x_wconf 89' lang='lat' dir='ltr'><strong>intentione</strong></span> <span class='ocrx_word' id='word_1_494' title='bbox 1976 4604 2295 4687; x_wconf 91' lang='lat' dir='ltr'><strong>loquendo</strong></span> 
     </span>
     <span class='ocr_line' id='line_1_78' title="bbox 802 4701 2297 4786; baseline 0.001 -22"><span class='ocrx_word' id='word_1_495' title='bbox 802 4704 1010 4786; x_wconf 92' lang='lat' dir='ltr'><strong>primo</strong></span> <span class='ocrx_word' id='word_1_496' title='bbox 1042 4703 1248 4775; x_wconf 89' lang='lat' dir='ltr'><strong>modo,</strong></span> <span class='ocrx_word' id='word_1_497' title='bbox 1274 4720 1351 4763; x_wconf 84' lang='lat' dir='ltr'><strong>ex</strong></span> <span class='ocrx_word' id='word_1_498' title='bbox 1381 4702 1520 4783; x_wconf 88' lang='lat' dir='ltr'><strong>ipsa</strong></span> <span class='ocrx_word' id='word_1_499' title='bbox 1551 4701 1902 4765; x_wconf 87' lang='lat' dir='ltr'><strong>intentione</strong></span> <span class='ocrx_word' id='word_1_500' title='bbox 1929 4702 2297 4782; x_wconf 85' lang='lat' dir='ltr'><strong>judicantur</strong></span> 
     </span>
     <span class='ocr_line' id='line_1_79' title="bbox 801 4800 2299 4883; baseline 0 -18"><span class='ocrx_word' id='word_1_501' title='bbox 801 4820 994 4883; x_wconf 90' lang='lat' dir='ltr'><strong>opera</strong></span> <span class='ocrx_word' id='word_1_502' title='bbox 1031 4800 1166 4863; x_wconf 89' lang='lat' dir='ltr'><strong>sive</strong></span> <span class='ocrx_word' id='word_1_503' title='bbox 1204 4800 1366 4861; x_wconf 86' lang='lat' dir='ltr'><strong>bona</strong></span> <span class='ocrx_word' id='word_1_504' title='bbox 1408 4800 1542 4861; x_wconf 89' lang='lat' dir='ltr'><strong>sive</strong></span> <span class='ocrx_word' id='word_1_505' title='bbox 1580 4800 1746 4862; x_wconf 88' lang='lat' dir='ltr'><strong>mala</strong></span> <span class='ocrx_word' id='word_1_506' title='bbox 1779 4819 1794 4862; x_wconf 75' lang='grc' dir='ltr'>ε</span> <span class='ocrx_word' id='word_1_507' title='bbox 1831 4820 1976 4864; x_wconf 89' lang='lat' dir='ltr'><strong>nam</strong></span> <span class='ocrx_word' id='word_1_508' title='bbox 2018 4801 2126 4863; x_wconf 89' lang='lat' dir='ltr'><strong>ille</strong></span> <span class='ocrx_word' id='word_1_509' title='bbox 2166 4820 2299 4865; x_wconf 91' lang='lat' dir='ltr'><strong>mo-</strong></span> 
     </span>
     <span class='ocr_line' id='line_1_80' title="bbox 804 4897 2299 4980; baseline 0.001 -19"><span class='ocrx_word' id='word_1_510' title='bbox 804 4908 903 4961; x_wconf 92' lang='lat' dir='ltr'><strong>tus</strong></span> <span class='ocrx_word' id='word_1_511' title='bbox 934 4898 1165 4960; x_wconf 88' lang='lat' dir='ltr'><strong>mentis</strong></span> <span class='ocrx_word' id='word_1_512' title='bbox 1198 4897 1291 4959; x_wconf 92' lang='lat' dir='ltr'><strong>sic</strong></span> <span class='ocrx_word' id='word_1_513' title='bbox 1317 4898 1670 4959; x_wconf 88' lang='lat' dir='ltr'><strong>ordinantis</strong></span> <span class='ocrx_word' id='word_1_514' title='bbox 1701 4918 2033 4980; x_wconf 88' lang='lat' dir='ltr'><strong>nunquam</strong></span> <span class='ocrx_word' id='word_1_515' title='bbox 2063 4908 2160 4961; x_wconf 90' lang='lat' dir='ltr'><strong>est</strong></span> <span class='ocrx_word' id='word_1_516' title='bbox 2188 4900 2299 4963; x_wconf 90' lang='lat' dir='ltr'><strong>bo-</strong></span> 
     </span>
     <span class='ocr_line' id='line_1_81' title="bbox 803 4994 2297 5077; baseline 0.001 -18"><span class='ocrx_word' id='word_1_517' title='bbox 803 5016 948 5071; x_wconf 90' lang='lat' dir='ltr'><strong>nus,</strong></span> <span class='ocrx_word' id='word_1_518' title='bbox 1003 4996 1125 5057; x_wconf 91' lang='lat' dir='ltr'><strong>nisi</strong></span> <span class='ocrx_word' id='word_1_519' title='bbox 1185 4996 1338 5059; x_wconf 93' lang='lat' dir='ltr'><strong>ordo</strong></span> <span class='ocrx_word' id='word_1_520' title='bbox 1396 4994 1476 5056; x_wconf 88' lang='lat' dir='ltr'><strong>sit</strong></span> <span class='ocrx_word' id='word_1_521' title='bbox 1529 5003 1780 5077; x_wconf 86' lang='lat' dir='ltr'><strong>rectus;</strong></span> <span class='ocrx_word' id='word_1_522' title='bbox 1835 5015 1953 5059; x_wconf 91' lang='lat' dir='ltr'><strong>nec</strong></span> <span class='ocrx_word' id='word_1_523' title='bbox 2001 4999 2154 5062; x_wconf 88' lang='lat' dir='ltr'><strong>ordo</strong></span> <span class='ocrx_word' id='word_1_524' title='bbox 2204 5007 2297 5060; x_wconf 91' lang='lat' dir='ltr'><strong>est</strong></span> 
     </span>
     <span class='ocr_line' id='line_1_82' title="bbox 807 5093 2300 5169; baseline 0.001 -12"><span class='ocrx_word' id='word_1_525' title='bbox 807 5102 1037 5169; x_wconf 82' lang='lat' dir='ltr'><strong>rectuS,</strong></span> <span class='ocrx_word' id='word_1_526' title='bbox 1091 5094 1215 5156; x_wconf 89' lang='lat' dir='ltr'><strong>nisi</strong></span> <span class='ocrx_word' id='word_1_527' title='bbox 1270 5093 1724 5155; x_wconf 88' lang='lat' dir='ltr'><strong>convenienter</strong></span> <span class='ocrx_word' id='word_1_528' title='bbox 1771 5095 2147 5157; x_wconf 88' lang='lat' dir='ltr'><strong>ordinentur</strong></span> <span class='ocrx_word' id='word_1_529' title='bbox 2194 5116 2300 5159; x_wconf 88' lang='lat' dir='ltr'><strong>ex-</strong></span> 
     </span>
     <span class='ocr_line' id='line_1_83' title="bbox 807 5191 2301 5259; baseline 0.001 -4"><span class='ocrx_word' id='word_1_530' title='bbox 807 5202 1028 5255; x_wconf 84' lang='lat' dir='ltr'><strong>trema.</strong></span> <span class='ocrx_word' id='word_1_531' title='bbox 1081 5191 1201 5254; x_wconf 87' lang='lat' dir='ltr'><strong>Sed</strong></span> <span class='ocrx_word' id='word_1_532' title='bbox 1257 5192 1538 5254; x_wconf 91' lang='lat' dir='ltr'><strong>secundo</strong></span> <span class='ocrx_word' id='word_1_533' title='bbox 1589 5193 1775 5255; x_wconf 91' lang='lat' dir='ltr'><strong>modo</strong></span> <span class='ocrx_word' id='word_1_534' title='bbox 1823 5194 1900 5254; x_wconf 92' lang='lat' dir='ltr'><strong>de</strong></span> <span class='ocrx_word' id='word_1_535' title='bbox 1947 5194 2301 5259; x_wconf 88' lang='lat' dir='ltr'><strong>intentione</strong></span> 
     </span>
     <span class='ocr_line' id='line_1_84' title="bbox 809 5288 2301 5373; baseline 0.001 -19"><span class='ocrx_word' id='word_1_536' title='bbox 809 5292 1152 5373; x_wconf 90' lang='lat' dir='ltr'><strong>loquend0,</strong></span> <span class='ocrx_word' id='word_1_537' title='bbox 1186 5308 1312 5354; x_wconf 88' lang='lat' dir='ltr'><strong>non</strong></span> <span class='ocrx_word' id='word_1_538' title='bbox 1353 5288 1568 5353; x_wconf 87' lang='lat' dir='ltr'><strong>omnia</strong></span> <span class='ocrx_word' id='word_1_539' title='bbox 1604 5308 1796 5371; x_wconf 87' lang='lat' dir='ltr'><strong>opera</strong></span> <span class='ocrx_word' id='word_1_540' title='bbox 1833 5310 1912 5353; x_wconf 84' lang='lat' dir='ltr'><strong>ex</strong></span> <span class='ocrx_word' id='word_1_541' title='bbox 1951 5291 2301 5357; x_wconf 87' lang='lat' dir='ltr'><strong>intentione</strong></span> 
     </span>
    </p>
   </div>
   <div class='ocr_carea' id='block_1_17' title="bbox 2404 4311 3901 4590">
    <p class='ocr_par' dir='ltr' id='par_1_20' title="bbox 2404 4311 3901 4590">
     <span class='ocr_line' id='line_1_85' title="bbox 2490 4311 3899 4394; baseline 0.001 -22"><span class='ocrx_word' id='word_1_542' title='bbox 2490 4314 2644 4373; x_wconf 82' lang='lat' dir='ltr'><strong>Vide</strong></span> <span class='ocrx_word' id='word_1_543' title='bbox 2670 4330 2842 4389; x_wconf 70' lang='lat' dir='ltr'><strong>erqo,</strong></span> <span class='ocrx_word' id='word_1_544' title='bbox 2878 4311 2940 4373; x_wconf 93' lang='lat' dir='ltr'><strong>id</strong></span> <span class='ocrx_word' id='word_1_545' title='bbox 2974 4318 3071 4373; x_wconf 88' lang='lat' dir='ltr'><strong>est</strong></span> <span class='ocrx_word' id='word_1_546' title='bbox 3101 4328 3252 4373; x_wconf 89' lang='lat' dir='ltr'><strong>cave</strong></span> <span class='ocrx_word' id='word_1_547' title='bbox 3286 4329 3301 4372; x_wconf 72' lang='grc' dir='ltr'>ε</span> <span class='ocrx_word' id='word_1_548' title='bbox 3337 4312 3689 4374; x_wconf 91' lang='lat' dir='ltr'><strong>secundum</strong></span> <span class='ocrx_word' id='word_1_549' title='bbox 3730 4314 3899 4394; x_wconf 93' lang='lat' dir='ltr'><strong>quod</strong></span> 
     </span>
     <span class='ocr_line' id='line_1_86' title="bbox 2405 4408 3901 4492; baseline -0.001 -20"><span class='ocrx_word' id='word_1_550' title='bbox 2405 4410 2613 4473; x_wconf 88' lang='lat' dir='ltr'><strong>cautio</strong></span> <span class='ocrx_word' id='word_1_551' title='bbox 2651 4417 2747 4471; x_wconf 89' lang='lat' dir='ltr'><strong>est</strong></span> <span class='ocrx_word' id='word_1_552' title='bbox 2786 4428 2931 4490; x_wconf 90' lang='lat' dir='ltr'><strong>pars</strong></span> <span class='ocrx_word' id='word_1_553' title='bbox 2973 4408 3347 4490; x_wconf 82' lang='lat' dir='ltr'><strong>prudentiae,</strong></span> <span class='ocrx_word' id='word_1_554' title='bbox 3388 4410 3465 4471; x_wconf 91' lang='lat' dir='ltr'><strong>ad</strong></span> <span class='ocrx_word' id='word_1_555' title='bbox 3515 4428 3708 4490; x_wconf 89' lang='lat' dir='ltr'><strong>quam</strong></span> <span class='ocrx_word' id='word_1_556' title='bbox 3760 4428 3901 4492; x_wconf 90' lang='lat' dir='ltr'><strong>per-</strong></span> 
     </span>
     <span class='ocr_line' id='line_1_87' title="bbox 2404 4506 3899 4590; baseline -0.001 -20"><span class='ocrx_word' id='word_1_557' title='bbox 2404 4509 2565 4570; x_wconf 90' lang='lat' dir='ltr'><strong>tinet</strong></span> <span class='ocrx_word' id='word_1_558' title='bbox 2623 4506 2909 4590; x_wconf 88' lang='lat' dir='ltr'><strong>pericula</strong></span> <span class='ocrx_word' id='word_1_559' title='bbox 2967 4506 3269 4569; x_wconf 84' lang='lat' dir='ltr'><strong>devitare.</strong></span> <span class='ocrx_word' id='word_1_560' title='bbox 3331 4507 3508 4570; x_wconf 92' lang='lat' dir='ltr'><strong>Unde</strong></span> <span class='ocrx_word' id='word_1_561' title='bbox 3563 4508 3899 4590; x_wconf 84' lang='lat' dir='ltr'><strong>Apostolus</strong></span> 
     </span>
    </p>
   </div>
   <div class='ocr_carea' id='block_1_18' title="bbox 2405 4604 4219 4782">
    <p class='ocr_par' dir='ltr' id='par_1_21' title="bbox 2405 4604 4219 4782">
     <span class='ocr_line' id='line_1_88' title="bbox 2406 4604 4219 4687; baseline 0.004 -19"><span class='ocrx_word' id='word_1_562' title='bbox 2406 4614 2620 4669; x_wconf 90' lang='lat' dir='ltr'><strong>monet</strong></span> <span class='ocrx_word' id='word_1_563' title='bbox 2654 4624 2667 4668; x_wconf 91' lang='lat'>:</span> <span class='ocrx_word' id='word_1_564' title='bbox 2701 4604 2922 4667; x_wconf 84' lang='lat' dir='ltr'><strong>Videte</strong></span> <span class='ocrx_word' id='word_1_565' title='bbox 2960 4606 3281 4687; x_wconf 89' lang='lat' dir='ltr'><strong>quomodo</strong></span> <span class='ocrx_word' id='word_1_566' title='bbox 3319 4613 3500 4667; x_wconf 84' lang='lat' dir='ltr'><strong>caute</strong></span> <span class='ocrx_word' id='word_1_567' title='bbox 3532 4606 3893 4668; x_wconf 88' lang='lat' dir='ltr'><strong>ambuletis.</strong></span> <span class='ocrx_word' id='word_1_568' title='bbox 3962 4631 4145 4687; x_wconf 57' lang='lat' dir='ltr'><strong>span.</strong></span> <span class='ocrx_word' id='word_1_569' title='bbox 4170 4650 4219 4686; x_wconf 64' lang='lat' dir='ltr'><strong>v,</strong></span> 
     </span>
     <span class='ocr_line' id='line_1_89' title="bbox 2405 4698 3993 4782; baseline 0.002 -19"><span class='ocrx_word' id='word_1_570' title='bbox 2405 4706 2505 4768; x_wconf 85' lang='lat' dir='ltr'><strong>Ne</strong></span> <span class='ocrx_word' id='word_1_571' title='bbox 2533 4708 2752 4764; x_wconf 82' lang='lat' dir='ltr'><strong>lumen</strong></span> <span class='ocrx_word' id='word_1_572' title='bbox 2782 4706 2954 4782; x_wconf 79' lang='lat' dir='ltr'><strong>quod</strong></span> <span class='ocrx_word' id='word_1_573' title='bbox 2992 4706 3067 4764; x_wconf 81' lang='lat' dir='ltr'><strong>in</strong></span> <span class='ocrx_word' id='word_1_574' title='bbox 3108 4714 3164 4765; x_wconf 78' lang='lat' dir='ltr'><strong>te</strong></span> <span class='ocrx_word' id='word_1_575' title='bbox 3200 4713 3317 4773; x_wconf 77' lang='lat' dir='ltr'><strong>est,</strong></span> <span class='ocrx_word' id='word_1_576' title='bbox 3351 4706 3617 4765; x_wconf 81' lang='lat' dir='ltr'><strong>tenebrae</strong></span> <span class='ocrx_word' id='word_1_577' title='bbox 3643 4706 3802 4772; x_wconf 81' lang='lat' dir='ltr'><strong>sint,</strong></span> <span class='ocrx_word' id='word_1_578' title='bbox 3834 4704 3897 4766; x_wconf 93' lang='lat' dir='ltr'><strong>id</strong></span> <span class='ocrx_word' id='word_1_579' title='bbox 3928 4698 3993 4737; x_wconf 76' lang='lat'><strong>¹⁵·</strong></span> 
     </span>
    </p>
   </div>
   <div class='ocr_carea' id='block_1_19' title="bbox 2404 4800 3905 5378">
    <p class='ocr_par' dir='ltr' id='par_1_22' title="bbox 2404 4800 3905 5378">
     <span class='ocr_line' id='line_1_90' title="bbox 2405 4800 3896 4885; baseline 0.001 -21"><span class='ocrx_word' id='word_1_580' title='bbox 2405 4809 2522 4876; x_wconf 89' lang='lat' dir='ltr'><strong>est,</strong></span> <span class='ocrx_word' id='word_1_581' title='bbox 2556 4820 2637 4863; x_wconf 90' lang='lat' dir='ltr'><strong>ne</strong></span> <span class='ocrx_word' id='word_1_582' title='bbox 2667 4809 2775 4862; x_wconf 88' lang='lat' dir='ltr'><strong>tua</strong></span> <span class='ocrx_word' id='word_1_583' title='bbox 2805 4800 2963 4865; x_wconf 89' lang='lat' dir='ltr'><strong>ratio</strong></span> <span class='ocrx_word' id='word_1_584' title='bbox 2994 4800 3129 4864; x_wconf 88' lang='lat' dir='ltr'><strong>sive</strong></span> <span class='ocrx_word' id='word_1_585' title='bbox 3158 4801 3427 4865; x_wconf 89' lang='lat' dir='ltr'><strong>intentio</strong></span> <span class='ocrx_word' id='word_1_586' title='bbox 3466 4801 3548 4864; x_wconf 90' lang='lat' dir='ltr'><strong>sit</strong></span> <span class='ocrx_word' id='word_1_587' title='bbox 3578 4820 3896 4885; x_wconf 87' lang='lat' dir='ltr'><strong>perversa,</strong></span> 
     </span>
     <span class='ocr_line' id='line_1_91' title="bbox 2404 4900 3902 4981; baseline 0 -18"><span class='ocrx_word' id='word_1_588' title='bbox 2404 4908 2515 4963; x_wconf 88' lang='lat' dir='ltr'><strong>aut</strong></span> <span class='ocrx_word' id='word_1_589' title='bbox 2562 4900 2767 4963; x_wconf 89' lang='lat' dir='ltr'><strong>modis</strong></span> <span class='ocrx_word' id='word_1_590' title='bbox 2824 4900 3139 4981; x_wconf 86' lang='lat' dir='ltr'><strong>praetactis</strong></span> <span class='ocrx_word' id='word_1_591' title='bbox 3195 4900 3533 4964; x_wconf 86' lang='lat' dir='ltr'><strong>obscurata</strong></span> <span class='ocrx_word' id='word_1_592' title='bbox 3586 4909 3694 4964; x_wconf 90' lang='lat' dir='ltr'><strong>aut</strong></span> <span class='ocrx_word' id='word_1_593' title='bbox 3742 4902 3902 4965; x_wconf 89' lang='lat' dir='ltr'><strong>obli-</strong></span> 
     </span>
     <span class='ocr_line' id='line_1_92' title="bbox 2405 4997 3904 5082; baseline 0 -20"><span class='ocrx_word' id='word_1_594' title='bbox 2405 5005 2598 5082; x_wconf 85' lang='lat' dir='ltr'><strong>quata</strong></span> <span class='ocrx_word' id='word_1_595' title='bbox 2630 5016 2643 5060; x_wconf 82' lang='lat' dir='ltr'><strong>t</strong></span> <span class='ocrx_word' id='word_1_596' title='bbox 2677 5000 2848 5080; x_wconf 93' lang='lat' dir='ltr'><strong>quod</strong></span> <span class='ocrx_word' id='word_1_597' title='bbox 2887 4997 2985 5071; x_wconf 84' lang='lat' dir='ltr'><strong>fit,</strong></span> <span class='ocrx_word' id='word_1_598' title='bbox 3025 4998 3076 5059; x_wconf 88' lang='lat' dir='ltr'><strong>si</strong></span> <span class='ocrx_word' id='word_1_599' title='bbox 3119 5016 3312 5080; x_wconf 85' lang='lat' dir='ltr'><strong>opera</strong></span> <span class='ocrx_word' id='word_1_600' title='bbox 3350 5006 3564 5062; x_wconf 86' lang='lat' dir='ltr'><strong>nostra</strong></span> <span class='ocrx_word' id='word_1_601' title='bbox 3606 5000 3685 5061; x_wconf 87' lang='lat' dir='ltr'><strong>ad</strong></span> <span class='ocrx_word' id='word_1_602' title='bbox 3728 5000 3904 5062; x_wconf 87' lang='lat' dir='ltr'><strong>debi-</strong></span> 
     </span>
     <span class='ocr_line' id='line_1_93' title="bbox 2407 5096 3903 5171; baseline 0 -11"><span class='ocrx_word' id='word_1_603' title='bbox 2407 5107 2545 5161; x_wconf 91' lang='lat' dir='ltr'><strong>tum</strong></span> <span class='ocrx_word' id='word_1_604' title='bbox 2594 5096 2795 5159; x_wconf 83' lang='lat' dir='ltr'><strong>finem</strong></span> <span class='ocrx_word' id='word_1_605' title='bbox 2856 5115 2983 5159; x_wconf 91' lang='lat' dir='ltr'><strong>non</strong></span> <span class='ocrx_word' id='word_1_606' title='bbox 3037 5097 3427 5171; x_wconf 84' lang='lat' dir='ltr'><strong>ordinamuS,</strong></span> <span class='ocrx_word' id='word_1_607' title='bbox 3483 5097 3779 5160; x_wconf 88' lang='lat' dir='ltr'><strong>videlicet</strong></span> <span class='ocrx_word' id='word_1_608' title='bbox 3822 5099 3903 5160; x_wconf 87' lang='lat' dir='ltr'><strong>ad</strong></span> 
     </span>
     <span class='ocr_line' id='line_1_94' title="bbox 2409 5195 3903 5278; baseline 0.001 -20"><span class='ocrx_word' id='word_1_609' title='bbox 2409 5196 2515 5258; x_wconf 90' lang='lat' dir='ltr'><strong>Dei</strong></span> <span class='ocrx_word' id='word_1_610' title='bbox 2550 5195 2817 5276; x_wconf 89' lang='lat' dir='ltr'><strong>gloriam</strong></span> <span class='ocrx_word' id='word_1_611' title='bbox 2858 5203 2922 5256; x_wconf 88' lang='lat' dir='ltr'><strong>et</strong></span> <span class='ocrx_word' id='word_1_612' title='bbox 2953 5195 3280 5269; x_wconf 89' lang='lat' dir='ltr'><strong>honorem,</strong></span> <span class='ocrx_word' id='word_1_613' title='bbox 3316 5195 3903 5278; x_wconf 85' lang='lat' dir='ltr'><strong>beatitudinemque</strong></span> 
     </span>
     <span class='ocr_line' id='line_1_95' title="bbox 2412 5293 3905 5378; baseline 0.001 -20"><span class='ocrx_word' id='word_1_614' title='bbox 2412 5302 2733 5369; x_wconf 81' lang='lat' dir='ltr'><strong>aeternam,</strong></span> <span class='ocrx_word' id='word_1_615' title='bbox 2769 5296 2880 5358; x_wconf 92' lang='lat' dir='ltr'><strong>sed</strong></span> <span class='ocrx_word' id='word_1_616' title='bbox 2914 5294 2992 5357; x_wconf 84' lang='lat' dir='ltr'><strong>ad</strong></span> <span class='ocrx_word' id='word_1_617' title='bbox 3038 5293 3320 5357; x_wconf 84' lang='lat' dir='ltr'><strong>carnales</strong></span> <span class='ocrx_word' id='word_1_618' title='bbox 3363 5293 3643 5369; x_wconf 80' lang='lat' dir='ltr'><strong>deliciaS,</strong></span> <span class='ocrx_word' id='word_1_619' title='bbox 3686 5314 3905 5378; x_wconf 90' lang='lat' dir='ltr'><strong>corpo-</strong></span> 
     </span>
    </p>
   </div>
   <div class='ocr_carea' id='block_1_20' title="bbox 4039 4330 4119 4387">
    <p class='ocr_par' dir='ltr' id='par_1_23' title="bbox 4039 4330 4119 4387">
     <span class='ocr_line' id='line_1_96' title="bbox 4039 4330 4119 4387; baseline 0 -2"><span class='ocrx_word' id='word_1_620' title='bbox 4039 4330 4119 4387; x_wconf 76' lang='lat'><strong>35</strong></span> 
     </span>
    </p>
   </div>
   <div class='ocr_carea' id='block_1_21' title="bbox 4298 1520 4300 2077">
    <p class='ocr_par' dir='ltr' id='par_1_24' title="bbox 4298 1520 4300 2077">
     <span class='ocr_line' id='line_1_97' title="bbox 4298 1520 4300 2077; baseline 0 0"><span class='ocrx_word' id='word_1_621' title='bbox 4298 1520 4300 2077; x_wconf 95' lang='lat' dir='ltr'><strong> </strong></span> 
     </span>
    </p>
   </div>
  </div>
 </body>
</html>
