4300 6259
858 456 981 523 232
1621 487 1970 536 ENARRATIO
2010 487 2077 533 m
2116 486 2258 533 aar.
2302 485 2458 532 xxm
2498 485 2684 533 Luam.
2731 505 2812 517 -
2853 489 2996 535 aar.
3043 489 3187 535 xiix

578 642 835 714 Lucam·
864 650 1119 717 collavit
1165 656 1604 721 beatissimum
1640 660 1941 723 Ioannem
1990 657 2355 741 Baptistam,
2389 655 2440 716 A
2469 675 2623 719 suus
2673 656 2826 721 fecit
2872 659 3074 722 occidi
3125 659 3418 735 infanteS,
3459 667 3650 741 atque
3697 658 3956 721 similia.

568 727 838 777 Marc-..val

567 790 835 841 „mh-„d-
864 757 927 811 et
955 749 1079 813 fuit
1117 755 1376 836 maioris
1406 756 1689 831 HerodiS,
1724 757 1843 819 sub
1873 775 2002 838 quo
2041 765 2225 819 natus
2265 765 2360 819 est
2467 758 2552 817 Et
2595 758 2728 835 ipse
2771 757 2950 819 Jcsus
2999 760 3174 819 m'lzit
3209 760 3272 819 ei
3311 760 3778 835 respondebat:
3807 758 3964 839 quia

862 848 1169 927 ChristuS‚
1206 853 1413 935 silius;
1446 858 1698 917 remisit
1723 877 1870 917 eum
1900 859 1988 917 ad
2016 859 2355 923 Herodem,

860 951 1123 1031 cupiens
1152 971 1222 1015 se
1253 972 1593 1017 exonerare
1620 955 1700 1017 ab
1730 956 1869 1035 ejus
1897 955 2147 1035 judicio,
2168 974 2356 1036 quem

858 1050 1038 1113 novit
1079 1052 1504 1129 innocentem,
1540 1054 1927 1117 mendaciter
1963 1062 2351 1129 accusatum,

858 1157 920 1211 et
959 1168 1034 1212 ex
1076 1150 1317 1215 invidia
1355 1153 1681 1225 traditum,
1716 1160 1778 1215 et
1818 1172 1899 1215 ne
1947 1173 2208 1216 manum
2253 1174 2357 1216 su-

857 1266 957 1310 am
1001 1250 1279 1313 mitteret
1317 1252 1383 1314 in
1424 1270 1695 1314 messem
1736 1252 2031 1314 alienam.
2068 1252 2141 1314 Et
2190 1253 2356 1315 sicut

856 1347 947 1409 ait
976 1347 1384 1431 Theophilus»,
1421 1351 1486 1412 in
1527 1352 1647 1413 hoc
1688 1351 1815 1431 egit
1850 1350 2086 1413 Pilatus
2127 1370 2356 1415 secun-

857 1446 1010 1509 dum
1042 1447 1244 1529 legem
1274 1448 1721 1524 Romanorum,
1746 1469 1890 1531 quae
1916 1450 2107 1531 jussit
2135 1469 2356 1532 quem-

858 1544 1015 1606 libct
1042 1564 1079 1607 a
1107 1565 1238 1609 suae
1268 1547 1525 1610 ditionis
1565 1547 1857 1631 principe
1893 1548 2190 1630 judicari.
2229 1550 2355 1617 Qui

855 1654 915 1705 et
954 1645 1113 1721 ipse,
1143 1646 1386 1709 scilicet
1433 1646 1729 1721 HerodeS‚
1761 1650 2175 1725 lerosolymis
2213 1659 2352 1709 erat

856 1742 993 1802 illis
1019 1744 1243 1803 diebus
1282 1743 1677 1807 solennitatis
1723 1745 2057 1827 paschaliS,
2093 1754 2354 1827 propter

2467 853 2741 917 Herodes
2781 856 3080 936 indignus
3120 856 3265 931 fuit,
3299 875 3372 920 eo
3411 858 3582 938 quod
3629 874 3709 918 ex
3754 856 3964 919 curio-

2465 953 2648 1015 sitate
2693 954 2890 1016 fuerit
2937 963 3169 1018 motuS.
3212 954 3496 1018 Christus
3542 973 3802 1036 quoque
3850 974 3965 1017 no-

2466 1051 2585 1113 luit
2633 1071 2745 1134 per
2792 1053 3100 1117 Herodem
3151 1053 3406 1116 liberari
3455 1072 3494 1115 a
3541 1053 3858 1135 passione.
3895 1052 3962 1115 Si

2462 1158 2675 1213 autem
2723 1150 2979 1214 fecisset
3026 1171 3236 1215 coram
3287 1170 3361 1215 eo
3409 1152 3815 1227 miraculum,
3852 1160 3964 1214 aut

2460 1248 2642 1329 juxta
2688 1249 3063 1332 sapientiam
3123 1269 3304 1312 suam
3363 1249 3796 1332 respondisset
3841 1249 3964 1311 He-

2464 1347 2624 1421 rodi,
2668 1366 2792 1409 non
2845 1348 3238 1429 permisisset
3276 1348 3548 1411 Herodes
3596 1366 3746 1409 eum
3795 1348 3963 1411 occi-

2463 1446 2548 1508 di.
2607 1444 2752 1509 Ideo
2812 1464 3071 1528 quoque
3135 1445 3330 1508 tacuit
3382 1445 3583 1519 JesuS‚
3647 1454 3719 1507 ut
3782 1447 3961 1507 daret

2462 1544 2828 1625 exemplum
2893 1544 3130 1607 vitandi
3195 1544 3677 1607 ostentationem
3741 1562 3954 1606 coram

2463 1643 2884 1724 magnatibuS.
2919 1646 3196 1705 Stabant
3235 1653 3453 1704 autem
3483 1644 3816 1720 principes
3851 1664 3958 1703 sa·
4087 1648 4146 1701 {0

2461 1744 2790 1802 cerdotum
2811 1752 2874 1806 et
2899 1744 3160 1811 Scriba’,
3181 1742 3301 1805 hoc
3333 1749 3427 1803 cst
3457 1740 3612 1822 legis
3643 1742 3952 1813 doctoreS,

857 1838 1109 1901 festum.
1150 1840 1292 1904 Fuit
1320 1843 1494 1905 enim
1522 1844 1773 1906 Judaeus
1814 1844 2120 1925 religione
2150 1852 2214 1907 et
2247 1863 2354 1906 na·
2390 1842 2435 1904 B
2461 1850 2845 1914 constanter,
2899 1840 2965 1904 id
3012 1847 3108 1902 est
3153 1842 3460 1903 audenter
3507 1847 3570 1903 et
3617 1841 3962 1922 pertinaci-

854 1944 947 1999 tu.
980 1937 1135 2001 Nam
1186 1947 1246 2001 et
1286 1948 1462 2021 pater
1501 1940 1663 2022 ejus,
1696 1942 1992 2024 quamvis
2041 1951 2208 2005 esset
2247 1962 2356 2005 na-

854 2036 1027 2099 tione
1081 2038 1359 2118 gentiliS,
1413 2039 1708 2103 videlicet
1756 2040 2089 2117 ldumaem,
2139 2048 2352 2104 tamen

856 2135 1211 2219 proselytus
1272 2136 1474 2200 sactus
1533 2146 1649 2213 est,
1707 2140 1769 2203 id
1826 2147 1943 2214 est,
1992 2140 2352 2203 Judaeorum

856 2233 1052 2296 ritum
1110 2236 1478 2318 assumpsit,
1530 2245 1592 2299 et
1650 2237 2019 2301 circumcidi
2077 2257 2145 2301 se
2202 2238 2354 2301 fecit

855 2350 1071 2395 amore
1117 2333 1408 2415 conjugis
1458 2354 1609 2409 suae,
1652 2355 1797 2418 quae
1844 2335 1967 2398 suit
2010 2336 2244 2399 Judaea.
2279 2336 2354 2398 Et

858 2440 928 2493 ut
958 2430 1211 2506 dicitur,
1246 2432 1437 2494 etiam
1474 2432 1662 2496 aliam
1704 2434 1927 2496 habuit
1966 2452 2227 2497 uxorem
2260 2434 2356 2497 Je-

857 2529 1393 2611 rosolymitanam,
1446 2532 1524 2593 de
1573 2551 1700 2614 qua
1744 2533 1966 2613 genuit
2018 2534 2193 2596 hunc
2238 2534 2354 2595 He-

859 2627 1076 2691 rodem
1117 2628 1439 2711 Antipam.

680 2726 717 2782 8
940 2730 1221 2788 Herodes
1268 2738 1507 2801 autem,
1552 2732 1689 2790 viso
1733 2734 1908 2799 Jesu,
1951 2732 2219 2808 yavisus
2263 2740 2353 2792 est

858 2827 1071 2895 valde,
1122 2844 1248 2888 non
1306 2843 1383 2887 ex
1440 2827 1795 2902 devotione,
1854 2829 1964 2890 sed
2020 2828 2352 2891 curiosita-

858 2929 940 2984 te.
977 2921 1170 3002 Cujus
1207 2924 1420 3004 gaudii
1460 2944 1648 2987 causa
1692 2925 2105 3007 subjungitur
2138 2946 2152 2989 :
2187 2930 2353 2989 Erat

2461 1944 2581 2011 ter,
2623 1948 2990 1999 accusantes
3037 1958 3206 2009 eum,
3251 1938 3489 2000 eisdem
3537 1936 3700 2001 sorte
3749 1938 3960 2000 causis

2462 2036 2700 2117 quibus
2731 2044 2794 2099 et
2821 2044 2967 2099 ante
2995 2037 3262 2099 Pilatum
3302 2044 3753 2099 accusaverant
3781 2054 3958 2098 eum.

2463 2134 2584 2197 Sed
2620 2133 2799 2196 Jesus
2840 2135 3001 2197 nihil
3053 2135 3398 2217 respondit,
3443 2134 3814 2217 patientiam
3855 2136 3966 2197 do-

2463 2251 2635 2307 cenS‚
2688 2241 2750 2295 et
2807 2233 3340 2315 incorrigibilium
3398 2235 3626 2297 cedens
3684 2233 3886 2297 furori
3944 2254 3958 2296 :

2465 2333 2816 2413 praesertim
2856 2333 3158 2414 quoniam
3199 2352 3391 2415 opera
3427 2333 3566 2414 ejus
3596 2352 3742 2414 quae
3783 2332 3960 2406 fecit,

2466 2430 2760 2494 videlicet
2790 2432 3087 2494 sanctitas
3120 2432 3263 2495 vitae
3291 2438 3354 2493 et
3383 2431 3834 2494 miraculorum
3865 2449 3967 2494 ex·

2463 2528 2780 2603 cellentia‚
2833 2530 3071 2612 quibus
3133 2549 3336 2612 usque
3392 2530 3458 2592 in
3517 2531 3680 2593 hanc
3739 2531 3964 2593 horam

2465 2626 2790 2708 praefulsit,
2827 2647 2972 2690 eum
3007 2629 3196 2690 etiam
3228 2628 3520 2691 silentem
3549 2628 3964 2708 excusabant;

2463 2726 2592 2788 imo
2648 2744 2724 2788 ex
2779 2746 2894 2788 sua
2949 2726 3376 2789 taciturnitate
3431 2726 3794 2801 mitissima,
3848 2746 3962 2808 pa-

2463 2823 2585 2885 tuit
2615 2824 2979 2887 innocentia
3015 2824 3178 2906 ejus.
3211 2825 3387 2887 Unde
3415 2823 3647 2887 Pilatus
3679 2826 3962 2887 maxime

2463 2921 2814 2985 mirabatur
2861 2924 2939 2985 de
2980 2922 3208 2986 Christi
3257 2923 3706 2991 taciturnitate,
3745 2924 3959 2986 sciens

854 3023 1032 3082 enim
1090 3042 1172 3082 em
1226 3027 1429 3083 multo
1491 3033 1765 3101 tempore
1810 3027 2075 3102 cupiens
2132 3028 2353 3087 videre
2389 3019 2431 3083 C
2460 3021 2633 3101 quod
2683 3020 2872 3083 unico
2911 3020 3106 3084 verbo
3154 3021 3462 3103 potuisset
3509 3038 3576 3083 se
3622 3038 3952 3083 excusare.

853 3139 1025 3190 eum,
1082 3118 1146 3181 id
1204 3128 1321 3194 est,
1375 3120 1484 3183 diu
1542 3122 1785 3203 optavit
1836 3123 2049 3186 lesum
2108 3125 2346 3200 videre,

858 3216 1210 3298 praesertim
1258 3235 1334 3280 ex
1382 3236 1457 3281 eo
1506 3226 1790 3301 tempore
1838 3238 1967 3301 quo
2015 3222 2352 3285 decollavit

853 3314 1179 3390 Ioannem,
1214 3316 1368 3397 quia
1416 3324 1559 3399 post
1604 3318 1725 3381 hoc
1774 3319 1968 3401 coepit
2001 3319 2181 3382 Jesus
2221 3339 2353 3382 ma-

854 3412 950 3494 gis
1001 3413 1259 3496 publice
1308 3415 1675 3496 praedicare,
1712 3436 1784 3479 ac
1831 3417 2138 3480 miracula
2184 3418 2351 3482 face-

856 3528 945 3583 re,
982 3511 1069 3573 ita
1113 3513 1285 3593 quod
1327 3511 1497 3576 fama
1542 3514 1681 3595 ejus
1728 3517 1808 3578 ad
1852 3515 2160 3579 Herodem
2209 3537 2351 3600 per-

856 3609 1053 3672 venit.
1110 3610 1252 3673 Ideo
1314 3612 1605 3693 sequitur
1661 3631 1676 3675 ε
1733 3634 1802 3674 eo
1860 3617 2032 3693 quod
2088 3618 2351 3677 audiret

855 3712 1064 3770 multa
1112 3712 1192 3769 de
1240 3711 1382 3777 illo,
1415 3709 1713 3773 videlicet
1759 3712 1835 3773 de
1881 3711 2111 3775 Christi
2163 3714 2353 3776 mira-

856 3807 1039 3882 culiS,
1076 3807 1439 3889 eloquentia
1486 3816 1549 3871 et
1592 3809 1898 3873 doctrina.
1933 3810 2108 3874 Unde
2153 3811 2354 3875 Evan-

854 3906 1094 3986 gelistae
1141 3906 1381 3981 dicunt,
1432 3910 1604 3989 quod
1652 3908 1864 3970 statim
1914 3909 1979 3971 in
2032 3911 2352 3994 principio

586 4015 827 4069 Maisan,
860 4004 1322 4086 praedicationis
1373 4005 1602 4068 Christi
1652 4006 1809 4069 exiit
1860 4006 2031 4069 fama
2088 4009 2228 4089 ejus
2284 4010 2349 4072 in

564 4079 828 4186 naua-v,
862 4102 1223 4165 universam
1274 4102 1617 4184 regionem.
1651 4107 1738 4166 Et
1764 4108 2058 4182 sperabat
2085 4110 2352 4185 signum

2459 3121 2723 3197 Sprevit
2763 3122 2960 3181 illum
2989 3122 3268 3181 Herodes
3305 3140 3451 3181 cum
3487 3122 3776 3181 exercitu
3809 3141 3956 3191 suo,
4087 3126 4141 3181 {l

2461 3224 2763 3298 tanquam
2813 3218 3172 3299 simplicem
3224 3224 3286 3279 et
3336 3216 3605 3293 fatuum,
3657 3236 3732 3281 eo
3779 3220 3956 3299 quod

2461 3334 2577 3379 nec
2615 3316 2761 3388 sibi,
2796 3336 2913 3379 nec
2959 3317 3430 3379 accusatoribus
3478 3317 3810 3399 quidpiam
3859 3335 3958 3379 re—

2459 3416 2819 3497 sponderet.
2854 3415 3027 3478 Unde
3066 3415 3133 3477 in
3161 3415 3275 3478 Job
3314 3415 3624 3497 scriptum
3661 3425 3803 3479 est:
3838 3414 3960 3477 De-
4001 3430 4200 3476 mxu.

2460 3514 2702 3576 ridetur
2747 3514 2902 3595 justi
2952 3514 3348 3596 simplicitas.
3387 3516 3470 3575 Et
3507 3516 3716 3577 illusit
3755 3516 3959 3575 indu-

2462 3623 2600 3674 tum
2649 3623 2814 3673 veste
2859 3616 3034 3683 alba,
3079 3621 3149 3674 ut
3195 3612 3401 3675 solent
3445 3612 3601 3675 fatui
3653 3613 3954 3675 derideri.

2541 3711 2616 3773 Et
2655 3712 2745 3773 sic
2785 3711 2980 3773 Filius
3019 3711 3126 3773 Dei
3170 3712 3462 3792 dignatus
3500 3720 3596 3774 est
3626 3713 3704 3774 de
3738 3712 3960 3791 judice

2459 3812 2538 3873 ad
2583 3810 2865 3891 judicem
2913 3810 3102 3885 mitti,
3155 3830 3226 3873 ac
3284 3810 3492 3873 taliter
3538 3811 3831 3885 derideri,
3887 3820 3959 3874 ut

2461 3927 2575 3971 nos
2617 3908 2705 3970 rei
2737 3928 2772 3971 a
2808 3908 3051 3989 judicio
3090 3908 3550 3990 reprobationis
3587 3928 3662 3971 ac
3698 3909 3960 3971 damna-

2459 4007 2651 4070 tionis
2699 4015 2950 4069 aeternae
2995 4006 3433 4081 liberaremur,
3485 4014 3546 4069 et
3591 4007 3671 4069 ab
3719 4016 3958 4070 aeterna

2461 4105 2834 4169 confusione
2881 4124 2956 4168 ac
2999 4107 3358 4169 daemonum
3407 4104 3702 4169 illusione
3747 4106 3958 4188 eripe-

858 4203 1127 4281 aliquoa'
1164 4203 1381 4263 videre
1418 4204 1499 4263 ab
1535 4223 1603 4263 eo
1631 4206 1801 4281 fieri.
1834 4202 2129 4267 Naturale
2176 4208 2350 4269 enim
2381 4205 2430 4266 D
2462 4222 2697 4279 remur,
2748 4204 3034 4285 stolaque
3080 4204 3570 4267 immortalitatis
3615 4224 3688 4267 ac
3733 4205 3956 4285 gloria}

858 4298 1227 4363 hominibus
1265 4306 1361 4361 est
1396 4299 1671 4362 libenter
1700 4300 1915 4364 videre
1953 4302 2230 4366 mirifica
2267 4312 2352 4366 at-

858 4414 986 4479 que
1044 4396 1317 4460 insolita.
1379 4396 1747 4480 Specialiter
1803 4418 2082 4481 quoque,
2135 4410 2208 4464 ut
2263 4403 2352 4466 ait

562 4507 699 4553 icor.
716 4509 825 4558 ..η
854 4494 1216 4577 Apostolus,
1265 4495 1462 4559 Judaei
1510 4496 1689 4577 signa
1736 4505 1979 4579 petunt.
2034 4498 2108 4560 Et
2157 4520 2350 4583 supra

855 4593 1165 4676 scriptum
1206 4601 1301 4656 est
1331 4594 1567 4657 dixisse
1602 4595 1907 4659 Herodem
1939 4597 2016 4658 de
2047 4597 2294 4663 Christo
2329 4620 2344 4663 z

560 4706 669 4751 tue.
698 4720 757 4761 ιι,
782 4709 824 4753 ο.
852 4692 1002 4766 Quis
1046 4700 1142 4754 est
1182 4692 1301 4754 iste
1342 4693 1420 4755 de
1462 4711 1591 4775 quo
1634 4694 1781 4757 talia
1821 4694 2056 4758 audio?

674 4799 711 4855 9
934 4792 1381 4868 Interroqabat
1426 4800 1643 4853 autem
1692 4793 1910 4866 illum,
1962 4794 2206 4857 scilicet
2255 4796 2349 4858 Je-

853 4908 1017 4963 sum,
1072 4890 1296 4951 multis
1340 4892 1760 4959 sermonibus,
1809 4891 1931 4954 hoc
1978 4899 2093 4967 est,
2143 4893 2348 4957 varias

852 4986 1233 5067 quaestiones
1284 4988 1617 5069 proposuit
1665 4987 1910 5052 Christo
1962 5008 1976 5052 ε
2025 5009 2170 5072 quae
2220 5012 2346 5056 non

853 5091 1001 5147 sunt
1028 5085 1107 5148 ab
1136 5085 1353 5167 aliquo
1393 5084 1929 5168 Evangelistarum
1969 5088 2342 5171 descriptae3

851 5183 961 5246 sed
1017 5181 1217 5265 aliqui
1275 5182 1639 5265 opinantur,
1701 5187 1874 5266 quod
1934 5186 2346 5269 interrogavit

847 5279 1083 5356 Jesum,
1125 5299 1203 5343 an
1252 5289 1417 5343 esset
1468 5280 1577 5343 ille
1620 5290 1878 5364 propter
1920 5302 2111 5365 quem
2165 5294 2344 5368 pater

2460 4302 2827 4377 vestiamur,
2880 4311 2941 4365 et
2999 4302 3224 4366 merito
3273 4303 3500 4366 Christi
3553 4322 3716 4367 verae
3765 4304 3954 4367 desu-

2460 4419 2574 4483 per
2603 4402 2930 4483 sapientiae
2959 4410 3280 4465 consortes
3309 4421 3383 4464 ac
3411 4400 3533 4464 filii
3562 4401 3946 4465 efficiamur.

2457 4500 2674 4581 ltaque
2701 4500 3070 4581 gloriemur,
3102 4502 3356 4581 quando
3389 4502 3798 4584 despicimur,
3827 4522 3951 4565 nec

2460 4598 2731 4662 vestium
2791 4617 3112 4680 pompam,
3165 4598 3672 4680 superfluitatem
3728 4608 3790 4661 et
3839 4620 3952 4663 cu-

2459 4696 2805 4759 riositatem
2843 4715 3168 4775 amemus;
3201 4698 3313 4759 sed
3351 4696 3507 4779 quid
3547 4696 3844 4760 Dominus
3885 4710 3950 4762 et

2457 4793 2738 4857 Salvator
2767 4802 2981 4858 noster
3021 4813 3133 4877 pro
3173 4795 3356 4858 nobis
3397 4814 3618 4878 passus
3656 4804 3769 4871 est,
3803 4815 3950 4877 per-

2457 4894 2808 4975 pendamus
2852 4912 2999 4955 cum
3044 4893 3390 4974 gratiarum
3437 4894 3682 4957 actione
3728 4894 3948 4958 effica-

2455 4991 2645 5072 cique
2696 4991 3068 5055 imitatione.
3119 4990 3360 5074 Nempe
3411 4992 3466 5054 si
3517 4992 3623 5055 ille
3677 4994 3788 5074 qui
3843 5004 3942 5057 est

2455 5089 2731 5152 increata
2777 5090 3106 5173 sapientia,
3139 5098 3330 5172 atque
3377 5092 3776 5173 omnipotens
3813 5092 3942 5154 vir·
3973 5117 4198 5161 icor-...a

2453 5195 2554 5251 tus
2606 5189 2712 5251 Dei
2771 5188 2991 5263 PatriS,
3045 5197 3304 5272 propter
3351 5208 3466 5253 nos
3527 5190 3612 5253 ita
3666 5190 3940 5254 derideri

2453 5287 2746 5368 dignatus
2785 5295 2882 5351 est
2915 5306 2929 5350 :
2961 5306 3078 5350 cur
3111 5306 3224 5351 nos
3263 5287 3532 5367 infirmi,
3568 5289 3938 5370 ignorantiis
