4300 6259
592 3671 687 3764 ’35

561 4501 698 4546 Hebr.
710 4515 769 4544 ιιι

564 4597 575 4608 ⁸
589 4627 735 4671 Bccli.

536 4704 665 4742 nvn,
694 4692 759 4734 12.

626 4898 695 4953 36

822 453 942 525 306

1655 478 2005 525 ENARRATIO
2046 478 2110 524 m
2155 478 2292 524 GAP.
2339 476 2362 523 1
2400 474 2676 523 JOANNts.
2722 496 2802 507 -
2843 478 2986 523 ART.
3031 476 3095 523 Vl

820 647 1269 712 allocutionem
1306 668 1319 713 :
1352 653 1567 729 Super
1596 670 1783 731 quem
1823 652 2065 711 videris
2106 650 2318 725 Spiri-
2344 647 2396 709 A
2425 648 2556 711 diu.
2601 647 2824 710 Mansit
2871 650 3066 724 enim,
3119 655 3188 711 ut
3232 648 3500 712 Ioannes
3549 644 3928 728 frequenter

822 755 962 809 tum
1006 751 1505 820 descendentem,
1555 748 1618 811 id
1668 755 1764 811 est
1809 747 2116 831 Spiritum
2167 746 2318 809 San-

818 854 993 908 ctum
1051 846 1116 909 in
1178 846 1383 910 forma
1440 847 1753 910 columbae
1812 848 2198 921 venientem,
2259 856 2317 907 et

816 954 1183 1006 manentem
1226 965 1419 1023 super
1466 967 1611 1007 eum
1661 947 1738 1008 ad
1786 954 2039 1027 tempus
2094 945 2160 1007 in
2205 944 2315 1006 tali

816 1042 995 1123 signo
1026 1044 1289 1119 visibili,
1324 1045 1489 1107 sicut
1526 1045 1887 1126 expositum
1927 1052 2059 1125 est;
2092 1047 2200 1106 hic
2227 1054 2318 1105 esc

814 1144 933 1221 qui
976 1144 1267 1219 baptizat
1314 1145 1387 1205 in
1436 1146 1701 1221 Spiritu
1754 1146 2018 1214 SanctO,
2052 1143 2173 1205 hoc
2221 1148 2318 1203 est

815 1237 987 1301 intus
1038 1242 1365 1321 purgando
1412 1261 1449 1302 a
1497 1242 1691 1315 vitiis,
1727 1241 2083 1323 praestando
2127 1240 2319 1320 grati-

814 1357 916 1400 am
966 1337 1240 1420 Spiritus
1298 1339 1531 1402 Sancti.
1582 1340 1651 1401 In
1710 1339 2092 1422 Baptismate
2142 1340 2314 1401 enim

816 1437 988 1518 quod
1018 1437 1304 1500 Christus
1333 1438 1625 1510 instituit,
1654 1439 1836 1501 datur
1867 1438 2140 1520 Spiritus
2171 1437 2320 1499 San·

818 1543 978 1597 ctuS.
1031 1536 1317 1599 Christus
1364 1546 1577 1600 autem
1634 1538 1910 1619 baptizat
1959 1535 2319 1599 efficienter

818 1642 881 1696 et
924 1634 1388 1718 principaliter,
1434 1637 1725 1700 sacerdos
1777 1654 1929 1700 vero
1972 1635 2320 1698 ministeri-

820 1732 1025 1794 aliter.

2425 754 2760 809 testaretur
2790 748 2868 810 de
2899 747 3059 829 ipso,
3092 754 3155 809 et
3184 766 3331 809 eum
3361 746 3742 817 ostenderet,
3773 764 3928 826 qua-

2428 853 2611 907 tenus
2649 847 2834 909 electi
2862 847 3060 909 Judaei
3096 848 3447 919 crederent,
3483 845 3738 927 reprobi
3771 862 3926 907 vero

2425 953 2616 1027 atque
2655 945 2965 1007 increduli
3012 944 3475 1007 inexcusabiles
3523 943 3779 1005 fierent.
3811 945 3928 1004 Di—

2425 1048 2514 1104 cie
2558 1065 2580 1103 .·
2625 1047 2786 1105 Ecce
2831 1048 3062 1121 Aynus
3111 1046 3233 1106 Dei
3275 1064 3298 1103 .·
3341 1043 3476 1125 qui,
3531 1050 3601 1104 ut
3650 1043 3714 1103 in
3765 1042 3926 1104 Isaia

2427 1142 2750 1217 scribitur,
2799 1150 3129 1225 peccatum
3181 1161 3308 1205 non
3355 1140 3528 1215 fecit,
3571 1158 3690 1203 nec
3739 1140 3922 1203 dolus
3991 1155 4232 1205 auum:

2428 1227 2724 1303 iniremus
2761 1249 2858 1302 est
2888 1242 2950 1302 in
2993 1259 3100 1304 ore
3130 1240 3308 1321 ejus3
3342 1240 3454 1322 qui
3495 1239 3684 1302 etiam
3719 1238 3922 1320 loqui-
3947 1217 4234 1262 ¹P²¹''·¹¹·²²'

2426 1346 2531 1400 tur
2563 1358 2674 1421 per
2700 1339 3034 1401 Ieremiam
3071 1358 3084 1401 :
3119 1338 3246 1419 Ego
3285 1338 3468 1420 quasi
3507 1356 3708 1419 agnus
3745 1357 3922 1399 man-
3961 1352 4233 1401 serame.

2427 1446 2644 1500 suetus
2687 1439 2798 1519 qui
2844 1446 3131 1520 portatur
3170 1438 3247 1499 ad
3291 1437 3638 1501 victimam.

2521 1540 2606 1598 Ει
2654 1539 3014 1599 audierunt
3067 1556 3216 1597 eum
3269 1540 3398 1597 duo
3457 1538 3773 1615 discipuli
3819 1535 3922 1599 Ιο-
4071 1542 4148 1597 37

2426 1636 2611 1697 annis
2653 1640 3035 1715 loquentem,
3068 1634 3132 1696 id
3179 1642 3276 1697 est
3309 1634 3612 1697 Ioannem
3663 1634 3796 1697 haec
3847 1635 3924 1697 dc

2431 1733 2676 1797 Christo
2723 1740 3094 1812 testantem3
3135 1743 3196 1793 et
3241 1736 3443 1793 secuti
3485 1743 3640 1793 sunt
3677 1736 3924 1802 Iesum,

886 1834 972 1893 Et
1000 1852 1111 1909 eqo
1141 1834 1285 1892 vidi
1308 1832 1743 1913 corporalibus
1775 1832 1977 1894 oculis
2007 1831 2316 1913 Spiritum
2357 1837 2402 1898 B
2431 1840 2500 1893 ut
2547 1832 2685 1913 ejus
2733 1832 3018 1896 doctrina
3062 1832 3552 1907 instruerentur,
3584 1849 3780 1911 quem
3833 1831 3926 1893 di-

817 1928 1115 1992 Sanctum
1147 1931 1214 1991 in
1250 1929 1454 1993 forma
1483 1931 1796 1994 columbae
1828 1932 2316 1993 descendentem

817 2029 1005 2091 modo
1059 2028 1339 2111 praefato.
1394 2028 1541 2101 Quae
1594 2029 1910 2104 columba,
1964 2030 2316 2091 secundum

815 2127 1125 2207 quosdam
1164 2128 1473 2202 doctoreS,
1508 2126 1631 2190 fuit
1668 2145 1817 2191 vera
1857 2126 2175 2201 columba,
2209 2146 2319 2188 an-

812 2224 1018 2306 gelico
1046 2223 1353 2288 famulatu
1397 2226 1609 2290 subito
1639 2234 1794 2288 tunc
1824 2224 2113 2301 formata,
2148 2244 2320 2288 com-

819 2323 1121 2405 pletoque
1169 2343 1284 2387 suo
1329 2325 1709 2399 ministerio,
1746 2325 1810 2387 in
1870 2324 2316 2407 praejacentem

818 2423 1145 2485 materiam
1185 2423 1483 2487 resoluta.
1520 2424 1733 2505 Aliqui
1774 2432 1983 2486 tamen
2026 2424 2318 2486 dubitant

816 2540 897 2583 an
930 2522 1049 2585 hoc
1074 2522 1336 2602 angelus
1378 2532 1609 2605 posset.
1648 2522 1823 2596 Quod
1867 2523 2163 2604 relinquo
2194 2522 2321 2585 dis-

821 2620 1217 2702 putantibus.
1252 2624 1338 2683 Ec
1388 2624 1825 2682 testimonium
1866 2622 2178 2697 perhibui
2219 2639 2320 2684 co-

818 2738 953 2781 ram
982 2720 1190 2793 turba,
1226 2722 1384 2799 quia
1414 2721 1520 2780 hic
1546 2730 1637 2780 est
1666 2721 1884 2780 Filius
1914 2722 2037 2780 Dei
2067 2728 2320 2781 natura-

816 2818 895 2881 lis
926 2827 988 2881 et
1027 2818 1276 2892 unicuS‚
1313 2838 1438 2881 non
1478 2818 1837 2899 adoptivus.
1872 2817 2110 2899 Itaque,
2145 2819 2317 2900 quod

819 2917 1071 2991 dicitur,
1102 2915 1306 2998 Super
1343 2934 1539 2997 quem
1582 2916 1815 2978 videris
1857 2915 2167 2998 Spiritum
2211 2917 2320 2978 de-

2429 1931 2721 1993 dicerunt
2759 1930 3065 2011 majorem
3105 1948 3244 1991 esse
3278 1930 3534 1992 Joanne.
3570 1929 3924 2011 Cupiebant

2429 2030 2600 2092 enim
2631 2030 2840 2093 sortiri
2871 2029 3252 2091 charismata
3281 2028 3564 2102 meliora,
3587 2035 3652 2090 et
3679 2029 3924 2109 optimo
3987 2038 4226 2089 leur-m.

2428 2129 2750 2190 adhaerere
2789 2128 3110 2209 magistro.
3155 2127 3270 2189 Per
3322 2128 3493 2209 quod
3544 2127 3926 2189 instruimur
3953 2106 4034 2147 ³¹·

2429 2235 2500 2289 ut
2542 2226 2938 2308 applicemus
2983 2244 3098 2289 nos
3147 2226 3250 2288 his
3295 2244 3456 2307 quos
3507 2225 3797 2288 videmus
3854 2226 3921 2288 in

2429 2326 2740 2407 sapientia
2781 2332 2844 2386 et
2890 2324 3230 2388 virtutibus
3276 2324 3671 2406 praepollere.

2513 2429 2863 2487 Conversus
2891 2434 3108 2484 autem
3134 2426 3336 2494 Jesus,
3368 2423 3488 2485 hoc
3518 2432 3636 2496 est,
3671 2423 3922 2485 vultum
4079 2426 4156 2481 38

2428 2541 2613 2583 suum
2677 2522 3116 2584 dulcissimum
3181 2522 3259 2583 ad
3317 2520 3459 2584 illos
3521 2530 3922 2595 convertenS,

2429 2620 2558 2682 imo
2605 2628 2668 2683 et
2732 2620 2982 2701 pietatis
3043 2639 3173 2682 suae
3215 2618 3520 2682 affectum
3577 2638 3772 2702 super
3818 2638 3926 2683 eos

2429 2720 2817 2799 expandenS,
2851 2728 2908 2779 et
2947 2721 3173 2779 videns
3213 2739 3312 2779 eos
3340 2728 3667 2797 sequentes
3701 2738 3766 2778 se
3793 2736 3930 2781 cor-

2431 2818 2602 2899 poris
2656 2834 2901 2897 gressu,
2962 2824 3026 2877 θῖ
3081 2824 3294 2878 mente
3351 2815 3554 2891 fideli,
3613 2816 3929 2879 desiderio

2430 2934 2690 2998 quoque
2741 2914 3143 2997 proficiendi,
3173 2918 3340 2977 dicit
3379 2917 3470 2975 eis
3502 2936 3524 2974 .·
3557 2918 3732 2985 Quid
3759 2936 3932 2994 qua·-

824 3017 1253 3089 scendentem,
1286 3014 1528 3077 dictum
1560 3023 1657 3076 est
1681 3015 1929 3089 Joanni‚
1964 3016 2314 3078 secundum
2357 3017 2400 3081 C
2430 3017 2580 3075 ritis
2602 3018 2632 3075 ἓ
2663 3015 2725 3077 id
2767 3022 2882 3090 est,
2916 3032 3116 3096 quare
3159 3014 3388 3077 venitis
3431 3021 3572 3095 post
3614 3016 3764 3075 me?
3793 3012 3926 3077 Non

821 3114 1268 3195 Augustinum,
1302 3114 1378 3175 ad
1415 3114 1885 3194 agnoscendum
1928 3116 2096 3196 quod
2141 3114 2320 3178 Chri-

822 3222 917 3275 sto
947 3221 1335 3294 competeret
1366 3219 1642 3294 potestas
1682 3213 2075 3276 excellentiae
2115 3214 2182 3275 in
2214 3212 2322 3275 Ba·-

822 3312 1104 3393 ptismo;
1165 3312 1517 3374 secundum
1567 3311 2080 3393 Chrysostomum
2142 3330 2315 3385 vern,

820 3410 898 3471 ad
955 3410 1427 3489 agnoscendum
1491 3410 1904 3471 determinate
1972 3410 2143 3491 quod
2212 3410 2320 3471 illa

824 3525 1094 3590 persona
1141 3515 1306 3569 esset
1356 3507 1641 3571 Christus
1690 3507 1754 3569 in
1803 3507 2043 3589 Spiritu
2094 3508 2321 3572 Sancto

822 3606 1172 3688 baptizans.

901 3709 1128 3768 Altera
1157 3706 1280 3773 die,
1306 3704 1367 3766 id
1398 3712 1493 3767 est
1525 3724 1651 3765 una
1679 3705 1783 3767 dic
1812 3715 2116 3787 sequente
2148 3708 2318 3769 diem

823 3804 1211 3885 praedictam,
1236 3803 1506 3865 mediato
1536 3802 1635 3865 vel
1668 3804 2052 3879 immediate,
2078 3808 2319 3867 iterum

819 3904 1028 3963 stabat
1072 3906 1353 3963 Joannes
1400 3902 1477 3963 ad
1536 3900 1781 3963 fluenta
1822 3902 2130 3977 soi-danis,
2186 3911 2320 3965 tan-

822 4020 1016 4082 quam
1058 4008 1312 4082 paratus
1352 4000 1616 4081 exsequi
1657 3998 1949 4063 officium
1983 3996 2105 4064 sibi
2148 4021 2320 4065 com-

824 4098 1114 4172 missum,
1150 4098 1213 4159 in
1256 4098 1676 4179 praedicand0‚
1710 4099 2086 4180 baptizando
2125 4109 2189 4163 et
2229 4110 2320 4163 tc-

2429 3113 2610 3195 quasi
2653 3113 2950 3193 ignorans
2989 3112 3240 3193 quaerit,
3275 3112 3384 3173 sed
3430 3120 3500 3172 ut
3537 3111 3794 3175 illorum
3835 3130 3930 3173 re-

2429 3212 2756 3293 sponsioni
2798 3211 3252 3274 convenienter
3295 3211 3692 3292 respondeat,
3737 3220 3928 3292 atque

2431 3318 2498 3371 ut
2529 3310 2621 3372 illi
2664 3329 2850 3371 suum
2894 3309 3283 3371 desiderium
3326 3308 3764 3391 exprimend0‚
3795 3328 3929 3371 am-

2432 3409 2599 3490 plius
2649 3408 3058 3482 incalescant,
3091 3416 3154 3469 et
3193 3407 3411 3488 gratiae
3447 3408 3927 3489 praeparatiores

2431 3507 2794 3569 reddantur.
2829 3505 3036 3567 Simili
3079 3506 3362 3569 modo-si
3394 3524 3507 3568 nos
3540 3506 3926 3587 coeperimus

2429 3606 2609 3687 sequi
2642 3613 2704 3667 et
2733 3622 3018 3686 quaerere
3048 3604 3390 3678 Christum,
3424 3612 3748 3667 convertet
3777 3624 3928 3668 ocu-

2429 3706 2561 3767 lum
2595 3706 2843 3786 pietatis
2875 3723 3005 3766 suae
3034 3704 3112 3765 ad
3149 3721 3283 3777 ηοε,
3319 3710 3382 3764 θῖ
3417 3703 3920 3766 imbecillitatem

2429 3812 2704 3866 nostram
2744 3802 2994 3882 juvabit
3033 3821 3104 3863 ac
3144 3803 3445 3883 perducet
3491 3802 3568 3863 ad
3615 3802 3920 3865 thronum

2424 3904 2641 3984 gratiae
2699 3921 2848 3976 suae,
2903 3901 2953 3962 si
3015 3909 3225 3963 tamen
3273 3908 3632 3965 constanter
3678 3920 3922 3982 quaera-

2429 4021 2592 4063 muS.
2637 4001 2779 4062 ldeo
2828 4008 3043 4063 monet
3088 3999 3416 4061 Psalmista
3447 4018 3462 4061 :
3493 3998 3768 4061 Laetetur
3813 4020 3921 4064 cor
3977 4024 4237 4075 Pac-m.

2427 4100 2851 4182 quaerentium
2885 4098 3244 4177 Dominum;
3271 4098 3536 4179 quaerite
3563 4096 3916 4174 Dominum,
3951 4088 4004 4131 ⁴·
4153 4088 4161 4095 ’

824 4194 1158 4259 stificando
1188 4196 1264 4257 de
1296 4195 1565 4259 Christo.
1600 4195 2026 4277 Spiritualiter
2059 4218 2317 4280 quoque
2351 4207 2397 4268 D
2428 4207 2492 4261 ct
2519 4196 3015 4269 confirmamini,
3037 4196 3303 4277 quaerite
3333 4195 3558 4258 faciem
3587 4195 3731 4277 ejus
3763 4216 3924 4259 sem-

824 4294 1027 4357 stabat
1076 4295 1141 4357 in
1192 4294 1472 4357 culmine
1530 4294 1962 4376 perfectioniS‚
2014 4297 2077 4358 in
2136 4300 2319 4379 apice

827 4393 1400 4475 contemplationis,
1464 4393 1527 4453 in
1588 4394 1927 4455 stabilitate
1983 4396 2314 4458 virtutum.

770 4515 799 4551 ι,
827 4490 1151 4573 Optimum
1191 4492 1362 4553 enim
1397 4499 1493 4553 est
1527 4492 1728 4571 gratia
1764 4493 2032 4555 stabiliri
2065 4514 2193 4570 cor,
2229 4515 2321 4558 sc-

828 4591 1108 4652 cundum
1158 4589 1551 4672 Apostolum.
1607 4589 1681 4652 Et
1736 4592 1987 4672 sapiens
2038 4592 2103 4655 in
2155 4596 2320 4677 sapi-

828 4688 999 4751 entia
1048 4697 1373 4770 permanet
1420 4696 1489 4750 ut
1536 4688 1665 4769 8013
1704 4690 1934 4751 stultus
1984 4709 2133 4755 vero
2181 4713 2323 4755 mu-

829 4796 997 4851 tatur
1047 4796 1115 4849 ut
1163 4788 1335 4849 luna.
1374 4790 1453 4849 Ει
1490 4809 1573 4848 eoe
1607 4790 1950 4867 discipulis
1986 4792 2126 4867 ejus
2164 4795 2321 4863 duc,

830 4886 1281 4950 conformantes
1314 4904 1381 4947 se
1411 4905 1523 4949 suo
1550 4886 1852 4965 magistro.
1875 4890 1959 4949 Ec
1978 4891 2321 4966 respiciens

825 4988 1042 5045 Jesum
1092 4986 1557 5053 ambulantem,
1606 4984 1850 5046 scilicet
1898 4985 2065 5047 circa
2110 4985 2323 5049 Jorda-

831 5100 1000 5144 nem.
1035 5081 1319 5145 Christus
1350 5101 1625 5163 namque
1655 5091 1950 5165 suscepto
1980 5084 2318 5165 baptismo,

830 5181 908 5243 ad
956 5188 1208 5263 tempus
1258 5188 1680 5244 commoratus
1723 5189 1819 5243 est
1857 5183 1921 5243 in
1964 5182 2119 5245 locis
2170 5183 2319 5257 illis,

2431 4316 2564 4380 per.
2599 4296 2673 4357 Et
2721 4297 2928 4359 denuo
2962 4314 2974 4357 ε
3009 4294 3302 4357 Accedite
3349 4296 3427 4357 ad
3467 4312 3635 4369 eum,
3669 4303 3732 4356 et
3778 4296 3924 4357 illu·
3985 4321 4254 4370 etum.

2430 4395 2787 4458 minamini.
3953 4386 4004 4426 ⁶·

2512 4496 2640 4564 Qui
2682 4496 2996 4553 disserunt
3044 4494 3106 4552 ei
3145 4513 3168 4552 .·
3217 4494 3440 4555 Rabbi.
3486 4491 3660 4565 Quod
3707 4500 3922 4554 autem

2430 4592 2744 4666 subditur,
2789 4610 2915 4654 non
2965 4598 3060 4652 est
3101 4608 3310 4654 sermo
3356 4608 3598 4665 eorum,
3633 4592 3743 4653 sed
3787 4610 3926 4655 ver-

2432 4692 2584 4753 bum
2637 4689 3050 4769 Evangelistae
3099 4690 3472 4770 exponentis
3519 4689 3674 4770 quid
3729 4689 3928 4771 signi-

2430 4791 2581 4853 ficet
2614 4790 2879 4852 verbum
2911 4788 3288 4850 Hebraicum
3318 4788 3535 4850 Rabbi.
3555 4791 3738 4857 Quod
3763 4792 3931 4849 dici-

2434 4901 2543 4951 tur
2565 4891 3081 4963 interpretatum,
3099 4886 3159 4947 id
3192 4894 3304 4961 est,
3323 4886 3538 4948 Latine
3567 4886 3928 4967 expositum

2433 4994 2714 5060 vocatur,
2763 4989 3089 5061 mayiscer.
3135 4986 3254 5047 Ubi
3301 4986 3576 5054 liabitas,
3626 4985 3810 5066 quasi
3863 4986 3928 5048 in

2435 5084 2710 5166 hospitio
2747 5083 2976 5157 alieno,
3013 5102 3138 5145 non
3179 5083 3364 5164 quasi
3405 5083 3469 5145 in
3522 5083 3779 5165 propria
3821 5084 3936 5147 do-

2435 5186 2582 5246 mo?
2616 5182 2899 5245 Christus
2949 5180 3116 5243 enim
3161 5200 3288 5245 non
3331 5181 3554 5243 habuit
3601 5182 3930 5263 propriam

831 5286 893 5340 et
943 5296 1084 5339 cum
1132 5278 1369 5341 Joanne
1418 5287 1824 5342 conversatus
1874 5299 1887 5341 :
1934 5288 2144 5342 tamen
2197 5300 2326 5344 non
2438 5282 2720 5355 domum,
2754 5288 3066 5361 quantum
3113 5281 3192 5341 ad
3239 5298 3446 5353 usum,
3487 5279 3782 5360 quamvis
3831 5280 3932 5363 ip-
