4300 6259
625 680 692 738 15

533 981 682 1025 Galat.
696 984 792 1032 ΝΑ.

825 477 946 542 604

1575 501 1926 549 mumulo
1970 502 2034 548 m
2075 501 2213 549 cn.
2260 502 2347 548 XX
2386 502 2663 585 tonnus:
2696 523 2790 536 --
2830 504 2973 550 Am.
3019 504 3181 550 xtvu

907 671 1086 730 Dicit
1121 672 1185 730 ei
1213 675 1394 733 Iesus
1423 693 1446 733 .·
1479 675 1744 736 Mulier.
1779 673 2179 736 Consuetudo
2228 679 2325 736 est
2357 671 2437 734 A·
2516 675 2698 734 Dicit
2722 675 2810 742 ei,
2844 681 2998 756 puta
3034 673 3224 737 Maria
3254 675 3521 750 Christo,
3554 691 3751 757 quem
3794 674 3937 736 bor-

825 763 1114 830 Hebraici
1161 768 1501 848 idiomatiS,
1536 789 2012 852 quamcumque
2059 770 2322 833 feminei

827 883 1037 940 sexuS,
1072 867 1406 931 mulierem
1458 869 1689 932 vocari.
1725 869 1900 932 Unde
1949 871 2025 931 de
2066 870 2323 950 Virgine

827 971 1042 1025 sancta
1081 965 1235 1028 dicit
1263 967 1600 1048 Apostolus
1635 987 1648 1030 t
1684 968 1848 1030 Misit
1885 967 2046 1030 Deus
2093 967 2321 1029 Filium

827 1081 1014 1123 suum
1075 1072 1293 1127 natum
1354 1083 1430 1126 ex
1481 1067 1770 1128 muliere.
1831 1069 2002 1135 Quid
2043 1069 2324 1144 ploras?

824 1181 1014 1239 quem
1052 1166 1341 1242 quoeris?
1368 1165 1608 1228 Idcirco
1648 1165 1932 1229 Christus
1983 1166 2323 1246 interroga-

826 1258 939 1333 vit,
977 1267 1044 1321 ut
1082 1261 1180 1322 sui
1221 1281 1498 1326 amorem
1541 1263 1606 1324 in
1641 1264 1829 1326 corde
1867 1263 2072 1326 Mariae
2101 1281 2323 1326 accen-

803 1357 1021 1432 deret,
1069 1369 1419 1436 renovaret,
1467 1370 1745 1442 augeret,
1793 1362 2014 1443 sicque
2064 1363 2173 1424 illa
2222 1363 2319 1423 sui

823 1456 1035 1520 dilecti
1068 1457 1434 1521 efficeretur
1464 1461 1775 1542 capacior,
1811 1461 2113 1544 quoniam
2143 1481 2323 1525 amor

820 1556 1027 1637 aperit
1057 1577 1165 1620 cor
1193 1560 1463 1620 amantis
1493 1560 1571 1621 ad
1603 1561 2068 1642 susceptionem
2103 1561 2317 1622 amati.

903 1660 1033 1716 Illa
1074 1659 1460 1719 emisti-'mans
1505 1661 1662 1738 quia
1706 1663 2095 1721 hortulanus
2141 1669 2317 1720 esset.

823 1753 892 1814 ln
937 1755 1150 1836 specie
1197 1757 1368 1816 enim
1411 1756 1516 1817 tali
1557 1757 1856 1839 apparuit
1903 1759 1960 1819 ei
2008 1756 2316 1832 ChristuS,

2436 771 2727 834 tulanum
2786 773 3131 835 materialis
3189 774 3355 837 horti
3404 773 3673 856 putavit,
3715 791 3933 834 errans

2438 870 2503 931 in
2553 870 2673 933 hoc
2722 889 2735 932 :
2783 873 3078 932 Domine.
3132 871 3287 934 Puto
3334 872 3504 954 quod
3558 871 3709 934 licet
3754 871 3933 932 Jesus

2436 968 2732 1050 apparuit
2780 968 2844 1031 in
2888 969 3309 1032 similitudine
3352 969 3694 1044 hortulani,
3730 968 3935 1031 nihilo

2436 1067 2649 1129 minus
2710 1067 2774 1128 in
2838 1070 3195 1131 veneranda
3249 1070 3520 1150 quadam
3584 1067 3804 1148 effigie
3866 1085 3935 1128 se

2436 1165 2842 1246 praesentavit
2886 1165 3113 1228 Mariae.
3156 1165 3415 1241 Idcirco,
3450 1165 3746 1248 quamvis
3795 1165 3935 1246 ipsa

2434 1270 2602 1324 esset
2658 1263 2835 1325 dives
2884 1283 2957 1326 ac
3014 1264 3270 1338 nobiliS,
3317 1272 3527 1326 tamen
3584 1263 3933 1346 appellavit

2436 1378 2583 1422 eum
2616 1361 2969 1436 dominum,
3004 1362 3357 1445 praesertim
3397 1382 3599 1444 quum
3634 1379 3782 1425 vere
3820 1362 3935 1423 hu-

2436 1458 2607 1520 milis
2648 1458 2840 1520 fuerit
2874 1477 2887 1522 :
2925 1461 3109 1541 cujus
3154 1461 3478 1523 humilitas
3524 1460 3587 1522 in
3630 1461 3752 1523 hoc
3792 1461 3935 1542 ipso

2435 1558 2939 1633 commendatur,
2991 1560 3163 1639 quod
3222 1560 3394 1621 hunc
3440 1577 3634 1640 quem
3682 1559 3935 1641 putavit

2436 1655 2831 1728 horticolam‚
2876 1657 3308 1739 appellaverat
3350 1657 3703 1720 dominum.

2488 1757 2595 1816 ‘Si
2626 1765 2695 1816 tu
2724 1758 3048 1817 sustulisti
3084 1777 3257 1826 eum,
3290 1756 3408 1819 hoc
3446 1763 3563 1830 est,
3594 1756 3650 1818 si
3694 1775 3933 1838 corpus

824 1852 921 1914 vel
987 1852 1126 1916 ideo
1185 1854 1304 1918 hoc
1361 1855 1697 1917 aestimavit
1753 1855 1962 1930 Maria,
2014 1856 2319 1937 quoniam
2361 1852 2576 1922 Blesu
2637 1853 3003 1934 deportasti.
3058 1853 3182 1917 Gur
3238 1854 3573 1917 aestimavit
3620 1855 3781 1918 hoc?
3834 1854 3937 1915 Di-

820 1950 998 2012 Jesus
1044 1953 1340 2034 apparuit
1384 1953 1443 2014 ei
1494 1953 1560 2015 in
1605 1954 1808 2028 hort0‚
1843 1955 1920 2016 ad
1968 1973 2161 2036 quem
2206 1974 2322 2036 pu-

822 2049 979 2110 tavit
1030 2051 1350 2112 neminem
1401 2052 1754 2134 advenisse,
1801 2053 1922 2114 nisi
1973 2052 2138 2115 horti
2191 2052 2323 2114 cul-

822 2155 1046 2222 torem,
1112 2156 1179 2210 ut
1251 2149 1434 2211 illum
1498 2150 1833 2213 excoleret.
1895 2149 2323 2232 Spiritualiter

820 2265 1078 2328 quoque
1129 2255 1262 2311 erat
1305 2248 1484 2311 Iesus
1543 2249 1917 2314 hortulanus
1969 2250 2142 2314 cordi
2202 2250 2324 2312 Ma-

822 2345 952 2419 riae,
987 2347 1064 2408 de
1113 2365 1184 2408 ea
1228 2348 1552 2410 eradicans
1595 2350 1882 2429 germina
1928 2349 2094 2411 mala
2144 2349 2323 2412 dubi-

821 2445 1078 2508 tationis
1135 2454 1201 2508 et
1257 2447 1628 2527 ignorantiae
1684 2455 1874 2530 atque
1935 2448 2199 2531 peccati,
2261 2456 2323 2510 et

823 2545 1112 2607 inserens
1152 2545 1209 2607 ei
1252 2563 1469 2608 semen
1514 2547 1845 2622 virtutum,
1880 2547 2034 2609 fidei
2075 2547 2317 2621 lumen,

823 2651 886 2705 et
932 2652 1172 2708 ceteros
1216 2643 1464 2707 fructus
1510 2645 1783 2727 Spiritus
1828 2645 2060 2709 Sancti.
2093 2645 2323 2719 Quem-

823 2743 1165 2805 admodum
1227 2743 1442 2824 itaque
1487 2743 1664 2805 Jesus
1722 2745 2019 2826 apparuit
2072 2743 2321 2807 duobus

825 2841 1158 2922 discipulis
1211 2842 1275 2904 in
1335 2841 1548 2924 specie
1601 2843 1942 2924 peregrini,
1997 2844 2082 2904 ita
2129 2862 2322 2925 appa-

825 2940 954 3000 ruit
1000 2938 1376 3020 Magdalenae
1433 2941 1498 3003 in
1549 2941 1761 3023 specie
1811 2941 2153 3004 hortulani.
2206 2942 2321 3004 Ha-

2434 1952 2707 2014 cendum
2747 1954 2919 2033 quod
2956 1952 3118 2027 ideo,
3149 1954 3455 2035 quoniam
3492 1953 3669 2015 Jesus
3702 1953 3769 2015 in
3808 1953 3935 2017 for·

2434 2069 2536 2111 ma
2593 2050 2915 2114 hortulani
2980 2053 3298 2134 apparuit,
3358 2052 3623 2116 forsitan
3686 2053 3934 2115 habeus

2436 2147 2643 2230 palam
2704 2149 2770 2210 in
2830 2169 3046 2212 manu.
3108 2150 3414 2223 Quoniam
3478 2169 3626 2232 ergo
3684 2151 3937 2233 putavit

2434 2266 2652 2309 curam
2702 2247 2875 2310 illius
2914 2248 3080 2310 horti
3131 2249 3450 2330 pertinere
3488 2251 3566 2311 ad
3615 2267 3787 2322 eum,
3828 2268 3938 2310 su-

2434 2346 2675 2427 spicata
2736 2354 2832 2408 est
2887 2348 3059 2427 quod
3118 2366 3349 2429 corpus
3406 2347 3655 2411 Domini
3712 2365 3934 2429 aspor-

2435 2452 2646 2519 tasset,
2692 2445 2915 2507 saltem
2966 2465 3113 2508 cum
3160 2446 3496 2527 adjutorio.
3544 2445 3785 2508 Rursus
3838 2447 3937 2507 in-

2436 2544 2803 2624 vestigatur,
2854 2563 2968 2606 cur
3026 2545 3102 2606 de
3150 2563 3225 2608 eo
3276 2544 3461 2625 cujus
3518 2563 3751 2608 nomen
3804 2564 3935 2608 non

2434 2644 2769 2724 expressit,
2808 2643 3092 2724 loquitur
3140 2642 3528 2716 indistincte,
3564 2643 3629 2706 Si
3677 2652 3746 2705 tu
3794 2663 3935 2706 sus-

2437 2741 2637 2802 tulisti
2714 2759 2883 2802 eum.
2958 2741 3511 2824 Respondendum,
3576 2743 3931 2805 secundum

2435 2838 2827 2920 Gregorium,
2869 2840 3173 2922 quoniam
3224 2841 3615 2903 consuetudo
3664 2849 3761 2902 est
3807 2840 3936 2902 ser-

2438 2946 2658 2999 venter
2695 2938 3060 3013 amantium,
3099 2945 3166 3000 ut
3206 2939 3457 3001 nullum
3498 2946 3723 3020 putent
3762 2939 3936 3020 igno-

823 3037 931 3100 bet
971 3038 1143 3100 enim
1185 3039 1580 3119 glorificatus
1625 3039 1689 3100 in
1735 3059 1998 3122 corpore
2049 3047 2320 3121 potesta-
2361 3042 2404 3105 C
2438 3054 2575 3097 rare
2618 3038 2789 3118 quod
2833 3037 2956 3119 ipsi
3007 3037 3441 3100 indesinenter
3483 3037 3819 3101 revolvunt
3864 3040 3931 3100 in

822 3143 952 3198 tem
983 3137 1324 3199 exhibendi
1359 3155 1426 3199 se
1457 3137 1777 3200 visibilem
1809 3146 1873 3199 et
1900 3137 2315 3212 invisibilem,

823 3235 1314 3315 cognoscibilem
1367 3243 1428 3298 et
1479 3237 2064 3317 incognoscibilem,
2102 3237 2200 3300 vel
2254 3239 2319 3300 in

821 3333 1026 3398 forma
1072 3354 1201 3416 qua
1250 3335 1476 3416 placet.
1523 3336 1754 3398 Verum
1807 3337 1884 3398 de
1933 3337 2119 3399 modo
2169 3356 2323 3417 qua-

823 3433 966 3494 liter
1003 3433 1118 3496 fiat
1159 3433 1300 3509 hoc,
1335 3442 1398 3496 et
1437 3435 1503 3495 in
1543 3453 1672 3514 quo
1712 3433 2066 3515 subjective
2115 3435 2323 3497 consi-

822 3540 943 3593 stat
1001 3531 1443 3612 hujuscemodi
1493 3532 1616 3594 alia
1663 3531 1935 3613 effigieS,
1991 3533 2179 3614 longa
2226 3541 2322 3594 est

824 3629 1189 3711 disputatio,
1213 3649 1405 3711 quam
1438 3631 1752 3713 relinquo.
1789 3631 1918 3694 Hoc
1949 3638 2160 3692 tamen
2194 3650 2322 3693 cer-

823 3736 960 3790 tum
1002 3737 1117 3802 est,
1151 3730 1321 3810 quod
1369 3748 1600 3811 corpus
1641 3729 2071 3810 glorificatum
2115 3730 2323 3811 perfe-

821 3835 919 3889 cte
951 3827 1310 3906 subjectum
1351 3835 1448 3890 est
1486 3828 1755 3909 imperio
1797 3828 2045 3902 animae,
2081 3835 2321 3890 manet-

819 3943 948 4006 que
975 3925 1212 4006 jugiter
1238 3925 1688 4006 glorificatum,
1723 3928 2321 4009 quomodocumque

820 4033 1167 4106 appareat3
1212 4025 1384 4086 visus
1433 4033 1642 4086 autem
1702 4025 2006 4087 intuentis
2057 4025 2323 4089 diversi-

820 4125 1008 4187 mode
1065 4123 1456 4186 immutatur.
1508 4124 1715 4187 Potuit
1771 4132 1982 4187 autem
2034 4125 2321 4188 Christus

2436 3136 2645 3197 corde.
2683 3136 2882 3198 Aliter
2929 3138 3371 3219 respondetur,
3406 3138 3578 3219 quod
3630 3137 3773 3200 ideo
3820 3157 3937 3200 no-

2436 3251 2579 3295 men
2629 3233 2775 3297 Jesu
2824 3253 2949 3298 non
3001 3235 3327 3317 exprimit,
3368 3235 3519 3316 quia
3568 3235 3818 3317 putavit
3860 3236 3936 3297 il-

2436 3332 2565 3393 lum
2600 3332 2703 3394 cui
2737 3332 3135 3414 loquebatur,
3170 3351 3247 3396 ex
3276 3333 3751 3396 circumstantia
3782 3333 3929 3408 loci,

2436 3430 2761 3511 temporiS,
2796 3449 3021 3506 causae,
3056 3437 3118 3492 et
3155 3431 3426 3494 aliorum
3466 3432 3815 3512 signorum,
3844 3431 3934 3494 fa-

2434 3528 2672 3591 cillime
2702 3546 2887 3611 posse
2922 3529 3239 3610 conjicere
3268 3527 3459 3612 quein
3500 3531 3637 3613 ipsa
3666 3532 3925 3594 notavit.

2436 3625 2507 3688 Et
2536 3626 2699 3690 forte
2728 3627 3018 3702 dicendo,
3053 3627 3235 3703 Eum,
3269 3628 3497 3690 direxit
3525 3629 3743 3692 oculos
3780 3647 3929 3692 suos

2432 3727 2509 3788 ad
2578 3726 2918 3802 tumulum,
2980 3727 3164 3808 quasi
3231 3727 3397 3789 dicat
3456 3746 3469 3790 ε
3533 3727 3719 3790 lllum
3781 3737 3929 3792 noto

2432 3842 2625 3906 quem
2674 3825 2798 3887 scis
2849 3824 2937 3886 ibi
2987 3823 3187 3887 fuisse
3238 3825 3584 3908 sepultum.
3627 3863 3709 3872 —
3746 3827 3930 3888 Deni-

2433 3942 2581 4006 que,
2634 3924 2799 3986 sicut
2849 3924 3134 3987 Christus
3196 3925 3524 3988 suscitavit
3569 3943 3637 3986 se
3687 3927 3924 4008 ipsum,

2434 4023 2525 4085 sic
2574 4023 2833 4085 sustulit
2878 4040 2947 4084 se
2996 4024 3074 4085 de
3126 4033 3560 4098 monumento,
3604 4024 3761 4106 quia
3813 4043 3928 4106 per

2434 4121 2784 4184 divinitatis
2844 4130 3133 4184 naturam
3191 4122 3491 4184 excitavit
3543 4130 3606 4184 et
3662 4123 3926 4185 abstulit

821 4222 1307 4284 similitudinem
1355 4221 1476 4283 sibi
1534 4222 1888 4303 placentem
1937 4222 2210 4285 formare
2254 4223 2319 4285 in
2355 4227 2402 4288 D
2433 4238 2499 4281 se
2544 4221 2621 4282 de
2664 4228 2867 4284 morte
2914 4238 2987 4282 ac
3030 4227 3442 4284 monumento
3490 4222 3699 4302 quoad
3745 4229 3925 4284 natu·

822 4319 1315 4401 adspicientium
1363 4320 1588 4382 oculis.
1623 4320 1758 4383 Non
1808 4328 2020 4382 tamen
2071 4322 2325 4403 decepit

822 4437 950 4491 θος,
1005 4437 1123 4480 nec
1180 4418 1304 4480 suit
1354 4436 1430 4480 ex
1485 4427 1661 4500 parte
1709 4419 1848 4499 ejus
1909 4419 2170 4500 illusio;
2214 4422 2321 4482 sed

827 4517 1110 4579 nondum
1169 4518 1519 4590 credenteS,
1573 4525 1946 4579 meruerunt
1996 4536 2142 4579 eum
2202 4517 2321 4580 sub

821 4615 945 4677 alia
995 4615 1230 4677 intueri
1277 4613 1516 4696 effigie,
1566 4615 1788 4696 sicque
1836 4635 1872 4677 a
1921 4617 2182 4698 propria
2228 4617 2324 4679 in-

823 4713 1196 4776 credulitate
1227 4713 1549 4777 oriebatur
1578 4732 1796 4776 corum
1830 4714 2137 4796 deceptio.
2156 4715 2325 4778 Chri-

823 4822 958 4875 stus
1015 4829 1164 4876 vero
1223 4812 1410 4874 talem
1472 4829 1540 4873 se
1596 4812 1688 4874 eis
1747 4812 2058 4887 exhibuit,
2113 4814 2321 4894 qualis

823 4911 947 4974 fuit
977 4910 1044 4972 in
1076 4912 1264 4974 corde
1304 4911 1614 4992 ipsorum,
1649 4919 1868 4992 utpote
1905 4911 2167 4974 alterius
2199 4913 2324 4975 dis-

827 5009 1194 5092 positionis;
1229 5010 1339 5071 sed
1382 5009 1500 5070 ista
1546 5008 1826 5072 alteritas
1871 5010 1948 5071 ad
1994 5010 2321 5074 veritatem

825 5106 1256 5183 ordinabatur,
1306 5116 1376 5169 ut
1421 5108 1730 5188 gradatim
1777 5116 1968 5189 atque
2017 5109 2322 5190 paulatim

829 5204 1229 5268 manifestam
1271 5205 1552 5288 veritatis
1595 5206 1972 5269 sortirentur
2007 5207 2317 5270 notitiam.

827 5303 1068 5366 Idcirco
1101 5322 1225 5368 non
1268 5303 1393 5365 fuit
1429 5322 1508 5366 ex
1536 5312 1714 5386 parte
1745 5303 1976 5368 Christi
2008 5305 2318 5388 deceptio.

2432 4338 2567 4380 ram
2608 4327 3023 4400 assumptam.

2527 4419 2739 4478 Dicito
2790 4418 2959 4478 milti
3010 4419 3123 4478 ubi
3162 4418 3441 4494 posuisti
3492 4437 3661 4485 eum,
3708 4427 3771 4478 et
3814 4438 3925 4496 eyo

2430 4535 2576 4576 eum
2611 4519 2854 4582 tollam,
2889 4516 3197 4598 portando
3240 4534 3471 4597 corpus
3512 4515 3651 4596 ejus
3694 4517 3774 4578 ad
3818 4517 3930 4580 do-

2432 4633 2607 4675 mum
2662 4633 2890 4689 meam,
2938 4622 3006 4675 ut
3055 4613 3142 4676 ibi
3194 4613 3257 4675 in
3312 4613 3449 4677 loco
3496 4632 3719 4677 securo
3770 4615 3927 4676 illud

2434 4730 2759 4794 reponam.
2810 4713 3001 4775 Maria
3053 4714 3187 4776 haec
3247 4713 3529 4794 loquitur
3575 4715 3925 4776 secundum

2432 4810 2817 4875 ferventium
2867 4820 3221 4876 amatorum
3270 4831 3534 4886 morem,
3577 4813 3689 4894 qui
3744 4814 3931 4877 ratio-

2435 4927 2581 4971 nem
2632 4917 2694 4970 et
2741 4910 3229 4992 possibilitatem
3286 4929 3511 4992 parum
3570 4912 3926 4986 attendunt,

2432 5009 2816 5071 aestimantes
2850 5027 3029 5070 suam
3073 5015 3444 5090 potestatem
3488 5007 3811 5091 parificari
3844 5009 3935 5071 di-

2434 5107 2724 5170 lectionis
2766 5107 3023 5172 fervori.
3058 5107 3120 5169 Si
3162 5107 3333 5170 enim
3386 5108 3659 5189 positum
3704 5106 3929 5170 fuisset

2435 5225 2666 5288 corpus
2694 5205 2839 5268 Jesu
2870 5206 2934 5267 in
2966 5206 3126 5269 atrio
3159 5205 3470 5288 principis
3504 5207 3919 5281 sacerdotum,

2436 5305 2534 5369 vel
2587 5305 2653 5367 in
2710 5305 2922 5368 medio
2965 5305 3346 5381 Judaeorum,
3397 5306 3713 5386 quomodo
3768 5304 3919 5367 illud
