4300 6259
561 797 722 842 Joann.

549 864 566 903 ¹
575 863 615 905 ὅ.

639 2756 711 2812 45

579 3069 595 3112 l
609 3068 711 3112 Cor.
729 3079 815 3116 xm,

554 3135 619 3176 ¹2.

589 3268 751 3311 Joann.
772 3277 816 3315 x,

549 3336 619 3379 30.

549 3951 670 3995 Ibid.
683 3954 811 4002 xlv,9.

591 4344 712 4389 levid.
733 4347 774 4387 7.

839 490 962 555 512

1579 505 1929 553 [mannum
1972 504 2035 552 m
2077 505 2217 551 CAP.
2262 504 2351 550 111
2392 503 2670 551 soumis·
2714 521 2795 534 --
2834 504 2976 550 Am.
3022 503 3197 552 xxxn

839 699 971 740 non
1009 681 1214 741 credit
1250 681 1325 743 in
1363 701 1463 742 me
1500 681 1826 743 dumtaxat
1869 695 1882 740 :
1923 677 2104 758 juxta
2142 695 2337 759 quem
2365 675 2419 738 A
2447 675 2735 739 homines
2772 676 3063 758 apparui,
3096 683 3285 758 atque
3314 675 3380 737 in
3420 673 3607 737 terris
3644 690 3787 735 esse
3814 690 3945 736 0oe

741 809 811 845 vn.
841 795 1098 840 sensum
1161 779 1401 842 dictum
1453 787 1550 841 θεῖ
1599 797 1812 860 supra,
1865 775 1994 838 Mea
2053 776 2339 839 doctrina

841 894 969 938 non
1001 883 1095 938 est
1135 895 1295 952 mea,
1331 879 1440 940 sed
1475 877 1615 958 ejus
1644 876 1758 959 qui
1799 875 1974 938 misit
2003 892 2128 935 me.
2162 874 2338 936 Unde

841 994 1015 1038 nunc
1056 977 1354 1039 subditur
1386 996 1400 1040 :
1431 979 1543 1038 sed
1573 978 1646 1036 in
1676 996 1820 1036 eum
1849 977 1968 1053 qui
1997 976 2177 1035 misit
2212 993 2334 1045 me,

840 1073 908 1136 id
947 1083 1043 1136 est
1083 1074 1148 1136 in
1188 1075 1386 1138 Deum
1425 1074 1694 1148 Patrem,
1731 1073 1860 1136 imo
1899 1072 1964 1135 in
2007 1080 2199 1135 totam
2241 1090 2340 1132 su-

841 1172 1355 1253 perbenedictam
1395 1173 1788 1246 Trinitatem,
1823 1188 1968 1252 quae
2005 1177 2100 1232 est
2134 1188 2335 1230 unum

838 1269 994 1333 fidei
1041 1271 1363 1352 objectum
1408 1279 1471 1333 et
1519 1289 1726 1341 causa,
1769 1276 1834 1330 et
1877 1269 2072 1330 trium
2121 1266 2339 1330 Perso-

839 1388 1066 1432 narum
1109 1378 1204 1432 est
1249 1389 1373 1433 una
1413 1369 1599 1432 fides.
1634 1368 1745 1430 Vel
1789 1369 1883 1429 sic
1917 1386 1930 1430 ε
1969 1369 2096 1436 Qui
2131 1368 2337 1426 credit

837 1469 912 1528 in
961 1489 1086 1538 me,
1135 1469 1488 1530 secundum
1537 1467 1709 1550 quod
1767 1466 1928 1528 Deus
1979 1483 2120 1528 sum
2178 1483 2191 1526 ε
2244 1463 2337 1525 sic

837 1566 1010 1628 enim
1061 1567 1448 1630 credendum
1499 1575 1594 1628 est
1643 1566 1707 1627 in
1757 1583 1902 1645 me3
1952 1585 2082 1624 non
2131 1565 2337 1624 credit

837 1666 910 1725 in
954 1686 1075 1733 me,
1119 1666 1470 1728 secundum
1519 1664 1690 1746 quod
1737 1664 1928 1726 homo
1977 1681 2141 1736 sum,
2184 1661 2337 1742 quia

837 1763 930 1825 sic
961 1782 1086 1826 non
1129 1783 1270 1826 sum
1310 1762 1460 1826 fidei
1495 1762 1932 1825 immediatum
1974 1760 2337 1842 proprium-

2446 776 2511 857 pi
2553 794 2668 857 per
2696 775 3177 849 humanitatem,
3212 775 3324 856 qui
3362 781 3509 836 ante
3537 772 3632 834 fui
3674 771 3741 834 in
3772 778 3943 832 terra

2446 892 2559 956 per
2616 874 2812 937 solam
2870 874 3291 936 divinitatem.
3352 873 3479 936 Hoc
3538 871 3789 934 Christo
3844 877 3947 932 est

2446 972 2800 1055 proprium,
2836 991 2953 1035 nec
2981 972 3215 1054 aliquis
3248 971 3620 1034 Sanctorum
3654 987 3939 1050 unquam

2446 1071 2566 1134 hoc
2595 1071 2805 1134 dicere
2841 1091 3033 1134 ausus
3072 1069 3216 1133 fuit.
3248 1070 3545 1143 Quamvis
3575 1069 3749 1131 enim
3790 1067 3944 1130 San-

2446 1170 2529 1232 cti
2588 1170 2716 1232 sint
2770 1170 3015 1233 lumina
3070 1171 3383 1252 quaedam,
3436 1168 3673 1230 habent
3732 1175 3939 1229 tamen

2443 1269 2686 1350 aliquid
2752 1268 3219 1332 tenebrositatis
3277 1267 3378 1332 vel
3440 1266 3939 1329 defectibilitatis

2443 1367 2818 1429 admixtum.
2854 1369 2932 1430 Ut
2958 1369 3169 1428 omnis
3196 1368 3315 1447 qui
3340 1369 3545 1428 credit
3574 1368 3643 1426 in
3678 1385 3781 1426 me
3808 1363 3941 1426 fide

2442 1464 2731 1538 formata,
2760 1484 2905 1547 quae
2934 1465 3087 1527 dum
3118 1464 3558 1547 opportunitas
3588 1464 3787 1538 adest,
3812 1463 3943 1544 agit
3968 1487 4212 1530 calatas.

2445 1582 2559 1646 per
2598 1563 3027 1638 dilectionem,
3070 1567 3143 1625 in
3182 1565 3452 1625 tenebris
3480 1583 3607 1624 non
3650 1573 3937 1634 maneat,

2445 1663 2509 1724 id
2540 1670 2635 1724 est
2666 1663 2732 1724 in
2767 1662 2940 1742 vitiis
2970 1670 3033 1724 et
3064 1661 3431 1742 ignorantiae
3461 1661 3739 1724 nebulis.
3760 1661 3938 1722 Unde

2446 1780 2559 1844 per
2602 1761 2822 1823 lsaiam
2873 1760 3053 1823 Pater
3099 1761 3188 1822 ait
3229 1762 3307 1822 ad
3350 1759 3673 1823 Christum
3722 1778 3735 1822 :
3786 1759 3939 1822 Dedi
3966 1782 4213 1832 ιωιιιατ.

837 1879 964 1943 que
1003 1861 1350 1942 objectum,
1383 1865 1492 1922 sed
1522 1863 1592 1921 in
1627 1881 1772 1920 eum
1805 1861 1922 1940 qui
1965 1860 2141 1918 misit
2182 1877 2333 1918 me:
2373 1859 2418 1920 B
2446 1869 2505 1921 te
2556 1860 2621 1922 in
2673 1859 2878 1922 lucem
2926 1860 3235 1940 gentium,
3278 1867 3347 1921 ut
3392 1858 3673 1940 aperires
3721 1858 3939 1921 oculos

836 1961 1140 2041 quoniam
1204 1960 1352 2022 licet
1414 1977 1490 2021 ex
1553 1958 1758 2021 Verbo
1820 1965 1884 2019 et
1941 1955 2336 2018 humanitate

837 2065 1082 2122 constet
1113 2078 1238 2121 una
1268 2057 1625 2141 hypostasis
1658 2055 1911 2128 Christi,
1945 2063 2159 2117 tamen
2190 2053 2338 2115 Ver-

837 2156 994 2219 bum
1023 2165 1086 2218 et
1113 2156 1292 2218 Pater
1331 2156 1475 2238 plus
1514 2154 1902 2219 conveniunt
1940 2154 2006 2216 in
2049 2154 2171 2216 hoc
2205 2171 2339 2234 pro-

840 2262 981 2338 pter
1047 2255 1218 2336 quod
1285 2254 1530 2336 aliquid
1596 2260 1691 2316 est
1759 2252 2084 2333 objectum
2155 2250 2332 2324 fidei,

840 2372 1034 2435 quam
1077 2352 1353 2415 Verbum
1397 2360 1460 2414 et
1503 2360 1727 2414 natura
1771 2358 2118 2432 assumpta.
2163 2348 2336 2410 Fidei

843 2459 1076 2533 nempe
1113 2451 1434 2532 objectum
1474 2460 1569 2512 est
1601 2449 1830 2515 veritas
1872 2449 2118 2531 prima;
2161 2448 2339 2510 Pater

843 2558 1055 2612 autem
1100 2558 1162 2612 et
1201 2549 1475 2612 Verbum
1521 2557 1669 2611 sunt
1714 2567 1838 2610 una
1884 2548 2089 2629 prima
2127 2564 2341 2608 exem-

847 2650 1171 2732 plarisque
1215 2648 1468 2711 veritas.

924 2751 1010 2811 Et
1051 2751 1171 2828 qui
1211 2750 1386 2808 videt
1429 2768 1528 2807 me
1577 2747 1762 2809 oculo
1811 2745 2120 2819 interiori,
2169 2763 2340 2807 nunc

847 2866 960 2930 per
1015 2847 1212 2909 fidem
1271 2853 1332 2907 et
1389 2845 1730 2927 specialem
1789 2842 2339 2925 contemplationis

844 2948 1132 3029 gratiam,
1186 2945 1286 3010 vel
1338 2946 1401 3008 in
1453 2944 1665 3008 futuro
1715 2962 1828 3026 per
1883 2943 2175 3024 gloriam,
2227 2960 2339 3003 seu

2446 1979 2773 2023 caecorum.
2821 1960 3002 2022 Fides
3052 1960 3245 2040 igitur
3293 1958 3827 2022 illuminationem
3876 1967 3941 2020 et

2446 2059 2963 2140 purificationem
3003 2067 3305 2134 meretur,
3349 2066 3537 2140 prout
3576 2057 3639 2119 in
3686 2056 3941 2120 Prover-

2444 2157 2569 2220 biis
2614 2157 2845 2238 legitur
2878 2175 2891 2220 ε
2924 2156 3041 2218 Per
3068 2156 3581 2222 misericordiam
3624 2163 3691 2218 et
3737 2155 3931 2218 fidem
4000 2177 4209 2221 emm.

2448 2263 2799 2338 purgantur
2843 2263 3117 2337 peccata.
3964 2251 4030 2292 ²⁷·

2526 2357 2610 2417 Et
2658 2357 2717 2415 si
2762 2357 2911 2435 quis
2950 2355 3241 2416 audierit
3290 2355 3475 2415 verba
3528 2374 3693 2424 mea,
3734 2353 3799 2415 id
3842 2362 3937 2415 est
4068 2359 4135 2413 Π

2449 2463 2765 2536 praecepta
2794 2460 2856 2514 et
2886 2453 3283 2526 documenta,
3316 2463 3375 2514 et
3404 2473 3533 2513 non
3560 2455 3938 2514 custodierit

2447 2574 2539 2624 ea,
2578 2551 2945 2614 memoriter
2985 2551 3341 2625 recolendo,
3377 2550 3495 2612 rite
3536 2552 3849 2613 credendo
3878 2557 3942 2611 et

2448 2651 2827 2730 obediendo,
2866 2670 2976 2727 eqo
3015 2670 3141 2710 non
3174 2651 3409 2726 judico
3454 2671 3603 2711 eum
3653 2668 3827 2711 nunc
3872 2650 3939 2711 in

2451 2749 2658 2831 primo
2716 2765 2859 2811 meo
2916 2748 3216 2823 adventu,
3264 2746 3507 2827 judicio
3562 2748 3946 2810 condemna-

2448 2849 2664 2913 tioniS.
2702 2851 2849 2911 Non
2889 2850 3066 2908 enim
3098 2849 3249 2908 veni
3284 2850 3686 2926 utjudicem‚
3721 2848 3785 2910 id
3826 2857 3939 2922 est,

2450 2949 2866 3011 condemnem
2908 2953 2973 3008 et
3022 2946 3305 3028 perdam,
3346 2949 3694 3016 mundum,
3738 2947 3803 3008 id
3851 2954 3945 3007 est

844 3044 1008 3107 facie
1048 3046 1126 3107 ad
1171 3043 1439 3122 faciem3
1484 3045 1655 3104 videt
1697 3042 1918 3105 eodem
1968 3040 2157 3103 modo
2192 3060 2337 3100 eum
2377 3038 2420 3102 C
2453 3046 2834 3108 habitatores
2872 3051 3077 3119 terrae,
3118 3047 3229 3105 sed
3265 3054 3337 3105 ut
3372 3046 3723 3122 salvificem
3766 3065 3947 3106 mun-

844 3145 962 3225 qui
999 3145 1178 3204 misit
1217 3164 1337 3204 me.
1379 3142 1556 3204 Pater
1603 3141 1776 3202 enim
1824 3149 1888 3202 et
1928 3139 2124 3201 Filius
2175 3138 2341 3200 sicut

847 3250 996 3304 sunt
1047 3240 1502 3324 inseparabiles
1551 3241 1615 3301 in
1667 3239 1962 3312 essentia,
2015 3238 2107 3299 sic
2159 3245 2221 3298 et
2271 3236 2335 3297 in

845 3340 1224 3422 cognitione.
1270 3339 1506 3401 Idcirco
1551 3338 1663 3421 qui
1708 3337 1912 3401 noscit
1959 3355 2182 3410 unum,
2229 3355 2341 3398 no-

844 3440 965 3502 scit
1011 3447 1073 3501 et
1119 3438 1315 3500 alium
1361 3456 1374 3500 :
1419 3436 1769 3519 praesertim
1813 3455 2014 3518 quum
2061 3441 2239 3517 pater
2276 3441 2339 3496 et

843 3538 1020 3600 filius
1062 3535 1436 3601 correlative
1478 3535 1802 3614 dicantur3
1836 3533 2085 3614 cognito
2123 3540 2335 3595 autem

843 3655 973 3700 uno
1001 3635 1288 3699 correlati
1299 3652 1538 3709 vorum,
1563 3632 1964 3714 cognoscitur
1994 3631 2334 3713 reliquum,

843 3754 1045 3817 quum
1095 3753 1294 3797 unum
1345 3734 1426 3796 sit
1468 3735 1545 3795 de
1592 3733 1850 3815 propria
1897 3732 2136 3795 ratione
2184 3731 2337 3792 altc-

843 3834 999 3896 rius.
1053 3833 1248 3896 Tanta
1295 3850 1551 3914 quoque
1600 3839 1694 3893 est
1743 3831 2094 3893 similitudo
2138 3829 2337 3891 Patris

842 3940 906 3995 et
953 3932 1118 4006 Filii,
1173 3941 1242 3994 ut
1299 3931 1552 4012 cognito
1609 3929 1788 4004 Filio,
1841 3936 2218 4010 agnoscatur
2277 3936 2338 3990 et

842 4031 1040 4105 Pater,
1075 4029 1227 4111 quia
1271 4037 1334 4090 et
1376 4029 1570 4091 Filius
1613 4037 1710 4090 est
1751 4028 2055 4090 naturalis
2096 4034 2158 4088 et
2199 4045 2341 4109 per-

843 4129 1004 4192 fecta
1036 4128 1230 4190 Patris
1269 4129 1498 4208 imagO‚
1533 4127 1596 4190 in
1628 4145 1756 4208 quo
1795 4126 2112 4208 quidquid
2139 4125 2337 4188 Patris

2449 3150 2631 3216 dum,
2674 3163 2789 3226 pro
2837 3143 3169 3207 hominum
3222 3143 3428 3224 culpis
3476 3142 3939 3218 satisfaciendo,

2450 3244 2671 3324 eisque
2704 3249 3002 3305 aeternam
3033 3241 3490 3305 beatitudinem
3522 3245 3941 3324 promerendo

2450 3351 2640 3424 atque
2691 3341 2965 3404 faciliter
3005 3341 3414 3421 indulgendo.
3468 3340 3552 3403 De
3608 3342 3729 3405 hoc
3776 3343 3941 3406 dicta

2451 3449 2601 3503 sunt
2648 3440 2849 3502 multa
2898 3439 2962 3501 in
3014 3439 3475 3521 superioribuS,
3518 3441 3795 3503 maxime
3844 3462 3940 3504 ca-
4014 3465 4059 3507 ιιι
4076 3464 4213 3507 som.

2452 3540 2655 3623 pitulo
2684 3539 2891 3602 tertio.
2930 3540 3057 3607 Qui
3084 3541 3331 3616 spernit
3359 3560 3480 3616 me,
3513 3539 3631 3602 hoc
3660 3547 3779 3614 est,
3814 3543 3981 3604 non¹
3996 3531 4113 3580 ¹
4072 3593 4141 3648 43

2448 3640 2685 3720 obedit,
2740 3638 2839 3702 vel
2886 3657 2963 3700 ex
3024 3637 3400 3700 infidelitate
3448 3639 3785 3721 vilipendit
3840 3660 3943 3705 me

2450 3747 2751 3820 tanquam
2799 3755 3031 3819 purum
3081 3736 3429 3817 hominem,
3471 3738 3570 3800 vel
3613 3755 3716 3800 me
3756 3758 3943 3822 repu-
4024 3761 4105 3804 m
4106 3763 4181 3802 m.

2448 3845 2537 3898 tat
2577 3836 2996 3910 seductorem,
3032 3841 3101 3896 ut
3139 3833 3434 3896 infideles
3473 3835 3690 3910 Judaei,
3722 3847 3785 3898 et
3812 3859 3938 3900 non
3970 3827 4211 3932 ¹322*an

2448 3937 2684 4012 accipit
2714 3936 2902 3994 verba
2936 3953 3094 4006 mea,
3128 3933 3443 3997 credendo
3472 3942 3535 3995 et
3562 3934 3938 4008 obediendo,
3972 3953 4039 3995 ις

2450 4035 2634 4094 habet
2675 4033 2793 4111 qui
2813 4032 3098 4109 judicet,
3130 4031 3193 4093 id
3235 4040 3333 4094 est
3372 4033 3769 4105 condemnet,
3793 4055 3939 4096 eum

2449 4138 2735 4212 tempore
2766 4148 2902 4192 suo.
2936 4133 3161 4191 Sermo
3188 4150 3376 4210 quem
3404 4134 3650 4192 locutus
3676 4152 3845 4204 sum,
3877 4133 3943 4195 id

843 4235 960 4302 est,
1004 4226 1374 4309 plenissime
1423 4225 1611 4288 lucet.
1653 4225 1914 4307 Propter
1956 4225 2128 4305 quod
2175 4223 2341 4286 infra
2374 4225 2421 4285 D
2450 4236 2545 4290 est
2583 4228 2870 4292 doctrina
2916 4245 3077 4302 mea,
3118 4229 3232 4288 ille
3254 4229 3613 4306 judicabit,
3656 4231 3775 4292 hoc
3822 4240 3939 4304 est,

843 4333 1109 4388 testatur
1157 4323 1489 4406 discipulis
1533 4341 1547 4385 :
1594 4321 1657 4384 Si
1707 4322 2162 4403 cognovissetis
2213 4341 2336 4398 me,

845 4431 909 4487 et
935 4423 1180 4485 Patrem
1210 4440 1425 4485 meum
1462 4421 1684 4502 utique
1718 4421 2195 4501 cognovissetis.
2230 4419 2343 4482 De-

845 4523 1063 4604 nique,
1091 4522 1257 4584 sicut
1288 4539 1414 4583 una
1441 4527 1538 4582 est
1559 4520 1690 4600 jam
1721 4518 1883 4582 fides
1914 4527 2341 4602 supersanctae

845 4621 1188 4696 TrinitatiS,
1233 4620 1325 4682 sic
1371 4619 1436 4680 in
1487 4618 1689 4701 patria
1729 4626 1824 4680 est
1873 4637 1998 4679 una
2045 4618 2342 4681 beatifica

844 4721 1008 4784 visio
1046 4719 1207 4800 ejuS,
1241 4718 1394 4781 fidei
1425 4717 1927 4799 correspondens
1967 4725 2160 4798 atque
2199 4736 2341 4780 suc-

845 4819 1091 4881 cedenS.

925 4921 1062 4995 Eyo
1103 4920 1223 4976 lux
1263 4933 1375 4997 per
1414 4914 1777 4988 essentiam,
1819 4922 2120 4994 tanquam
2166 4913 2341 4995 Sapi-

709 5048 740 5086 ι,
787 5067 798 5078 .
842 5015 1012 5078 entia
1057 5013 1253 5076 Patris
1296 5029 1616 5094 verusque
1658 5011 1843 5080 Deus,
1887 5011 2000 5093 qui
2048 5029 2189 5072 sum
2230 5011 2339 5073 lux

842 5132 991 5176 vera
1029 5111 1397 5174 illuminans
1428 5128 1683 5174 omnem
1722 5110 2049 5173 hominem
2083 5109 2342 5172 venien-

843 5219 969 5274 tem
1011 5211 1075 5273 in
1116 5211 1288 5274 hunc
1328 5210 1662 5284 mundum,
1695 5211 1770 5269 in
1811 5211 2132 5269 mundum
2164 5211 2339 5278 veni,

844 5308 910 5372 id
951 5316 1066 5384 est,
1110 5326 1224 5390 per
1265 5306 1715 5370 incarnationis
1755 5307 2127 5389 mysterium
2173 5307 2339 5370 inter

2451 4325 2999 4390 condemnabilem
3052 4326 3530 4401 demonstrabit,
3582 4345 3693 4389 seu
3754 4347 3945 4410 poena

2451 4433 2513 4488 et
2552 4424 2993 4507 reprobatione
3032 4424 3294 4505 dignum
3338 4428 3645 4500 ostendet,
3682 4447 3830 4489 eum
3870 4429 3943 4488 in

2450 4525 2797 4585 novissimo
2846 4525 3007 4584 die:
3038 4522 3204 4585 sicut
3251 4523 3351 4585 lex
3401 4523 3607 4586 civilis
3654 4524 3945 4604 judicare

2452 4622 2685 4686 dicitur
2729 4621 2960 4684 furem.
3008 4621 3136 4696 Vel,
3184 4619 3404 4685 Sermo
3449 4641 3641 4703 quem
3693 4623 3943 4685 locutus

2450 4740 2614 4796 sum,
2650 4722 2714 4783 id
2754 4729 2849 4783 est
2886 4739 3001 4801 ego
3040 4721 3199 4802 ipse,
3233 4721 3347 4803 qui
3388 4739 3529 4783 sum
3559 4720 3837 4784 Verbum
3882 4731 3943 4785 et

2449 4836 2657 4880 sermo
2704 4818 2901 4881 Patris
2954 4837 2968 4881 :
3024 4820 3374 4882 secundum
3423 4821 3591 4900 quod
3642 4821 3944 4884 scribitur

2448 4917 2525 4978 ad
2572 4915 2888 4992 HebraeOS,
2940 4916 3133 4978 Vivus
3182 4926 3279 4979 est
3328 4936 3533 4982 sermo
3582 4917 3712 4981 Dei.
3766 4919 3945 4984 Chri·
4008 4941 4205 4985 fleu-‚m

2449 5022 2584 5076 stus
2630 5022 2837 5076 autem
2887 5015 3199 5097 expressit
3248 5033 3315 5077 se
3360 5016 3592 5098 ipsum,
3635 5019 3935 5099 quoniam
3968 5008 4027 5048 ¹²·

2402 5135 2409 5144 ·
2451 5113 2666 5175 docuit
2706 5131 2775 5174 se
2811 5130 2949 5175 esse
2992 5113 3325 5176 hominum
3363 5114 3774 5178 Salvatorem.

2532 5214 2697 5280 Quia
2736 5231 2846 5288 eqo
2880 5233 2961 5272 em
2990 5232 3090 5271 me
3122 5214 3259 5289 ipso
3298 5233 3429 5274 non
3460 5234 3601 5274 sum
3637 5219 3884 5276 locutus
3911 5235 3934 5274 .·
4052 5220 4125 5274 ⁴9

2449 5309 2623 5391 quia,
2658 5316 2727 5370 ut
2764 5308 2973 5384 homo,
3006 5309 3222 5392 accepi
3262 5329 3300 5372 a
3336 5308 3460 5375 Deo
3496 5311 3803 5375 Trinitate
3840 5332 3933 5375 sa—
