4300 6259
839 492 958 558 126
1603 513 1957 561 msam-10
2000 514 2065 560 m
2106 513 2247 560 car.
2293 513 2400 560 xv!
2441 513 2630 561 tucn.
2675 534 2758 544 —
2797 517 2941 562 Λιιτ.
2988 515 3182 563 mix

836 680 1247 756 confidimuS,
1280 683 1392 764 qui
1436 691 1643 765 potest
1682 702 1797 746 nos
1844 693 1911 746 et
1956 683 2333 745 universum
2365 682 2417 743 A
2446 682 2728 760 Gorram,
2763 685 2876 766 qui
2927 686 3192 749 dimittit
3230 704 3488 750 uxorem
3539 703 3714 746 suam
3754 685 3948 766 spiri-

836 781 1150 843 mundum
1204 800 1330 844 uno
1371 789 1529 844 nutu
1571 782 1818 853 delere:
1850 803 2049 862 quam
2084 785 2166 842 de
2205 786 2338 859 ceye
2446 784 2704 857 tualem,
2757 785 3004 847 scilicet
3053 786 3440 868 parochiam,
3485 793 3550 847 et
3593 785 3766 847 ducit
3821 785 3948 846 ali-

834 898 1043 939 unum
1084 881 1334 957 apicem
1362 883 1610 948 cadere,
1644 881 1709 942 id
1753 887 1869 953 est,
1903 898 2098 960 quam
2143 878 2337 939 mini-
2445 901 2570 955 am,
2609 890 2826 965 utpote
2858 883 3284 966 pinguiorem,
3315 885 3468 965 quia
3498 883 3790 965 pinguior
3817 891 3943 956 est,

836 993 1003 1037 mam
1057 976 1212 1057 legis
1271 978 1763 1060 portiunculam,
1813 978 2167 1058 jussionem
2221 995 2333 1038 seu
2447 981 2822 1055 moechatur,
2876 982 3028 1063 quia
3085 1001 3211 1046 non
3261 981 3489 1064 quaerit
3545 981 3950 1062 spiritualem

833 1074 1101 1138 verbum
1142 1077 1406 1138 veritate
1456 1077 1735 1150 destitui,
1769 1075 2005 1138 effectu
2057 1074 2335 1157 impleti·
2445 1078 2749 1154 fructum,
2795 1082 2905 1143 sed
2946 1081 3298 1163 temporale
3341 1081 3614 1142 lucrum.

831 1172 971 1234 onis
1032 1174 1293 1255 privari,
1348 1175 1604 1249 irritari,
1660 1175 1913 1237 cassari.
1972 1173 2101 1236 Lex
2159 1173 2332 1235 enim
2525 1177 2832 1260 Superius
2863 1178 3148 1242 Christus
3185 1179 3470 1241 hortatus
3509 1185 3604 1240 est
3629 1179 3706 1240 ad
3737 1177 3949 1241 avari-

830 1270 941 1332 illa
986 1271 1271 1346 Mosaica‚
1323 1292 1524 1355 quum
1574 1273 1770 1335 fuerit
1826 1273 2331 1355 supernaturalis
2444 1276 2548 1340 tiae
2584 1277 3062 1340 detestationem
3103 1278 3776 1360 eleemosynarumque
3813 1275 3947 1337 lar-

827 1377 1017 1451 atque
1069 1370 1305 1444 divina,
1361 1372 1657 1436 increatae
1704 1371 1951 1435 veritati
2012 1370 2328 1433 inniteba-
2441 1375 2748 1455 gitionem
2798 1393 2912 1457 per
2963 1376 3362 1457 parabolam3
3413 1375 3520 1436 hic
3568 1375 3734 1436 idem
3780 1374 3938 1455 agit,

828 1475 932 1529 tur
985 1487 998 1530 z
1053 1469 1213 1544 ideo,
1268 1489 1459 1552 quam
1521 1470 1920 1552 impossibile
1977 1478 2069 1532 est
2131 1470 2330 1531 Deum
2444 1476 3000 1537 commemorando
3049 1493 3183 1536 rem
3233 1481 3497 1554 gestam.
3543 1477 3744 1535 Homo
3790 1475 3944 1552 qui-
4075 1481 4133 1535 19

830 1584 955 1629 non
996 1585 1135 1629 esse
1166 1586 1478 1643 veracem,
1512 1577 1637 1632 tam
1682 1567 2081 1650 impossibile
2114 1575 2211 1630 est
2249 1567 2333 1630 le-
2441 1576 2592 1634 dam
2624 1583 2765 1634 erat
2791 1575 2972 1634 dives
3003 1573 3069 1635 in
3109 1572 3552 1645 exterioribuS,
3588 1590 3827 1653 pauper
3869 1572 3938 1632 in

824 1683 968 1746 gem
1011 1665 1213 1748 ipsius
1252 1685 1390 1729 esse
1431 1669 1709 1730 inanem.
1744 1667 1865 1730 Sed
1905 1667 2221 1749 quidquid
2263 1667 2328 1729 in
2441 1670 2676 1744 anima,
2718 1672 2872 1753 quia
2919 1672 3264 1735 virtutibus
3315 1689 3557 1733 carens.
3598 1669 3731 1732 Non
3781 1669 3946 1732 diei-

826 1782 901 1826 ea
943 1773 1308 1829 contentum
1355 1774 1471 1841 est,
1516 1765 1886 1829 verificatur
1926 1775 1989 1828 et
2033 1766 2331 1829 observa·
2439 1778 2546 1831 tur
2584 1769 2710 1842 hic,
2744 1771 2915 1851 quod
2956 1771 3038 1832 sit
3087 1769 3430 1852 parabola:
3465 1769 3606 1831 ideo
3653 1787 3945 1830 commu·-

828 1870 931 1923 tur
980 1882 1096 1944 pro
1145 1863 1283 1927 loeo
1332 1871 1395 1926 et
1440 1871 1749 1946 tempore,
1797 1865 1895 1927 vel
1946 1863 2323 1939 litteraliter,
2365 1862 2411 1923 B
2443 1867 2607 1929 niter
2645 1868 2869 1930 dieunt
2915 1869 3330 1950 expositoreS,
3364 1867 3532 1948 quod
3571 1866 3653 1928 sit
3693 1884 3790 1928 res
3827 1883 3944 1946 ge-

832 1968 899 2021 ut
935 1963 1013 2023 de
1055 1962 1387 2044 praeceptis
1433 1962 1782 2026 moralibus
1830 1970 2017 2044 patet,
2054 1962 2153 2025 vel
2201 1963 2330 2044 spi·
2440 1974 2569 2046 sta3
2605 1974 2957 2048 putantque
2986 1966 3209 2048 aliqui,
3243 1967 3413 2048 quod
3448 1966 3637 2028 homo
3666 1965 3782 2027 iste
3809 1963 3942 2026 fuit

830 2059 1161 2133 ritualiter,
1226 2067 1295 2122 ut
1352 2061 1429 2122 de
1487 2061 2020 2125 caerimonialibus
2084 2069 2330 2124 constat
2438 2063 2654 2139 Nabal,
2702 2066 2781 2128 de
2831 2084 2960 2146 quo
3007 2065 3072 2128 in
3122 2065 3304 2126 libris
3353 2063 3589 2143 Regum
3640 2063 3933 2125 habetur.
3984 2075 4200 2128 laeam.

830 2158 1187 2239 praeceptis.
1239 2157 1367 2222 Hoc
1424 2166 1519 2220 est
1567 2161 1738 2240 quod
1792 2159 1857 2220 in
1904 2157 2190 2222 Matthaeo
2241 2159 2329 2222 lo-
2439 2166 2526 2224 Et
2573 2165 2970 2225 induebatur
3003 2182 3308 2241 purpura
3347 2181 3370 2222 :
3408 2180 3552 2242 quoe
3599 2169 3693 2223 est
3738 2162 3939 2225 vestis
3969 2141 4154 2190 ²⁶¹⁸*

570 2277 797 2326 mmm.
830 2255 1051 2337 quitur
1094 2254 1379 2319 Christus
1434 2275 1447 2320 ε
1502 2257 1710 2320 Donec
1766 2264 2041 2319 transeat
2090 2257 2326 2321 eoelum
2440 2262 2596 2342 regii
2627 2270 2886 2325 ornatus
2923 2281 2998 2324 ac
3026 2261 3304 2334 habituS,
3341 2259 3650 2342 rubeique
3679 2259 3938 2334 coloriS,

537 2341 604 2383 ¹⁸·
831 2362 891 2416 et
940 2362 1125 2426 terra,
1181 2354 1305 2418 iota
1354 2373 1553 2416 unum
1606 2363 1715 2416 aut
1766 2374 1930 2418 unus
1986 2373 2147 2437 apex
2200 2375 2326 2419 non
2440 2379 2568 2442 qua
2599 2359 2988 2423 vestiebatur
3020 2359 3299 2422 exterius
3337 2359 3415 2421 ad
3453 2358 3938 2422 ostentationem

563 2471 777 2524 1e.x·.,a.
832 2452 1182 2533 praeteribit
1210 2455 1287 2515 de
1318 2453 1475 2534 lege.
1497 2454 1641 2516 Ideo
1671 2453 1859 2516 Isaias
1888 2454 2111 2516 scribit
2145 2473 2160 2517 :
2189 2454 2330 2516 Ver·
2440 2458 2746 2539 inanem3
2797 2469 2858 2520 et
2904 2461 3106 2536 bysso.
3157 2457 3386 2540 Byssus
3441 2465 3537 2518 est
3582 2457 3772 2521 vestis
3817 2475 3942 2518 seu

831 2549 985 2612 bum
1032 2551 1134 2613 Dei
1183 2552 1381 2614 nostri
1426 2551 1619 2614 stabit
1660 2551 1725 2614 in
1770 2560 2104 2615 aeternum.
2439 2575 2642 2638 genus
2675 2555 3111 2619 candidissimi
3153 2563 3346 2637 atque
3388 2554 3748 2619 mollissimi
3789 2553 3938 2628 lini,

911 2648 1123 2722 Porro,
1164 2651 1337 2731 quod
1387 2650 1521 2713 haec
1568 2651 1656 2712 ita
1705 2668 1775 2712 se
1821 2651 2115 2726 habeant,
2153 2651 2331 2714 Chri-
2442 2656 2612 2736 quod
2671 2662 2916 2717 tantum
2967 2654 3250 2716 nascitur
3297 2655 3362 2715 in
3411 2654 3694 2736 AEgypto.
3743 2653 3943 2735 Bysso

833 2755 966 2810 stus
998 2757 1459 2831 consequenter
1487 2751 1669 2832 quasi
1714 2751 2168 2832 exemplariter
2198 2770 2330 2812 ma·
2443 2771 2592 2834 ergo
2631 2752 2898 2815 interius
2943 2752 3324 2814 induebatur
3362 2753 3440 2814 ad
3479 2769 3753 2827 carnem,
3787 2770 3946 2833 pro-

632 2847 700 2903 18
833 2844 1110 2908 nifestat.
1134 2849 1359 2910 Omnis
1384 2849 1502 2928 qui
1528 2851 1811 2910 dimittit
1840 2869 2111 2910 uxorem
2137 2869 2330 2910 suam
2444 2860 2584 2934 pter
2626 2851 2830 2932 ipsius
2873 2849 3230 2914 mollitiem.

832 2944 955 3006 sibi
986 2944 1266 3026 legitime
1294 2946 1673 3028 copulatam,
1708 2947 1794 3009 ita
1825 2948 1998 3029 quod
2027 2947 2194 3009 inter
2223 2965 2330 3011 eos
2521 2949 2731 3024 Perre,
2766 2949 2934 3012 cirea
2964 2949 3234 3011 vestium
3276 2968 3465 3010 usum
3507 2966 3619 3010 seu
3652 2946 3936 3022 fluxum,

833 3050 1225 3106 contractum
1284 3051 1379 3106 est
1438 3045 1918 3109 matrimonium
1979 3064 2225 3119 verum,
2272 3056 2332 3107 et
2369 3049 2411 3112 C
2443 3049 2642 3110 multa
2686 3048 2856 3129 juste
2902 3047 3478 3130 reprehenduntur.
3522 3046 3794 3108 Primum
3835 3053 3942 3108 est

830 3143 1013 3202 ducit
1050 3146 1350 3213 alteram,
1382 3143 1586 3224 prima
1623 3143 1831 3206 adhuc
1870 3144 2147 3220 vivente,
2187 3165 2333 3206 moe-
2443 3147 2800 3229 pretiositas
2850 3164 2961 3207 seu
3013 3145 3202 3227 pretii
3255 3144 3726 3227 sumptuositas,
3767 3143 3944 3205 Indi-

830 3243 1082 3311 ellatur,
1100 3242 1482 3304 adulterium
1514 3243 1979 3318 committendo,
2001 3243 2155 3324 quia
2185 3262 2330 3305 cum
2437 3264 2638 3326 gnum
2667 3253 2763 3307 est
2803 3262 3078 3325 namque
3110 3243 3236 3307 vile
3277 3261 3506 3324 corpus
3541 3243 3940 3322 cadaverque

832 3338 1029 3401 altera
1064 3358 1188 3402 non
1220 3340 1535 3404 contrahit
1566 3357 1787 3404 verum
1826 3341 2324 3416 matrimonium,
2443 3344 2794 3426 putridum,
2830 3342 3115 3405 vestibus
3166 3341 3655 3404 immoderanter
3702 3339 3944 3422 pretio-

834 3455 907 3501 θο
946 3439 1116 3520 quod
1150 3438 1477 3502 vinculum
1519 3439 1983 3503 matrimoniale
2020 3440 2101 3502 sit
2134 3440 2332 3502 indis-
2442 3445 2530 3508 sis
2569 3443 2803 3515 ornari,
2839 3444 3007 3504 unde
3044 3441 3305 3525 plurimi
3355 3458 3666 3523 pauperes
3703 3439 3937 3503 Christi

834 3535 1125 3599 solubile.
1158 3537 1333 3600 Unde
1362 3538 1534 3620 quod
1575 3537 1639 3600 in
1670 3537 1953 3602 Matthaeo
1992 3538 2166 3601 addit
2203 3537 2332 3601 Sal·
2443 3551 2702 3626 possent
2760 3541 2941 3604 refici
3001 3549 3066 3602 et
3120 3539 3359 3602 vestiri.
3421 3537 3778 3601 Secundum
3833 3546 3942 3599 est

580 3649 802 3703 mum,
834 3643 1030 3710 vator,
1080 3635 1355 3718 Excepta
1403 3655 1591 3699 eausa
1641 3635 2100 3713 fornicationis,
2144 3637 2330 3700 intel·
2442 3640 2880 3723 multiplicitas
2925 3639 3406 3702 mutatoriorum
3445 3655 3557 3698 seu
3597 3635 3942 3700 vestimen-

540 3713 604 3758 ³²·
834 3731 1157 3813 ligendum
1206 3741 1302 3795 est
1350 3734 1427 3796 de
1476 3735 1847 3799 dimissione
1896 3743 2208 3818 quantum
2251 3737 2330 3798 ad
2438 3749 2673 3815 torum,
2721 3739 2900 3820 juxta
2951 3738 3315 3799 varietatem
3369 3735 3639 3808 dierum,
3693 3742 3942 3815 tempo-

832 3837 1063 3907 torum,
1112 3833 1266 3913 quia
1312 3834 1405 3896 sie
1452 3833 1601 3895 licet
1649 3853 1788 3896 eam
1836 3835 1917 3899 ob
1966 3834 2332 3898 fornicatio·
2442 3858 2606 3913 rum,
2639 3845 2749 3900 aut
2795 3835 3128 3899 festorum.
3165 3835 3392 3897 Contra
3438 3834 3610 3914 quod
3657 3833 3743 3894 ait
3787 3831 3940 3894 Hie-

834 3947 979 3992 nem
1030 3930 1414 4011 relinquere,
1450 3949 1575 3994 non
1626 3939 1936 4012 quantum
1985 3934 2064 3995 ad
2108 3932 2333 3996 vincu-
2441 3955 2742 4019 ronymus
2777 3953 2789 3997 :
2825 3934 3065 4016 Rapere
3113 3931 3320 3995 aliena
3365 3931 3783 4004 convincitur,
3813 3931 3934 4011 qui

834 4028 989 4102 lum,
1024 4030 1194 4110 quod
1236 4030 1441 4092 solum
1481 4029 1547 4091 in
1578 4036 1781 4093 morte
1820 4031 2210 4094 dissolvitur.
2244 4033 2331 4093 Et
2441 4037 2716 4097 retinere
2747 4033 2870 4094 sibi
2901 4030 3230 4113 superflua
3259 4029 3723 4111 comprobatur.
3757 4028 3938 4091 Unde

832 4128 951 4206 qui
972 4128 1310 4188 dimissam
1340 4148 1379 4186 a
1412 4129 1550 4188 viro
1571 4130 1776 4197 ducit,
1797 4131 2174 4197 maechatur,
2191 4148 2330 4192 eam
2441 4133 2682 4206 multiS‚
2747 4129 3228 4212 praesertimque
3287 4127 3556 4202 clericis,
3619 4127 3743 4188 diei
3797 4125 3932 4206 jam

833 4226 1289 4305 cognoscendo,
1324 4244 1527 4307 quum
1567 4245 1693 4288 non
1732 4225 1816 4288 sit
1845 4227 2152 4289 veraciter
2183 4247 2333 4290 eon·
2360 4234 2410 4295 D
2444 4240 2649 4314 potest
2681 4249 2695 4293 :
2730 4230 3116 4291 Vestimenta
3163 4234 3369 4288 vestra
3408 4245 3445 4287 a
3485 4224 3676 4287 tineis
3725 4243 3936 4288 come-
3962 4245 4196 4292 :acuam

831 4321 947 4403 jux
996 4321 1135 4402 ejus
1184 4323 1484 4404 legitima,
1533 4323 1728 4406 priori
1777 4324 2031 4388 vivente
2076 4327 2324 4390 marito.
2441 4339 2532 4392 sta
2583 4336 2753 4391 sunt.
2789 4327 3069 4390 Tertium
3119 4332 3214 4387 est
3263 4323 3614 4399 curiositaS,
3645 4341 3788 4404 quae
3833 4341 3938 4385 re-

833 4420 1049 4502 ltaque
1078 4420 1363 4484 Christus
1402 4422 1791 4485 ostendendo
1824 4423 2154 4486 vinculum
2184 4443 2332 4488 con·
2441 4429 2632 4512 spicit
2689 4427 2968 4489 studium
3033 4424 3360 4487 exterioris
3417 4432 3696 4485 ornatus.
3755 4421 3932 4484 Multi

831 4517 1045 4600 jugale
1092 4536 1231 4580 esse
1280 4518 1743 4593 indissolubile,
1787 4520 1990 4601 legem
2036 4522 2324 4604 perfecit,
2441 4527 2614 4590 enim
2665 4526 2808 4607 plus
2867 4525 3121 4586 student
3168 4523 3244 4584 ad
3293 4527 3583 4584 ornatum
3635 4519 3929 4594 vestium,

556 4631 801 4682 Dent-nu.
836 4635 961 4680 non
1014 4617 1223 4682 solvit.
1268 4617 1396 4679 Lex
1444 4618 1616 4680 enim
1668 4620 1882 4682 uxoris
1932 4621 2188 4684 admisit
2235 4641 2331 4685 re-
2441 4633 2512 4687 ut
2541 4622 2910 4687 hominibus
2943 4621 3250 4703 placeant,
3284 4637 3474 4701 quam
3508 4619 3832 4690 virtutum,
3861 4625 3937 4679 ut

542 4693 805 4808 ζζέωὴ·
836 4716 1129 4798 pudium,
1192 4735 1317 4780 non
1375 4724 1677 4798 tanquam
1734 4719 1923 4801 culpa
1977 4739 2199 4784 carens
2257 4741 2330 4784 ac
2441 4724 2729 4806 placeant
2763 4721 2904 4784 Deo.
2939 4719 3166 4783 Contra
3193 4718 3364 4799 quod
3404 4717 3687 4799 loquitur
3713 4716 3777 4777 B.
3809 4715 3938 4777 Au-

835 4816 1106 4890 licitum,
1142 4817 1250 4877 sed
1301 4825 1559 4897 propter
1595 4816 1802 4898 majus
1852 4817 2088 4880 malum
2134 4820 2332 4883 vitan·
2437 4821 2732 4902 gustinus
2787 4838 2800 4881 ε
2852 4817 2986 4880 Non
3035 4815 3347 4879 affectetis
3396 4814 3678 4877 vestibus
3727 4813 3938 4896 plaee-

835 4915 1011 4988 dum,
1046 4913 1199 4996 quia
1245 4915 1322 4976 ad
1373 4914 1793 4977 uxoricidium
1840 4917 2024 4998 proni
2069 4916 2331 4980 fuerunt
2440 4938 2529 4993 re,
2573 4919 2683 4980 sed
2731 4916 3037 4980 moribus.
3074 4916 3139 4976 ln
3189 4913 3627 4976 Ecclesiastico
3673 4930 3933 4994 quoque

832 5011 1050 5074 Judaei.
1083 5011 1260 5074 Unde
1299 5011 1363 5073 in
1394 5010 1712 5086 Malachia,
1748 5021 2083 5096 postquam
2121 5016 2332 5080 Domi-
2439 5017 2644 5080 fertur
2679 5035 2692 5079 :
2727 5017 2794 5077 ln
2829 5014 3059 5078 vestitu
3100 5031 3180 5076 ne
3206 5013 3495 5094 glorieris
3532 5029 3830 5092 unquam,
3863 5021 3934 5074 et
3959 5029 4192 5077 acclama

559 5119 805 5172 Malacha.
836 5129 956 5172 nus
1006 5110 1188 5184 dixit,
1234 5109 1439 5182 Quum
1490 5111 1633 5175 odio
1682 5111 1980 5174 habueris
2028 5133 2190 5190 eam,
2237 5116 2333 5177 di-
2442 5117 2506 5178 in
2547 5115 2651 5177 die
2689 5114 2948 5178 honoris
2991 5111 3086 5173 tui
3131 5129 3256 5174 non
3301 5108 3640 5173 extollaris,
3673 5107 3746 5170 Et
3781 5107 3934 5171 Gre-

546 5185 611 5227 ’θ’
838 5207 1053 5286 mitte;
1084 5207 1336 5288 adjecit,
1370 5207 1623 5290 Operiet
1650 5217 1861 5272 autem
1892 5211 2195 5293 iniquitas
2229 5232 2333 5276 ve-
2439 5214 2655 5296 gorius
2687 5212 2949 5276 scribit:
2983 5211 3179 5274 Nemo
3219 5217 3397 5291 putet
3427 5209 3492 5270 in
3527 5208 3681 5269 luxu
3710 5215 3773 5270 et
3799 5213 3933 5268 stu-

838 5305 1209 5369 stimentum
1264 5307 1427 5389 ejus.
1475 5342 1549 5353 —
1594 5307 1925 5386 Moraliter,
1978 5313 2330 5376 secundum
2441 5313 2548 5377 dio
2588 5312 2860 5376 vestium
2904 5312 3119 5373 deesse
3160 5315 3488 5391 peccatum
3508 5326 3526 5389 ;
3557 5306 3711 5369 alias
3749 5305 3933 5368 Chri-
