4300 6259
865 501 984 566 188
1662 516 2009 566 mma-no
2051 516 2114 563 m
2156 515 2295 564 cu.
2342 515 2450 562 xxx
2491 514 2679 564 tucn.
2725 535 2807 546 —
2846 516 2989 562 aar.
3034 515 3175 563 mv

862 693 1054 752 dibus
1081 701 1142 752 ee
1168 693 1358 752 donis
1385 699 1691 752 ornatum
1718 700 1896 760 esset,
1926 688 1990 750 id
2029 694 2146 762 est,
2182 687 2353 767 quod
2384 682 2430 743 A
2466 691 2637 747 runt.
2688 683 2996 748 Similiter
3041 686 3395 748 secundum
3450 684 3682 750 Christi
3728 685 3960 748 adven—

861 806 939 851 ex
985 790 1150 871 aptis
1199 788 1518 871 lapidibus
1569 796 1736 851 esset
1786 793 2242 859 constructum,
2295 790 2357 845 et
2464 790 2603 845 tum
2634 785 2995 866 praecedent
3021 784 3177 846 tales
3209 784 3767 867 iniqui.Praeterea
3794 784 3961 847 Chri·

622 4840 725 4883 Act.
759 4852 845 4891 vui.

582 4905 624 4954 9,
649 4905 715 4946 10.

861 888 1156 969 pretiosis
1201 887 1582 949 utensilibus
1626 905 1737 948 seu
1783 884 2059 948 donariis
2103 885 2357 946 decora-

859 993 1021 1060 tum,
1074 993 1137 1047 et
1185 985 1450 1068 pulchre
1502 984 1866 1058 formatum,
1917 985 2093 1044 dixit
2144 980 2357 1043 Salva—

863 1092 959 1146 tor
997 1084 1331 1166 discipulis
1370 1083 1508 1145 istis
1547 1083 1755 1145 adhuc
1792 1081 2081 1143 rudibus.
2115 1078 2356 1152 Quibus

862 1203 1034 1246 nunc
1082 1184 1267 1246 multi
1324 1182 1776 1254 assimilantur,
1829 1180 1942 1262 qui
2002 1179 2203 1259 magis
2264 1195 2359 1239 re-

862 1282 1143 1363 spiciunt
1181 1282 1258 1344 ad
1297 1289 1590 1344 ornatum
1629 1278 1925 1341 Ecclesiae
1963 1277 2355 1359 corporalem

861 1399 1053 1462 quam
1085 1379 1504 1462 spiritualem,
1528 1380 1606 1441 ad
1637 1377 2181 1460 pulchritudinem
2215 1374 2359 1437 aedi-

860 1479 1160 1542 ficiorum
1219 1497 1413 1560 quam
1481 1475 1963 1540 sanctimoniam
2031 1473 2357 1536 ministro-

862 1598 1028 1653 rum,
1060 1579 1140 1640 ad
1179 1577 1462 1640 redditus
1502 1595 1696 1658 quam
1737 1575 2002 1637 virtutes
2037 1593 2051 1637 ε
2087 1573 2257 1635 unde
2297 1580 2359 1634 et

863 1677 1060 1758 magis
1104 1676 1348 1757 eligunt
1391 1675 1454 1736 in
1502 1674 1792 1757 praelatos
1831 1691 1938 1736 eos
1981 1671 2093 1753 qui
2135 1688 2359 1752 corpo-

862 1775 1017 1838 ralia
1064 1775 1194 1848 illa,
1241 1792 1434 1856 quam
1483 1773 1595 1855 qui
1644 1770 2000 1854 spiritualia
2049 1769 2171 1832 ista
2218 1787 2361 1850 pos-

2466 889 2601 944 stus
2668 883 3083 946 determinate
3149 903 3277 947 non
3344 883 3647 967 exprimit
3708 890 3959 965 tempus

2467 981 2745 1063 praefatae
2793 982 3241 1046 destructionis
3285 982 3653 1056 Jerusalem,
3702 989 3813 1044 aut
3868 1001 3961 1044 se-

2468 1079 2657 1142 cundi
2724 1079 2822 1141 sui
2892 1080 3202 1143 adventus
3270 1080 3961 1161 consummationisque

2467 1178 2713 1252 mundi,
2749 1180 2859 1241 sed
2900 1179 3079 1260 signa
3107 1181 3420 1260 quandam,
3454 1185 3769 1260 quatenus
3804 1187 3964 1240 tem-

2468 1275 2640 1359 poris
2681 1277 3063 1340 incertitudo
3106 1279 3326 1340 reddat
3366 1295 3481 1340 nos
3524 1284 3739 1340 cautos
3778 1296 3851 1340 ac
3889 1276 3965 1338 ti-

2468 1384 2763 1452 moratOS,
2797 1385 2861 1438 et
2888 1377 3215 1457 signorum
3246 1384 3511 1439 eventus
3551 1376 3853 1440 sollicitos
3891 1395 3963 1440 ac

2470 1481 2742 1556 paratos.
2784 1474 2960 1536 Unde
2997 1473 3148 1536 alibi
3188 1474 3275 1536 ait
3312 1473 3593 1538 Salvator
3626 1493 3639 1536 :
3672 1473 3961 1555 Vigilate,
3988 1496 4199 1544 Luca-,⁴2

2468 1572 2620 1652 quia
2658 1590 2785 1653 qua
2824 1572 2978 1635 hora
3016 1591 3143 1634 non
3186 1571 3421 1653 putatis
3458 1571 3654 1634 Filius
3682 1572 3963 1635 hominis

2472 1669 2703 1734 veniet.

2550 1771 2637 1830 Et
2682 1779 2925 1846 tempus
2972 1770 3543 1848 appropinquabit.
3586 1767 3715 1832 Hoc
3758 1769 3969 1851 dupli-

863 1881 1012 1936 sunt
1055 1891 1416 1955 procurare,
1459 1889 1709 1952 augere,
1754 1868 2135 1931 defendere:
2172 1867 2361 1929 idcir-
2396 1869 2443 1932 B
2470 1866 2627 1928 citer
2677 1872 2884 1947 potest
2932 1866 3165 1947 exponi
3214 1884 3228 1928 ε
3279 1865 3509 1939 Primo,
3562 1867 3733 1947 quod
3782 1884 3969 1948 pseu-

865 1991 939 2037 co
973 1971 1252 2036 Ecclesia
1289 1972 1366 2033 ad
1397 1969 1756 2032 deflendam
1787 1966 2043 2030 devenit
2079 1966 2356 2028 ruinam.

865 2073 1025 2135 Hinc
1075 2071 1358 2134 Christus
1406 2069 1732 2151 respondit
1779 2067 2114 2149 discipulis
2159 2069 2363 2129 :Hoec

864 2170 1092 2254 templi
1139 2168 1409 2232 aedificia
1453 2189 1595 2248 quoe
1635 2168 1887 2239 videtis,
1931 2167 2188 2226 venient
2225 2166 2362 2224 dies

867 2273 942 2330 in
976 2271 1210 2348 quibus
1236 2287 1367 2328 non
1406 2269 1814 2345 relinquetur
1841 2266 2010 2340 lapis
2044 2282 2241 2340 super
2268 2265 2364 2322 la·

860 2371 1105 2447 pidem,
1143 2369 1261 2446 qui
1308 2385 1439 2427 non
1479 2367 1876 2424 destruatur.
1919 2360 2046 2424 Hoc
2094 2361 2364 2440 quadra-

866 2466 1109 2548 gesimo
1166 2465 1444 2526 secundo
1507 2469 1650 2544 post
1707 2460 1937 2524 Christi
1999 2459 2363 2541 passionem

869 2583 1036 2627 anno
1083 2581 1197 2647 per
1235 2561 1446 2624 Titum
1493 2579 1609 2643 pro
1653 2577 1879 2640 magna
1925 2566 2104 2639 parte
2141 2563 2237 2618 est
2274 2555 2365 2618 fa-

871 2672 1066 2736 ctum,
1120 2661 1347 2725 deinde
1398 2677 1511 2742 per
1553 2657 1898 2720 Adrianum
1946 2655 2359 2738 completum,

872 2769 942 2825 ut
982 2780 1176 2843 supra
1218 2759 1471 2842 plenius
1515 2758 1756 2820 dictum
1804 2755 1946 2818 fuit.

949 2863 1524 2936 Interroyaverunt
1552 2865 1774 2918 autem
1803 2855 2022 2924 illum,
2047 2854 2363 2914 dicentes:

870 2963 1260 3036 Praeceptor,
1306 2957 1567 3036 quando
1625 2957 1757 3016 haec
1811 2954 2063 3013 erunt?
2122 2951 2186 3013 id
2245 2944 2361 3024 θεῖ’,

2470 1965 2550 2027 do
2589 1963 2685 2026 illi
2725 1963 2951 2039 dicent,
2978 1963 3253 2045 Tempus
3286 1962 3851 2046 appropinquabit,
3884 1962 3971 2026 vi-

2471 2063 2701 2125 delicet
2738 2069 2991 2143 tempus
3032 2062 3396 2125 salvationis
3440 2061 3669 2124 fiendae
3709 2080 3825 2144 per
3862 2079 3969 2124 eos

2472 2176 2582 2220 seu
2620 2157 2836 2221 finalis
2875 2158 3129 2240 judicii3
3164 2159 3451 2234 secundo,
3484 2165 3552 2220 ut
3591 2157 3675 2220 sit
3704 2158 3967 2221 verbum

2471 2255 2723 2332 Christi,
2755 2257 2842 2319 ita
2880 2257 3050 2339 quod
3091 2265 3233 2338 post
3273 2257 3529 2320 illorum
3568 2255 3967 2320 falsariorum

2470 2356 2813 2418 adventum
2876 2355 3419 2439 appropinquabit
3480 2355 3665 2417 ruina
3722 2355 3973 2418 Jerusa-

2469 2453 2597 2514 lem
2644 2461 2755 2516 aut
2794 2452 3258 2517 consummatio
3306 2453 3543 2516 saeculi.
3570 2455 3787 2516 Nolite
3821 2474 3971 2532 erqo

2470 2553 2569 2612 ire
2600 2560 2747 2630 post
2784 2555 2953 2624 illos,
2996 2551 3062 2613 id
3104 2559 3221 2629 est,
3253 2569 3373 2614 nec
3412 2551 3821 2633 corporaliter
3864 2570 3971 2614 eos

2470 2649 2844 2731 sequamini,
2882 2667 2999 2712 nec
3038 2650 3131 2712 eis
3171 2650 3438 2713 credatis
3480 2657 3588 2712 aut
3630 2651 3975 2714 consentia·

2471 2748 2568 2811 tis.
2594 2748 2772 2811 Circa
2811 2749 2944 2812 haec
2984 2749 3207 2811 scribit
3240 2748 3642 2812 doctissimus
3678 2749 3973 2813 Nicolaus

2472 2849 2551 2910 de
2580 2847 2772 2910 Gorra
2801 2866 2814 2910 :
2846 2847 3019 2909 Multi
3052 2847 3239 2911 hodie
3268 2856 3623 2930 sequuntur
3652 2847 3974 2911 Simonem

2474 2964 2753 3027 magum.
2807 2945 2993 3008 Pauci
3048 2965 3339 3030 namque,
3377 2954 3525 3008 sunt
3579 2946 3969 3022 beneficiati,

870 3057 1124 3138 quando
1183 3063 1312 3116 tam
1363 3052 1652 3114 funditus
1711 3053 2072 3114 destruetur
2122 3049 2367 3112 Jerusa-
2403 3049 2445 3112 C
2474 3046 2598 3108 nisi
2642 3050 2753 3107 aut
2802 3063 3009 3126 prece,
3052 3053 3161 3106 aut
3208 3045 3433 3127 pretio,
3481 3055 3589 3108 aut
3635 3047 3973 3127 temporali

871 3155 1030 3217 lem?
1051 3163 1110 3215 et
1134 3156 1304 3234 quod
1325 3155 1588 3230 siynum
1617 3150 1963 3233 apparebit,
1985 3171 2190 3230 quum
2217 3149 2368 3227 fieri

875 3254 1232 3330 incipient?
1259 3251 1365 3314 Isti
1397 3250 1720 3332 discipuli,
1755 3256 1827 3310 ut
1853 3248 2089 3311 dicitur
2118 3248 2185 3310 in
2214 3246 2369 3309 Mar-

875 3370 969 3426 co,
1021 3349 1283 3412 fuerunt
1341 3347 1583 3422 Petrus,
1632 3346 1922 3422 Iacobus,
1971 3347 2241 3409 Joannes
2306 3353 2369 3406 et

869 3450 1172 3522 AndreaS,
1216 3447 1328 3528 qui
1377 3454 1618 3509 secreto
1665 3445 1962 3507 sciscitati
2004 3452 2154 3507 sunt
2194 3443 2369 3507 Chri-

871 3556 1062 3622 stum,
1097 3564 1222 3608 non
1265 3545 1474 3609 solum
1505 3545 1582 3606 de
1621 3544 1779 3618 istis,
1816 3545 1926 3606 sed
1966 3550 2030 3604 et
2067 3543 2144 3604 de
2184 3541 2363 3604 finali

868 3644 1111 3726 judicio
1160 3641 1834 3723 consummationeque
1891 3639 2137 3714 mundi,
2189 3639 2367 3721 juxta

791 3789 802 3802 .
871 3744 1031 3806 illud
1067 3741 1334 3804 Matthaei
1370 3759 1384 3802 ε
1419 3740 1837 3802 Accesserant
1876 3739 1952 3800 ad
1993 3756 2139 3800 eum
2180 3736 2368 3800 disci-

873 3841 1008 3923 puli
1054 3846 1316 3914 secreto,
1352 3837 1632 3900 dicentes
1667 3855 1680 3900 :
1715 3836 1824 3899 Dic
1869 3835 2075 3910 nobiS,
2108 3834 2368 3908 Quando

874 3941 1006 4002 haec
1054 3945 1262 4010 erunt,
1305 3944 1370 3999 et
1405 3938 1576 4018 quod
1625 3936 1874 4016 signum
1920 3936 2229 3997 adventus
2271 3934 2363 3996 tui

873 4045 935 4100 et
977 4034 1539 4101 consummationis
1584 4033 1854 4096 saeculi?

944 4137 1073 4205 Qui
1099 4136 1277 4195 dimit
1296 4155 1319 4194 .·
1339 4135 1555 4194 Videte
1584 4153 1664 4194 ne
1686 4133 2093 4193 seducamini
2121 4151 2159 4194 a
2188 4149 2367 4214 pseu-

2476 3143 2756 3218 servitio,
2801 3143 2901 3206 vel
2943 3143 3181 3205 intuitu
3220 3144 3568 3225 sanguiniS,
3610 3153 3719 3206 aut
3756 3164 3971 3208 amore

2474 3243 2785 3306 timoreve
2826 3241 3159 3324 principis.
3191 3241 3366 3304 Multi
3398 3261 3655 3324 quoque
3692 3261 3975 3324 sequun—

2473 3349 2581 3404 tur
2628 3340 3112 3416 Antichristum,
3164 3341 3274 3422 qui
3336 3350 3595 3424 propter
3642 3342 3973 3405 avaritiam

2477 3441 2778 3503 deserunt
2808 3439 3141 3503 Christum.
3162 3439 3445 3503 Christus
3475 3440 3719 3522 quippe
3748 3440 3812 3502 in
3848 3460 3974 3502 una

2477 3557 2747 3620 persona
2778 3537 3002 3599 habuit
3030 3545 3159 3600 tres
3198 3546 3476 3612 naturaS,
3510 3538 3808 3601 videlicet
3836 3557 3977 3602 cor-

2478 3657 2621 3720 pus,
2654 3637 2954 3710 animam,
2990 3637 3319 3716 deitatem3
3352 3635 3671 3700 ambitiosi
3710 3655 3862 3700 vero
3907 3638 3972 3699 in

2476 3755 2605 3799 uno
2643 3735 3047 3810 subsistente,
3084 3735 3299 3817 plures
3348 3742 3727 3816 congregant
3762 3754 3975 3818 persc-

2476 3841 2661 3897 natus
2707 3833 2842 3896 sive
2885 3833 3279 3915 praebendas,

2551 3935 2765 4002 Quum
2794 3942 3013 3994 autem
3041 3933 3389 3993 audieritis
3409 3935 3669 4010 pra’lia,
3701 3952 3847 4014 quae
3874 3935 3972 3995 in-
4096 3939 4126 3994 9

2476 4029 2762 4093 ferentur
2808 4031 2888 4092 ab
2938 4030 3275 4104 extraneis,
3317 4039 3377 4091 et
3422 4031 3785 4100 seditiones,
3827 4050 3971 4114 quae

2476 4128 2966 4192 concitabuntur
3008 4147 3045 4190 a
3081 4127 3475 4202 concivibuS,
3508 4132 3707 4190 nolite
3746 4131 3974 4191 terreri

875 4236 954 4297 do
997 4253 1070 4296 ac
1113 4231 1351 4314 impiis.
1391 4233 1593 4292 Multi
1631 4233 1803 4292 enim
1843 4232 2102 4291 venient
2139 4232 2215 4292 in
2252 4251 2365 4292 no·
2396 4228 2448 4291 D
2475 4226 2835 4291 inordinato
2882 4235 2945 4289 et
3000 4227 3324 4290 mundano
3380 4226 3606 4290 timore
3663 4229 3972 4292 rationem

876 4333 1052 4393 mine
1091 4351 1251 4400 mec,
1279 4331 1558 4390 dicentes
1596 4331 1754 4408 quia
1790 4347 1898 4405 eqo
1937 4348 2109 4399 sum,
2140 4328 2205 4391 id
2246 4335 2361 4403 est,

874 4429 940 4492 in
993 4427 1250 4492 nomine
1303 4445 1443 4490 meo
1493 4426 1708 4490 venire
1757 4445 1824 4488 se
1873 4426 2105 4501 dicent,
2148 4434 2211 4488 et
2261 4446 2370 4489 no-

867 4545 1020 4601 ,men
1069 4545 1281 4588 meum
1334 4525 1719 4588 mendaciter
1767 4524 1888 4587 sibi
1939 4525 2303 4588 adscribent
2350 4544 2363 4588 :

875 4626 962 4688 ita
989 4625 1160 4706 quod
1201 4622 1644 4704 unusquisque
1675 4641 1896 4686 eorum
1927 4623 2095 4685 dicet
2134 4641 2202 4685 se
2232 4641 2369 4686 esse

875 4723 1194 4788 Christum
1224 4721 1325 4784 vel
1355 4721 1634 4802 aliquem
1667 4739 1989 4802 magnum,
2009 4730 2081 4784 ut
2108 4721 2373 4785 fuerunt

875 4821 1328 4885 haeresiarchae.
1364 4819 1551 4883 Porro
1589 4818 1804 4883 Simon
1845 4839 2065 4901 magus
2105 4821 2266 4883 dixit
2304 4839 2371 4883 se

877 4919 1196 4984 Christum
1237 4925 1299 4980 et
1336 4917 1444 4978 Dei
1483 4917 1782 4980 virtutem
1822 4937 1894 4980 ac
1936 4919 2246 4998 verbum3
2289 4918 2373 4981 si-

879 5017 1114 5082 militer
1153 5015 1367 5078 Simon
1407 5015 1651 5079 Essaeus
1693 5016 1853 5079 dixit
1890 5035 1958 5078 se
1995 5035 2134 5079 esse
2170 5016 2374 5079 Messi·

877 5136 981 5179 am
1011 5135 1082 5179 ac
1119 5115 1536 5177 liberaturum
1565 5113 1809 5178 Judaeos
1840 5135 1877 5177 a
1904 5115 2144 5180 tributo
2182 5125 2373 5198 atque

881 5214 1164 5278 dominio
1199 5212 1646 5288 Romanorum,
1683 5221 1752 5274 ut
1777 5213 2087 5296 Josephus
2130 5214 2323 5277 refert
2354 5234 2369 5278 ε

2474 4328 2791 4391 turbante.
2833 4319 3046 4390 Just'us
3087 4344 3364 4408 namque
3406 4325 3586 4408 quasi
3632 4326 3730 4390 leo
3772 4326 3973 4390 confi-
4048 4350 4161 4392 pm.

2476 4429 2654 4503 donS,
2688 4427 2929 4508 absque
2958 4433 3201 4490 terrore
3229 4425 3390 4506 erit;
3431 4444 3548 4489 nec
3576 4426 3971 4489 contristabit
3994 4413 4236 4526 xffissw

2476 4525 2720 4606 justum
2758 4525 3074 4606 quidquid
3115 4525 3173 4587 ei
3216 4523 3536 4598 acciderit,
3571 4531 3641 4585 ut
3678 4523 3967 4588 Salomon

2479 4631 2887 4688 contestatur.
2924 4629 3179 4702 Oportet
3204 4626 3501 4702 primum
3536 4626 3667 4685 hoee
3700 4625 3872 4700 fieri,
3905 4622 3969 4686 id

2479 4731 2596 4798 est,
2630 4730 2777 4786 ante
2806 4722 3299 4785 destructionem
3328 4721 3697 4796 Jerusalem,
3720 4739 3832 4784 seu
3862 4741 3973 4785 εω-

2482 4823 2610 4886 culi
2652 4821 2876 4897 finem,
2917 4822 3052 4884 haec
3095 4838 3355 4884 necesse
3396 4828 3493 4882 est
3534 4820 3809 4894 evenire,
3844 4841 3971 4885 non

2481 4920 2769 4984 absoluta
2798 4928 2860 4982 et
2888 4918 3061 4981 fatali
3095 4918 3484 4996 necessitate,
3512 4920 3620 4981 sed
3650 4919 3975 4982 necessita·

2481 5028 2545 5083 te
2582 5019 3008 5084 conditionata
3047 5025 3110 5080 et
3148 5017 3637 5099 consequentiae,
3672 5017 3735 5080 in
3776 5037 3976 5100 quan-

2482 5127 2621 5180 tum
2668 5137 2707 5180 a
2755 5117 2878 5180 Deo
2928 5116 3197 5200 praevisa
3244 5123 3413 5190 sunt,
3456 5116 3747 5196 quamvis
3791 5117 3857 5178 in
3907 5135 3975 5180 se

2486 5217 2645 5299 ipsis
2686 5217 2817 5279 sint
2853 5214 3303 5296 contingentia.
3336 5213 3596 5289 RursuS‚
3630 5223 3875 5296 oportet
3903 5235 3977 5278 ea

881 5321 944 5376 et
979 5313 1086 5376 isti
1123 5311 1616 5376 destructionem
1652 5311 1996 5376 Jerusalem
2043 5331 2377 5396 praecesse-
2486 5315 2794 5391 accidere,
2836 5332 2963 5378 non
3000 5313 3127 5377 Deo
3168 5318 3450 5395 cogente,
3493 5313 3601 5375 sed
3644 5313 3974 5377 hominum
