4300 6259
855 513 974 578 198

1301 532 1620 580 manno
1663 532 1728 578 m
1769 532 2112 580 usstotmu
2152 531 2369 579 nolum
2412 531 2735 580 SECUNDUM
2776 531 3000 581 Lucu.
3049 554 3130 564 —
3170 533 3316 580 ΛΒΤ.
3358 531 3501 578 nv!

852 701 1126 785 Spiritus
1184 702 1395 765 Sancti
1453 703 1640 766 eitius
1687 722 1760 766 ac
1817 703 2070 785 plenius
2124 719 2345 766 conse·
2375 702 2425 764 Α
2457 702 2819 778 collocatuS,
2853 710 2915 766 et
2955 712 3214 787 propter
3250 702 3793 786 supernaturalem
3845 701 3953 763 be-

851 820 1147 882 quamur,
1198 800 1453 863 Matrem
1506 801 1756 884 pietatis
1807 809 1868 863 et
1913 801 2153 882 gratiae,
2204 801 2350 863 bea-

851 900 1163 962 tissimam
1195 908 1387 982 atque
1417 895 1854 963 dulcissimam
1885 901 2200 982 virginem
2230 899 2351 962 Ma-

855 999 1037 1071 riam,
1097 999 1462 1062 advocatam
1533 1006 1594 1061 et
1655 999 1976 1062 dominam
2042 1007 2345 1071 nostram,

855 1096 1216 1160 cordialiter
1246 1097 1632 1170 invocemuS,
1657 1098 1940 1176 angelica
1975 1097 2351 1159 salutatione

859 1195 1198 1258 salutantes
1250 1203 1312 1257 et
1359 1196 1740 1258 honorantes
1789 1197 2098 1270 eamdem,
2138 1196 2354 1259 dicen-

857 1301 951 1356 tes
995 1302 1206 1356 mente
1250 1294 1354 1377 pia
1389 1312 1402 1355 ε
1436 1293 1588 1368 Ave,
1635 1293 1846 1356 Maria.

958 1493 1248 1554 Christus
1303 1494 1542 1552 dileoeit
1595 1512 1736 1562 nos,
1795 1500 1942 1566 etc.,
2008 1500 2074 1554 ut
2135 1511 2351 1574 supra.

855 1591 1210 1672 Antequam
1251 1598 1494 1652 textum
1543 1598 1603 1652 et
1648 1591 1976 1654 historiam
2023 1591 2359 1654 dominieae

859 1689 1169 1771 passionis
1209 1689 1389 1769 juxta
1425 1689 1715 1752 ordinem
1756 1689 1846 1751 rei
1895 1696 2088 1769 gestae
2126 1691 2361 1752 edisse-

858 1806 1014 1862 ram,
1042 1787 1250 1868 primo
1281 1787 1625 1849 videndum
1658 1794 1754 1848 est
1783 1806 1898 1850 eur
1928 1789 2355 1850 necessarium

2455 801 2833 864 atitudinem
2882 802 3107 877 factm,
3142 801 3437 865 videlieet
3479 802 3558 863 ad
3606 801 3951 862 videndum

2456 900 2655 961 Deum
2706 900 2771 962 in
2818 918 3012 980 regno
3051 901 3291 963 coelesti
3344 918 3456 982 per
3504 899 3805 981 speciem,
3841 916 3954 979 per

2460 998 2717 1072 claram,
2751 1007 3049 1061 aeternam
3094 999 3551 1081 fruitivamque
3590 997 3951 1084 visionem:

2460 1116 2653 1178 quam
2686 1095 2995 1159 visionem
3032 1095 3411 1170 beneficam,
3445 1095 3735 1158 facialem
3774 1101 3837 1156 et
3864 1094 3963 1174 ju-

2464 1195 2921 1258 cundissimam
2976 1202 3361 1277 putaverunt
3415 1194 3779 1276 philosophi
3834 1212 3959 1256 non

2465 1293 2670 1356 solum
2718 1293 2915 1355 menti
2957 1293 3273 1367 humanae,
3308 1295 3419 1356 sed
3458 1293 3761 1374 angelicis
3806 1311 3969 1374 quo-

2465 1407 2593 1471 que
2642 1388 2997 1471 spiritibuS,
3050 1408 3211 1472 quos
3259 1389 3712 1470 intelligentias
3763 1389 3969 1451 nomi-

2468 1494 2642 1561 nant,
2690 1487 3151 1569 impossibilem
3204 1507 3364 1551 esse.
3410 1487 3520 1551 Est
3562 1488 3755 1568 igitur
3800 1487 3968 1549 fides

2470 1586 2829 1658 christiana,
2863 1586 3033 1667 quod
3073 1585 3237 1648 Deus
3268 1587 3673 1668 omnipotens
3704 1594 3769 1648 et
3794 1595 3971 1648 aeter-

2470 1705 2591 1746 nus
2624 1684 2949 1747 hominem
2991 1685 3271 1766 primum
3306 1685 3543 1748 creavit
3577 1685 3643 1746 in
3666 1676 3967 1765 'originali

2468 1783 2735 1864 justitia,
2772 1801 2885 1864 per
2928 1801 3121 1864 quam
3172 1802 3403 1865 eorpus
3452 1783 3591 1864 ejus
3640 1782 3971 1846 subditum

857 1885 981 1948 fuit
1010 1886 1329 1948 Christum
1369 1885 1600 1947 Filium
1639 1884 1746 1947 Dei
1793 1886 1920 1968 pati
1967 1905 2082 1967 pro
2133 1888 2356 1949 mundi
2398 1885 2442 1946 B
2470 1880 2595 1942 fuit
2640 1881 2871 1944 animae
2900 1900 3051 1956 suae,
3087 1889 3149 1943 et
3196 1881 3571 1944 sensualitas
3613 1881 3865 1956 rationi,
3898 1900 3973 1943 ae

859 1984 1096 2062 salute3
1130 1984 1429 2057 secundo,
1474 1982 1819 2045 videndum
1869 1991 1966 2045 est
2015 2002 2127 2064 per
2165 2003 2361 2065 quem

861 2082 1121 2144 modum
1175 2090 1238 2143 et
1283 2099 1411 2162 qua
1464 2081 1711 2161 justitia
1756 2100 1957 2162 genus
2006 2082 2360 2145 humanum

859 2179 1336 2244 reconciliatum
1394 2186 1490 2241 est
1534 2178 1659 2242 Deo
1712 2179 1872 2241 Patri
1928 2198 2041 2262 per
2089 2189 2359 2244 mortem

859 2298 972 2342 seu
1016 2278 1374 2359 passionem
1419 2277 1588 2340 unici
1633 2277 1773 2339 Filii
1818 2277 1982 2357 ejus.

926 2377 1103 2440 Circa
1134 2375 1415 2459 primum
1447 2375 1639 2456 igitur
1669 2378 2163 2457 agnoscendum,
2187 2378 2359 2458 quod

859 2476 936 2538 de
985 2475 1263 2537 humano
1308 2491 1562 2554 genere,
1606 2482 1732 2536 tam
1785 2476 1991 2556 quoad
2041 2475 2181 2555 ejus
2234 2475 2361 2556 pri-

859 2591 1028 2634 mam
1077 2571 1526 2645 eonditionem‚
1581 2590 1774 2652 quam
1828 2574 2037 2653 quoad
2095 2573 2237 2653 ejus
2285 2573 2362 2636 fi-

861 2690 1008 2733 nem
1055 2669 1136 2734 ob
1185 2689 1378 2752 quem
1437 2677 1718 2732 creatum
1777 2679 1894 2744 est,
1944 2671 2128 2733 aliter
2179 2672 2360 2735 docet

858 2788 1034 2831 saera
1099 2768 1444 2850 Scriptura,
1508 2787 1702 2850 quam
1772 2770 2079 2832 naturalis
2148 2771 2358 2851 philo-

859 2867 1205 2948 sophorum
1255 2867 1560 2945 doctrina,
1607 2885 1717 2928 seu
1777 2867 2114 2947 gentilium
2164 2875 2353 2932 secta.

857 2965 1154 3038 Quamvis
1203 2965 1376 3026 enim
1426 2965 1719 3028 meliores
1761 2985 1834 3028 ac
1885 2965 2249 3030 subtiliores
2298 2975 2359 3028 et

2473 1979 2631 2043 ratio
2676 1979 2822 2055 Deo,
2859 1979 2943 2041 ita
2990 1980 3163 2061 quod
3212 1997 3444 2060 corpus
3486 1987 3550 2041 et
3596 1979 3975 2040 sensualitas

2474 2085 2769 2160 prompte
2818 2085 2880 2140 et
2926 2077 3169 2159 absque
3229 2076 3609 2140 difficultate
3666 2076 3979 2158 parebant

2471 2177 2701 2239 animae
2740 2184 2801 2238 et
2842 2175 3092 2250 rationi,
3128 2175 3424 2238 similiter
3454 2176 3611 2239 ratio
3650 2183 3715 2238 et
3750 2175 3980 2239 volun-

2472 2282 2565 2337 tas
2610 2275 2755 2338 Deo.

2552 2372 2837 2453 Denique
2889 2372 3023 2434 haec
3060 2370 3387 2451 originalis
3424 2370 3672 2451 justitia
3709 2370 3803 2432 sic
3850 2369 3981 2432 fuit

2475 2471 2682 2553 primo
2721 2478 2937 2533 nostro
2977 2470 3223 2551 parenti
3255 2469 3499 2542 collata,
3534 2470 3705 2551 quod
3736 2469 3789 2530 si
3836 2469 3977 2552 ipse

2472 2569 2537 2630 in
2570 2587 2641 2630 ea
2682 2568 3038 2641 mansisset,
3072 2566 3357 2628 eamdem
3402 2565 3469 2628 in
3508 2585 3655 2629 suos
3688 2575 3977 2648 posteros

2470 2665 2936 2740 transfudisset,
2988 2673 3051 2728 et
3098 2673 3227 2726 tam
3286 2665 3424 2746 ipse
3479 2683 3671 2746 quam
3734 2665 3975 2746 posteri

2470 2767 2608 2847 ejus
2642 2767 2708 2828 in
2740 2765 3029 2847 paradiso
3060 2765 3443 2827 mansissent
3480 2764 3784 2826 terrestri.
3819 2763 3979 2827 Rur-

2469 2885 2599 2938 suS,
2636 2867 2721 2927 ita
2753 2865 2877 2927 fuit
2915 2864 3123 2945 primo
3155 2881 3453 2927 concessa
3493 2864 3761 2945 parenti,
3795 2865 3973 2945 quod

2467 2963 2773 3045 quamdiu
2807 2963 2964 3026 ratio
3002 2963 3143 3042 ejus
3184 2970 3467 3024 maneret
3502 2961 3627 3024 Deo
3660 2961 3970 3024 obediens

859 3063 1168 3126 doctiores
1209 3063 1570 3144 philosophi
1615 3082 1688 3124 ac
1724 3064 1993 3144 gentiles
2033 3065 2356 3126 sciverunt
2393 3062 2437 3126 C
2466 3082 2539 3124 ac
2570 3062 2876 3142 subjecta,
2911 3061 3152 3124 tamdiu
3187 3078 3418 3141 corpus
3458 3059 3968 3142 sensualitasque

859 3169 922 3224 et
949 3159 1100 3223 fassi
1132 3168 1281 3223 sunt
1320 3168 1521 3224 totum
1565 3162 1876 3223 mundum
1915 3181 1986 3224 ac
2013 3180 2217 3242 genus
2250 3163 2358 3225 hu-

862 3278 1122 3322 manum
1169 3278 1206 3320 a
1253 3278 1503 3322 summo
1550 3259 1696 3334 Deo,
1747 3279 1942 3342 quem
1991 3262 2358 3325 nominave—

861 3367 1010 3420 runt
1050 3358 1321 3441 primam
1370 3377 1645 3432 eausam,
1680 3359 1746 3421 in
1789 3376 1928 3421 esse
1973 3362 2357 3442 processisse

861 3464 923 3520 et
970 3458 1328 3538 dependere
1378 3474 1487 3518 seu
1530 3459 1913 3533 conservari,
1948 3466 2017 3520 ut
2067 3467 2239 3541 patet
2280 3479 2354 3522 ex

860 3554 1041 3617 libris
1072 3554 1344 3617 Platonis
1373 3562 1437 3616 et
1465 3555 1834 3633 Aristotelis,
1858 3559 2357 3640 sequaciumque

861 3653 1168 3734 illorum3
1222 3653 1423 3717 nihilo
1469 3654 1685 3716 minus
1737 3663 2122 3737 putaverunt
2172 3678 2357 3720 mun-

862 3752 1014 3814 dum
1069 3751 1148 3813 ab
1196 3759 1431 3814 aeterno
1486 3750 1686 3813 fuisse
1739 3771 1751 3814 :
1806 3753 1972 3815 sieut
2029 3754 2081 3816 si
2132 3755 2225 3818 sol
2276 3755 2356 3817 ab

860 3857 1094 3912 aeterno
1124 3848 1368 3924 fuisset,
1403 3850 1615 3912 radius
1654 3868 1912 3932 quoque
1950 3851 2155 3933 ipsius
2186 3861 2358 3916 aeter-

861 3947 1087 4009 naliter
1117 3947 1478 4022 exstitisset,
1513 3955 1576 4009 et
1615 3955 1822 4010 tamen
1859 3948 2156 4012 fluxisset
2193 3971 2229 4012 a
2262 3970 2359 4015 so-

861 4043 940 4107 le.
993 4045 1259 4126 Insuper
1304 4053 1689 4126 putaverunt
1746 4047 2073 4110 hominem
2132 4048 2196 4110 in
2254 4068 2356 4112 so-

861 4141 938 4204 lis
981 4142 1374 4205 naturalibus
1413 4143 1804 4224 originaliter
1837 4153 2259 4227 procreatum,
2295 4155 2358 4209 et

2465 3162 2669 3243 ipsius
2734 3167 3063 3222 manerent
3118 3159 3347 3221 animae
3400 3178 3474 3221 ac
3529 3158 3754 3222 rationi
3818 3160 3965 3240 ejus

2463 3259 2971 3325 obedientialiter
3002 3258 3269 3320 subdita.
3303 3257 3609 3330 Quoniam
3648 3275 3797 3338 ergo
3840 3259 3964 3341 pri-

2463 3378 2607 3421 mus
2648 3359 2836 3422 homo
2875 3357 3167 3419 divinum
3208 3357 3573 3419 mandatum
3616 3364 3967 3437 transgres-
4010 3376 4219 3419 emam.

2465 3478 2572 3520 sus
2622 3465 2739 3530 est,
2774 3457 2860 3518 ita
2904 3464 2973 3518 ut
3026 3455 3184 3518 ratio
3232 3455 3371 3535 ejus
3419 3463 3482 3516 et
3520 3454 3813 3518 voluntas
3866 3455 3967 3517 fu-

2465 3556 2631 3618 erint
2681 3555 2803 3617 Deo
2858 3541 3344 3633 inobedientes3
3396 3553 3538 3616 ideo
3585 3553 3964 3633 originalem

2464 3654 2679 3717 amisit
2724 3653 3060 3734 justitiam,
3094 3660 3158 3714 et
3206 3670 3350 3714 caro
3398 3651 3537 3732 ejus
3583 3670 3656 3713 ac
3704 3669 3963 3714 sensua-

2465 3753 2608 3814 litas
2649 3752 2861 3814 statim
2900 3757 3233 3832 coeperunt
3280 3751 3557 3812 animam
3596 3767 3961 3831 aggravare,

2466 3851 2694 3914 rationi
2745 3850 2956 3912 reniti.
3002 3849 3127 3912 Nec
3176 3849 3382 3912 solum
3430 3849 3644 3910 amisit
3689 3849 3967 3930 origina-

2466 3951 2590 4012 lem
2633 3948 2945 4029 justitiam
2988 3947 3133 4020 sibi,
3169 3947 3279 4008 sed
3318 3954 3381 4008 et
3423 3946 3534 4009 toti
3586 3965 3715 4009 suae
3754 3955 3965 4029 poste-

2466 4048 2657 4110 ritati.
2704 4046 2777 4108 Et
2818 4047 2985 4108 sicut
3027 4045 3470 4108 transfudisset
3517 4045 3586 4106 in
3634 4063 3795 4120 eam,
3834 4047 3959 4108 nisi

2466 4147 2604 4228 ipse
2655 4152 2995 4228 peccasset,
3046 4143 3419 4224 originalem
3464 4142 3819 4223 justitiam:
3868 4145 3965 4207 sie

861 4260 989 4304 non
1027 4241 1150 4302 nisi
1201 4248 1459 4322 propter
1499 4242 1850 4305 naturalem
1892 4244 2355 4307 beatitudinem
2388 4250 2435 4310 D
2465 4245 2617 4326 quia
2657 4243 2964 4325 peccavit,
3000 4241 3341 4304 transfudit
3380 4242 3443 4303 in
3489 4249 3769 4323 posteros
3810 4261 3962 4306 suos

860 4338 1100 4400 factum
1133 4357 1146 4401 :
1183 4338 1324 4402 ideo
1373 4358 1498 4402 non
1551 4341 1894 4416 sciverunt,
1932 4344 2102 4423 quod
2153 4343 2357 4405 homi-

861 4436 1052 4499 nibus
1103 4437 1492 4499 necessarius
1536 4446 1699 4500 esset
1743 4439 2014 4503 salvator
2050 4459 2124 4503 ac
2162 4441 2357 4504 medi-

858 4541 1016 4607 ator,
1050 4533 1344 4597 videlicet
1373 4535 1679 4611 ChristuS,
1715 4546 1903 4618 prout
1941 4537 2103 4600 fides
2144 4540 2358 4604 catho-

861 4632 985 4695 lica
1030 4633 1240 4695 tradit.

940 4728 1060 4792 Sed
1097 4749 1274 4794 saera
1312 4729 1637 4814 Scriptura
1675 4733 1983 4797 divinitus
2021 4734 2350 4819 inspirata,

859 4828 1045 4890 aliter
1100 4829 1301 4903 docet,
1355 4830 1652 4893 videlicet
1708 4833 1881 4913 quod
1938 4835 2216 4896 mundus
2276 4854 2353 4897 ex

861 4933 1146 5008 tempore
1186 4947 1223 4989 a
1266 4928 1387 4991 Deo
1429 4937 1674 4992 creatus
1719 4938 1836 5010 est,
1878 4938 1940 4992 et
1985 4931 2175 4995 homo
2225 4933 2355 5014 pri-

861 5043 1004 5086 mus
1051 5043 1088 5086 a
1131 5024 1256 5088 Deo
1305 5025 1650 5106 plasmatus
1702 5036 1818 5102 est,
1867 5048 1994 5092 non
2051 5029 2116 5091 in
2171 5039 2354 5093 natu-

861 5121 1102 5186 ralibus
1139 5123 1321 5186 donis
1365 5125 1709 5199 dumtaxat,
1745 5127 1855 5188 sed
1898 5127 2090 5190 etiam
2135 5129 2201 5190 in
2245 5149 2353 5191 su-

861 5221 1370 5300 pernaturalibus
1426 5223 1644 5302 gratiae
1703 5224 1904 5298 doniS,
1954 5233 2146 5308 atque
2208 5235 2353 5308 post

861 5335 1041 5380 suam
1090 5317 1568 5401 plasmationem
1612 5341 1758 5386 mox
1808 5323 1872 5384 in
1924 5325 2214 5406 paradiso
2255 5334 2351 5389 est

2465 4342 2771 4422 originale
2821 4348 3173 4424 peccatum,
3209 4340 3401 4421 quod,
3446 4340 3795 4402 secundum
3834 4341 3965 4402 An-

2466 4441 2760 4514 selmum,
2786 4447 2881 4500 est
2909 4438 3187 4501 carentia
3216 4437 3540 4519 originalis
3568 4437 3831 4518 justitiae
3860 4440 3964 4502 de-

2465 4539 2614 4602 bitae
2674 4539 2739 4600 in
2798 4555 2957 4600 esse.
3010 4537 3249 4618 Itaque,
3303 4543 3561 4618 propter
3609 4535 3767 4598 illud
3826 4537 3961 4619 pri-

2466 4656 2643 4698 mum
2674 4655 2747 4698 ac
2776 4635 3082 4716 originale
3112 4643 3437 4716 peceatum
3470 4633 3638 4708 Adae,
3662 4643 3789 4696 tam
3821 4633 3962 4716 ipse

2465 4754 2657 4817 quam
2692 4735 2926 4816 posteri
2968 4733 3107 4815 ejus
3137 4732 3310 4814 justo
3340 4732 3449 4794 Dei
3484 4731 3749 4812 judicio,
3780 4742 3961 4796 aeter-

2466 4835 2595 4896 nali
2647 4842 2710 4896 et
2758 4831 3223 4914 supernaturali
3279 4830 3671 4893 beatitudine
3724 4831 3955 4913 privati

2464 4933 2725 4995 fuerunt
2780 4951 2791 4994 :
2841 4932 2927 4993 ita
2974 4931 3147 5012 quod
3194 4931 3271 4992 ad
3320 4947 3459 4991 eam
3508 4929 3715 4991 redire
3761 4937 3957 5011 atque

2464 5031 2727 5112 perduci
2786 5049 2909 5092 non
2975 5027 3285 5101 valebant,
3340 5027 3463 5089 nisi
3522 5046 3638 5109 pro
3696 5037 3955 5109 peceato

2462 5129 2573 5192 illo
2614 5127 2905 5209 originali
2950 5125 3291 5188 satisfieret
3334 5125 3479 5188 Deo.

2539 5226 2838 5299 Quamvis
2876 5233 3087 5288 autem
3128 5225 3194 5286 in
3227 5223 3549 5287 voluntate
3584 5231 3646 5285 et
3684 5231 3958 5306 potesta-

2460 5334 2521 5388 te
2570 5332 2967 5406 posterorum
3028 5343 3153 5386 non
3202 5321 3327 5384 fuit
3372 5321 3677 5403 originale
3735 5340 3957 5404 pecca-
