<?xml version="1.0" encoding="UTF-8"?>
<!DOCTYPE html PUBLIC "-//W3C//DTD XHTML 1.0 Transitional//EN"
    "http://www.w3.org/TR/xhtml1/DTD/xhtml1-transitional.dtd">
<html xmlns="http://www.w3.org/1999/xhtml" xml:lang="en" lang="en">
 <head>
  <title>
</title>
<meta http-equiv="Content-Type" content="text/html;charset=utf-8" />
  <meta name='ocr-system' content='tesseract 3.04.00' />
  <meta name='ocr-capabilities' content='ocr_page ocr_carea ocr_par ocr_line ocrx_word'/>
</head>
<body>
  <div class='ocr_page' id='page_1' title='image "./doctorisecstati09unkngoog_0666.png"; bbox 0 0 4300 6259; ppageno 0'>
   <div class='ocr_carea' id='block_1_1' title="bbox 873 466 992 530">
    <p class='ocr_par' dir='ltr' id='par_1_1' title="bbox 873 466 992 530">
     <span class='ocr_line' id='line_1_1' title="bbox 873 466 992 530; baseline 0 0"><span class='ocrx_word' id='word_1_1' title='bbox 873 466 992 530; x_wconf 82' lang='lat'><strong>574</strong></span> 
     </span>
    </p>
   </div>
   <div class='ocr_carea' id='block_1_2' title="bbox 1625 486 3235 534">
    <p class='ocr_par' dir='ltr' id='par_1_2' title="bbox 1625 486 3235 534">
     <span class='ocr_line' id='line_1_2' title="bbox 1625 486 3235 534; baseline 0 0"><span class='ocrx_word' id='word_1_2' title='bbox 1625 487 1974 534; x_wconf 73' lang='lat' dir='ltr'><strong>ENARRATIO</strong></span> <span class='ocrx_word' id='word_1_3' title='bbox 2017 487 2081 532; x_wconf 81' lang='lat' dir='ltr'><strong>IN</strong></span> <span class='ocrx_word' id='word_1_4' title='bbox 2123 486 2262 533; x_wconf 68' lang='lat' dir='ltr'><strong>cst.</strong></span> <span class='ocrx_word' id='word_1_5' title='bbox 2311 486 2439 533; x_wconf 82' lang='lat' dir='ltr'><strong>xvll</strong></span> <span class='ocrx_word' id='word_1_6' title='bbox 2480 486 2757 533; x_wconf 76' lang='lat' dir='ltr'><strong>JOANle.</strong></span> <span class='ocrx_word' id='word_1_7' title='bbox 2804 507 2883 516; x_wconf 95' lang='lat'><strong>—</strong></span> <span class='ocrx_word' id='word_1_8' title='bbox 2924 488 3065 534; x_wconf 72' lang='grc' dir='ltr'><strong>ΛΒΤ.</strong></span> <span class='ocrx_word' id='word_1_9' title='bbox 3114 489 3235 534; x_wconf 79' lang='lat' dir='ltr'><strong>xm</strong></span> 
     </span>
    </p>
   </div>
   <div class='ocr_carea' id='block_1_3' title="bbox 594 656 3973 742">
    <p class='ocr_par' dir='ltr' id='par_1_3' title="bbox 594 656 3973 742">
     <span class='ocr_line' id='line_1_3' title="bbox 594 656 3973 742; baseline 0 -24"><span class='ocrx_word' id='word_1_10' title='bbox 594 674 840 724; x_wconf 64' lang='lat' dir='ltr'><strong>Mamm,</strong></span> <span class='ocrx_word' id='word_1_11' title='bbox 871 656 962 718; x_wconf 89' lang='lat' dir='ltr'><strong>eis</strong></span> <span class='ocrx_word' id='word_1_12' title='bbox 997 676 1011 719; x_wconf 94' lang='lat'><strong>:</strong></span> <span class='ocrx_word' id='word_1_13' title='bbox 1049 656 1282 721; x_wconf 85' lang='lat' dir='ltr'><strong>Euntes</strong></span> <span class='ocrx_word' id='word_1_14' title='bbox 1321 659 1388 721; x_wconf 92' lang='lat' dir='ltr'><strong>in</strong></span> <span class='ocrx_word' id='word_1_15' title='bbox 1427 661 1739 722; x_wconf 91' lang='lat' dir='ltr'><strong>mundum</strong></span> <span class='ocrx_word' id='word_1_16' title='bbox 1785 660 2175 734; x_wconf 86' lang='lat' dir='ltr'><strong>universum,</strong></span> <span class='ocrx_word' id='word_1_17' title='bbox 2212 678 2369 741; x_wconf 78' lang='lat' dir='ltr'><strong>prae-</strong></span> <span class='ocrx_word' id='word_1_18' title='bbox 2399 657 2446 719; x_wconf 84' lang='lat' dir='ltr'><strong>A</strong></span> <span class='ocrx_word' id='word_1_19' title='bbox 2479 669 2717 730; x_wconf 77' lang='lat' dir='ltr'><strong>autem,</strong></span> <span class='ocrx_word' id='word_1_20' title='bbox 2768 660 2889 723; x_wconf 89' lang='lat' dir='ltr'><strong>hoc</strong></span> <span class='ocrx_word' id='word_1_21' title='bbox 2946 667 3041 722; x_wconf 89' lang='lat' dir='ltr'><strong>est</strong></span> <span class='ocrx_word' id='word_1_22' title='bbox 3097 659 3435 742; x_wconf 83' lang='lat' dir='ltr'><strong>ApostoliS,</strong></span> <span class='ocrx_word' id='word_1_23' title='bbox 3488 678 3639 736; x_wconf 74' lang='lat' dir='ltr'><strong>royo</strong></span> <span class='ocrx_word' id='word_1_24' title='bbox 3688 669 3973 728; x_wconf 80' lang='lat' dir='ltr'><strong>tantum,</strong></span> 
     </span>
    </p>
   </div>
   <div class='ocr_carea' id='block_1_4' title="bbox 577 737 2112 839">
    <p class='ocr_par' dir='ltr' id='par_1_4' title="bbox 577 737 2112 839">
     <span class='ocr_line' id='line_1_4' title="bbox 577 737 2112 839; baseline 0.002 -23"><span class='ocrx_word' id='word_1_25' title='bbox 577 737 645 780; x_wconf 79' lang='lat'><strong>¹⁵·</strong></span> <span class='ocrx_word' id='word_1_26' title='bbox 871 755 1072 818; x_wconf 87' lang='lat' dir='ltr'><strong>dicate</strong></span> <span class='ocrx_word' id='word_1_27' title='bbox 1115 756 1528 839; x_wconf 85' lang='lat' dir='ltr'><strong>Evangelium</strong></span> <span class='ocrx_word' id='word_1_28' title='bbox 1571 759 1744 822; x_wconf 90' lang='lat' dir='ltr'><strong>omni</strong></span> <span class='ocrx_word' id='word_1_29' title='bbox 1789 766 2112 821; x_wconf 64' lang='lat' dir='ltr'><strong>creaturae.</strong></span> 
     </span>
    </p>
   </div>
   <div class='ocr_carea' id='block_1_5' title="bbox 666 857 2367 1820">
    <p class='ocr_par' dir='ltr' id='par_1_5' title="bbox 666 857 2367 1820">
     <span class='ocr_line' id='line_1_5' title="bbox 666 857 2365 940; baseline -0.001 -22"><span class='ocrx_word' id='word_1_30' title='bbox 666 862 734 918; x_wconf 80' lang='grc'><strong>19</strong></span> <span class='ocrx_word' id='word_1_31' title='bbox 949 857 1034 916; x_wconf 77' lang='lat' dir='ltr'><strong>Ec</strong></span> <span class='ocrx_word' id='word_1_32' title='bbox 1058 877 1179 934; x_wconf 80' lang='lat' dir='ltr'><strong>pro</strong></span> <span class='ocrx_word' id='word_1_33' title='bbox 1209 861 1326 927; x_wconf 65' lang='grc' dir='ltr'><strong>εἰς,</strong></span> <span class='ocrx_word' id='word_1_34' title='bbox 1356 859 1418 920; x_wconf 90' lang='lat' dir='ltr'><strong>id</strong></span> <span class='ocrx_word' id='word_1_35' title='bbox 1458 866 1555 920; x_wconf 90' lang='lat' dir='ltr'><strong>est</strong></span> <span class='ocrx_word' id='word_1_36' title='bbox 1594 877 1710 940; x_wconf 88' lang='lat' dir='ltr'><strong>pro</strong></span> <span class='ocrx_word' id='word_1_37' title='bbox 1740 857 1940 920; x_wconf 89' lang='lat' dir='ltr'><strong>salute</strong></span> <span class='ocrx_word' id='word_1_38' title='bbox 1978 876 2221 932; x_wconf 88' lang='lat' dir='ltr'><strong>eorum,</strong></span> <span class='ocrx_word' id='word_1_39' title='bbox 2254 877 2365 934; x_wconf 71' lang='lat' dir='ltr'><strong>eqo</strong></span> 
     </span>
     <span class='ocr_line' id='line_1_6' title="bbox 865 956 2367 1037; baseline 0.003 -25"><span class='ocrx_word' id='word_1_40' title='bbox 865 956 1197 1032; x_wconf 77' lang='lat' dir='ltr'><strong>sanctifico</strong></span> <span class='ocrx_word' id='word_1_41' title='bbox 1237 977 1333 1016; x_wconf 84' lang='lat' dir='ltr'><strong>me</strong></span> <span class='ocrx_word' id='word_1_42' title='bbox 1371 958 1611 1034; x_wconf 74' lang='lat' dir='ltr'><strong>ipsum,</strong></span> <span class='ocrx_word' id='word_1_43' title='bbox 1654 956 1716 1018; x_wconf 94' lang='lat' dir='ltr'><strong>id</strong></span> <span class='ocrx_word' id='word_1_44' title='bbox 1759 964 1875 1030; x_wconf 90' lang='lat' dir='ltr'><strong>est,</strong></span> <span class='ocrx_word' id='word_1_45' title='bbox 1917 975 2110 1037; x_wconf 85' lang='lat' dir='ltr'><strong>opera</strong></span> <span class='ocrx_word' id='word_1_46' title='bbox 2153 963 2367 1017; x_wconf 85' lang='lat' dir='ltr'><strong>sancta</strong></span> 
     </span>
     <span class='ocr_line' id='line_1_7' title="bbox 867 1049 2367 1136; baseline 0.003 -24"><span class='ocrx_word' id='word_1_47' title='bbox 867 1049 1052 1126; x_wconf 91' lang='lat' dir='ltr'><strong>facio,</strong></span> <span class='ocrx_word' id='word_1_48' title='bbox 1089 1072 1202 1136; x_wconf 88' lang='lat' dir='ltr'><strong>per</strong></span> <span class='ocrx_word' id='word_1_49' title='bbox 1238 1073 1384 1136; x_wconf 86' lang='lat' dir='ltr'><strong>quae</strong></span> <span class='ocrx_word' id='word_1_50' title='bbox 1424 1073 1670 1117; x_wconf 87' lang='lat' dir='ltr'><strong>mereor</strong></span> <span class='ocrx_word' id='word_1_51' title='bbox 1703 1055 1795 1117; x_wconf 90' lang='lat' dir='ltr'><strong>eis</strong></span> <span class='ocrx_word' id='word_1_52' title='bbox 1833 1055 2098 1135; x_wconf 81' lang='lat' dir='ltr'><strong>gratiam</strong></span> <span class='ocrx_word' id='word_1_53' title='bbox 2139 1061 2203 1116; x_wconf 89' lang='lat' dir='ltr'><strong>et</strong></span> <span class='ocrx_word' id='word_1_54' title='bbox 2238 1054 2367 1134; x_wconf 90' lang='lat' dir='ltr'><strong>glo-</strong></span> 
     </span>
     <span class='ocr_line' id='line_1_8' title="bbox 867 1151 2365 1235; baseline 0.003 -25"><span class='ocrx_word' id='word_1_55' title='bbox 867 1151 1048 1225; x_wconf 86' lang='lat' dir='ltr'><strong>riam,</strong></span> <span class='ocrx_word' id='word_1_56' title='bbox 1094 1171 1219 1215; x_wconf 91' lang='lat' dir='ltr'><strong>non</strong></span> <span class='ocrx_word' id='word_1_57' title='bbox 1266 1152 1448 1227; x_wconf 91' lang='lat' dir='ltr'><strong>mihi,</strong></span> <span class='ocrx_word' id='word_1_58' title='bbox 1493 1153 1612 1215; x_wconf 92' lang='lat' dir='ltr'><strong>nisi</strong></span> <span class='ocrx_word' id='word_1_59' title='bbox 1663 1153 1928 1234; x_wconf 81' lang='lat' dir='ltr'>gloriam</span> <span class='ocrx_word' id='word_1_60' title='bbox 1973 1152 2219 1235; x_wconf 82' lang='lat' dir='ltr'><strong>praemii</strong></span> <span class='ocrx_word' id='word_1_61' title='bbox 2264 1171 2365 1214; x_wconf 94' lang='lat' dir='ltr'><strong>ac-</strong></span> 
     </span>
     <span class='ocr_line' id='line_1_9' title="bbox 867 1248 2365 1334; baseline 0.001 -24"><span class='ocrx_word' id='word_1_62' title='bbox 867 1248 1219 1312; x_wconf 88' lang='lat' dir='ltr'><strong>cidentalis.</strong></span> <span class='ocrx_word' id='word_1_63' title='bbox 1271 1249 1494 1313; x_wconf 88' lang='lat' dir='ltr'><strong>Omnia</strong></span> <span class='ocrx_word' id='word_1_64' title='bbox 1551 1253 1722 1314; x_wconf 90' lang='lat' dir='ltr'><strong>enim</strong></span> <span class='ocrx_word' id='word_1_65' title='bbox 1781 1269 1975 1334; x_wconf 92' lang='lat' dir='ltr'><strong>opera</strong></span> <span class='ocrx_word' id='word_1_66' title='bbox 2033 1271 2168 1326; x_wconf 92' lang='lat' dir='ltr'><strong>sua,</strong></span> <span class='ocrx_word' id='word_1_67' title='bbox 2224 1269 2365 1334; x_wconf 92' lang='lat' dir='ltr'><strong>per-</strong></span> 
     </span>
     <span class='ocr_line' id='line_1_10' title="bbox 864 1349 2362 1424; baseline 0.003 -16"><span class='ocrx_word' id='word_1_68' title='bbox 864 1349 1220 1412; x_wconf 90' lang='lat' dir='ltr'><strong>secutiones</strong></span> <span class='ocrx_word' id='word_1_69' title='bbox 1264 1358 1326 1411; x_wconf 90' lang='lat' dir='ltr'><strong>et</strong></span> <span class='ocrx_word' id='word_1_70' title='bbox 1366 1358 1658 1424; x_wconf 90' lang='lat' dir='ltr'><strong>mortem,</strong></span> <span class='ocrx_word' id='word_1_71' title='bbox 1696 1350 1912 1412; x_wconf 89' lang='lat' dir='ltr'><strong>retulit</strong></span> <span class='ocrx_word' id='word_1_72' title='bbox 1955 1350 2241 1413; x_wconf 89' lang='lat' dir='ltr'><strong>Christus</strong></span> <span class='ocrx_word' id='word_1_73' title='bbox 2284 1350 2362 1412; x_wconf 88' lang='lat' dir='ltr'><strong>ad</strong></span> 
     </span>
     <span class='ocr_line' id='line_1_11' title="bbox 866 1447 2362 1530; baseline 0.002 -23"><span class='ocrx_word' id='word_1_74' title='bbox 866 1454 1150 1509; x_wconf 89' lang='lat' dir='ltr'><strong>nostrum</strong></span> <span class='ocrx_word' id='word_1_75' title='bbox 1196 1447 1552 1530; x_wconf 90' lang='lat' dir='ltr'><strong>profectum</strong></span> <span class='ocrx_word' id='word_1_76' title='bbox 1589 1456 1780 1530; x_wconf 90' lang='lat' dir='ltr'><strong>atque</strong></span> <span class='ocrx_word' id='word_1_77' title='bbox 1819 1448 2211 1528; x_wconf 81' lang='lat' dir='ltr'><strong>subsidium3</strong></span> <span class='ocrx_word' id='word_1_78' title='bbox 2246 1466 2362 1510; x_wconf 92' lang='lat' dir='ltr'><strong>nec</strong></span> 
     </span>
     <span class='ocr_line' id='line_1_12' title="bbox 863 1547 2364 1628; baseline 0.001 -22"><span class='ocrx_word' id='word_1_79' title='bbox 863 1563 1057 1626; x_wconf 88' lang='lat' dir='ltr'><strong>opera</strong></span> <span class='ocrx_word' id='word_1_80' title='bbox 1113 1566 1226 1608; x_wconf 89' lang='lat' dir='ltr'><strong>sua</strong></span> <span class='ocrx_word' id='word_1_81' title='bbox 1281 1555 1597 1609; x_wconf 88' lang='lat' dir='ltr'><strong>auxerunt</strong></span> <span class='ocrx_word' id='word_1_82' title='bbox 1649 1548 1914 1628; x_wconf 78' lang='lat' dir='ltr'><strong>gratiam</strong></span> <span class='ocrx_word' id='word_1_83' title='bbox 1976 1548 2074 1610; x_wconf 88' lang='lat' dir='ltr'><strong>vel</strong></span> <span class='ocrx_word' id='word_1_84' title='bbox 2133 1547 2364 1610; x_wconf 86' lang='lat' dir='ltr'><strong>sancti-</strong></span> 
     </span>
     <span class='ocr_line' id='line_1_13' title="bbox 865 1645 2363 1720; baseline 0.003 -16"><span class='ocrx_word' id='word_1_85' title='bbox 865 1650 1054 1705; x_wconf 84' lang='lat' dir='ltr'><strong>tatem</strong></span> <span class='ocrx_word' id='word_1_86' title='bbox 1115 1665 1246 1708; x_wconf 78' lang='lat' dir='ltr'><strong>suae</strong></span> <span class='ocrx_word' id='word_1_87' title='bbox 1305 1645 1558 1720; x_wconf 90' lang='lat' dir='ltr'><strong>mentis,</strong></span> <span class='ocrx_word' id='word_1_88' title='bbox 1621 1647 1733 1708; x_wconf 92' lang='lat' dir='ltr'><strong>sed</strong></span> <span class='ocrx_word' id='word_1_89' title='bbox 1796 1646 1978 1709; x_wconf 89' lang='lat' dir='ltr'><strong>nobis</strong></span> <span class='ocrx_word' id='word_1_90' title='bbox 2039 1646 2363 1709; x_wconf 84' lang='lat' dir='ltr'><strong>meritoria</strong></span> 
     </span>
     <span class='ocr_line' id='line_1_14' title="bbox 863 1743 2363 1820; baseline 0.002 -17"><span class='ocrx_word' id='word_1_91' title='bbox 863 1751 1062 1805; x_wconf 90' lang='lat' dir='ltr'><strong>erant.</strong></span> <span class='ocrx_word' id='word_1_92' title='bbox 1099 1743 1206 1806; x_wconf 89' lang='lat' dir='ltr'><strong>Vel</strong></span> <span class='ocrx_word' id='word_1_93' title='bbox 1255 1744 1346 1806; x_wconf 89' lang='lat' dir='ltr'><strong>sic</strong></span> <span class='ocrx_word' id='word_1_94' title='bbox 1381 1744 1544 1808; x_wconf 88' lang='lat' dir='ltr'><strong>:Pro</strong></span> <span class='ocrx_word' id='word_1_95' title='bbox 1588 1745 1701 1820; x_wconf 80' lang='lat' dir='ltr'><strong>eiS,</strong></span> <span class='ocrx_word' id='word_1_96' title='bbox 1745 1745 1864 1808; x_wconf 92' lang='lat' dir='ltr'><strong>hoc</strong></span> <span class='ocrx_word' id='word_1_97' title='bbox 1907 1751 2000 1806; x_wconf 91' lang='lat' dir='ltr'><strong>est</strong></span> <span class='ocrx_word' id='word_1_98' title='bbox 2043 1746 2121 1807; x_wconf 90' lang='lat' dir='ltr'><strong>ad</strong></span> <span class='ocrx_word' id='word_1_99' title='bbox 2166 1744 2363 1807; x_wconf 81' lang='lat' dir='ltr'><strong>aedifi-</strong></span> 
     </span>
    </p>
   </div>
   <div class='ocr_carea' id='block_1_6' title="bbox 2474 760 3973 1828">
    <p class='ocr_par' dir='ltr' id='par_1_6' title="bbox 2474 760 3973 1828">
     <span class='ocr_line' id='line_1_15' title="bbox 2477 760 3973 838; baseline 0.001 -21"><span class='ocrx_word' id='word_1_100' title='bbox 2477 761 2588 818; x_wconf 83' lang='lat' dir='ltr'><strong>sed</strong></span> <span class='ocrx_word' id='word_1_101' title='bbox 2614 768 2674 820; x_wconf 79' lang='lat' dir='ltr'><strong>et</strong></span> <span class='ocrx_word' id='word_1_102' title='bbox 2706 779 2826 836; x_wconf 84' lang='lat' dir='ltr'><strong>pro</strong></span> <span class='ocrx_word' id='word_1_103' title='bbox 2860 761 2953 820; x_wconf 78' lang='lat' dir='ltr'><strong>eis</strong></span> <span class='ocrx_word' id='word_1_104' title='bbox 2990 762 3107 838; x_wconf 84' lang='lat' dir='ltr'><strong>qui</strong></span> <span class='ocrx_word' id='word_1_105' title='bbox 3143 760 3463 820; x_wconf 76' lang='lat' dir='ltr'><strong><em>credituri</em></strong></span> <span class='ocrx_word' id='word_1_106' title='bbox 3496 768 3650 820; x_wconf 80' lang='lat' dir='ltr'><strong>sunt</strong></span> <span class='ocrx_word' id='word_1_107' title='bbox 3682 777 3803 834; x_wconf 80' lang='lat' dir='ltr'><strong>per</strong></span> <span class='ocrx_word' id='word_1_108' title='bbox 3842 779 3973 818; x_wconf 81' lang='lat' dir='ltr'><strong>ver·</strong></span> 
     </span>
     <span class='ocr_line' id='line_1_16' title="bbox 2480 857 3968 939; baseline 0.002 -24"><span class='ocrx_word' id='word_1_109' title='bbox 2480 859 2630 918; x_wconf 85' lang='lat' dir='ltr'><strong>bum</strong></span> <span class='ocrx_word' id='word_1_110' title='bbox 2668 877 2887 919; x_wconf 85' lang='lat' dir='ltr'><strong>eorum</strong></span> <span class='ocrx_word' id='word_1_111' title='bbox 2928 860 2995 918; x_wconf 83' lang='lat' dir='ltr'><strong>in</strong></span> <span class='ocrx_word' id='word_1_112' title='bbox 3040 879 3157 930; x_wconf 83' lang='lat' dir='ltr'><strong>me,</strong></span> <span class='ocrx_word' id='word_1_113' title='bbox 3194 858 3256 919; x_wconf 93' lang='lat' dir='ltr'><strong>id</strong></span> <span class='ocrx_word' id='word_1_114' title='bbox 3302 865 3399 918; x_wconf 90' lang='lat' dir='ltr'><strong>est</strong></span> <span class='ocrx_word' id='word_1_115' title='bbox 3443 875 3557 939; x_wconf 90' lang='lat' dir='ltr'><strong>pro</strong></span> <span class='ocrx_word' id='word_1_116' title='bbox 3600 857 3850 920; x_wconf 88' lang='lat' dir='ltr'><strong>cunctis</strong></span> <span class='ocrx_word' id='word_1_117' title='bbox 3894 858 3968 919; x_wconf 90' lang='lat' dir='ltr'><strong>ad</strong></span> 
     </span>
     <span class='ocr_line' id='line_1_17' title="bbox 2478 953 3967 1037; baseline 0 -21"><span class='ocrx_word' id='word_1_118' title='bbox 2478 953 2672 1017; x_wconf 91' lang='lat' dir='ltr'><strong>fidem</strong></span> <span class='ocrx_word' id='word_1_119' title='bbox 2738 956 3203 1031; x_wconf 82' lang='lat' dir='ltr'><strong>convertendiS,</strong></span> <span class='ocrx_word' id='word_1_120' title='bbox 3266 955 3378 1037; x_wconf 91' lang='lat' dir='ltr'><strong>qui</strong></span> <span class='ocrx_word' id='word_1_121' title='bbox 3443 955 3541 1018; x_wconf 91' lang='lat' dir='ltr'><strong>vel</strong></span> <span class='ocrx_word' id='word_1_122' title='bbox 3606 955 3967 1018; x_wconf 89' lang='lat' dir='ltr'><strong>immediate</strong></span> 
     </span>
     <span class='ocr_line' id='line_1_18' title="bbox 2479 1054 3967 1136; baseline 0.001 -21"><span class='ocrx_word' id='word_1_123' title='bbox 2479 1054 2577 1116; x_wconf 90' lang='lat' dir='ltr'><strong>vel</strong></span> <span class='ocrx_word' id='word_1_124' title='bbox 2620 1055 2891 1117; x_wconf 88' lang='lat' dir='ltr'><strong>mediate</strong></span> <span class='ocrx_word' id='word_1_125' title='bbox 2938 1061 3387 1118; x_wconf 79' lang='lat' dir='ltr'>convertentur</span> <span class='ocrx_word' id='word_1_126' title='bbox 3436 1062 3500 1116; x_wconf 89' lang='lat' dir='ltr'><strong>et</strong></span> <span class='ocrx_word' id='word_1_127' title='bbox 3550 1055 3813 1116; x_wconf 87' lang='lat' dir='ltr'><strong>credent</strong></span> <span class='ocrx_word' id='word_1_128' title='bbox 3858 1073 3967 1136; x_wconf 87' lang='lat' dir='ltr'><strong>per</strong></span> 
     </span>
     <span class='ocr_line' id='line_1_19' title="bbox 2478 1151 3964 1234; baseline 0.001 -21"><span class='ocrx_word' id='word_1_129' title='bbox 2478 1153 2989 1234; x_wconf 65' lang='lat' dir='ltr'><strong>praedicationem</strong></span> <span class='ocrx_word' id='word_1_130' title='bbox 3014 1151 3604 1234; x_wconf 87' lang='lat' dir='ltr'><strong>Apostolorum.Qui</strong></span> <span class='ocrx_word' id='word_1_131' title='bbox 3636 1152 3809 1214; x_wconf 88' lang='lat' dir='ltr'><strong>enim</strong></span> <span class='ocrx_word' id='word_1_132' title='bbox 3842 1171 3964 1215; x_wconf 89' lang='lat' dir='ltr'><strong>non</strong></span> 
     </span>
     <span class='ocr_line' id='line_1_20' title="bbox 2474 1249 3965 1333; baseline 0.001 -22"><span class='ocrx_word' id='word_1_133' title='bbox 2474 1251 2813 1314; x_wconf 91' lang='lat' dir='ltr'><strong>audierunt</strong></span> <span class='ocrx_word' id='word_1_134' title='bbox 2856 1252 3219 1314; x_wconf 86' lang='lat' dir='ltr'><strong>immediate</strong></span> <span class='ocrx_word' id='word_1_135' title='bbox 3262 1252 3434 1333; x_wconf 88' lang='lat' dir='ltr'><strong>ipsos</strong></span> <span class='ocrx_word' id='word_1_136' title='bbox 3470 1249 3826 1333; x_wconf 77' lang='lat' dir='ltr'><strong>ApostoloS,</strong></span> <span class='ocrx_word' id='word_1_137' title='bbox 3858 1270 3965 1312; x_wconf 88' lang='lat' dir='ltr'><strong>au-</strong></span> 
     </span>
     <span class='ocr_line' id='line_1_21' title="bbox 2475 1350 3962 1433; baseline 0.001 -23"><span class='ocrx_word' id='word_1_138' title='bbox 2475 1350 2731 1412; x_wconf 92' lang='lat' dir='ltr'><strong>dierunt</strong></span> <span class='ocrx_word' id='word_1_139' title='bbox 2786 1369 3180 1414; x_wconf 89' lang='lat' dir='ltr'><strong>successores</strong></span> <span class='ocrx_word' id='word_1_140' title='bbox 3238 1351 3338 1413; x_wconf 87' lang='lat' dir='ltr'><strong>vel</strong></span> <span class='ocrx_word' id='word_1_141' title='bbox 3396 1351 3747 1433; x_wconf 87' lang='lat' dir='ltr'><strong>discipulos</strong></span> <span class='ocrx_word' id='word_1_142' title='bbox 3804 1351 3962 1433; x_wconf 87' lang='lat' dir='ltr'><strong>Apo—</strong></span> 
     </span>
     <span class='ocr_line' id='line_1_22' title="bbox 2475 1449 3961 1531; baseline 0.001 -21"><span class='ocrx_word' id='word_1_143' title='bbox 2475 1449 2779 1512; x_wconf 80' lang='lat' dir='ltr'><strong>stolorum</strong></span> <span class='ocrx_word' id='word_1_144' title='bbox 2828 1468 2843 1511; x_wconf 87' lang='lat'><strong>:</strong></span> <span class='ocrx_word' id='word_1_145' title='bbox 2890 1450 3111 1531; x_wconf 91' lang='lat' dir='ltr'><strong>sicque</strong></span> <span class='ocrx_word' id='word_1_146' title='bbox 3160 1467 3275 1531; x_wconf 91' lang='lat' dir='ltr'><strong>per</strong></span> <span class='ocrx_word' id='word_1_147' title='bbox 3323 1449 3587 1512; x_wconf 90' lang='lat' dir='ltr'><strong>verbum</strong></span> <span class='ocrx_word' id='word_1_148' title='bbox 3643 1449 3961 1531; x_wconf 85' lang='lat' dir='ltr'><strong>Apostolo-</strong></span> 
     </span>
     <span class='ocr_line' id='line_1_23' title="bbox 2476 1547 3960 1613; baseline 0.001 -4"><span class='ocrx_word' id='word_1_149' title='bbox 2476 1567 2616 1610; x_wconf 91' lang='lat' dir='ltr'><strong>rum</strong></span> <span class='ocrx_word' id='word_1_150' title='bbox 2657 1549 3063 1611; x_wconf 90' lang='lat' dir='ltr'><strong>crediderunt</strong></span> <span class='ocrx_word' id='word_1_151' title='bbox 3101 1548 3393 1611; x_wconf 90' lang='lat' dir='ltr'><strong>mediate.</strong></span> <span class='ocrx_word' id='word_1_152' title='bbox 3426 1547 3545 1611; x_wconf 92' lang='lat' dir='ltr'><strong>Sed</strong></span> <span class='ocrx_word' id='word_1_153' title='bbox 3586 1549 3639 1610; x_wconf 92' lang='lat' dir='ltr'><strong>si</strong></span> <span class='ocrx_word' id='word_1_154' title='bbox 3680 1548 3960 1613; x_wconf 88' lang='lat' dir='ltr'><strong>Christus</strong></span> 
     </span>
     <span class='ocr_line' id='line_1_24' title="bbox 2474 1647 3961 1730; baseline -0.001 -19"><span class='ocrx_word' id='word_1_155' title='bbox 2474 1648 2678 1711; x_wconf 88' lang='lat' dir='ltr'><strong>oravit</strong></span> <span class='ocrx_word' id='word_1_156' title='bbox 2717 1666 2832 1729; x_wconf 88' lang='lat' dir='ltr'><strong>pro</strong></span> <span class='ocrx_word' id='word_1_157' title='bbox 2871 1647 3231 1721; x_wconf 81' lang='lat' dir='ltr'><strong>credituriS,</strong></span> <span class='ocrx_word' id='word_1_158' title='bbox 3265 1665 3415 1728; x_wconf 91' lang='lat' dir='ltr'><strong>ergo</strong></span> <span class='ocrx_word' id='word_1_159' title='bbox 3452 1665 3577 1709; x_wconf 92' lang='lat' dir='ltr'><strong>non</strong></span> <span class='ocrx_word' id='word_1_160' title='bbox 3616 1647 3826 1710; x_wconf 87' lang='lat' dir='ltr'><strong>oravit</strong></span> <span class='ocrx_word' id='word_1_161' title='bbox 3854 1667 3961 1730; x_wconf 88' lang='lat' dir='ltr'><strong>pro</strong></span> 
     </span>
     <span class='ocr_line' id='line_1_25' title="bbox 2475 1745 3961 1828; baseline -0.001 -19"><span class='ocrx_word' id='word_1_162' title='bbox 2475 1747 2701 1809; x_wconf 87' lang='lat' dir='ltr'><strong>ceteris</strong></span> <span class='ocrx_word' id='word_1_163' title='bbox 2743 1745 3075 1828; x_wconf 83' lang='lat' dir='ltr'><strong>discipulis</strong></span> <span class='ocrx_word' id='word_1_164' title='bbox 3106 1745 3261 1820; x_wconf 81' lang='lat' dir='ltr'><strong>suiS,</strong></span> <span class='ocrx_word' id='word_1_165' title='bbox 3294 1745 3406 1827; x_wconf 92' lang='lat' dir='ltr'><strong>qui</strong></span> <span class='ocrx_word' id='word_1_166' title='bbox 3445 1753 3735 1828; x_wconf 88' lang='lat' dir='ltr'><strong>tempore</strong></span> <span class='ocrx_word' id='word_1_167' title='bbox 3774 1746 3961 1827; x_wconf 87' lang='lat' dir='ltr'><strong>hujus</strong></span> 
     </span>
    </p>
   </div>
   <div class='ocr_carea' id='block_1_7' title="bbox 863 1841 3962 1931">
    <p class='ocr_par' dir='ltr' id='par_1_7' title="bbox 863 1841 3962 1931">
     <span class='ocr_line' id='line_1_26' title="bbox 863 1841 3962 1931; baseline 0.001 -29"><span class='ocrx_word' id='word_1_168' title='bbox 863 1841 1176 1905; x_wconf 86' lang='lat' dir='ltr'><strong>cationem</strong></span> <span class='ocrx_word' id='word_1_169' title='bbox 1234 1851 1298 1931; x_wconf 80' lang='lat' dir='ltr'><strong>et</strong></span> <span class='ocrx_word' id='word_1_170' title='bbox 1353 1842 1866 1907; x_wconf 79' lang='lat' dir='ltr'><strong>informationem</strong></span> <span class='ocrx_word' id='word_1_171' title='bbox 1925 1861 2168 1917; x_wconf 90' lang='lat' dir='ltr'><strong>eorum,</strong></span> <span class='ocrx_word' id='word_1_172' title='bbox 2220 1863 2362 1906; x_wconf 89' lang='lat' dir='ltr'><strong>san·</strong></span> <span class='ocrx_word' id='word_1_173' title='bbox 2396 1842 2445 1905; x_wconf 93' lang='lat' dir='ltr'>B</span> <span class='ocrx_word' id='word_1_174' title='bbox 2472 1845 2773 1908; x_wconf 90' lang='lat' dir='ltr'><strong>orationis</strong></span> <span class='ocrx_word' id='word_1_175' title='bbox 2830 1843 3190 1918; x_wconf 88' lang='lat' dir='ltr'><strong>defuerunt,</strong></span> <span class='ocrx_word' id='word_1_176' title='bbox 3246 1853 3310 1906; x_wconf 93' lang='lat' dir='ltr'><strong>et</strong></span> <span class='ocrx_word' id='word_1_177' title='bbox 3357 1853 3565 1906; x_wconf 89' lang='lat' dir='ltr'><strong>tamen</strong></span> <span class='ocrx_word' id='word_1_178' title='bbox 3624 1845 3962 1908; x_wconf 86' lang='lat' dir='ltr'><strong>credebant</strong></span> 
     </span>
    </p>
   </div>
   <div class='ocr_carea' id='block_1_8' title="bbox 573 1940 2361 3007">
    <p class='ocr_par' dir='ltr' id='par_1_8' title="bbox 573 1940 2361 3007">
     <span class='ocr_line' id='line_1_27' title="bbox 862 1940 2361 2015; baseline 0.002 -14"><span class='ocrx_word' id='word_1_179' title='bbox 862 1940 1098 2014; x_wconf 84' lang='lat' dir='ltr'><strong>ctifico,</strong></span> <span class='ocrx_word' id='word_1_180' title='bbox 1143 1941 1206 2002; x_wconf 92' lang='lat' dir='ltr'><strong>id</strong></span> <span class='ocrx_word' id='word_1_181' title='bbox 1251 1949 1366 2015; x_wconf 90' lang='lat' dir='ltr'><strong>est,</strong></span> <span class='ocrx_word' id='word_1_182' title='bbox 1411 1951 1700 2004; x_wconf 85' lang='lat' dir='ltr'><strong>sanctum</strong></span> <span class='ocrx_word' id='word_1_183' title='bbox 1747 1943 2010 2005; x_wconf 89' lang='lat' dir='ltr'><strong>ostendo</strong></span> <span class='ocrx_word' id='word_1_184' title='bbox 2056 1949 2120 2004; x_wconf 94' lang='lat' dir='ltr'><strong>et</strong></span> <span class='ocrx_word' id='word_1_185' title='bbox 2162 1941 2361 2006; x_wconf 88' lang='lat' dir='ltr'><strong>fateor</strong></span> 
     </span>
     <span class='ocr_line' id='line_1_28' title="bbox 863 2037 2359 2120; baseline 0.002 -20"><span class='ocrx_word' id='word_1_186' title='bbox 863 2056 964 2100; x_wconf 90' lang='lat' dir='ltr'><strong>me</strong></span> <span class='ocrx_word' id='word_1_187' title='bbox 1013 2037 1248 2120; x_wconf 91' lang='lat' dir='ltr'><strong>ipsum,</strong></span> <span class='ocrx_word' id='word_1_188' title='bbox 1302 2039 1454 2120; x_wconf 90' lang='lat' dir='ltr'><strong>quia</strong></span> <span class='ocrx_word' id='word_1_189' title='bbox 1499 2047 1568 2102; x_wconf 90' lang='lat' dir='ltr'><strong>ut</strong></span> <span class='ocrx_word' id='word_1_190' title='bbox 1617 2041 1875 2102; x_wconf 90' lang='lat' dir='ltr'><strong>credant</strong></span> <span class='ocrx_word' id='word_1_191' title='bbox 1926 2039 1988 2101; x_wconf 93' lang='lat' dir='ltr'><strong>in</strong></span> <span class='ocrx_word' id='word_1_192' title='bbox 2039 2057 2164 2113; x_wconf 91' lang='lat' dir='ltr'><strong>me,</strong></span> <span class='ocrx_word' id='word_1_193' title='bbox 2218 2041 2359 2104; x_wconf 88' lang='lat' dir='ltr'><strong>dico</strong></span> 
     </span>
     <span class='ocr_line' id='line_1_29' title="bbox 861 2135 2359 2220; baseline 0.003 -22"><span class='ocrx_word' id='word_1_194' title='bbox 861 2145 924 2198; x_wconf 90' lang='lat' dir='ltr'><strong>et</strong></span> <span class='ocrx_word' id='word_1_195' title='bbox 959 2135 1142 2199; x_wconf 85' lang='lat' dir='ltr'><strong>factis</strong></span> <span class='ocrx_word' id='word_1_196' title='bbox 1180 2139 1444 2201; x_wconf 88' lang='lat' dir='ltr'><strong>ostendo</strong></span> <span class='ocrx_word' id='word_1_197' title='bbox 1473 2139 1646 2220; x_wconf 91' lang='lat' dir='ltr'><strong>quod</strong></span> <span class='ocrx_word' id='word_1_198' title='bbox 1685 2139 1804 2200; x_wconf 91' lang='lat' dir='ltr'><strong>sim</strong></span> <span class='ocrx_word' id='word_1_199' title='bbox 1837 2139 2121 2203; x_wconf 90' lang='lat' dir='ltr'><strong>Christus</strong></span> <span class='ocrx_word' id='word_1_200' title='bbox 2162 2138 2359 2202; x_wconf 87' lang='lat' dir='ltr'><strong>Filius</strong></span> 
     </span>
     <span class='ocr_line' id='line_1_30' title="bbox 861 2235 2361 2310; baseline 0.002 -13"><span class='ocrx_word' id='word_1_201' title='bbox 861 2235 993 2310; x_wconf 88' lang='lat' dir='ltr'><strong>Dei,</strong></span> <span class='ocrx_word' id='word_1_202' title='bbox 1042 2235 1306 2298; x_wconf 90' lang='lat' dir='ltr'><strong>Sanctus</strong></span> <span class='ocrx_word' id='word_1_203' title='bbox 1355 2235 1728 2299; x_wconf 87' lang='lat' dir='ltr'><strong>Sanctorum</strong></span> <span class='ocrx_word' id='word_1_204' title='bbox 1771 2244 1835 2299; x_wconf 90' lang='lat' dir='ltr'><strong>et</strong></span> <span class='ocrx_word' id='word_1_205' title='bbox 1878 2237 2099 2299; x_wconf 88' lang='lat' dir='ltr'><strong>mundi</strong></span> <span class='ocrx_word' id='word_1_206' title='bbox 2150 2236 2361 2300; x_wconf 88' lang='lat' dir='ltr'><strong>Salva-</strong></span> 
     </span>
     <span class='ocr_line' id='line_1_31' title="bbox 863 2333 2361 2418; baseline 0 -20"><span class='ocrx_word' id='word_1_207' title='bbox 863 2341 981 2398; x_wconf 85' lang='lat' dir='ltr'><strong>tor.</strong></span> <span class='ocrx_word' id='word_1_208' title='bbox 1025 2333 1233 2397; x_wconf 85' lang='lat' dir='ltr'><strong>Sancti</strong></span> <span class='ocrx_word' id='word_1_209' title='bbox 1283 2335 1456 2397; x_wconf 90' lang='lat' dir='ltr'><strong>enim</strong></span> <span class='ocrx_word' id='word_1_210' title='bbox 1504 2334 1874 2417; x_wconf 88' lang='lat' dir='ltr'><strong>frequenter</strong></span> <span class='ocrx_word' id='word_1_211' title='bbox 1921 2354 2101 2397; x_wconf 89' lang='lat' dir='ltr'><strong>suam</strong></span> <span class='ocrx_word' id='word_1_212' title='bbox 2154 2335 2361 2418; x_wconf 88' lang='lat' dir='ltr'><strong>perfe-</strong></span> 
     </span>
     <span class='ocr_line' id='line_1_32' title="bbox 865 2432 2357 2497; baseline 0.002 -3"><span class='ocrx_word' id='word_1_213' title='bbox 865 2433 1137 2496; x_wconf 82' lang='lat' dir='ltr'><strong>ctionem</strong></span> <span class='ocrx_word' id='word_1_214' title='bbox 1203 2432 1523 2496; x_wconf 87' lang='lat' dir='ltr'><strong>declarant</strong></span> <span class='ocrx_word' id='word_1_215' title='bbox 1583 2434 1662 2495; x_wconf 88' lang='lat' dir='ltr'><strong>ad</strong></span> <span class='ocrx_word' id='word_1_216' title='bbox 1719 2433 1826 2495; x_wconf 91' lang='lat' dir='ltr'><strong>Dei</strong></span> <span class='ocrx_word' id='word_1_217' title='bbox 1890 2433 2198 2497; x_wconf 91' lang='lat' dir='ltr'><strong>honorem</strong></span> <span class='ocrx_word' id='word_1_218' title='bbox 2258 2435 2357 2497; x_wconf 89' lang='lat' dir='ltr'><strong>vel</strong></span> 
     </span>
     <span class='ocr_line' id='line_1_33' title="bbox 866 2531 2359 2614; baseline 0.002 -22"><span class='ocrx_word' id='word_1_219' title='bbox 866 2531 1303 2613; x_wconf 87' lang='lat' dir='ltr'><strong>proximorum</strong></span> <span class='ocrx_word' id='word_1_220' title='bbox 1360 2532 1866 2606; x_wconf 84' lang='lat' dir='ltr'><strong>instructionem,</strong></span> <span class='ocrx_word' id='word_1_221' title='bbox 1921 2532 2018 2596; x_wconf 91' lang='lat' dir='ltr'><strong>vel</strong></span> <span class='ocrx_word' id='word_1_222' title='bbox 2077 2533 2156 2594; x_wconf 93' lang='lat' dir='ltr'><strong>ad</strong></span> <span class='ocrx_word' id='word_1_223' title='bbox 2218 2551 2359 2614; x_wconf 92' lang='lat' dir='ltr'><strong>pro-</strong></span> 
     </span>
     <span class='ocr_line' id='line_1_34' title="bbox 866 2631 2356 2714; baseline 0.002 -23"><span class='ocrx_word' id='word_1_224' title='bbox 866 2631 1021 2712; x_wconf 85' lang='lat' dir='ltr'><strong>priae</strong></span> <span class='ocrx_word' id='word_1_225' title='bbox 1053 2631 1192 2712; x_wconf 89' lang='lat' dir='ltr'><strong>spei</strong></span> <span class='ocrx_word' id='word_1_226' title='bbox 1219 2631 1723 2694; x_wconf 81' lang='lat' dir='ltr'><strong>sublevationem</strong></span> <span class='ocrx_word' id='word_1_227' title='bbox 1759 2649 1772 2693; x_wconf 77' lang='grc' dir='ltr'>ε</span> <span class='ocrx_word' id='word_1_228' title='bbox 1805 2632 2157 2693; x_wconf 89' lang='lat' dir='ltr'><strong>secundum</strong></span> <span class='ocrx_word' id='word_1_229' title='bbox 2185 2633 2356 2714; x_wconf 90' lang='lat' dir='ltr'><strong>quod</strong></span> 
     </span>
     <span class='ocr_line' id='line_1_35' title="bbox 597 2728 2360 2803; baseline 0.001 -13"><span class='ocrx_word' id='word_1_230' title='bbox 597 2746 836 2796; x_wconf 52' lang='lat' dir='ltr'><strong>uocum,</strong></span> <span class='ocrx_word' id='word_1_231' title='bbox 865 2729 1094 2792; x_wconf 88' lang='lat' dir='ltr'><strong>Paulus</strong></span> <span class='ocrx_word' id='word_1_232' title='bbox 1152 2730 1260 2803; x_wconf 89' lang='lat' dir='ltr'><strong>ait,</strong></span> <span class='ocrx_word' id='word_1_233' title='bbox 1313 2729 1482 2791; x_wconf 89' lang='lat' dir='ltr'><strong>Nihil</strong></span> <span class='ocrx_word' id='word_1_234' title='bbox 1535 2729 1748 2791; x_wconf 91' lang='lat' dir='ltr'><strong>minus</strong></span> <span class='ocrx_word' id='word_1_235' title='bbox 1799 2748 1900 2791; x_wconf 90' lang='lat' dir='ltr'><strong>me</strong></span> <span class='ocrx_word' id='word_1_236' title='bbox 1947 2728 2222 2794; x_wconf 88' lang='lat' dir='ltr'><strong>arbitror</strong></span> <span class='ocrx_word' id='word_1_237' title='bbox 2269 2729 2360 2792; x_wconf 87' lang='lat' dir='ltr'><strong>fe-</strong></span> 
     </span>
     <span class='ocr_line' id='line_1_36' title="bbox 573 2812 2361 2911; baseline 0.001 -22"><span class='ocrx_word' id='word_1_238' title='bbox 573 2812 637 2861; x_wconf 76' lang='lat'><strong>¹¹³</strong></span> <span class='ocrx_word' id='word_1_239' title='bbox 662 2823 713 2860; x_wconf 81' lang='lat'><strong>&#39;¹¹‘</strong></span> <span class='ocrx_word' id='word_1_240' title='bbox 734 2813 774 2852; x_wconf 86' lang='lat'><strong>⁵·</strong></span> <span class='ocrx_word' id='word_1_241' title='bbox 867 2828 1029 2890; x_wconf 90' lang='lat' dir='ltr'><strong>cisse</strong></span> <span class='ocrx_word' id='word_1_242' title='bbox 1065 2828 1146 2890; x_wconf 85' lang='lat' dir='ltr'><strong>ab</strong></span> <span class='ocrx_word' id='word_1_243' title='bbox 1187 2829 1286 2890; x_wconf 90' lang='lat' dir='ltr'><strong>his</strong></span> <span class='ocrx_word' id='word_1_244' title='bbox 1324 2827 1436 2910; x_wconf 90' lang='lat' dir='ltr'><strong>qui</strong></span> <span class='ocrx_word' id='word_1_245' title='bbox 1479 2835 1626 2889; x_wconf 90' lang='lat' dir='ltr'><strong>sunt</strong></span> <span class='ocrx_word' id='word_1_246' title='bbox 1665 2846 1860 2909; x_wconf 90' lang='lat' dir='ltr'><strong>supra</strong></span> <span class='ocrx_word' id='word_1_247' title='bbox 1898 2829 2157 2890; x_wconf 90' lang='lat' dir='ltr'><strong>modum</strong></span> <span class='ocrx_word' id='word_1_248' title='bbox 2198 2829 2361 2911; x_wconf 89' lang='lat' dir='ltr'><strong>Apo-</strong></span> 
     </span>
     <span class='ocr_line' id='line_1_37' title="bbox 587 2925 2355 3007; baseline 0.002 -21"><span class='ocrx_word' id='word_1_249' title='bbox 587 2943 835 2998; x_wconf 56' lang='lat' dir='ltr'><strong>Numan,</strong></span> <span class='ocrx_word' id='word_1_250' title='bbox 865 2926 1050 3007; x_wconf 91' lang='lat' dir='ltr'><strong>stoli;</strong></span> <span class='ocrx_word' id='word_1_251' title='bbox 1091 2935 1153 2989; x_wconf 92' lang='lat' dir='ltr'><strong>et</strong></span> <span class='ocrx_word' id='word_1_252' title='bbox 1202 2926 1518 3000; x_wconf 77' lang='lat' dir='ltr'><strong>EzechiaS,</strong></span> <span class='ocrx_word' id='word_1_253' title='bbox 1565 2925 1872 2988; x_wconf 87' lang='lat' dir='ltr'><strong>Memento</strong></span> <span class='ocrx_word' id='word_1_254' title='bbox 1899 2926 2042 3006; x_wconf 88' lang='lat' dir='ltr'><strong>(ait)</strong></span> <span class='ocrx_word' id='word_1_255' title='bbox 2070 2927 2355 3001; x_wconf 91' lang='lat' dir='ltr'><strong>Domine,</strong></span> 
     </span>
    </p>
   </div>
   <div class='ocr_carea' id='block_1_9' title="bbox 569 3122 2361 4193">
    <p class='ocr_par' dir='ltr' id='par_1_9' title="bbox 569 3122 2361 4193">
     <span class='ocr_line' id='line_1_38' title="bbox 867 3122 2361 3206; baseline 0.001 -22"><span class='ocrx_word' id='word_1_256' title='bbox 867 3122 1170 3206; x_wconf 86' lang='lat' dir='ltr'><strong>perfecto.</strong></span> <span class='ocrx_word' id='word_1_257' title='bbox 1205 3123 1414 3187; x_wconf 88' lang='lat' dir='ltr'><strong>Tertio</strong></span> <span class='ocrx_word' id='word_1_258' title='bbox 1459 3123 1550 3185; x_wconf 90' lang='lat' dir='ltr'><strong>sic</strong></span> <span class='ocrx_word' id='word_1_259' title='bbox 1595 3143 1608 3186; x_wconf 92' lang='lat'>:</span> <span class='ocrx_word' id='word_1_260' title='bbox 1653 3122 1780 3204; x_wconf 83' lang='lat' dir='ltr'><strong>Ego</strong></span> <span class='ocrx_word' id='word_1_261' title='bbox 1825 3142 1938 3205; x_wconf 92' lang='lat' dir='ltr'><strong>pro</strong></span> <span class='ocrx_word' id='word_1_262' title='bbox 1987 3125 2079 3186; x_wconf 91' lang='lat' dir='ltr'><strong>eis</strong></span> <span class='ocrx_word' id='word_1_263' title='bbox 2129 3125 2361 3187; x_wconf 86' lang='lat' dir='ltr'><strong>sancti-</strong></span> 
     </span>
     <span class='ocr_line' id='line_1_39' title="bbox 865 3221 2359 3304; baseline 0.001 -21"><span class='ocrx_word' id='word_1_264' title='bbox 865 3221 1013 3296; x_wconf 87' lang='lat' dir='ltr'><strong>fico,</strong></span> <span class='ocrx_word' id='word_1_265' title='bbox 1062 3223 1126 3285; x_wconf 91' lang='lat' dir='ltr'><strong>id</strong></span> <span class='ocrx_word' id='word_1_266' title='bbox 1174 3230 1290 3296; x_wconf 87' lang='lat' dir='ltr'><strong>est,</strong></span> <span class='ocrx_word' id='word_1_267' title='bbox 1337 3230 1624 3284; x_wconf 89' lang='lat' dir='ltr'><strong>sanctum</strong></span> <span class='ocrx_word' id='word_1_268' title='bbox 1675 3221 2065 3285; x_wconf 85' lang='lat' dir='ltr'><strong>sacrificium</strong></span> <span class='ocrx_word' id='word_1_269' title='bbox 2113 3242 2249 3304; x_wconf 82' lang='lat' dir='ltr'><strong>age,</strong></span> <span class='ocrx_word' id='word_1_270' title='bbox 2297 3231 2359 3286; x_wconf 90' lang='lat' dir='ltr'><strong>et</strong></span> 
     </span>
     <span class='ocr_line' id='line_1_40' title="bbox 864 3311 2359 3403; baseline 0.001 -21"><span class='ocrx_word' id='word_1_271' title='bbox 864 3319 1068 3384; x_wconf 86' lang='lat' dir='ltr'><strong>offero</strong></span> <span class='ocrx_word' id='word_1_272' title='bbox 1118 3339 1220 3383; x_wconf 88' lang='lat' dir='ltr'><strong>me</strong></span> <span class='ocrx_word' id='word_1_273' title='bbox 1269 3311 1480 3403; x_wconf 85' lang='lat' dir='ltr'><strong>ipsum</strong></span> <span class='ocrx_word' id='word_1_274' title='bbox 1537 3321 1601 3383; x_wconf 92' lang='lat' dir='ltr'><strong>in</strong></span> <span class='ocrx_word' id='word_1_275' title='bbox 1655 3340 1762 3383; x_wconf 87' lang='lat' dir='ltr'><strong>ara</strong></span> <span class='ocrx_word' id='word_1_276' title='bbox 1809 3321 2015 3383; x_wconf 90' lang='lat' dir='ltr'><strong>crucis</strong></span> <span class='ocrx_word' id='word_1_277' title='bbox 2069 3341 2082 3384; x_wconf 93' lang='lat'>:</span> <span class='ocrx_word' id='word_1_278' title='bbox 2136 3339 2359 3403; x_wconf 91' lang='lat' dir='ltr'><strong>quem-</strong></span> 
     </span>
     <span class='ocr_line' id='line_1_41' title="bbox 569 3419 2358 3501; baseline 0.002 -22"><span class='ocrx_word' id='word_1_279' title='bbox 569 3435 832 3492; x_wconf 54' lang='lat' dir='ltr'><strong>Ephema.</strong></span> <span class='ocrx_word' id='word_1_280' title='bbox 863 3420 1207 3483; x_wconf 88' lang='lat' dir='ltr'><strong>admodum</strong></span> <span class='ocrx_word' id='word_1_281' title='bbox 1247 3419 1556 3501; x_wconf 88' lang='lat' dir='ltr'><strong>scriptum</strong></span> <span class='ocrx_word' id='word_1_282' title='bbox 1587 3428 1683 3481; x_wconf 89' lang='lat' dir='ltr'><strong>est</strong></span> <span class='ocrx_word' id='word_1_283' title='bbox 1711 3420 1788 3481; x_wconf 90' lang='lat' dir='ltr'><strong>ad</strong></span> <span class='ocrx_word' id='word_1_284' title='bbox 1818 3419 2147 3501; x_wconf 80' lang='lat' dir='ltr'><strong>EphesiOS,</strong></span> <span class='ocrx_word' id='word_1_285' title='bbox 2182 3419 2358 3483; x_wconf 85' lang='lat' dir='ltr'><strong>Chri-</strong></span> 
     </span>
     <span class='ocr_line' id='line_1_42' title="bbox 863 3518 2353 3600; baseline 0 -20"><span class='ocrx_word' id='word_1_286' title='bbox 863 3527 997 3581; x_wconf 90' lang='lat' dir='ltr'><strong>stus</strong></span> <span class='ocrx_word' id='word_1_287' title='bbox 1045 3518 1268 3580; x_wconf 85' lang='lat' dir='ltr'><strong>dilexit</strong></span> <span class='ocrx_word' id='word_1_288' title='bbox 1325 3536 1460 3592; x_wconf 79' lang='lat' dir='ltr'><strong>noS,</strong></span> <span class='ocrx_word' id='word_1_289' title='bbox 1513 3525 1575 3579; x_wconf 92' lang='lat' dir='ltr'><strong>et</strong></span> <span class='ocrx_word' id='word_1_290' title='bbox 1628 3518 1885 3580; x_wconf 51' lang='lat' dir='ltr'><strong>&#39;tradidit</strong></span> <span class='ocrx_word' id='word_1_291' title='bbox 1940 3519 2353 3600; x_wconf 90' lang='lat' dir='ltr'><strong>semetipsum</strong></span> 
     </span>
     <span class='ocr_line' id='line_1_43' title="bbox 861 3616 2354 3700; baseline 0 -21"><span class='ocrx_word' id='word_1_292' title='bbox 861 3637 976 3700; x_wconf 88' lang='lat' dir='ltr'><strong>pro</strong></span> <span class='ocrx_word' id='word_1_293' title='bbox 1025 3617 1209 3681; x_wconf 89' lang='lat' dir='ltr'><strong>nobis</strong></span> <span class='ocrx_word' id='word_1_294' title='bbox 1257 3617 1642 3680; x_wconf 90' lang='lat' dir='ltr'><strong>oblationem</strong></span> <span class='ocrx_word' id='word_1_295' title='bbox 1690 3623 1753 3678; x_wconf 90' lang='lat' dir='ltr'><strong>et</strong></span> <span class='ocrx_word' id='word_1_296' title='bbox 1798 3616 2068 3680; x_wconf 86' lang='lat' dir='ltr'><strong>hostiam</strong></span> <span class='ocrx_word' id='word_1_297' title='bbox 2114 3616 2240 3680; x_wconf 89' lang='lat' dir='ltr'><strong>Deo</strong></span> <span class='ocrx_word' id='word_1_298' title='bbox 2289 3617 2354 3679; x_wconf 92' lang='lat' dir='ltr'><strong>in</strong></span> 
     </span>
     <span class='ocr_line' id='line_1_44' title="bbox 859 3716 2353 3782; baseline -0.001 0"><span class='ocrx_word' id='word_1_299' title='bbox 859 3720 1116 3782; x_wconf 89' lang='lat' dir='ltr'><strong>odorem</strong></span> <span class='ocrx_word' id='word_1_300' title='bbox 1163 3716 1510 3780; x_wconf 88' lang='lat' dir='ltr'><strong>suavitatis.</strong></span> <span class='ocrx_word' id='word_1_301' title='bbox 1557 3716 1830 3780; x_wconf 89' lang='lat' dir='ltr'><strong>Cuilibet</strong></span> <span class='ocrx_word' id='word_1_302' title='bbox 1871 3725 2082 3779; x_wconf 91' lang='lat' dir='ltr'><strong>autem</strong></span> <span class='ocrx_word' id='word_1_303' title='bbox 2130 3717 2353 3780; x_wconf 88' lang='lat' dir='ltr'><strong>harum</strong></span> 
     </span>
     <span class='ocr_line' id='line_1_45' title="bbox 858 3815 2350 3898; baseline 0.001 -19"><span class='ocrx_word' id='word_1_304' title='bbox 858 3817 1328 3898; x_wconf 83' lang='lat' dir='ltr'><strong>expositionum</strong></span> <span class='ocrx_word' id='word_1_305' title='bbox 1360 3823 1709 3879; x_wconf 86' lang='lat' dir='ltr'><strong>consonant</strong></span> <span class='ocrx_word' id='word_1_306' title='bbox 1738 3815 1932 3878; x_wconf 89' lang='lat' dir='ltr'><strong>verba</strong></span> <span class='ocrx_word' id='word_1_307' title='bbox 1968 3816 2301 3897; x_wconf 85' lang='lat' dir='ltr'><strong>sequentia</strong></span> <span class='ocrx_word' id='word_1_308' title='bbox 2336 3835 2350 3880; x_wconf 80' lang='lat' dir='ltr'><strong><em>z</em></strong></span> 
     </span>
     <span class='ocr_line' id='line_1_46' title="bbox 859 3914 2358 3993; baseline 0 -17"><span class='ocrx_word' id='word_1_309' title='bbox 859 3925 932 3976; x_wconf 83' lang='lat' dir='ltr'><strong>uc</strong></span> <span class='ocrx_word' id='word_1_310' title='bbox 960 3917 1093 3976; x_wconf 78' lang='lat' dir='ltr'><strong>sint</strong></span> <span class='ocrx_word' id='word_1_311' title='bbox 1121 3925 1179 3976; x_wconf 81' lang='lat' dir='ltr'><strong>et</strong></span> <span class='ocrx_word' id='word_1_312' title='bbox 1210 3914 1342 3993; x_wconf 75' lang='lat' dir='ltr'><strong>ipsi</strong></span> <span class='ocrx_word' id='word_1_313' title='bbox 1367 3915 1784 3991; x_wconf 75' lang='lat' dir='ltr'><strong>sanctificati,</strong></span> <span class='ocrx_word' id='word_1_314' title='bbox 1819 3915 1936 3977; x_wconf 83' lang='lat' dir='ltr'><strong>hoc</strong></span> <span class='ocrx_word' id='word_1_315' title='bbox 1975 3922 2069 3976; x_wconf 81' lang='lat' dir='ltr'><strong>est</strong></span> <span class='ocrx_word' id='word_1_316' title='bbox 2111 3914 2191 3976; x_wconf 84' lang='lat' dir='ltr'><strong>ab</strong></span> <span class='ocrx_word' id='word_1_317' title='bbox 2222 3934 2358 3978; x_wconf 90' lang='lat' dir='ltr'><strong>om-</strong></span> 
     </span>
     <span class='ocr_line' id='line_1_47' title="bbox 860 4012 2355 4094; baseline 0.001 -19"><span class='ocrx_word' id='word_1_318' title='bbox 860 4013 925 4075; x_wconf 90' lang='lat' dir='ltr'><strong>ni</strong></span> <span class='ocrx_word' id='word_1_319' title='bbox 970 4012 1218 4075; x_wconf 87' lang='lat' dir='ltr'><strong>macula</strong></span> <span class='ocrx_word' id='word_1_320' title='bbox 1257 4013 1462 4094; x_wconf 84' lang='lat' dir='ltr'><strong>culpae</strong></span> <span class='ocrx_word' id='word_1_321' title='bbox 1505 4013 1814 4088; x_wconf 88' lang='lat' dir='ltr'><strong>mundati,</strong></span> <span class='ocrx_word' id='word_1_322' title='bbox 1850 4015 1920 4074; x_wconf 82' lang='lat' dir='ltr'><strong>in</strong></span> <span class='ocrx_word' id='word_1_323' title='bbox 1963 4017 2259 4085; x_wconf 77' lang='lat' dir='ltr'><strong>veritate,</strong></span> <span class='ocrx_word' id='word_1_324' title='bbox 2290 4014 2355 4077; x_wconf 89' lang='lat' dir='ltr'><strong>id</strong></span> 
     </span>
     <span class='ocr_line' id='line_1_48' title="bbox 858 4110 2357 4193; baseline -0.001 -19"><span class='ocrx_word' id='word_1_325' title='bbox 858 4119 955 4174; x_wconf 90' lang='lat' dir='ltr'><strong>est</strong></span> <span class='ocrx_word' id='word_1_326' title='bbox 1004 4110 1068 4172; x_wconf 92' lang='lat' dir='ltr'><strong>in</strong></span> <span class='ocrx_word' id='word_1_327' title='bbox 1119 4129 1244 4184; x_wconf 90' lang='lat' dir='ltr'><strong>me,</strong></span> <span class='ocrx_word' id='word_1_328' title='bbox 1286 4110 1399 4193; x_wconf 92' lang='lat' dir='ltr'><strong>qui</strong></span> <span class='ocrx_word' id='word_1_329' title='bbox 1441 4110 1672 4173; x_wconf 89' lang='lat' dir='ltr'><strong>veritas</strong></span> <span class='ocrx_word' id='word_1_330' title='bbox 1724 4129 1888 4184; x_wconf 91' lang='lat' dir='ltr'><strong>sum,</strong></span> <span class='ocrx_word' id='word_1_331' title='bbox 1933 4111 2034 4174; x_wconf 86' lang='lat' dir='ltr'><strong>vel</strong></span> <span class='ocrx_word' id='word_1_332' title='bbox 2083 4111 2147 4172; x_wconf 92' lang='lat' dir='ltr'><strong>in</strong></span> <span class='ocrx_word' id='word_1_333' title='bbox 2191 4111 2357 4174; x_wconf 86' lang='lat' dir='ltr'><strong>veri-</strong></span> 
     </span>
    </p>
   </div>
   <div class='ocr_carea' id='block_1_10' title="bbox 2470 1943 4119 3012">
    <p class='ocr_par' dir='ltr' id='par_1_10' title="bbox 2470 1943 4119 2815">
     <span class='ocr_line' id='line_1_49' title="bbox 2472 1943 3958 2025; baseline 0 -20"><span class='ocrx_word' id='word_1_334' title='bbox 2472 1945 2537 2007; x_wconf 91' lang='lat' dir='ltr'><strong>in</strong></span> <span class='ocrx_word' id='word_1_335' title='bbox 2590 1962 2761 2018; x_wconf 91' lang='lat' dir='ltr'><strong>eum,</strong></span> <span class='ocrx_word' id='word_1_336' title='bbox 2818 1962 2936 2006; x_wconf 90' lang='lat' dir='ltr'><strong>nec</strong></span> <span class='ocrx_word' id='word_1_337' title='bbox 2986 1943 3191 2007; x_wconf 88' lang='lat' dir='ltr'><strong>oravit</strong></span> <span class='ocrx_word' id='word_1_338' title='bbox 3245 1961 3360 2025; x_wconf 93' lang='lat' dir='ltr'><strong>pro</strong></span> <span class='ocrx_word' id='word_1_339' title='bbox 3412 1943 3600 2005; x_wconf 85' lang='lat' dir='ltr'><strong>Maria</strong></span> <span class='ocrx_word' id='word_1_340' title='bbox 3659 1943 3958 2025; x_wconf 84' lang='lat' dir='ltr'><strong>Magdale-</strong></span> 
     </span>
     <span class='ocr_line' id='line_1_50' title="bbox 2472 2043 3957 2124; baseline 0 -19"><span class='ocrx_word' id='word_1_341' title='bbox 2472 2062 2572 2118; x_wconf 90' lang='lat' dir='ltr'><strong>ne,</strong></span> <span class='ocrx_word' id='word_1_342' title='bbox 2615 2043 2869 2116; x_wconf 86' lang='lat' dir='ltr'><strong>Martha,</strong></span> <span class='ocrx_word' id='word_1_343' title='bbox 2909 2043 3166 2116; x_wconf 87' lang='lat' dir='ltr'><strong>Joanna‚</strong></span> <span class='ocrx_word' id='word_1_344' title='bbox 3212 2049 3329 2104; x_wconf 89' lang='lat' dir='ltr'><strong>etc.</strong></span> <span class='ocrx_word' id='word_1_345' title='bbox 3373 2043 3746 2116; x_wconf 86' lang='lat' dir='ltr'><strong>Dicendum,</strong></span> <span class='ocrx_word' id='word_1_346' title='bbox 3794 2045 3957 2124; x_wconf 91' lang='lat' dir='ltr'><strong>quod</strong></span> 
     </span>
     <span class='ocr_line' id='line_1_51' title="bbox 2471 2140 3952 2223; baseline -0.003 -18"><span class='ocrx_word' id='word_1_347' title='bbox 2471 2143 2756 2206; x_wconf 89' lang='lat' dir='ltr'><strong>omnium</strong></span> <span class='ocrx_word' id='word_1_348' title='bbox 2800 2142 3024 2205; x_wconf 89' lang='lat' dir='ltr'><strong>horum</strong></span> <span class='ocrx_word' id='word_1_349' title='bbox 3063 2140 3331 2204; x_wconf 85' lang='lat' dir='ltr'><strong>fides-in</strong></span> <span class='ocrx_word' id='word_1_350' title='bbox 3374 2142 3667 2223; x_wconf 88' lang='lat' dir='ltr'><strong>passione</strong></span> <span class='ocrx_word' id='word_1_351' title='bbox 3706 2141 3952 2204; x_wconf 80' lang='lat' dir='ltr'><strong>defecit.</strong></span> 
     </span>
     <span class='ocr_line' id='line_1_52' title="bbox 2470 2240 3959 2322; baseline 0 -20"><span class='ocrx_word' id='word_1_352' title='bbox 2470 2241 2645 2303; x_wconf 85' lang='lat' dir='ltr'><strong>Unde</strong></span> <span class='ocrx_word' id='word_1_353' title='bbox 2693 2248 2756 2302; x_wconf 89' lang='lat' dir='ltr'><strong>et</strong></span> <span class='ocrx_word' id='word_1_354' title='bbox 2803 2248 3019 2322; x_wconf 89' lang='lat' dir='ltr'><strong>postea</strong></span> <span class='ocrx_word' id='word_1_355' title='bbox 3063 2240 3247 2322; x_wconf 87' lang='lat' dir='ltr'><strong>quasi</strong></span> <span class='ocrx_word' id='word_1_356' title='bbox 3293 2241 3523 2302; x_wconf 89' lang='lat' dir='ltr'><strong>iterum</strong></span> <span class='ocrx_word' id='word_1_357' title='bbox 3568 2242 3827 2303; x_wconf 91' lang='lat' dir='ltr'><strong>credere</strong></span> <span class='ocrx_word' id='word_1_358' title='bbox 3870 2241 3959 2302; x_wconf 90' lang='lat' dir='ltr'><strong>in-</strong></span> 
     </span>
     <span class='ocr_line' id='line_1_53' title="bbox 2472 2338 3955 2421; baseline -0.001 -20"><span class='ocrx_word' id='word_1_359' title='bbox 2472 2346 2799 2421; x_wconf 88' lang='lat' dir='ltr'><strong>ceperunt,</strong></span> <span class='ocrx_word' id='word_1_360' title='bbox 2858 2346 2920 2400; x_wconf 90' lang='lat' dir='ltr'><strong>et</strong></span> <span class='ocrx_word' id='word_1_361' title='bbox 2980 2339 3033 2400; x_wconf 92' lang='lat' dir='ltr'><strong>si</strong></span> <span class='ocrx_word' id='word_1_362' title='bbox 3091 2357 3217 2402; x_wconf 90' lang='lat' dir='ltr'><strong>non</strong></span> <span class='ocrx_word' id='word_1_363' title='bbox 3278 2356 3393 2420; x_wconf 90' lang='lat' dir='ltr'><strong>per</strong></span> <span class='ocrx_word' id='word_1_364' title='bbox 3449 2338 3955 2420; x_wconf 83' lang='lat' dir='ltr'><strong>praedicationem</strong></span> 
     </span>
     <span class='ocr_line' id='line_1_54' title="bbox 2470 2435 3952 2519; baseline 0 -22"><span class='ocrx_word' id='word_1_365' title='bbox 2470 2436 2940 2518; x_wconf 87' lang='lat' dir='ltr'><strong>Apostolorum,</strong></span> <span class='ocrx_word' id='word_1_366' title='bbox 3000 2444 3211 2499; x_wconf 89' lang='lat' dir='ltr'><strong>tamen</strong></span> <span class='ocrx_word' id='word_1_367' title='bbox 3280 2454 3393 2519; x_wconf 93' lang='lat' dir='ltr'><strong>per</strong></span> <span class='ocrx_word' id='word_1_368' title='bbox 3452 2436 3718 2499; x_wconf 85' lang='lat' dir='ltr'><strong>verbum</strong></span> <span class='ocrx_word' id='word_1_369' title='bbox 3782 2435 3952 2508; x_wconf 87' lang='lat' dir='ltr'><strong>fidei,</strong></span> 
     </span>
     <span class='ocr_line' id='line_1_55' title="bbox 2472 2535 3956 2618; baseline -0.001 -21"><span class='ocrx_word' id='word_1_370' title='bbox 2472 2536 2643 2617; x_wconf 92' lang='lat' dir='ltr'><strong>quod</strong></span> <span class='ocrx_word' id='word_1_371' title='bbox 2691 2537 3101 2600; x_wconf 91' lang='lat' dir='ltr'><strong>commissum</strong></span> <span class='ocrx_word' id='word_1_372' title='bbox 3149 2543 3245 2598; x_wconf 89' lang='lat' dir='ltr'><strong>est</strong></span> <span class='ocrx_word' id='word_1_373' title='bbox 3287 2535 3599 2618; x_wconf 85' lang='lat' dir='ltr'><strong>Apostolis</strong></span> <span class='ocrx_word' id='word_1_374' title='bbox 3650 2535 3859 2618; x_wconf 93' lang='lat' dir='ltr'><strong>primo</strong></span> <span class='ocrx_word' id='word_1_375' title='bbox 3898 2543 3956 2598; x_wconf 90' lang='lat' dir='ltr'><strong>et</strong></span> 
     </span>
     <span class='ocr_line' id='line_1_56' title="bbox 2473 2634 3635 2715; baseline 0 -19"><span class='ocrx_word' id='word_1_376' title='bbox 2473 2635 2747 2699; x_wconf 90' lang='lat' dir='ltr'><strong>maxime</strong></span> <span class='ocrx_word' id='word_1_377' title='bbox 2792 2642 2861 2696; x_wconf 94' lang='lat' dir='ltr'><strong>ut</strong></span> <span class='ocrx_word' id='word_1_378' title='bbox 2902 2634 3060 2696; x_wconf 92' lang='lat' dir='ltr'><strong>illud</strong></span> <span class='ocrx_word' id='word_1_379' title='bbox 3108 2634 3635 2715; x_wconf 84' lang='lat' dir='ltr'><strong>evangelizarent.</strong></span> 
     </span>
     <span class='ocr_line' id='line_1_57' title="bbox 2562 2733 4119 2815; baseline -0.003 -19"><span class='ocrx_word' id='word_1_380' title='bbox 2562 2735 2639 2796; x_wconf 75' lang='lat' dir='ltr'><strong>Ut</strong></span> <span class='ocrx_word' id='word_1_381' title='bbox 2682 2754 2896 2794; x_wconf 78' lang='lat' dir='ltr'><strong>omnes</strong></span> <span class='ocrx_word' id='word_1_382' title='bbox 2938 2734 3265 2796; x_wconf 86' lang='lat' dir='ltr'><strong>credentes</strong></span> <span class='ocrx_word' id='word_1_383' title='bbox 3304 2755 3508 2794; x_wconf 82' lang='lat' dir='ltr'><strong>unum</strong></span> <span class='ocrx_word' id='word_1_384' title='bbox 3546 2736 3680 2796; x_wconf 77' lang='lat' dir='ltr'><strong>sint</strong></span> <span class='ocrx_word' id='word_1_385' title='bbox 3724 2751 3839 2815; x_wconf 89' lang='lat' dir='ltr'><strong>per</strong></span> <span class='ocrx_word' id='word_1_386' title='bbox 3882 2733 3955 2795; x_wconf 93' lang='lat' dir='ltr'><strong>fi-</strong></span> <span class='ocrx_word' id='word_1_387' title='bbox 4064 2738 4119 2792; x_wconf 77' lang='lat'><strong>21</strong></span> 
     </span>
    </p>

    <p class='ocr_par' dir='ltr' id='par_1_11' title="bbox 2472 2831 3953 3012">
     <span class='ocr_line' id='line_1_58' title="bbox 2472 2831 3948 2906; baseline 0.001 -13"><span class='ocrx_word' id='word_1_388' title='bbox 2472 2832 2614 2893; x_wconf 91' lang='lat' dir='ltr'><strong>dem</strong></span> <span class='ocrx_word' id='word_1_389' title='bbox 2660 2831 3031 2895; x_wconf 86' lang='lat' dir='ltr'><strong>catholicam</strong></span> <span class='ocrx_word' id='word_1_390' title='bbox 3072 2838 3134 2893; x_wconf 91' lang='lat' dir='ltr'><strong>et</strong></span> <span class='ocrx_word' id='word_1_391' title='bbox 3171 2831 3566 2894; x_wconf 88' lang='lat' dir='ltr'><strong>individuam</strong></span> <span class='ocrx_word' id='word_1_392' title='bbox 3608 2833 3948 2906; x_wconf 87' lang='lat' dir='ltr'><strong>caritatem,</strong></span> 
     </span>
     <span class='ocr_line' id='line_1_59' title="bbox 2472 2928 3953 3012; baseline 0.001 -21"><span class='ocrx_word' id='word_1_393' title='bbox 2472 2948 2585 3011; x_wconf 89' lang='lat' dir='ltr'><strong>per</strong></span> <span class='ocrx_word' id='word_1_394' title='bbox 2632 2930 2919 3010; x_wconf 87' lang='lat' dir='ltr'><strong>ejusdem</strong></span> <span class='ocrx_word' id='word_1_395' title='bbox 2963 2928 3114 2992; x_wconf 90' lang='lat' dir='ltr'><strong>finis</strong></span> <span class='ocrx_word' id='word_1_396' title='bbox 3162 2929 3659 3012; x_wconf 85' lang='lat' dir='ltr'><strong>appetitionem;</strong></span> <span class='ocrx_word' id='word_1_397' title='bbox 3704 2931 3953 3012; x_wconf 85' lang='lat' dir='ltr'><strong>sintque</strong></span> 
     </span>
    </p>
   </div>
   <div class='ocr_carea' id='block_1_11' title="bbox 865 3024 3951 3112">
    <p class='ocr_par' dir='ltr' id='par_1_12' title="bbox 865 3024 3951 3112">
     <span class='ocr_line' id='line_1_60' title="bbox 865 3024 3951 3112; baseline 0.002 -26"><span class='ocrx_word' id='word_1_398' title='bbox 865 3026 1184 3106; x_wconf 89' lang='lat' dir='ltr'><strong>quomodo</strong></span> <span class='ocrx_word' id='word_1_399' title='bbox 1221 3024 1683 3086; x_wconf 88' lang='lat' dir='ltr'><strong>ambulaverim</strong></span> <span class='ocrx_word' id='word_1_400' title='bbox 1723 3043 1933 3088; x_wconf 88' lang='lat' dir='ltr'><strong>coram</strong></span> <span class='ocrx_word' id='word_1_401' title='bbox 1973 3032 2032 3086; x_wconf 92' lang='lat' dir='ltr'><strong>te</strong></span> <span class='ocrx_word' id='word_1_402' title='bbox 2065 3025 2130 3086; x_wconf 92' lang='lat' dir='ltr'><strong>in</strong></span> <span class='ocrx_word' id='word_1_403' title='bbox 2172 3026 2359 3088; x_wconf 90' lang='lat' dir='ltr'><strong>corde</strong></span> <span class='ocrx_word' id='word_1_404' title='bbox 2398 3027 2441 3090; x_wconf 93' lang='lat' dir='ltr'>C</span> <span class='ocrx_word' id='word_1_405' title='bbox 2474 3048 2673 3090; x_wconf 89' lang='lat' dir='ltr'><strong>unum</strong></span> <span class='ocrx_word' id='word_1_406' title='bbox 2722 3029 3061 3112; x_wconf 82' lang='lat' dir='ltr'><strong>mysticum</strong></span> <span class='ocrx_word' id='word_1_407' title='bbox 3104 3047 3357 3111; x_wconf 82' lang='lat' dir='ltr'><strong>corpuS,</strong></span> <span class='ocrx_word' id='word_1_408' title='bbox 3398 3048 3597 3091; x_wconf 90' lang='lat' dir='ltr'><strong>unum</strong></span> <span class='ocrx_word' id='word_1_409' title='bbox 3646 3031 3951 3112; x_wconf 87' lang='lat' dir='ltr'><strong>templum</strong></span> 
     </span>
    </p>
   </div>
   <div class='ocr_carea' id='block_1_12' title="bbox 2466 3127 4181 4196">
    <p class='ocr_par' dir='ltr' id='par_1_13' title="bbox 2466 3127 4181 4196">
     <span class='ocr_line' id='line_1_61' title="bbox 2471 3127 3954 3211; baseline 0.002 -22"><span class='ocrx_word' id='word_1_410' title='bbox 2471 3134 2534 3190; x_wconf 94' lang='lat' dir='ltr'><strong>et</strong></span> <span class='ocrx_word' id='word_1_411' title='bbox 2582 3127 3016 3190; x_wconf 89' lang='lat' dir='ltr'><strong>habitaculum</strong></span> <span class='ocrx_word' id='word_1_412' title='bbox 3075 3127 3346 3209; x_wconf 89' lang='lat' dir='ltr'><strong>Spiritus</strong></span> <span class='ocrx_word' id='word_1_413' title='bbox 3406 3127 3615 3190; x_wconf 88' lang='lat' dir='ltr'><strong>Sancti</strong></span> <span class='ocrx_word' id='word_1_414' title='bbox 3666 3148 3680 3192; x_wconf 91' lang='lat'>:</span> <span class='ocrx_word' id='word_1_415' title='bbox 3736 3147 3954 3211; x_wconf 91' lang='lat' dir='ltr'><strong>quem-</strong></span> 
     </span>
     <span class='ocr_line' id='line_1_62' title="bbox 2468 3225 3951 3309; baseline 0.002 -22"><span class='ocrx_word' id='word_1_416' title='bbox 2468 3227 2808 3289; x_wconf 85' lang='lat' dir='ltr'><strong>admodum</strong></span> <span class='ocrx_word' id='word_1_417' title='bbox 2858 3228 2935 3289; x_wconf 88' lang='lat' dir='ltr'><strong>ad</strong></span> <span class='ocrx_word' id='word_1_418' title='bbox 2986 3225 3423 3309; x_wconf 84' lang='lat' dir='ltr'><strong>Philippenses</strong></span> <span class='ocrx_word' id='word_1_419' title='bbox 3476 3227 3764 3289; x_wconf 89' lang='lat' dir='ltr'><strong>hortatur</strong></span> <span class='ocrx_word' id='word_1_420' title='bbox 3811 3247 3951 3290; x_wconf 89' lang='lat' dir='ltr'><strong>cum</strong></span> 
     </span>
     <span class='ocr_line' id='line_1_63' title="bbox 2469 3323 4181 3407; baseline 0.002 -20"><span class='ocrx_word' id='word_1_421' title='bbox 2469 3325 2641 3387; x_wconf 90' lang='lat' dir='ltr'><strong>omni</strong></span> <span class='ocrx_word' id='word_1_422' title='bbox 2690 3323 2927 3386; x_wconf 87' lang='lat' dir='ltr'><strong>affectu</strong></span> <span class='ocrx_word' id='word_1_423' title='bbox 2975 3333 3228 3386; x_wconf 86' lang='lat' dir='ltr'><strong>sanctus</strong></span> <span class='ocrx_word' id='word_1_424' title='bbox 3277 3324 3611 3406; x_wconf 87' lang='lat' dir='ltr'><strong>Apostolus</strong></span> <span class='ocrx_word' id='word_1_425' title='bbox 3655 3344 3669 3388; x_wconf 92' lang='lat'>:</span> <span class='ocrx_word' id='word_1_426' title='bbox 3716 3324 3781 3387; x_wconf 93' lang='lat' dir='ltr'><strong>Si</strong></span> <span class='ocrx_word' id='word_1_427' title='bbox 3831 3345 3953 3407; x_wconf 83' lang='lat' dir='ltr'><strong>qua</strong></span> <span class='ocrx_word' id='word_1_428' title='bbox 3974 3343 4181 3399; x_wconf 56' lang='lat' dir='ltr'><strong>Pisum.</strong></span> 
     </span>
     <span class='ocr_line' id='line_1_64' title="bbox 2468 3409 4063 3502; baseline 0.001 -20"><span class='ocrx_word' id='word_1_429' title='bbox 2468 3421 2813 3485; x_wconf 90' lang='lat' dir='ltr'><strong>consolatio</strong></span> <span class='ocrx_word' id='word_1_430' title='bbox 2870 3421 2935 3482; x_wconf 92' lang='lat' dir='ltr'><strong>in</strong></span> <span class='ocrx_word' id='word_1_431' title='bbox 2994 3420 3262 3494; x_wconf 89' lang='lat' dir='ltr'><strong>Christo,</strong></span> <span class='ocrx_word' id='word_1_432' title='bbox 3324 3421 3376 3483; x_wconf 91' lang='lat' dir='ltr'><strong>si</strong></span> <span class='ocrx_word' id='word_1_433' title='bbox 3433 3422 3602 3502; x_wconf 91' lang='lat' dir='ltr'><strong>quod</strong></span> <span class='ocrx_word' id='word_1_434' title='bbox 3660 3422 3950 3486; x_wconf 86' lang='lat' dir='ltr'><strong>solatium</strong></span> <span class='ocrx_word' id='word_1_435' title='bbox 3976 3409 4063 3457; x_wconf 53' lang='grc' dir='ltr'><strong>Μ·</strong></span> 
     </span>
     <span class='ocr_line' id='line_1_65' title="bbox 2468 3519 3951 3602; baseline 0.001 -20"><span class='ocrx_word' id='word_1_436' title='bbox 2468 3520 2767 3594; x_wconf 81' lang='lat' dir='ltr'><strong>caritatiS,</strong></span> <span class='ocrx_word' id='word_1_437' title='bbox 2796 3519 3059 3602; x_wconf 90' lang='lat' dir='ltr'><strong>implete</strong></span> <span class='ocrx_word' id='word_1_438' title='bbox 3083 3520 3387 3600; x_wconf 83' lang='lat' dir='ltr'><strong>gaudium&#39;</strong></span> <span class='ocrx_word' id='word_1_439' title='bbox 3420 3538 3655 3594; x_wconf 88' lang='lat' dir='ltr'><strong>meum,</strong></span> <span class='ocrx_word' id='word_1_440' title='bbox 3686 3529 3757 3583; x_wconf 87' lang='lat' dir='ltr'><strong>ut</strong></span> <span class='ocrx_word' id='word_1_441' title='bbox 3786 3522 3951 3584; x_wconf 90' lang='lat' dir='ltr'><strong>idem</strong></span> 
     </span>
     <span class='ocr_line' id='line_1_66' title="bbox 2469 3617 3953 3700; baseline -0.001 -20"><span class='ocrx_word' id='word_1_442' title='bbox 2469 3618 2748 3700; x_wconf 80' lang='lat' dir='ltr'><strong>sapiatiS,</strong></span> <span class='ocrx_word' id='word_1_443' title='bbox 2792 3617 3147 3692; x_wconf 86' lang='lat' dir='ltr'><strong>unanimes,</strong></span> <span class='ocrx_word' id='word_1_444' title='bbox 3199 3617 3366 3679; x_wconf 91' lang='lat' dir='ltr'><strong>idem</strong></span> <span class='ocrx_word' id='word_1_445' title='bbox 3417 3619 3780 3682; x_wconf 85' lang='lat' dir='ltr'><strong>sentientes.</strong></span> <span class='ocrx_word' id='word_1_446' title='bbox 3822 3623 3953 3682; x_wconf 79' lang='lat' dir='ltr'><strong>Sio-</strong></span> 
     </span>
     <span class='ocr_line' id='line_1_67' title="bbox 2468 3716 3949 3788; baseline 0.001 -10"><span class='ocrx_word' id='word_1_447' title='bbox 2468 3728 2541 3778; x_wconf 80' lang='lat' dir='ltr'><strong>ut</strong></span> <span class='ocrx_word' id='word_1_448' title='bbox 2582 3726 2679 3787; x_wconf 82' lang='lat' dir='ltr'><strong>tu,</strong></span> <span class='ocrx_word' id='word_1_449' title='bbox 2716 3721 2943 3787; x_wconf 76' lang='lat' dir='ltr'><strong>Pater,</strong></span> <span class='ocrx_word' id='word_1_450' title='bbox 2980 3735 3048 3778; x_wconf 90' lang='lat' dir='ltr'><strong>es</strong></span> <span class='ocrx_word' id='word_1_451' title='bbox 3088 3719 3159 3778; x_wconf 80' lang='lat' dir='ltr'><strong>in</strong></span> <span class='ocrx_word' id='word_1_452' title='bbox 3200 3738 3323 3788; x_wconf 83' lang='lat' dir='ltr'><strong>me,</strong></span> <span class='ocrx_word' id='word_1_453' title='bbox 3362 3716 3527 3779; x_wconf 92' lang='lat' dir='ltr'><strong>sicut</strong></span> <span class='ocrx_word' id='word_1_454' title='bbox 3567 3717 3633 3779; x_wconf 91' lang='lat' dir='ltr'><strong>in</strong></span> <span class='ocrx_word' id='word_1_455' title='bbox 3685 3718 3949 3780; x_wconf 85' lang='lat' dir='ltr'><strong>naturali</strong></span> 
     </span>
     <span class='ocr_line' id='line_1_68' title="bbox 2466 3815 3953 3896; baseline 0 -19"><span class='ocrx_word' id='word_1_456' title='bbox 2466 3815 2765 3896; x_wconf 85' lang='lat' dir='ltr'><strong>imagine,</strong></span> <span class='ocrx_word' id='word_1_457' title='bbox 2808 3815 2974 3877; x_wconf 88' lang='lat' dir='ltr'><strong>sicut</strong></span> <span class='ocrx_word' id='word_1_458' title='bbox 3022 3815 3089 3877; x_wconf 94' lang='lat' dir='ltr'><strong>in</strong></span> <span class='ocrx_word' id='word_1_459' title='bbox 3138 3815 3463 3878; x_wconf 89' lang='lat' dir='ltr'><strong>carissimo</strong></span> <span class='ocrx_word' id='word_1_460' title='bbox 3508 3835 3582 3879; x_wconf 90' lang='lat' dir='ltr'><strong>ac</strong></span> <span class='ocrx_word' id='word_1_461' title='bbox 3630 3817 3821 3879; x_wconf 88' lang='lat' dir='ltr'><strong>unico</strong></span> <span class='ocrx_word' id='word_1_462' title='bbox 3866 3816 3953 3877; x_wconf 82' lang='lat' dir='ltr'><strong>Fi·</strong></span> 
     </span>
     <span class='ocr_line' id='line_1_69' title="bbox 2468 3913 3955 3988; baseline 0.001 -12"><span class='ocrx_word' id='word_1_463' title='bbox 2468 3915 2573 3988; x_wconf 90' lang='lat' dir='ltr'><strong>lio,</strong></span> <span class='ocrx_word' id='word_1_464' title='bbox 2628 3915 2794 3976; x_wconf 91' lang='lat' dir='ltr'><strong>sicut</strong></span> <span class='ocrx_word' id='word_1_465' title='bbox 2851 3913 2916 3976; x_wconf 89' lang='lat' dir='ltr'><strong>in</strong></span> <span class='ocrx_word' id='word_1_466' title='bbox 2966 3913 3169 3977; x_wconf 88' lang='lat' dir='ltr'><strong>Verbo</strong></span> <span class='ocrx_word' id='word_1_467' title='bbox 3218 3922 3327 3977; x_wconf 89' lang='lat' dir='ltr'><strong>tuo</strong></span> <span class='ocrx_word' id='word_1_468' title='bbox 3380 3914 3490 3976; x_wconf 91' lang='lat' dir='ltr'><strong>tibi</strong></span> <span class='ocrx_word' id='word_1_469' title='bbox 3544 3915 3955 3978; x_wconf 87' lang='lat' dir='ltr'><strong>consubstan-</strong></span> 
     </span>
     <span class='ocr_line' id='line_1_70' title="bbox 2468 4014 3949 4096; baseline 0.001 -20"><span class='ocrx_word' id='word_1_470' title='bbox 2468 4015 2623 4088; x_wconf 89' lang='lat' dir='ltr'><strong>tiali,</strong></span> <span class='ocrx_word' id='word_1_471' title='bbox 2656 4014 2884 4096; x_wconf 82' lang='lat' dir='ltr'><strong>aequali</strong></span> <span class='ocrx_word' id='word_1_472' title='bbox 2928 4021 2992 4075; x_wconf 92' lang='lat' dir='ltr'><strong>et</strong></span> <span class='ocrx_word' id='word_1_473' title='bbox 3032 4021 3365 4087; x_wconf 85' lang='lat' dir='ltr'><strong>coaeterno,</strong></span> <span class='ocrx_word' id='word_1_474' title='bbox 3397 4023 3458 4074; x_wconf 82' lang='lat' dir='ltr'><strong>ec</strong></span> <span class='ocrx_word' id='word_1_475' title='bbox 3494 4035 3605 4092; x_wconf 71' lang='lat' dir='ltr'><strong>eqo</strong></span> <span class='ocrx_word' id='word_1_476' title='bbox 3648 4018 3722 4076; x_wconf 82' lang='lat' dir='ltr'><strong>in</strong></span> <span class='ocrx_word' id='word_1_477' title='bbox 3766 4025 3847 4088; x_wconf 81' lang='lat' dir='ltr'><strong>te,</strong></span> <span class='ocrx_word' id='word_1_478' title='bbox 3888 4017 3949 4077; x_wconf 90' lang='lat' dir='ltr'><strong>in</strong></span> 
     </span>
     <span class='ocr_line' id='line_1_71' title="bbox 2466 4113 3953 4196; baseline 0.001 -22"><span class='ocrx_word' id='word_1_479' title='bbox 2466 4113 2613 4174; x_wconf 92' lang='lat' dir='ltr'><strong>sinu</strong></span> <span class='ocrx_word' id='word_1_480' title='bbox 2642 4120 2773 4186; x_wconf 90' lang='lat' dir='ltr'><strong>tuo,</strong></span> <span class='ocrx_word' id='word_1_481' title='bbox 2809 4113 2874 4174; x_wconf 91' lang='lat' dir='ltr'><strong>in</strong></span> <span class='ocrx_word' id='word_1_482' title='bbox 2906 4113 3093 4175; x_wconf 91' lang='lat' dir='ltr'><strong>corde</strong></span> <span class='ocrx_word' id='word_1_483' title='bbox 3131 4118 3415 4193; x_wconf 89' lang='lat' dir='ltr'><strong>paterno,</strong></span> <span class='ocrx_word' id='word_1_484' title='bbox 3451 4113 3514 4174; x_wconf 91' lang='lat' dir='ltr'><strong>in</strong></span> <span class='ocrx_word' id='word_1_485' title='bbox 3550 4115 3953 4196; x_wconf 88' lang='lat' dir='ltr'><strong>supersplen-</strong></span> 
     </span>
    </p>
   </div>
   <div class='ocr_carea' id='block_1_13' title="bbox 860 4207 3948 4294">
    <p class='ocr_par' dir='ltr' id='par_1_14' title="bbox 860 4207 3948 4294">
     <span class='ocr_line' id='line_1_72' title="bbox 860 4207 3948 4294; baseline 0.001 -23"><span class='ocrx_word' id='word_1_486' title='bbox 860 4217 983 4271; x_wconf 91' lang='lat' dir='ltr'><strong>tate</strong></span> <span class='ocrx_word' id='word_1_487' title='bbox 1040 4208 1218 4284; x_wconf 88' lang='lat' dir='ltr'><strong>fidei,</strong></span> <span class='ocrx_word' id='word_1_488' title='bbox 1270 4228 1414 4290; x_wconf 79' lang='lat' dir='ltr'><strong>quae</strong></span> <span class='ocrx_word' id='word_1_489' title='bbox 1471 4217 1564 4270; x_wconf 90' lang='lat' dir='ltr'><strong>est</strong></span> <span class='ocrx_word' id='word_1_490' title='bbox 1621 4207 2106 4270; x_wconf 89' lang='lat' dir='ltr'><strong>fundamentum</strong></span> <span class='ocrx_word' id='word_1_491' title='bbox 2162 4209 2353 4272; x_wconf 92' lang='lat' dir='ltr'><strong>totius</strong></span> <span class='ocrx_word' id='word_1_492' title='bbox 2390 4214 2437 4275; x_wconf 90' lang='lat' dir='ltr'>D</span> <span class='ocrx_word' id='word_1_493' title='bbox 2468 4211 2797 4274; x_wconf 91' lang='lat' dir='ltr'><strong>didissimo</strong></span> <span class='ocrx_word' id='word_1_494' title='bbox 2838 4210 3011 4274; x_wconf 86' lang='lat' dir='ltr'><strong>fonte</strong></span> <span class='ocrx_word' id='word_1_495' title='bbox 3054 4211 3131 4272; x_wconf 90' lang='lat' dir='ltr'><strong>de</strong></span> <span class='ocrx_word' id='word_1_496' title='bbox 3173 4230 3301 4292; x_wconf 91' lang='lat' dir='ltr'><strong>quo</strong></span> <span class='ocrx_word' id='word_1_497' title='bbox 3340 4211 3431 4272; x_wconf 90' lang='lat' dir='ltr'><strong>sic</strong></span> <span class='ocrx_word' id='word_1_498' title='bbox 3477 4228 3701 4294; x_wconf 84' lang='lat' dir='ltr'><strong>emano</strong></span> <span class='ocrx_word' id='word_1_499' title='bbox 3746 4221 3818 4275; x_wconf 92' lang='lat' dir='ltr'><strong>ut</strong></span> <span class='ocrx_word' id='word_1_500' title='bbox 3855 4214 3948 4275; x_wconf 90' lang='lat' dir='ltr'><strong>in-</strong></span> 
     </span>
    </p>
   </div>
   <div class='ocr_carea' id='block_1_14' title="bbox 625 4305 2359 5371">
    <p class='ocr_par' dir='ltr' id='par_1_15' title="bbox 625 4305 2359 5371">
     <span class='ocr_line' id='line_1_73' title="bbox 859 4305 2357 4388; baseline -0.001 -18"><span class='ocrx_word' id='word_1_501' title='bbox 859 4305 1382 4370; x_wconf 87' lang='lat' dir='ltr'><strong>sanctificationis</strong></span> <span class='ocrx_word' id='word_1_502' title='bbox 1431 4313 1702 4368; x_wconf 85' lang='lat' dir='ltr'><strong>aeternae.</strong></span> <span class='ocrx_word' id='word_1_503' title='bbox 1747 4306 1916 4368; x_wconf 86' lang='lat' dir='ltr'><strong>Hanc</strong></span> <span class='ocrx_word' id='word_1_504' title='bbox 1962 4305 2207 4388; x_wconf 92' lang='lat' dir='ltr'><strong>quippe</strong></span> <span class='ocrx_word' id='word_1_505' title='bbox 2250 4325 2357 4369; x_wconf 90' lang='lat' dir='ltr'><strong>ve-</strong></span> 
     </span>
     <span class='ocr_line' id='line_1_74' title="bbox 861 4404 2357 4468; baseline -0.001 0"><span class='ocrx_word' id='word_1_506' title='bbox 861 4426 994 4468; x_wconf 91' lang='lat' dir='ltr'><strong>ram</strong></span> <span class='ocrx_word' id='word_1_507' title='bbox 1043 4405 1613 4468; x_wconf 87' lang='lat' dir='ltr'><strong>sanctificationem</strong></span> <span class='ocrx_word' id='word_1_508' title='bbox 1664 4404 1896 4467; x_wconf 89' lang='lat' dir='ltr'><strong>meruit</strong></span> <span class='ocrx_word' id='word_1_509' title='bbox 1945 4405 2128 4467; x_wconf 92' lang='lat' dir='ltr'><strong>nobis</strong></span> <span class='ocrx_word' id='word_1_510' title='bbox 2180 4405 2357 4468; x_wconf 89' lang='lat' dir='ltr'><strong>Chri-</strong></span> 
     </span>
     <span class='ocr_line' id='line_1_75' title="bbox 859 4503 2351 4585; baseline -0.001 -18"><span class='ocrx_word' id='word_1_511' title='bbox 859 4512 994 4567; x_wconf 89' lang='lat' dir='ltr'><strong>stus</strong></span> <span class='ocrx_word' id='word_1_512' title='bbox 1057 4504 1124 4566; x_wconf 90' lang='lat' dir='ltr'><strong>in</strong></span> <span class='ocrx_word' id='word_1_513' title='bbox 1193 4523 1305 4566; x_wconf 89' lang='lat' dir='ltr'><strong>sua</strong></span> <span class='ocrx_word' id='word_1_514' title='bbox 1364 4503 1843 4567; x_wconf 87' lang='lat' dir='ltr'><strong>conversatione</strong></span> <span class='ocrx_word' id='word_1_515' title='bbox 1905 4510 1968 4564; x_wconf 92' lang='lat' dir='ltr'><strong>et</strong></span> <span class='ocrx_word' id='word_1_516' title='bbox 2035 4503 2351 4585; x_wconf 88' lang='lat' dir='ltr'><strong>passione,</strong></span> 
     </span>
     <span class='ocr_line' id='line_1_76' title="bbox 857 4600 2358 4685; baseline 0 -21"><span class='ocrx_word' id='word_1_517' title='bbox 857 4622 1052 4685; x_wconf 87' lang='lat' dir='ltr'><strong>quam</strong></span> <span class='ocrx_word' id='word_1_518' title='bbox 1096 4619 1209 4684; x_wconf 89' lang='lat' dir='ltr'><strong>per</strong></span> <span class='ocrx_word' id='word_1_519' title='bbox 1258 4610 1720 4664; x_wconf 88' lang='lat' dir='ltr'><strong>sacramentum</strong></span> <span class='ocrx_word' id='word_1_520' title='bbox 1771 4600 2066 4664; x_wconf 84' lang='lat' dir='ltr'><strong>Ecclesiae</strong></span> <span class='ocrx_word' id='word_1_521' title='bbox 2108 4602 2358 4665; x_wconf 84' lang='lat' dir='ltr'><strong>obtine-</strong></span> 
     </span>
     <span class='ocr_line' id='line_1_77' title="bbox 860 4699 2356 4784; baseline 0 -20"><span class='ocrx_word' id='word_1_522' title='bbox 860 4722 1002 4765; x_wconf 88' lang='lat' dir='ltr'><strong>mus</strong></span> <span class='ocrx_word' id='word_1_523' title='bbox 1035 4701 1314 4784; x_wconf 90' lang='lat' dir='ltr'><strong>primum</strong></span> <span class='ocrx_word' id='word_1_524' title='bbox 1345 4701 1652 4774; x_wconf 89' lang='lat' dir='ltr'><strong>omnium,</strong></span> <span class='ocrx_word' id='word_1_525' title='bbox 1675 4699 1739 4761; x_wconf 91' lang='lat' dir='ltr'><strong>in</strong></span> <span class='ocrx_word' id='word_1_526' title='bbox 1770 4699 2106 4782; x_wconf 91' lang='lat' dir='ltr'><strong>Baptismo,</strong></span> <span class='ocrx_word' id='word_1_527' title='bbox 2127 4700 2356 4764; x_wconf 86' lang='lat' dir='ltr'><strong>deinde</strong></span> 
     </span>
     <span class='ocr_line' id='line_1_78' title="bbox 860 4799 1368 4864; baseline -0.006 -1"><span class='ocrx_word' id='word_1_528' title='bbox 860 4802 926 4863; x_wconf 92' lang='lat' dir='ltr'><strong>in</strong></span> <span class='ocrx_word' id='word_1_529' title='bbox 974 4799 1368 4864; x_wconf 84' lang='lat' dir='ltr'><strong>Poenitentia.</strong></span> 
     </span>
     <span class='ocr_line' id='line_1_79' title="bbox 835 4898 2357 4981; baseline 0.003 -21"><span class='ocrx_word' id='word_1_530' title='bbox 835 4936 838 4940; x_wconf 89' lang='lat'><em>-</em></span> <span class='ocrx_word' id='word_1_531' title='bbox 941 4899 1249 4981; x_wconf 90' lang='lat' dir='ltr'><strong>Deinceps</strong></span> <span class='ocrx_word' id='word_1_532' title='bbox 1297 4905 1432 4962; x_wconf 86' lang='lat' dir='ltr'><strong>orat</strong></span> <span class='ocrx_word' id='word_1_533' title='bbox 1481 4898 1788 4972; x_wconf 84' lang='lat' dir='ltr'><strong>ChristuS,</strong></span> <span class='ocrx_word' id='word_1_534' title='bbox 1845 4917 1970 4961; x_wconf 94' lang='lat' dir='ltr'><strong>non</strong></span> <span class='ocrx_word' id='word_1_535' title='bbox 2033 4918 2146 4980; x_wconf 93' lang='lat' dir='ltr'><strong>pro</strong></span> <span class='ocrx_word' id='word_1_536' title='bbox 2195 4899 2357 4981; x_wconf 89' lang='lat' dir='ltr'><strong>Apo-</strong></span> 
     </span>
     <span class='ocr_line' id='line_1_80' title="bbox 863 4996 2354 5078; baseline 0.001 -18"><span class='ocrx_word' id='word_1_537' title='bbox 863 4998 1040 5061; x_wconf 92' lang='lat' dir='ltr'><strong>stolis</strong></span> <span class='ocrx_word' id='word_1_538' title='bbox 1099 5005 1370 5071; x_wconf 89' lang='lat' dir='ltr'><strong>tantum,</strong></span> <span class='ocrx_word' id='word_1_539' title='bbox 1425 5003 1492 5058; x_wconf 90' lang='lat' dir='ltr'><strong>ut</strong></span> <span class='ocrx_word' id='word_1_540' title='bbox 1548 4996 1881 5078; x_wconf 88' lang='lat' dir='ltr'><strong>hucusque</strong></span> <span class='ocrx_word' id='word_1_541' title='bbox 1939 4997 2020 5059; x_wconf 86' lang='lat' dir='ltr'><strong>ab</strong></span> <span class='ocrx_word' id='word_1_542' title='bbox 2068 5015 2143 5060; x_wconf 86' lang='lat' dir='ltr'><strong>eo</strong></span> <span class='ocrx_word' id='word_1_543' title='bbox 2193 4997 2354 5072; x_wconf 78' lang='lat' dir='ltr'><strong>loce,</strong></span> 
     </span>
     <span class='ocr_line' id='line_1_81' title="bbox 625 5095 2357 5178; baseline 0.001 -21"><span class='ocrx_word' id='word_1_544' title='bbox 625 5119 794 5159; x_wconf 53' lang='lat' dir='ltr'><strong>vene.</strong></span> <span class='ocrx_word' id='word_1_545' title='bbox 863 5096 1252 5159; x_wconf 87' lang='lat' dir='ltr'><strong>Manifestavi</strong></span> <span class='ocrx_word' id='word_1_546' title='bbox 1295 5113 1525 5158; x_wconf 90' lang='lat' dir='ltr'><strong>nomen</strong></span> <span class='ocrx_word' id='word_1_547' title='bbox 1562 5104 1744 5157; x_wconf 90' lang='lat' dir='ltr'><strong>tuum</strong></span> <span class='ocrx_word' id='word_1_548' title='bbox 1789 5095 2157 5158; x_wconf 88' lang='lat' dir='ltr'><strong>hominibus</strong></span> <span class='ocrx_word' id='word_1_549' title='bbox 2196 5115 2357 5178; x_wconf 91' lang='lat' dir='ltr'><strong>quos</strong></span> 
     </span>
     <span class='ocr_line' id='line_1_82' title="bbox 866 5194 2358 5275; baseline -0.001 -16"><span class='ocrx_word' id='word_1_550' title='bbox 866 5196 1096 5259; x_wconf 90' lang='lat' dir='ltr'><strong>dedisti</strong></span> <span class='ocrx_word' id='word_1_551' title='bbox 1134 5194 1337 5274; x_wconf 84' lang='lat' dir='ltr'><strong>mihi3</strong></span> <span class='ocrx_word' id='word_1_552' title='bbox 1379 5195 1487 5256; x_wconf 87' lang='lat' dir='ltr'><strong>sed</strong></span> <span class='ocrx_word' id='word_1_553' title='bbox 1540 5212 1653 5275; x_wconf 93' lang='lat' dir='ltr'><strong>pro</strong></span> <span class='ocrx_word' id='word_1_554' title='bbox 1700 5194 2000 5256; x_wconf 90' lang='lat' dir='ltr'><strong>omnibus</strong></span> <span class='ocrx_word' id='word_1_555' title='bbox 2050 5195 2358 5257; x_wconf 90' lang='lat' dir='ltr'><strong>membris</strong></span> 
     </span>
     <span class='ocr_line' id='line_1_83' title="bbox 659 5291 2359 5371; baseline -0.003 -11"><span class='ocrx_word' id='word_1_556' title='bbox 659 5303 733 5360; x_wconf 80' lang='lat'><strong>20</strong></span> <span class='ocrx_word' id='word_1_557' title='bbox 867 5295 1000 5358; x_wconf 90' lang='lat' dir='ltr'><strong>suis</strong></span> <span class='ocrx_word' id='word_1_558' title='bbox 1047 5313 1161 5358; x_wconf 87' lang='lat' dir='ltr'><strong>seu</strong></span> <span class='ocrx_word' id='word_1_559' title='bbox 1205 5291 1520 5356; x_wconf 90' lang='lat' dir='ltr'><strong>universis</strong></span> <span class='ocrx_word' id='word_1_560' title='bbox 1563 5291 1888 5356; x_wconf 85' lang='lat' dir='ltr'><strong>fidelibus.</strong></span> <span class='ocrx_word' id='word_1_561' title='bbox 1930 5296 2075 5356; x_wconf 84' lang='lat' dir='ltr'><strong>Non</strong></span> <span class='ocrx_word' id='word_1_562' title='bbox 2106 5313 2230 5371; x_wconf 80' lang='lat' dir='ltr'><strong>pro</strong></span> <span class='ocrx_word' id='word_1_563' title='bbox 2266 5295 2359 5355; x_wconf 78' lang='lat' dir='ltr'><strong>eis</strong></span> 
     </span>
    </p>
   </div>
   <div class='ocr_carea' id='block_1_15' title="bbox 2465 4308 4236 5378">
    <p class='ocr_par' dir='ltr' id='par_1_16' title="bbox 2465 4308 4236 5270">
     <span class='ocr_line' id='line_1_84' title="bbox 2468 4308 3952 4391; baseline 0 -20"><span class='ocrx_word' id='word_1_564' title='bbox 2468 4308 2855 4372; x_wconf 85' lang='lat' dir='ltr'><strong>variabiliter</strong></span> <span class='ocrx_word' id='word_1_565' title='bbox 2902 4326 3303 4391; x_wconf 88' lang='lat' dir='ltr'><strong>perseverem</strong></span> <span class='ocrx_word' id='word_1_566' title='bbox 3354 4309 3417 4370; x_wconf 90' lang='lat' dir='ltr'><strong>in</strong></span> <span class='ocrx_word' id='word_1_567' title='bbox 3458 4327 3574 4390; x_wconf 88' lang='lat' dir='ltr'><strong>eo;</strong></span> <span class='ocrx_word' id='word_1_568' title='bbox 3614 4319 3687 4370; x_wconf 80' lang='lat' dir='ltr'><strong>ut</strong></span> <span class='ocrx_word' id='word_1_569' title='bbox 3724 4321 3787 4371; x_wconf 79' lang='lat' dir='ltr'><strong>et</strong></span> <span class='ocrx_word' id='word_1_570' title='bbox 3826 4313 3952 4388; x_wconf 75' lang='lat' dir='ltr'><strong>ipsi</strong></span> 
     </span>
     <span class='ocr_line' id='line_1_85' title="bbox 2466 4409 3950 4488; baseline 0.003 -21"><span class='ocrx_word' id='word_1_571' title='bbox 2466 4411 2540 4469; x_wconf 80' lang='lat' dir='ltr'><strong>in</strong></span> <span class='ocrx_word' id='word_1_572' title='bbox 2578 4410 2758 4469; x_wconf 79' lang='lat' dir='ltr'><strong>nobis</strong></span> <span class='ocrx_word' id='word_1_573' title='bbox 2796 4427 3004 4468; x_wconf 80' lang='lat' dir='ltr'><strong>unum</strong></span> <span class='ocrx_word' id='word_1_574' title='bbox 3040 4409 3197 4479; x_wconf 80' lang='lat' dir='ltr'><strong>sint,</strong></span> <span class='ocrx_word' id='word_1_575' title='bbox 3233 4426 3357 4470; x_wconf 90' lang='lat' dir='ltr'><strong>non</strong></span> <span class='ocrx_word' id='word_1_576' title='bbox 3403 4425 3516 4488; x_wconf 88' lang='lat' dir='ltr'><strong>per</strong></span> <span class='ocrx_word' id='word_1_577' title='bbox 3544 4409 3950 4471; x_wconf 79' lang='lat' dir='ltr'><strong>consubstan-</strong></span> 
     </span>
     <span class='ocr_line' id='line_1_86' title="bbox 2466 4505 3947 4587; baseline 0.001 -19"><span class='ocrx_word' id='word_1_578' title='bbox 2466 4507 2817 4579; x_wconf 84' lang='lat' dir='ltr'><strong>tialitatem,</strong></span> <span class='ocrx_word' id='word_1_579' title='bbox 2851 4505 3389 4587; x_wconf 88' lang='lat' dir='ltr'><strong>quemadmodum</strong></span> <span class='ocrx_word' id='word_1_580' title='bbox 3418 4522 3532 4586; x_wconf 83' lang='lat' dir='ltr'><strong>ego</strong></span> <span class='ocrx_word' id='word_1_581' title='bbox 3562 4515 3623 4568; x_wconf 88' lang='lat' dir='ltr'><strong>et</strong></span> <span class='ocrx_word' id='word_1_582' title='bbox 3650 4515 3717 4568; x_wconf 90' lang='lat' dir='ltr'><strong>tu</strong></span> <span class='ocrx_word' id='word_1_583' title='bbox 3752 4527 3947 4569; x_wconf 88' lang='lat' dir='ltr'><strong>unum</strong></span> 
     </span>
     <span class='ocr_line' id='line_1_87' title="bbox 2469 4604 3949 4688; baseline 0.001 -21"><span class='ocrx_word' id='word_1_584' title='bbox 2469 4604 2895 4676; x_wconf 88' lang='lat' dir='ltr'><strong>consistimus,</strong></span> <span class='ocrx_word' id='word_1_585' title='bbox 2946 4604 3056 4665; x_wconf 87' lang='lat' dir='ltr'><strong>sed</strong></span> <span class='ocrx_word' id='word_1_586' title='bbox 3115 4621 3229 4685; x_wconf 88' lang='lat' dir='ltr'><strong>per</strong></span> <span class='ocrx_word' id='word_1_587' title='bbox 3284 4604 3603 4665; x_wconf 88' lang='lat' dir='ltr'><strong>caritatem</strong></span> <span class='ocrx_word' id='word_1_588' title='bbox 3654 4615 3715 4667; x_wconf 88' lang='lat' dir='ltr'><strong>et</strong></span> <span class='ocrx_word' id='word_1_589' title='bbox 3758 4607 3949 4688; x_wconf 87' lang='lat' dir='ltr'><strong>grati-</strong></span> 
     </span>
     <span class='ocr_line' id='line_1_88' title="bbox 2466 4703 3945 4779; baseline 0.001 -14"><span class='ocrx_word' id='word_1_590' title='bbox 2466 4722 2591 4779; x_wconf 91' lang='lat' dir='ltr'><strong>am,</strong></span> <span class='ocrx_word' id='word_1_591' title='bbox 2622 4711 2684 4765; x_wconf 92' lang='lat' dir='ltr'><strong>et</strong></span> <span class='ocrx_word' id='word_1_592' title='bbox 2716 4703 2867 4765; x_wconf 87' lang='lat' dir='ltr'><strong>item</strong></span> <span class='ocrx_word' id='word_1_593' title='bbox 2908 4703 3074 4764; x_wconf 89' lang='lat' dir='ltr'><strong>sicut</strong></span> <span class='ocrx_word' id='word_1_594' title='bbox 3105 4703 3313 4764; x_wconf 87' lang='lat' dir='ltr'><strong>media</strong></span> <span class='ocrx_word' id='word_1_595' title='bbox 3351 4703 3659 4765; x_wconf 90' lang='lat' dir='ltr'><strong>uniuntur</strong></span> <span class='ocrx_word' id='word_1_596' title='bbox 3688 4704 3754 4765; x_wconf 91' lang='lat' dir='ltr'><strong>in</strong></span> <span class='ocrx_word' id='word_1_597' title='bbox 3794 4703 3945 4767; x_wconf 85' lang='lat' dir='ltr'><strong>fine.</strong></span> 
     </span>
     <span class='ocr_line' id='line_1_89' title="bbox 2465 4799 3953 4883; baseline 0.003 -21"><span class='ocrx_word' id='word_1_598' title='bbox 2465 4837 2545 4847; x_wconf 91' lang='lat'><strong>-—</strong></span> <span class='ocrx_word' id='word_1_599' title='bbox 2574 4800 2731 4864; x_wconf 89' lang='lat' dir='ltr'><strong>Ecce</strong></span> <span class='ocrx_word' id='word_1_600' title='bbox 2761 4801 3080 4883; x_wconf 90' lang='lat' dir='ltr'><strong>quomodo</strong></span> <span class='ocrx_word' id='word_1_601' title='bbox 3108 4799 3395 4880; x_wconf 82' lang='lat' dir='ltr'><strong>Magister</strong></span> <span class='ocrx_word' id='word_1_602' title='bbox 3424 4801 3697 4863; x_wconf 85' lang='lat' dir='ltr'><strong>caritatis</strong></span> <span class='ocrx_word' id='word_1_603' title='bbox 3728 4811 3791 4864; x_wconf 90' lang='lat' dir='ltr'><strong>et</strong></span> <span class='ocrx_word' id='word_1_604' title='bbox 3824 4804 3953 4866; x_wconf 89' lang='lat' dir='ltr'><strong>uni·</strong></span> 
     </span>
     <span class='ocr_line' id='line_1_90' title="bbox 2466 4899 3951 4980; baseline 0.001 -19"><span class='ocrx_word' id='word_1_605' title='bbox 2466 4900 2634 4973; x_wconf 81' lang='lat' dir='ltr'><strong>tatis,</strong></span> <span class='ocrx_word' id='word_1_606' title='bbox 2680 4899 2959 4962; x_wconf 89' lang='lat' dir='ltr'><strong>finaliter</strong></span> <span class='ocrx_word' id='word_1_607' title='bbox 3006 4899 3186 4980; x_wconf 92' lang='lat' dir='ltr'><strong>cupit</strong></span> <span class='ocrx_word' id='word_1_608' title='bbox 3233 4899 3535 4961; x_wconf 88' lang='lat' dir='ltr'><strong>unitatem</strong></span> <span class='ocrx_word' id='word_1_609' title='bbox 3584 4909 3817 4964; x_wconf 81' lang='lat' dir='ltr'><strong>sanctae</strong></span> <span class='ocrx_word' id='word_1_610' title='bbox 3862 4903 3951 4965; x_wconf 89' lang='lat' dir='ltr'><strong>di-</strong></span> 
     </span>
     <span class='ocr_line' id='line_1_91' title="bbox 2466 4997 3949 5082; baseline 0.002 -23"><span class='ocrx_word' id='word_1_611' title='bbox 2466 4997 2757 5061; x_wconf 89' lang='lat' dir='ltr'><strong>lectionis</strong></span> <span class='ocrx_word' id='word_1_612' title='bbox 2822 4998 3031 5060; x_wconf 89' lang='lat' dir='ltr'><strong>inesse</strong></span> <span class='ocrx_word' id='word_1_613' title='bbox 3098 4997 3233 5058; x_wconf 90' lang='lat' dir='ltr'><strong>suis</strong></span> <span class='ocrx_word' id='word_1_614' title='bbox 3299 4997 3624 5060; x_wconf 84' lang='lat' dir='ltr'><strong>fidelibus.</strong></span> <span class='ocrx_word' id='word_1_615' title='bbox 3692 4998 3949 5082; x_wconf 85' lang='lat' dir='ltr'><strong>Propter</strong></span> 
     </span>
     <span class='ocr_line' id='line_1_92' title="bbox 2468 5095 4236 5186; baseline -0.006 -29"><span class='ocrx_word' id='word_1_616' title='bbox 2468 5096 2640 5178; x_wconf 92' lang='lat' dir='ltr'><strong>quod</strong></span> <span class='ocrx_word' id='word_1_617' title='bbox 2678 5096 2766 5158; x_wconf 89' lang='lat' dir='ltr'><strong>ait</strong></span> <span class='ocrx_word' id='word_1_618' title='bbox 2798 5095 2917 5158; x_wconf 91' lang='lat' dir='ltr'><strong>Vas</strong></span> <span class='ocrx_word' id='word_1_619' title='bbox 2956 5095 3285 5158; x_wconf 91' lang='lat' dir='ltr'><strong>electionis</strong></span> <span class='ocrx_word' id='word_1_620' title='bbox 3318 5115 3332 5158; x_wconf 93' lang='lat'>:</span> <span class='ocrx_word' id='word_1_621' title='bbox 3365 5095 3429 5158; x_wconf 93' lang='lat' dir='ltr'><strong>ld</strong></span> <span class='ocrx_word' id='word_1_622' title='bbox 3473 5096 3684 5178; x_wconf 92' lang='lat' dir='ltr'><strong>ipsum</strong></span> <span class='ocrx_word' id='word_1_623' title='bbox 3728 5097 3947 5160; x_wconf 84' lang='lat' dir='ltr'><strong>dicatis</strong></span> <span class='ocrx_word' id='word_1_624' title='bbox 3972 5111 4180 5158; x_wconf 52' lang='lat' dir='ltr'><strong>icam.</strong></span> <span class='ocrx_word' id='word_1_625' title='bbox 4235 5171 4236 5186; x_wconf 18' lang='grc' dir='ltr'><strong>ἶ</strong></span> 
     </span>
     <span class='ocr_line' id='line_1_93' title="bbox 2468 5189 4236 5270; baseline 0.001 -12"><span class='ocrx_word' id='word_1_626' title='bbox 2468 5212 2712 5270; x_wconf 81' lang='lat' dir='ltr'><strong>omneS,</strong></span> <span class='ocrx_word' id='word_1_627' title='bbox 2763 5200 2826 5256; x_wconf 90' lang='lat' dir='ltr'><strong>et</strong></span> <span class='ocrx_word' id='word_1_628' title='bbox 2872 5213 2996 5258; x_wconf 93' lang='lat' dir='ltr'><strong>non</strong></span> <span class='ocrx_word' id='word_1_629' title='bbox 3054 5195 3185 5258; x_wconf 90' lang='lat' dir='ltr'><strong>sint</strong></span> <span class='ocrx_word' id='word_1_630' title='bbox 3233 5195 3299 5256; x_wconf 94' lang='lat' dir='ltr'><strong>in</strong></span> <span class='ocrx_word' id='word_1_631' title='bbox 3350 5196 3528 5258; x_wconf 92' lang='lat' dir='ltr'><strong>vobis</strong></span> <span class='ocrx_word' id='word_1_632' title='bbox 3585 5196 3941 5260; x_wconf 86' lang='lat' dir='ltr'><strong>schismata.</strong></span> <span class='ocrx_word' id='word_1_633' title='bbox 4235 5189 4236 5216; x_wconf 68' lang='lat'><em>³</em></span> 
     </span>
    </p>

    <p class='ocr_par' dir='ltr' id='par_1_17' title="bbox 2560 5292 3945 5378">
     <span class='ocr_line' id='line_1_94' title="bbox 2560 5292 3945 5378; baseline 0.001 -21"><span class='ocrx_word' id='word_1_634' title='bbox 2560 5295 2639 5357; x_wconf 77' lang='lat' dir='ltr'><strong>Ut</strong></span> <span class='ocrx_word' id='word_1_635' title='bbox 2686 5295 2902 5354; x_wconf 80' lang='lat' dir='ltr'><strong>credat</strong></span> <span class='ocrx_word' id='word_1_636' title='bbox 2958 5295 3263 5366; x_wconf 78' lang='lat' dir='ltr'><strong>mundus,</strong></span> <span class='ocrx_word' id='word_1_637' title='bbox 3315 5292 3379 5356; x_wconf 90' lang='lat' dir='ltr'><strong>id</strong></span> <span class='ocrx_word' id='word_1_638' title='bbox 3434 5302 3531 5356; x_wconf 88' lang='lat' dir='ltr'><strong>est</strong></span> <span class='ocrx_word' id='word_1_639' title='bbox 3585 5295 3779 5358; x_wconf 87' lang='lat' dir='ltr'><strong>ceteri</strong></span> <span class='ocrx_word' id='word_1_640' title='bbox 3837 5295 3945 5378; x_wconf 88' lang='lat' dir='ltr'><strong>qui</strong></span> 
     </span>
    </p>
   </div>
   <div class='ocr_carea' id='block_1_16' title="bbox 4231 0 4240 6225">
    <p class='ocr_par' dir='ltr' id='par_1_18' title="bbox 4231 0 4240 6225">
     <span class='ocr_line' id='line_1_95' title="bbox 4231 0 4240 6225; baseline 0 0"><span class='ocrx_word' id='word_1_641' title='bbox 4231 0 4240 6225; x_wconf 95' lang='lat' dir='ltr'><strong> </strong></span> 
     </span>
    </p>
   </div>
  </div>
 </body>
</html>
