4300 6259
1264 508 1614 557 zumulo
1656 508 1719 555 m
1759 507 1897 555 cAP.
1944 508 1966 553 1
2006 507 2284 561 JOANNIs.
2328 528 2410 539 -·-
2450 512 2593 558 Am.
2639 510 2686 557 11

3409 495 3531 561 ²69

405 679 913 759 pernaturaliter
940 687 1003 741 et
1032 680 1540 742 eminentissime
1570 681 1813 754 doctuS‚
1842 679 1923 741 ab
1952 676 2004 739 A
2033 680 2346 741 mantium
2395 681 2566 762 quod
2614 680 2766 744 licet
2821 680 3018 743 Filius
3063 680 3173 743 Dei
3225 682 3310 744 sit
3365 701 3526 764 pura

404 778 563 859 ipso
612 779 1061 841 universorum
1116 778 1379 840 sublimi
1430 778 1749 861 principio
1800 779 1923 840 Deo

404 884 642 939 sancto
683 896 757 939 ac
798 878 1139 951 adorando,
1186 895 1451 940 exorsus
1492 884 1589 939 est
1635 896 1648 939 :

2033 786 2339 852 creatura,
2375 779 2578 841 nihilo
2627 780 2840 841 minus
2887 787 3034 842 ante
3083 781 3306 853 mundi
3359 799 3528 843 crea-

2035 877 2272 938 tionem
2313 884 2409 938 cst
2443 878 2734 959 genitus3
2769 887 2831 941 et
2868 880 3016 941 licet
3052 878 3215 941 Patri
3261 898 3384 943 non
3429 880 3528 941 su·-

170 973 205 1027 1
514 978 601 1037 In
641 977 1003 1055 principio,
1056 975 1379 1058 inquiens,
1430 986 1569 1036 erat
1626 978 1917 1036 Verbum.
2033 974 2156 1035 erit
2193 983 2562 1051 coaeternuS,
2597 983 2806 1038 tamen
2849 984 3092 1051 natura,
3126 977 3429 1057 dignitate
3467 986 3530 1041 et

398 1071 685 1154 Nempe,
732 1093 936 1155 quum
986 1074 1125 1155 ejus
1170 1074 1442 1138 intentio
1483 1072 1695 1148 suerit,
1739 1073 1926 1135 Ebio-
2032 1080 2341 1153 tempore,
2385 1073 2560 1155 prior
2596 1082 2692 1136 est
2738 1075 3036 1137 omnibus
3086 1076 3312 1139 ceteris
3360 1094 3533 1139 crea-

402 1170 525 1232 nis
574 1177 767 1253 atque
814 1172 1094 1235 Cerinthi
1144 1173 1613 1247 haereticorum,
1660 1172 1925 1235 dicenti·
2034 1170 2216 1231 turiS.
2249 1170 2486 1234 Horum
2537 1172 2729 1252 igitur
2777 1173 3220 1237 haereticorum
3271 1174 3534 1257 perfidi-

402 1288 535 1331 um
580 1268 899 1332 Christum
950 1287 1090 1333 esse
1129 1271 1455 1333 hominem
1505 1291 1763 1354 purum,
1800 1272 1924 1334 hae-
2030 1288 2134 1331 am
2184 1270 2390 1332 sciens
2435 1270 2703 1333 Joannes
2761 1271 3066 1347 suturam,
3120 1273 3213 1336 sic
3269 1292 3531 1337 exorsus

396 1368 619 1429 resim
676 1369 1040 1450 reprobare,
1088 1369 1543 1432 convenienter
1592 1369 1832 1451 incepit
1885 1388 1922 1431 a
2032 1375 2129 1429 est
2174 1386 2188 1430 :
2234 1368 2302 1429 ln
2348 1368 2668 1451 principio
2708 1379 2844 1433 erat
2886 1370 3188 1434 Verbum.

396 1466 653 1529 Christi
712 1466 1067 1543 divinitate,
1118 1469 1458 1531 ostendens
1518 1468 1689 1550 quod
1740 1467 1918 1531 Chri·
2114 1464 2322 1527 Tertio
2365 1466 2456 1527 sic
2491 1484 2504 1528 :
2539 1470 2624 1528 In
2656 1469 3011 1547 principue,
3046 1470 3110 1531 id
3151 1478 3246 1532 est
3298 1470 3360 1533 in
3406 1471 3531 1535 Deo

396 1572 557 1625 stus
589 1583 715 1627 non
756 1566 839 1628 sit
871 1585 1031 1649 pura
1069 1574 1377 1641 creatura,
1413 1584 1623 1648 neque
1664 1566 1729 1628 in
1766 1574 1923 1629 tem·
2033 1562 2231 1638 Patre,
2267 1563 2369 1626 cui
2403 1565 2561 1628 ratio
2599 1566 2902 1648 principii
2940 1569 3389 1650 appropriatur
3416 1571 3532 1632 sic—

398 1681 579 1743 pore
634 1663 839 1725 factus
894 1666 1177 1739 omnino,
1232 1672 1384 1747 puta
1442 1665 1793 1727 secundum
1852 1682 1921 1727 se
2034 1670 2103 1723 ut
2149 1663 2487 1738 aeternitaS,
2521 1664 2703 1745 juxta
2751 1664 2909 1727 illud
2959 1665 3178 1728 Hilarii
3215 1686 3228 1729 ε
3265 1668 3532 1729 AEterni-

396 1768 649 1831 totum,
702 1763 813 1823 sed
860 1780 1051 1825 verus
1107 1764 1271 1825 Deus
1329 1772 1392 1825 et
1440 1763 1693 1828 Creator
1738 1771 1918 1826 aeter-
2030 1767 2123 1822 tas
2173 1768 2267 1822 est
2307 1763 2372 1822 in
2411 1762 2609 1837 Patre,
2645 1763 2889 1845 species
2935 1764 2999 1827 in
3042 1765 3340 1847 imagine,
3376 1785 3529 1828 usus

398 1878 566 1921 nuS.
602 1860 839 1942 ltaque,
872 1865 953 1923 In
988 1864 1345 1943 principib,
1382 1863 1445 1925 id
1488 1872 1584 1925 est
1633 1863 1699 1925 in
1748 1881 1922 1925 exor-
1954 1861 2002 1924 B
2032 1858 2096 1920 in
2149 1878 2434 1921 munere.
2484 1860 2662 1922 Pater
2698 1862 2942 1944 quippe
2991 1870 3086 1925 est
3133 1863 3525 1946 principium

394 1959 527 2021 dio
567 1960 873 2041 temporis
913 1980 1043 2041 quo
1080 1959 1246 2023 facta
1284 1969 1435 2023 sunt
1476 1962 1711 2037 omnia,
1741 1962 1921 2041 juxta
2030 1958 2168 2019 sine
2200 1958 2541 2041 principio,
2575 1958 2770 2021 Filius
2803 1978 2952 2024 vero
2981 1968 3046 2023 et
3073 1960 3346 2044 Spiritus
3377 1962 3528 2026 San-

26 2071 353 2123 metaxa-1.
394 2058 583 2119 illud
620 2056 1042 2121 Ecclesiastici
1078 2078 1092 2121 :
1125 2059 1243 2133 Qui
1284 2060 1442 2124 vivit
1481 2061 1545 2121 in
1586 2068 1915 2135 aeternum,
2030 2062 2170 2117 ctus
2219 2064 2366 2118 sunt
2416 2056 2831 2139 principium,
2883 2059 2994 2120 sed
3053 2060 3131 2121 de
3181 2060 3520 2143 principio.
3587 2061 3592 2067 ’

32 2138 71 2175 ¹·
2027 2153 2134 2215 Ait
2161 2155 2334 2217 enim
2367 2153 2599 2218 Filius:
2627 2155 2754 2236 Ego
2783 2175 2924 2218 sum
2952 2156 3158 2239 Alpha
3185 2167 3249 2221 et
3274 2159 3523 2241 Omega,
3578 2182 3814 2238 Apama&

2031 2254 2423 2335 principium
2453 2262 2516 2315 et
2543 2252 2719 2315 finis.
2753 2253 3237 2319 sciscitantibus
3267 2276 3524 2341 quoque
3553 2249 3695 2351 {3¹⁶³
3717 2262 3815 2303 ¹¹¹¹»

2025 2350 2280 2427 ludaeis,
2331 2352 2422 2415 Tu
2470 2352 2616 2434 quis
2676 2355 2788 2414 es?
2839 2356 3168 2436 respondit
3221 2375 3234 2419 ε
3288 2357 3526 2419 Princi-
3549 2387 3815 2446 mmm„

395 2158 663 2219 creavit
688 2158 904 2221 omnia
941 2158 1157 2220 simul.
1190 2157 1277 2220 De
1305 2178 1436 2240 quo
1476 2159 1795 2241 principio
1822 2178 1919 2221 ac-

54 2277 183 2321 cen.
209 2292 241 2329 ι,
275 2282 329 2322 ¹.
394 2255 551 2337 cipi
594 2263 800 2336 potest
838 2256 903 2318 id
940 2255 1199 2319 Genesis
1233 2275 1246 2319 :
1282 2256 1349 2318 ln
1395 2257 1715 2339 principio
1753 2275 1919 2320 crea-

391 2354 509 2416 vit
548 2354 712 2415 Deus
752 2354 1088 2444 coelumet
1127 2362 1384 2417 terram.
1418 2359 1585 2417 Erat
1621 2359 1916 2426 Verbum,

3552 2452 3619 2496 25.

44 4056 195 4101 Pron.
228 4068 343 4103 vm,

60 4126 83 4149 ³

30 4358 191 4403 eecli.
222 4371 265 4407 ι,
292 4357 349 4397 5.

74 4556 281 4599 Coton·
310 4566 349 4603 ¹,

386 2452 473 2514 id
521 2461 621 2514 est
658 2454 1025 2534 unigenitus
1062 2453 1258 2516 Filius
1300 2454 1431 2517 Dei.
1466 2454 1652 2527 Quasi
1694 2454 1863 2516 dicat
1896 2472 1909 2516 :

378 2551 583 2613 Inter
627 2551 753 2613 alia
800 2570 927 2615 non
974 2560 1071 2614 est
1120 2560 1423 2627 creatum,
1462 2554 1572 2615 sed
1622 2552 1751 2614 illis
1801 2570 1915 2633 per

382 2648 799 2712 creationem
838 2650 1321 2731 incipientibus,
1354 2651 1568 2731 ipsum
1607 2651 1913 2713 veraciter

379 2755 566 2820 erat,
601 2755 664 2808 et
710 2747 1172 2811 invariabiliter
1219 2747 1624 2810 subsistebat.
1659 2747 1762 2811 Sic
1809 2768 1915 2812 ex-

380 2847 729 2929 ponendo,
763 2845 1126 2908 excluditur
1154 2864 1333 2909 error
1361 2846 1711 2908 dicentium
1740 2848 1913 2929 quod

381 2944 699 3008 Christus
731 2964 855 3007 non
887 2944 913 3005 Γ
917 2944 1009 3006 uit
1040 2945 1209 3025 prior
1235 2944 1488 3025 Virgine
1516 2944 1718 3007 Matre.
1737 2946 1913 3008 Hunc

2028 2450 2232 2531 pium,
2284 2452 2397 2532 qui
2447 2459 2510 2513 et
2557 2452 2784 2535 loquor
2827 2453 3030 2516 vobis.
3081 2455 3368 2538 Denique
3415 2455 3525 2519 Pa-

2028 2556 2142 2623 ter,
2205 2547 2400 2611 Filius
2459 2557 2520 2611 et
2575 2549 2848 2631 Spiritus
2911 2551 3200 2628 SanctuS,
3264 2563 3525 2636 propter

2027 2646 2421 2709 identitatem
2478 2650 2767 2712 essentiae
2817 2658 2966 2712 sunt
3025 2670 3225 2713 unum
3286 2653 3526 2735 princi-

2028 2745 2230 2825 pium,
2268 2764 2392 2807 una
2441 2764 2648 2821 causa,
2695 2766 2859 2809 unus
2908 2748 3180 2825 Creator,
3217 2769 3344 2813 una
3388 2770 3524 2815 om-

2026 2845 2207 2906 nium
2257 2843 2581 2907 beatitudo
2635 2864 2709 2908 ac
2767 2845 2939 2908 finis.
2991 2846 3138 2919 Quae
3189 2850 3361 2912 enim
3414 2851 3526 2913 ab—

2024 2942 2232 3004 solute
2283 2943 2585 3005 dicuntur
2638 2944 2716 3005 de
2773 2944 2918 3019 Deo,
2971 2945 3175 3009 tribus
3234 2947 3523 3012 Personis

376 3060 671 3125 quoque
718 3060 862 3107 reor
898 3041 1099 3104 fuisse
1146 3042 1541 3105 intellectum
1582 3042 1914 3126 Evangeli-
1950 3047 1995 3113 C
2024 3041 2388 3103 communia
2415 3049 2584 3116 sunt,
2611 3060 2730 3103 nec
2758 3043 3268 3126 multiplicantur
3299 3046 3364 3109 in
3396 3047 3518 3110 eis:

316 3162 324 3170 ·
378 3149 544 3215 stae,
578 3140 692 3221 qui
732 3139 943 3222 primo
982 3141 1294 3221 evangelii
1337 3142 1437 3203 sui
1471 3142 1667 3205 verbo
1705 3143 1912 3205 inten-

380 3238 603 3301 debat
630 3238 911 3301 Cerinthi
936 3246 999 3300 et
1028 3238 1310 3314 EbioniS,
1346 3240 1907 3303 haeresiarcharum

378 3336 507 3400 sui
556 3338 886 3419 temporiS,
918 3355 1198 3401 errorem
1244 3338 1591 3413 destruere,
1625 3357 1910 3402 asseren-

376 3438 571 3499 tium
611 3435 934 3499 Christum
971 3456 1051 3498 ex
1091 3436 1280 3498 Maria
1322 3438 1675 3519 sumpsisse
1712 3439 1907 3501 totius

378 3534 507 3597 sui
554 3552 693 3596 esse
735 3534 1019 3598 initium.

486 3632 601 3694 Vel
630 3633 727 3695 sic
757 3650 771 3695 :
804 3636 889 3695 In
914 3635 1275 3711 principio,
1305 3634 1426 3698 hoc
1464 3640 1559 3696 est
1597 3643 1743 3698 ante
1773 3654 1909 3699 om-

382 3732 515 3795 nia
563 3731 795 3793 saecula
842 3740 904 3793 et
951 3740 1097 3793 ante
1146 3740 1433 3814 tempora
1481 3733 1799 3811 universa,
1839 3735 1905 3797 in

384 3832 551 3913 ipso
591 3830 960 3893 aeternitatis
1002 3848 1173 3892 nunc
1209 3838 1402 3912 atque
1446 3840 1787 3896 momento.
1824 3834 1906 3895 De

385 3947 539 4012 quo
590 3928 911 4011 principio
960 3929 1269 4011 scriptum
1319 3936 1434 4003 est,
1471 3930 1719 3993 dicente
1768 3932 1907 4013 ipso

386 4027 571 4091 Filio
622 4028 727 4090 Dei
768 4029 847 4090 de
884 4026 1063 4090 Patre
1098 4036 1335 4091 aeterno
1369 4046 1383 4090 :
1416 4028 1721 4091 Dominus
1766 4050 1909 4113 pos-

382 4127 575 4191 sedit
612 4146 715 4189 me
754 4126 939 4189 initio
968 4126 1218 4188 viarum
1249 4145 1530 4201 suarum,
1565 4136 1905 4211 antequam

2025 3141 2193 3202 unde
2225 3142 2417 3203 trium
2458 3141 2874 3205 Personarum
2915 3151 3010 3205 est
3052 3163 3214 3207 unus
3255 3165 3522 3211 numero

2024 3239 2406 3315 intellectuS,
2470 3258 2595 3301 una
2650 3241 2964 3317 voluntaS‚
3027 3261 3151 3305 una
3214 3246 3517 3326 potentia,

2020 3338 2287 3418 justitia,
2321 3338 2756 3401 misericordia
2799 3346 2991 3421 atque
3038 3341 3364 3423 perfectio.
3407 3344 3522 3409 lta-

2021 3455 2170 3517 que,
2205 3436 2270 3498 ln
2304 3436 2624 3519 principio
2650 3436 2775 3501 Deo
2806 3436 3002 3512 Patre,
3036 3450 3175 3501 erac
3224 3446 3518 3513 Verbum,

2019 3536 2324 3618 quoniam
2363 3535 2456 3597 sic
2495 3536 2780 3616 procedit
2815 3555 2852 3598 a
2889 3536 3067 3599 Patre
3110 3556 3225 3620 per
3261 3557 3521 3620 genera-

2019 3634 2260 3696 tionem
2317 3641 2379 3695 et
2436 3633 2833 3715 personalem
2893 3635 3386 3715 distinctionem,
3450 3648 3521 3702 ut

2019 3740 2232 3795 tamen
2284 3733 2348 3794 in
2397 3733 2538 3814 ipso
2579 3733 2960 3796 aeternaliter
2999 3744 3361 3817 perseveret
3403 3756 3519 3820 per

2018 3831 2500 3893 substantialem
2540 3831 2952 3895 identitatem.
2986 3832 3062 3895 Et
3102 3841 3170 3896 ut
3197 3835 3520 3900 Damasce-

2020 3949 2141 3991 nus
2189 3936 2477 4004 testatur,
2531 3929 2835 4011 quaelibet
2881 3931 3243 3995 divinarum
3301 3933 3520 3999 Perso-

2019 4048 2246 4091 narum
2278 4036 2372 4091 est
2411 4028 2478 4090 in
2516 4029 2640 4090 alia
2679 4046 2793 4111 per
2821 4029 3514 4112 circumincessionem,

2018 4146 2093 4191 eo
2142 4128 2314 4209 quod
2375 4146 2774 4209 unaquaeque
2824 4146 3042 4190 earum
3100 4130 3183 4193 sit
3235 4131 3513 4196 infinita.

383 4226 765 4310 quidquam
812 4225 1051 4287 faceret
1093 4243 1132 4286 a
1175 4226 1515 4307 principio.
1550 4229 1717 4289 Erat
1767 4232 1909 4290 Ver-
1939 4238 1987 4300 D
2018 4226 2281 4300 RursuS,
2315 4225 2628 4288 emanatio
2667 4226 2732 4287 in
2768 4226 3025 4302 diviniS,
3060 4248 3187 4310 qua
3219 4250 3346 4293 una
3374 4231 3518 4295 Per-

384 4330 587 4399 bum,
640 4327 718 4387 de
763 4342 893 4405 quo
938 4322 1421 4386 Ecclesiasticus
1471 4326 1625 4387 dicit
1677 4344 1690 4388 :
1744 4326 1906 4390 Fons

386 4424 739 4507 sapientiae
769 4422 1037 4487 verbum
1077 4422 1185 4484 Dei
1226 4424 1291 4483 in
1331 4423 1621 4485 excelsis,
1658 4425 1741 4486 De
1777 4445 1907 4508 quo

386 4525 495 4588 ait
541 4522 885 4605 Apostolus
938 4540 951 4583 :
1002 4522 1145 4603 lpse
1202 4529 1297 4583 est
1352 4530 1496 4584 ante
1549 4542 1793 4599 omneS,
1844 4534 1907 4587 et

386 4622 625 4689 omnia
656 4622 721 4682 in
763 4621 905 4702 ipso
937 4626 1247 4683 constant.
1286 4620 1367 4682 De
1405 4620 1526 4683 hoc
1553 4621 1759 4685 Verbo
1799 4643 1909 4707 po—

332 4780 349 4791 ,
386 4730 531 4785 test
581 4720 851 4801 intelligi
912 4718 1071 4781 illud
1118 4717 1293 4781 lsaiae
1344 4737 1358 4781 :
1412 4719 1784 4800 Egredietur
1828 4725 1907 4787 de

386 4839 515 4887 ore
582 4836 724 4882 meo
784 4817 1047 4899 justitiae
1106 4816 1398 4879 verbum.
1463 4818 1545 4880 De
1602 4839 1732 4901 quo
1794 4841 1909 4905 per

258 4984 275 5003 ‚
332 4980 349 4991 ,
388 4918 803 4983 psalmistam
852 4916 1137 4997 loquitur
1182 4915 1346 4977 Deus
1382 4915 1753 4982 :Eructavit
1800 4939 1909 4983 cor

256 5070 289 5103 ,„
382 5036 623 5083 meum
678 5015 946 5079 verbum
1001 5014 1293 5095 bonum3
1346 5015 1650 5097 itemque,
1706 5017 1907 5082 Verbo

384 5116 659 5183 Domini
710 5114 856 5178 coeli
914 5113 1155 5175 firmati
1212 5120 1384 5175 sunt.
1438 5114 1541 5177 Sic
1589 5133 1909 5197 exponen-

384 5219 504 5290 do,
562 5213 981 5277 confunditur
1032 5230 1210 5275 error
1260 5211 1550 5275 filiorum
1611 5215 1911 5295 perditio-

382 5316 529 5391 niS,
567 5312 899 5375 elatissimi
948 5311 1083 5373 Arii
1129 5318 1321 5394 atque
1372 5310 1692 5386 Eunomii‚
1730 5311 1909 5375 affir-

2018 4344 2172 4387 sona
2229 4324 2516 4406 procedit
2572 4323 2653 4386 ab
2709 4325 2852 4400 alia,
2914 4333 3009 4387 est
3063 4330 3378 4393 emanatio
3433 4334 3512 4395 ad

2018 4424 2206 4499 intra,
2240 4442 2384 4505 quae
2421 4442 2550 4487 non
2580 4424 2958 4486 terminatur
2987 4424 3054 4487 in
3092 4425 3265 4491 aliud
3303 4430 3382 4491 ad
3411 4448 3514 4493 ex-

2017 4530 2133 4599 tra,
2186 4522 2287 4585 vel
2343 4521 2843 4585 substantialiter
2887 4524 3256 4587 distinctum
3313 4546 3350 4589 a
3397 4548 3512 4593 suo

2017 4622 2212 4686 fonte.
2266 4622 2410 4685 ldeo
2461 4620 2657 4683 Filius
2712 4622 2819 4684 Dei
2871 4622 3332 4686 invariabiliter
3381 4645 3509 4688 ma-

2018 4730 2124 4784 net
2164 4722 2228 4783 in
2268 4720 2467 4796 Patre,
2503 4721 2853 4802 praesertim
2891 4738 3092 4801 quum
3127 4721 3208 4783 sit
3240 4724 3504 4786 verbum

2018 4820 2312 4894 mentale,
2358 4819 2870 4881 intellectualiter
2916 4817 3244 4899 profluens
3290 4840 3328 4883 a
3372 4841 3510 4886 cor-

2016 4920 2093 4981 de
2124 4926 2409 5000 paterno,
2443 4918 2980 4999 quemadmodum
3019 4918 3329 5000 scriptum
3357 4929 3454 4984 est
3485 4942 3501 4987 :

2020 5016 2340 5080 Eructavit
2380 5034 2488 5078 cor
2529 5034 2743 5077 meum
2789 5015 3056 5078 verbum
3099 5017 3360 5081 bonum.

2094 5116 2215 5178 Sed
2265 5133 2437 5178 nunc
2484 5115 2562 5176 de
2599 5115 2739 5195 ipso
2778 5114 2983 5179 Verbo
3021 5113 3129 5179 Dei
3169 5124 3232 5178 et
3278 5128 3511 5183 aeterna

2014 5214 2420 5296 generatione
2469 5213 2629 5294 ejus,
2661 5212 2905 5297 aliquid
2950 5222 3046 5277 est
3094 5215 3506 5296 loquendum.

2017 5313 2093 5377 Et
2141 5314 2350 5396 primo
2398 5311 2767 5394 inquiritur,
2809 5331 2924 5376 cur
2966 5314 3366 5396 Evangelista
3406 5334 3515 5381 vo-

3463 5064 3474 5071 ·
3533 5052 3612 5098 Pe.
3634 5064 3743 5105 mv,
3756 5055 3798 5096 2.
