4300 6259
591 2168 838 2274 ¹azimun-vm

611 2760 781 2803 Mami.
796 2772 853 2810 iu,

594 2825 659 2875 ¹73
680 2835 779 2874 xvii,
801 2824 841 2865 5.

593 3454 749 3497 Joaim
763 3468 860 3505 xvii,

596 3650 858 3706 18394130.

688 4714 760 4769 55

873 480 994 545 444

872 670 1214 747 defunctiS‚
1249 672 1503 751 citoque
1533 668 1902 744 moriturus,
1934 668 2076 731 aliis
2106 668 2365 733 immor·
2393 668 2445 730 A
2474 668 2813 752 Apostolus

871 769 1175 831 talitatem
1225 769 1593 851 promittere
1642 769 1881 830 audes?
1916 771 2114 836 Quem
2168 777 2223 828 le
2269 770 2368 845 ip-

867 888 1013 929 sum
1059 869 1280 945 facis?
1322 868 1387 930 id
1435 876 1550 942 est,
1599 866 1854 948 qualem
1905 866 2004 930 vel
2054 875 2365 949 quantum

870 964 1156 1028 affirmas
1185 974 1250 1028 et
1281 973 1534 1048 reputas
1565 972 1646 1039 te,
1681 983 1873 1047 quem
1909 965 2199 1027 videmus
2230 984 2367 1028 esse

873 1064 1196 1127 hominem
1229 1064 1560 1127 mortalem
1600 1064 1876 1126 similem
1922 1064 2144 1127 nobis?
2185 1066 2367 1146 quasi

878 1161 1091 1224 dicant
1151 1182 1164 1225 :

879 1260 1114 1343 ipsum.

957 1362 1310 1436 Respondit
1333 1363 1542 1429 Iesus,
1572 1359 1931 1422 excusando
1974 1378 2042 1422 se
2081 1361 2159 1422 de
2198 1367 2370 1424 tanto

877 1457 1157 1520 facinore
1192 1476 1206 1520 :
1239 1460 1320 1519 Si
1359 1478 1470 1536 eqo
1502 1460 1826 1535 ylorifico,
1866 1458 1928 1521 id
1980 1466 2096 1533 est,
2141 1458 2373 1539 glorio-

878 1576 1016 1619 sum
1071 1575 1183 1619 seu
1234 1575 1535 1638 magnum
1577 1557 1740 1631 dico,
1792 1577 1893 1617 me
1937 1560 2155 1634 ipsum
2205 1556 2373 1620 inor-

875 1656 1088 1719 dinate
1144 1664 1334 1737 atque
1393 1655 1750 1731 carnaliter,
1794 1674 1920 1718 non
1973 1655 2092 1718 sub
2149 1656 2373 1720 ordine

877 1754 1204 1836 sapientiae
1244 1754 1377 1829 Dei,
1431 1755 1782 1816 secundum
1829 1755 2002 1836 quod
2049 1754 2208 1816 mihi
2257 1754 2376 1815 im-

1226 1162 1486 1225 Multum
1545 1161 1820 1224 inaniter
1877 1162 2249 1243 magnificas
2306 1171 2369 1225 te

1615 496 1964 545 manuue
2005 496 2070 543 m
2111 472 2250 545 car.
2294 497 2404 543 vm
2442 497 2720 545 mannis.
2768 518 2849 529 -
2887 499 3031 545 aar.
3075 480 3259 545 xxm'

2866 690 2879 735 :
2934 670 3332 735 Confitentur
3380 690 3449 734 se
3500 690 3685 735 nosse
3740 671 3969 745 Deum,
4018 688 4211 732 mma

2474 768 2656 831 factis
2689 776 2900 831 autem
2940 777 3191 851 negant,
3227 788 3430 851 quum
3460 770 3589 833 sint
3618 768 3972 833 abominati

2476 876 2539 930 et
2580 868 2857 950 reprobi.
2892 868 3067 931 Unde
3102 868 3371 932 Joannes
3418 869 3508 931 ait
3554 869 3619 931 in
3668 888 3781 930 sua
3825 867 3971 950 epi-

2476 968 2673 1030 stola:
2699 968 2765 1029 ln
2798 968 2918 1031 hoc
2948 968 3186 1029 scimus
3215 968 3518 1049 quoniam
3558 967 3973 1049 cognovimus
4020 980 4229 1026 nme.

2478 1065 2697 1141 Deum,
2750 1066 2803 1127 si
2852 1066 3147 1129 mandata
3196 1065 3335 1147 ejus
3390 1067 3823 1130 observamus.
3884 1064 3973 1125 De
4002 1046 4041 1085 ³·

2476 1164 2586 1226 tali
2634 1163 2903 1228 formata
2950 1164 3174 1227 notitia
3227 1165 3381 1227 dicit
3427 1163 3765 1247 Apostolus
3826 1182 3839 1226 :
3904 1162 3970 1225 Si
4028 1177 4231 1223 lem-‚m

2477 1262 2624 1345 quis
2664 1261 2927 1344 ignorat,
2961 1263 3375 1343 ignorabitur.
3421 1263 3611 1327 Porro
3648 1264 3725 1326 de
3763 1262 3977 1343 cogni-
4002 1242 4067 1283 ⁸⁸·

2478 1360 2651 1423 tione
2710 1360 2969 1425 informi
3035 1361 3124 1423 ait
3182 1380 3198 1425 ε
3258 1361 3465 1433 Quum
3530 1361 3975 1442 cognovisse-nt
4004 1374 4229 1419 amm.

2484 1458 2701 1534 Deum,
2726 1479 2852 1524 non
2886 1460 3050 1522 sicut
3078 1460 3272 1522 Deum
3298 1459 3842 1541 glorificaverunt,
3866 1467 3979 1520 aut

2477 1557 2711 1639 gratias
2759 1566 3045 1639 egerunt,
3098 1560 3206 1621 sed
3256 1566 3654 1622 evanuerunt
3696 1559 3763 1621 in
3812 1558 3981 1637 cogi·

2482 1657 2828 1720 tationibus
2872 1656 3026 1719 suis.

2562 1759 2699 1833 Eyo
2728 1766 2943 1817 autem
2967 1759 3124 1817 novi
3150 1776 3321 1825 eum,
3356 1756 3713 1818 secundum
3740 1763 3984 1818 utram-

879 1852 1138 1935 ponitis,
1165 1855 1382 1930 ¹qloria
1422 1873 1590 1923 mea,
1619 1852 1685 1914 id
1727 1862 1823 1915 est
1857 1854 2128 1934 dignitas
2179 1871 2371 1935 quam
2408 1853 2457 1914 B
2483 1872 2611 1936 que
2658 1872 2863 1916 meam
2914 1861 3203 1916 naturam
3257 1872 3271 1917 :
3322 1854 3475 1935 quia
3523 1861 3595 1915 ut
3638 1853 3825 1929 DeuS,
3878 1873 3983 1919 co-

883 1952 1040 2014 mihi
1069 1951 1386 2023 adscribo,
1419 1953 1594 2013 nihil
1632 1961 1747 2022 est,
1777 1951 1842 2014 id
1873 1958 1968 2014 est
2005 1952 2248 2014 nullius
2280 1970 2375 2013 re—

885 2049 1252 2132 putationiS,
1288 2068 1448 2112 vana
1486 2056 1549 2111 et
1592 2049 1773 2111 falsa.
1816 2049 2101 2113 Christus
2150 2050 2375 2132 utique

840 2201 852 2219 ‚
885 2149 1176 2222 dicendo,
1212 2148 1340 2229 Ego
1368 2168 1510 2211 sum
1542 2148 1649 2210 lux
1691 2149 1937 2224 mundi,
1971 2156 2034 2211 et
2063 2149 2265 2212 multa
2294 2149 2377 2211 si-

883 2249 1084 2321 milia,
1115 2248 1502 2329 glorificavit
1533 2265 1640 2329 se3
1692 2251 1802 2312 sed
1834 2269 1958 2313 non
1993 2250 2370 2325 inordinate,

885 2354 1075 2429 prout
1120 2346 1318 2410 Judaei
1369 2347 1426 2409 ei
1477 2348 1941 2429 imposuerunt.
1992 2348 2232 2411 Idcirco
2282 2366 2377 2411 re-

884 2447 1145 2529 spondet
1187 2446 1263 2507 ad
1307 2445 1726 2508 intentionem
1770 2446 2077 2529 ipsorum.

969 2547 1080 2606 Est
1111 2546 1312 2605 Pater
1339 2564 1518 2605 meus
1555 2544 1829 2607 eoelestis
1867 2548 1986 2625 qui
2020 2546 2377 2623 qlorificat,

885 2642 950 2705 id
998 2650 1114 2716 est,
1164 2642 1512 2723 gloriosum
1561 2642 1856 2717 ostendit,
1912 2664 2030 2715 me,
2083 2643 2373 2719 dicende,

887 2739 999 2802 Hic
1033 2748 1129 2802 est
1160 2740 1355 2802 Filius
1391 2758 1570 2802 meus
1605 2740 1894 2815 dilectuS,
1939 2748 2002 2803 et
2039 2759 2153 2824 per
2186 2759 2379 2823 opera

886 2838 1286 2912 miraculosa,
1319 2838 1775 2921 Prophetarum
1813 2858 2069 2920 quoque
2099 2839 2373 2921 eloquia.

886 2937 1171 3018 Denique
1201 2936 1379 2999 Pater
1419 2936 1823 3018 glorificavit,
1869 2937 1931 2999 id
1963 2946 2078 3011 est,
2120 2938 2376 3000 beatum

2480 1971 2718 2034 gnosco
2774 1971 2923 2015 eum
2973 1971 3087 2035 per
3144 1953 3775 2035 comprehensionem
3837 1970 3985 2035 per-

2482 2051 2755 2130 fectam3
2801 2058 2866 2113 et
2895 2060 2965 2113 ut
2992 2051 3203 2126 homo,
3238 2070 3547 2133 cognosco
3576 2070 3722 2113 eum
3752 2051 3983 2115 notitia

2485 2149 2683 2213 beatae
2718 2148 3043 2214 fruitionis
3081 2168 3196 2232 per
3234 2150 3534 2232 speciem.
3573 2149 3705 2213 Tali
3744 2168 3983 2233 nempe

2486 2248 2707 2313 notitia
2746 2248 2923 2313 novit
2962 2250 3175 2311 anima
3220 2249 3448 2312 Christi
3492 2248 3689 2311 Deum
3732 2249 3981 2311 Patrem

2486 2365 2599 2410 seu
2638 2347 3009 2409 Trinitatem
3051 2347 3503 2423 indesinenter,
3538 2347 3603 2410 in
3654 2366 3881 2411 somno
3920 2356 3983 2409 et

2487 2446 2703 2526 vigilia
2746 2464 2760 2507 :
2806 2446 2957 2527 quia
3006 2463 3122 2528 per
3170 2465 3465 2510 somnum
3512 2445 3795 2527 aliasque
3842 2465 3985 2509 cor-

2487 2544 2735 2626 porales
2783 2544 3249 2627 occupationeS‚
3301 2544 3579 2607 actiones
3626 2552 3691 2606 et
3740 2544 3989 2626 passio-

2488 2662 2621 2717 ηθε,
2666 2661 2793 2706 non
2844 2643 3313 2725 impediebatur
3356 2642 3570 2705 anima
3619 2643 3850 2706 Christi
3902 2643 3985 2705 ab

2489 2741 2773 2804 interiori
2818 2741 3179 2822 cognitione
3215 2760 3289 2803 ac
3327 2741 3663 2804 dilectione
3703 2740 3835 2813 Dei,
3872 2741 3987 2802 sed

2486 2840 2721 2921 jugiter
2778 2846 2909 2901 erat
2967 2840 3034 2901 in
3092 2848 3257 2901 actu.
3309 2843 3396 2902 Ec
3440 2860 3789 2900 sermonem
3838 2842 3987 2917 q'us

2484 2959 2663 2999 servo
2702 2938 3068 3001 memoriter
3105 2946 3167 2999 et
3204 2937 3591 3013 obedienter,
3626 2938 3984 3000 secundum

885 3035 1037 3098 fecit
1068 3034 1409 3109 Christum,
1437 3037 1787 3098 seeundum
1821 3043 2106 3099 naturam
2138 3055 2381 3098 assum·
2415 3037 2458 3101 C
2489 3044 2776 3099 naturam
2818 3037 3181 3100 humanam.
3214 3036 3346 3099 Non
3386 3037 3560 3100 enim
3599 3036 3988 3117 negligentia

888 3141 1082 3216 ptam,
1135 3132 1519 3197 conferendo
1560 3133 1789 3196 animae
1835 3134 1973 3215 ejus
2017 3133 2379 3197 beatificam

885 3231 1280 3295 fruitionem.
1334 3230 1459 3294 Nec
1510 3232 1744 3294 mirum
1794 3232 1846 3294 si
1900 3232 2096 3294 Filius
2143 3241 2382 3295 asserat

887 3350 955 3393 se
1000 3330 1343 3412 glorificari
1394 3350 1430 3393 a
1472 3330 1668 3405 Patre,
1720 3350 1921 3413 quum
1972 3332 2138 3394 infra
2185 3332 2380 3395 Filius

889 3431 1055 3494 dicat
1091 3431 1169 3493 ad
1206 3429 1451 3492 Patrem
1488 3449 1501 3493 :
1541 3429 1664 3511 Ego
1703 3438 1764 3493 te
1802 3431 2148 3495 clarificavi
2189 3451 2382 3514 super

890 3537 1145 3591 terram.
1182 3528 1254 3591 Et
1298 3528 1361 3590 in
1414 3528 1596 3591 libris
1640 3528 1876 3609 Regum
1927 3529 2089 3592 Deus
2132 3530 2381 3593 locutus

890 3634 984 3689 est
1045 3646 1060 3690 ε
1123 3626 1237 3701 Qui
1303 3625 1759 3707 glorificaverit
1823 3646 1948 3701 me,
2008 3628 2382 3708 glorificabo

889 3744 1058 3788 eum.
1097 3730 1323 3796 Quem,
1354 3726 1416 3788 id
1447 3734 1543 3788 est
1582 3727 1658 3788 de
1691 3744 1821 3807 quo
1861 3726 2037 3789 Patre
2076 3746 2241 3800 meo,
2276 3750 2383 3789 vos

885 3826 1108 3885 dicitis
1144 3827 1302 3904 quia
1345 3828 1516 3885 Deus
1564 3809 1777 3885 n'oster
1819 3836 1910 3887 est
1960 3844 2073 3907 per
2121 3826 2383 3889 creatio·

889 3942 1034 3985 nem
1065 3932 1127 3985 et
1153 3922 1702 4004 gubernationem,
1739 3930 1800 3985 et
1829 3942 1944 4006 per
1973 3924 2380 3988 dilectionem

886 4030 950 4084 et
980 4022 1456 4085 honorationem
1487 4030 1762 4084 nostram
1794 4024 1872 4085 ad
1903 4041 2064 4085 eum.
2083 4022 2380 4095 Quamvis

888 4119 1060 4181 enim
1087 4119 1284 4182 Judaei
1317 4119 1640 4182 Trinitatis
1673 4120 2044 4202 mysterium
2088 4121 2382 4202 ignoran-

2489 3135 2587 3198 vel
2632 3134 2869 3199 oblivio
2912 3135 3122 3198 locum
3166 3135 3436 3197 habebat
3483 3134 3549 3197 in
3592 3134 3863 3199 Christo.
3900 3138 3987 3196 Et

2486 3235 2547 3295 εἰ
2574 3236 2801 3295 dixero
2839 3235 2999 3314 quia
3030 3254 3157 3295 non
3194 3236 3323 3295 scio
3350 3254 3524 3304 eum,
3554 3234 3617 3296 id
3656 3241 3771 3309 est,
3805 3234 3987 3314 quod

2489 3331 2733 3394 Patrem
2779 3351 2903 3395 non
2954 3350 3261 3413 cognosco
3304 3350 3319 3394 ε
3362 3333 3535 3413 quod
3581 3331 3987 3413 impossibile

2490 3438 2584 3493 est
2634 3449 2737 3492 me
2795 3430 3028 3505 dicere,
3078 3430 3244 3493 sicut
3292 3430 3691 3513 impossibile
3736 3439 3835 3493 est
3881 3449 3987 3492 me

2490 3528 2791 3607 mentiri3
2841 3548 2946 3588 ero
2995 3529 3235 3588 similis
3282 3530 3479 3597 υοὸἱε,
3520 3531 3823 3599 mendam,
3867 3529 3985 3610 qui

2494 3626 2692 3689 multa
2744 3626 3070 3689 mendacia
3125 3625 3371 3707 fingitis
3418 3634 3636 3689 contra
3681 3644 3823 3707 me3
3876 3630 3989 3687 sed

2488 3727 2617 3785 scio
2660 3746 2833 3796 eum,
2866 3734 2926 3785 ec
2966 3744 3320 3786 sermonem
3361 3726 3501 3802 ejus
3540 3745 3717 3785 servo
3745 3726 3849 3806 (ut
3894 3725 3989 3787 di-

2490 3831 2662 3886 ctum
2706 3822 2848 3901 est).

2571 3920 2760 3983 Paulo
2807 3928 2953 3982 ante
3000 3918 3299 3981 dixerunt
3342 3918 3535 3982 Judaei
3590 3938 3604 3983 τ
3656 3919 3985 4003 Numquid

2489 4027 2559 4081 tu
2610 4018 2811 4099 major
2858 4035 2926 4080 es
2985 4023 3161 4099 patre
3219 4025 3431 4081 nostro
3479 4017 3839 4081 Abraham?
3892 4020 3985 4082 Ad

2490 4118 2610 4181 hoc
2660 4116 2944 4180 Christus
2993 4117 3179 4180 modo
3228 4118 3611 4199 respondet:
3646 4120 3985 4181 Abraham

888 4226 1004 4291 teS,
1039 4236 1162 4280 non
1193 4217 1469 4280 dixerint
1498 4217 1691 4279 Deum
1731 4217 1971 4279 Patrem
2005 4236 2143 4281 esse
2183 4219 2378 4282 Deum
2415 4217 2462 4279 D
2482 4226 2673 4295 pater
2714 4226 2933 4287 vester,
2988 4216 3339 4278 secundum
3388 4216 3701 4278 carnalem
3759 4236 3986 4300 propa·

889 4316 1198 4398 ipsorum,
1261 4316 1579 4398 loquendo
1646 4317 1724 4378 de
1782 4315 1958 4379 Patre
2027 4320 2377 4381 secundum

892 4414 1063 4495 quod
1104 4412 1319 4493 Pater3
1362 4421 1571 4475 tamen
1617 4413 1677 4475 id
1717 4415 1886 4495 quod
1928 4422 2022 4476 est
2062 4414 2260 4490 Pater,
2296 4416 2383 4479 vi-

892 4511 1120 4575 delicet
1155 4511 1353 4574 Deum
1392 4512 1680 4575 absolute
1717 4520 2063 4595 acceptum,
2086 4514 2384 4577 dixerunt

893 4628 1031 4672 esse
1077 4609 1269 4673 Deum
1314 4628 1524 4672 suum.

972 4711 1059 4770 Ec
1099 4728 1231 4770 non
1269 4710 1651 4785 coynoviscis
1697 4728 1845 4769 eum
1876 4730 1899 4769 .·
1940 4708 2244 4790 quoniam
2287 4708 2387 4771 Pa-

895 4813 1056 4868 trem
1091 4824 1214 4869 non
1249 4814 1683 4887 cognoverunt
1721 4808 2070 4869 secundum
2105 4808 2386 4889 proprie·

895 4912 1084 4967 tatem
1132 4904 1458 4967 relativam
1499 4913 1561 4968 et
1604 4904 1926 4988 propriam
1966 4905 2163 4987 patris
2207 4907 2387 4969 ratio-

895 5020 1064 5077 nem,
1115 5021 1233 5066 nec
1282 5002 1478 5065 Deum
1539 5011 1972 5085 cognoverunt
2027 5004 2387 5085 cognitione

895 5101 1186 5177 formata,
1239 5102 1349 5164 sed
1408 5101 1688 5165 informi.
1748 5101 1882 5165 Non
1943 5102 2113 5164 enim
2174 5103 2391 5166 obedi-

896 5208 1084 5263 erunt
1113 5200 1252 5282 ejus
1285 5200 1644 5283 praeceptis:
1684 5200 1828 5264 Ideo
1865 5200 2047 5264 factis
2097 5218 2245 5263 eum
2284 5219 2391 5263 ne-

2488 4316 2728 4396 ginem,
2773 4332 2899 4378 non
2950 4314 3303 4376 secundum
3344 4313 3497 4376 fidei
3547 4322 3737 4396 atque
3786 4314 3988 4379 virtu-

2494 4422 2629 4475 tum
2680 4412 3084 4495 parilitatem,
3118 4414 3495 4483 eoesulcavit,
3534 4412 3597 4475 id
3642 4421 3759 4487 est,
3802 4414 3989 4497 spiri-

2492 4512 2748 4574 tualiter
2804 4511 3151 4585 laetabatur,
3206 4521 3276 4572 ut
3325 4514 3589 4584 videret,
3641 4512 3705 4574 id
3764 4520 3862 4574 est
3911 4514 3987 4576 de

2495 4611 2614 4673 hoc
2645 4610 2814 4692 quod
2846 4610 3099 4672 visurus
3138 4618 3293 4682 erat,
3324 4611 3498 4671 diem
3525 4630 3758 4681 meum,
3796 4611 3859 4674 id
3894 4620 3989 4675 est

2493 4717 2749 4791 tempus
2802 4710 3109 4771 adventus
3167 4708 3293 4770 mei
3348 4725 3459 4769 seu
3510 4708 3984 4773 incarnationis.

2494 4806 2678 4869 Facta
2723 4807 2896 4869 enim
2953 4806 3075 4868 sibi
3127 4806 3543 4890 promissione
3590 4809 3761 4889 quod
3808 4808 3991 4871 Chri-

2495 4912 2665 4967 stum
2709 4905 2776 4967 in
2823 4904 3053 4987 spiritu
3100 4911 3405 4978 cerneret,
3448 4904 3715 4986 ejusque
3758 4916 3988 4987 myste-

2497 5003 2591 5067 ria
2639 5010 2947 5077 nosceret,
2992 5003 3351 5066 cordialiter
3399 5004 3758 5067 exsultavit.
3788 5007 3987 5075 Vidit,

2498 5104 2560 5165 id
2610 5111 2726 5177 est,
2782 5120 2895 5185 per
2942 5102 3241 5184 spiritum
3300 5102 3647 5184 prophetia)
3694 5103 3987 5183 cognovit

2500 5201 2669 5264 diem
2718 5201 3026 5284 adventus
3077 5200 3223 5276 mei,
3272 5200 3370 5263 vel
3421 5218 3524 5262 me
3570 5206 3723 5263 tunc
3769 5210 3989 5264 ventu-

895 5299 1148 5380 gabant,
1210 5300 1747 5380 quemadmodum
1814 5300 1892 5360 de
1953 5298 2171 5382 impiis
2238 5299 2394 5361 dicit
2504 5318 2669 5374 rum,
2702 5308 2762 5359 et
2783 5301 3053 5376 ¹qavisus
3080 5308 3190 5360 est.
3226 5298 3528 5379 Cognovit
3556 5298 3727 5361 enim
3756 5297 3984 5361 Filium
