4300 6259
130 2544 191 2599 10

1152 497 1506 546 tumulo
1547 496 1612 545 m
1652 497 1790 545 GAP.
1836 496 1883 543 11
1922 496 2200 545 somma.
2245 516 2326 527 —
2367 498 2510 545 Am.
2555 496 2640 543 vu

3319 475 3440 540 315

321 671 568 746 cundo,
610 670 916 752 quoniam
958 670 1378 733 architriclini
1420 669 1663 751 judicio
1704 667 1913 731 ma-A
1944 667 2244 732 deteriori
2295 668 2461 731 sicut
2512 687 2625 750 pro
2675 667 2947 742 meliori,
3001 685 3128 731 non
3187 685 3445 729 excusa-

315 768 423 847 gis
476 769 854 831 credebatur
901 770 979 832 ab
1029 769 1374 849 omnibus;
1421 768 1629 843 tertio,
1682 768 1835 849 quia

321 865 619 929 fortassis
658 867 1133 930 architriclinus
1177 876 1433 950 propter
1474 886 1689 930 curam
1731 886 1835 929 su-

319 984 429 1027 am
493 964 559 1027 in
622 966 1041 1047 dispositione
1099 965 1402 1039 convivii,
1447 984 1672 1047 parum
1734 984 1836 1028 co-

320 1064 531 1125 medit
559 1084 635 1127 ac
666 1064 850 1137 bibit,
884 1065 1109 1147 sicque
1138 1071 1399 1147 propter
1428 1064 1831 1126 sobrietatem

322 1182 514 1224 suam
563 1163 773 1245 aptior
818 1162 943 1225 fuit
991 1164 1135 1225 aliis
1178 1165 1256 1226 ad
1294 1162 1713 1244 judicandum
1758 1162 1835 1223 de

326 1261 549 1323 valore
602 1262 759 1324 vini.
803 1265 889 1323 Et
941 1267 1231 1324 tulerunt
1281 1260 1559 1324 ministri
1613 1261 1833 1325 vinum

324 1361 409 1421 ad
454 1360 990 1423 architriclinum.

439 1462 519 1522 Ut
566 1470 811 1530 autem,
860 1460 925 1523 id
983 1468 1079 1523 cst
1134 1467 1495 1542 postquam,
1547 1460 1835 1537 ,qu-stavit

326 1560 835 1620 architriclinus
884 1580 1127 1639 aquam
1175 1562 1409 1620 vinum
1455 1560 1725 1636 factam,
1770 1558 1834 1619 id

326 1665 431 1717 est
480 1657 707 1720 vinum
765 1658 831 1721 in
881 1659 1053 1740 quod
1110 1677 1276 1740 aqua
1334 1656 1456 1719 fuit
1505 1675 1830 1721 conversa.

326 1752 421 1815 Ex
470 1773 643 1836 aqua
680 1757 854 1819 enim
898 1756 1108 1819 fuerat
1146 1756 1380 1819 factum
1425 1756 1544 1819 hoc
1584 1756 1828 1829 vinum,

1945 774 2119 829 retur
2169 786 2206 829 a
2253 767 2462 849 culpa.
2507 767 2570 829 Si
2614 785 2760 831 vero
2805 767 2897 829 sic
2937 766 3127 829 faciat
3163 766 3239 828 ad
3285 784 3446 847 prae-

1944 867 2299 929 cavendum
2343 866 2716 948 ampliorem
2765 866 3126 929 bibentium
3175 864 3446 927 ebrieta-

1945 972 2093 1041 tem,
2132 984 2250 1028 nec
2289 973 2529 1047 quaerat
2567 964 2972 1047 superfluum
3010 965 3286 1048 pretium
3330 981 3445 1045 pro

1946 1063 2118 1137 vino,
2156 1082 2281 1126 non
2309 1062 2479 1141 ,facit
2521 1063 2702 1125 male.

2036 1166 2129 1223 Tu
2160 1173 2376 1223 autem
2405 1165 2677 1223 servasti
2716 1164 2952 1224 bonum
2985 1164 3214 1223 vinum
3244 1181 3446 1239 usque

1944 1263 2180 1331 adhue,
2235 1262 2355 1323 hoc
2413 1269 2530 1335 est,
2584 1267 2802 1323 contra
2859 1260 3241 1323 laudabilem
3300 1278 3448 1321 con-

1946 1360 2348 1421 suetudinem
2390 1360 2509 1423 hoc
2548 1358 2778 1433 fecisti,
2812 1366 2873 1421 et
2915 1359 3202 1421 meruisti
3245 1359 3448 1420 redar-

1943 1458 2074 1538 gui.
2109 1457 2213 1520 Sic
2253 1458 2424 1520 enim
2458 1458 2703 1540 putavit
2740 1458 3234 1520 architriclinus.
3267 1456 3449 1518 Unde

1949 1557 2365 1640 perpenditur
2423 1558 2592 1639 quod
2651 1557 2873 1619 vinum
2934 1557 3103 1618 istud
3166 1555 3443 1637 peropti-

1946 1675 2123 1718 mum
2155 1654 2298 1717 fuit.
2333 1655 2534 1738 Opera
2562 1656 2806 1738 quippe
2837 1654 3064 1719 Christi
3099 1662 3276 1717 erant
3309 1673 3443 1736 per·
3471 1671 3730 1719 Deutxxxu,

1946 1752 2131 1816 fecta.
2178 1753 2332 1816 Nam
2382 1773 2542 1835 quos
2585 1754 2829 1817 sanavit
2869 1753 3300 1836 corporaliter,
3345 1772 3441 1815 sa·
3465 1736 3509 1779 ⁴·

324 1854 518 1933 quasi
548 1872 627 1917 ex
658 1874 847 1917 causa
876 1855 1213 1937 materiali,
1244 1854 1449 1919 forma
1484 1872 1666 1936 aquae
1704 1873 1834 1916 cor·
1876 1856 1920 1918 B
1950 1852 2123 1915 navit-
2155 1860 2216 1915 et
2247 1852 2702 1934 spiritualiter3
2740 1860 2804 1915 et
2842 1854 2906 1915 in
2939 1852 3162 1915 ceteris
3193 1852 3440 1915 actibus

328 1958 541 2033 rupta.
578 1956 664 2013 Ec
702 1974 833 2015 non
870 1955 1105 2015 sciebat
1141 1953 1617 2016 architriclinus
1662 1956 1832 2013 unde

323 2059 501 2121 esset,
555 2051 619 2113 id
669 2060 786 2126 est,
838 2072 877 2115 a
922 2072 1052 2134 quo
1099 2053 1443 2114 adductum
1491 2058 1659 2113 esset
1704 2058 1832 2112 tam

327 2148 550 2211 nobile
608 2150 885 2231 vinum3
936 2152 1231 2211 ministri
1277 2160 1491 2211 autem
1550 2151 1834 2209 sciebant

328 2248 503 2309 unde
552 2255 741 2323 esset,
776 2250 895 2329 qui
932 2252 1288 2310 hauserant
1326 2268 1567 2327 aquam
1610 2247 1676 2308 in
1722 2246 1835 2328 hy-

326 2346 501 2408 drias
531 2345 741 2409 fusam
782 2355 976 2429 atque
1016 2348 1081 2409 in
1125 2346 1348 2409 vinum
1379 2352 1708 2408 mutatam.
1738 2347 1837 2407 Vo-

322 2454 433 2505 cat
459 2464 769 2522 sponsum
792 2447 1301 2511 architriclinus,
1328 2451 1397 2506 ut
1425 2451 1646 2525 arguat
1666 2461 1830 2517 eum,

322 2554 387 2605 et
419 2546 585 2604 dicit
616 2548 681 2604 ei
710 2564 733 2603 .·

432 2644 661 2705 Omnis
718 2645 905 2703 homo
953 2643 1253 2719 primum
1308 2644 1541 2703 bonum
1602 2642 1831 2703 vinum

314 2744 539 2818 ponit,
569 2752 631 2802 et
666 2762 866 2821 quum
911 2742 1224 2802 inebriati
1261 2742 1541 2821 fuerint,
1578 2750 1731 2801 tunc
1760 2742 1834 2801 id

321 2844 503 2918 quod
530 2844 819 2902 deterius
845 2850 955 2900 est.
996 2838 1366 2901 Distributio
1408 2838 1529 2900 ista
1573 2857 1699 2902 non
1738 2846 1835 2900 est

322 2938 744 3020 intelligenda
794 2938 1175 3020 simpliciter
1222 2938 1301 2999 de
1358 2937 1673 3001 universis
1723 2938 1834 3001 ho-

1950 1950 2178 2014 Christi
2231 1951 2355 2013 suit
2401 1952 2744 2014 eminentia
2792 1954 3105 2033 quiedam,
3148 1951 3235 2014 ita
3270 1951 3440 2033 quod

1948 2049 2452 2111 terminabantur
2481 2052 2556 2112 ad
2589 2050 2830 2132 aliquid
2864 2049 3206 2133 perfectius
3247 2068 3440 2131 quam

1949 2149 2147 2230 possit
2206 2156 2431 2210 natura
2488 2150 2857 2231 producere.
2919 2149 3254 2231 Propterea
3307 2148 3442 2211 haec

1946 2248 2447 2328 supernaturalis
2496 2248 2761 2310 mutatio
2809 2266 3009 2329 aquae,
3061 2246 3444 2310 terminaba-

1943 2351 2048 2405 tur
2088 2346 2168 2408 ad
2213 2346 2433 2408 vinum
2479 2345 2916 2427 praevalidum.

2035 2447 2174 2506 Hoc
2218 2446 2374 2522 fecit
2421 2445 2694 2505 initium
2740 2446 3078 2521 siqnorum
3119 2447 3322 2516 JesuS,
3375 2443 3438 2507 id
3578 2451 3640 2505 Η

1942 2549 2059 2617 est,
2097 2542 2395 2625 praedicta
2423 2542 2690 2606 mutatio
2728 2561 2909 2623 aquae
2949 2542 3012 2603 in
3056 2542 3274 2604 vinum
3316 2542 3442 2605 fuit

1945 2641 2228 2723 primum
2272 2641 2654 2703 miraculum
2694 2640 2925 2704 Christi
2971 2641 3140 2722 quod
3179 2640 3332 2703 fecit
3373 2641 3437 2703 in

1943 2759 2164 2821 carne3
2192 2740 2560 2821 factumque
2589 2748 2686 2802 est
2715 2742 2788 2801 in
2819 2742 3177 2821 Cana,quae
3207 2748 3302 2803 est
3334 2740 3444 2803 vil·

1944 2840 2005 2901 la
2048 2843 2383 2909 Galiloeoe;
2417 2848 2476 2899 et
2510 2841 2980 2919 manifestavit,
3020 2839 3084 2901 id
3135 2847 3250 2914 est,
3297 2840 3440 2902 aliis

1946 2938 2325 3011 notificavit,
2353 2940 2641 3015 ,qloriam
2669 2960 2881 3007 sua-m,
2914 2937 2977 3001 id
3007 2948 3103 3001 est
3131 2939 3445 3002 excellen-

318 3037 635 3113 minibus,
668 3038 824 3119 quia
863 3054 981 3100 nec
1019 3037 1229 3100 omnis
1276 3037 1465 3099 homo
1512 3035 1701 3098 habet
1743 3036 1833 3097 vi-
1869 3041 1912 3105 C
1944 3037 2119 3110 tiam,
2157 3037 2257 3099 vel
2297 3036 2846 3118 omnipotentiam,
2892 3054 3003 3099 seu
3044 3037 3442 3099 divinitatem

320 3155 507 3211 num,
542 3154 661 3199 nec
700 3138 911 3199 omnis
949 3136 1141 3200 homo
1179 3135 1419 3197 habens
1452 3134 1697 3209 vinum,
1732 3154 1835 3217 pc-

320 3236 421 3297 nit
462 3236 624 3298 illud
662 3244 810 3297 ante
849 3236 1029 3309 alios,
1074 3252 1191 3297 nec
1234 3234 1443 3297 omnis
1487 3234 1599 3316 qui
1653 3234 1833 3316 ponit

318 3342 474 3396 ante
518 3334 679 3397 alios
730 3334 955 3396 vinum
1004 3333 1269 3408 bonum,
1327 3333 1506 3415 ponit
1550 3332 1831 3395 bibenti-

320 3432 449 3495 bus
501 3433 832 3495 inebriatis
883 3432 1103 3495 vinum
1161 3432 1464 3495 deteriuS.
1520 3430 1627 3493 Est
1684 3450 1831 3512 ergo

321 3532 698 3595 distributio
754 3532 1183 3605 accommoda,
1237 3540 1299 3593 et
1346 3549 1555 3593 sermo
1606 3548 1832 3593 secun-

322 3632 483 3693 dum
528 3631 1058 3695 consuetudinem
1106 3630 1397 3711 loquenS,
1442 3636 1511 3691 ut
1560 3629 1642 3691 sit
1689 3648 1833 3692 sen-

320 3750 435 3793 sus
491 3749 507 3792 t
571 3730 789 3792 Omnis
849 3730 1040 3793 homo
1103 3746 1344 3810 ponens
1404 3728 1627 3790 vinum
1685 3736 1831 3789 ante

318 3829 507 3903 alioS,
564 3830 867 3911 primum,
913 3828 977 3889 id
1024 3835 1123 3889 est
1169 3827 1233 3889 in
1287 3826 1605 3908 principio
1657 3834 1833 3908 pota-

318 3927 545 4002 tioniS,
598 3936 661 3989 et
707 3935 1050 4007 antequam
1108 3925 1281 3987 aliud
1343 3925 1565 3988 vinum
1614 3932 1826 4007 ponat,

318 4026 572 4090 bonum
618 4025 838 4088 vinum
887 4024 1087 4106 ponit,
1133 4024 1479 4087 dummodo
1527 4024 1825 4097 humane,

320 4127 678 4208 prudenter
735 4132 797 4185 et
855 4121 1315 4186 rationabiliter
1371 4130 1532 4203 agat,
1586 4122 1649 4183 id
1710 4130 1825 4199 est,

1944 3154 2124 3197 suam
2169 3134 2234 3197 in
2279 3153 2468 3197 carne
2511 3135 2834 3198 latentem.

2023 3233 2357 3308 Quaeritur,
2409 3252 2490 3295 an
2549 3234 2816 3298 mutatio
2871 3253 3054 3315 aquae
3105 3234 3170 3297 in
3220 3235 3441 3298 vinum

1942 3332 2065 3395 fuit
2107 3334 2386 3415 primum
2435 3332 2812 3395 miraculum
2864 3332 3102 3395 factum
3149 3353 3186 3395 a
3234 3333 3444 3397 Salva-

1941 3440 2099 3495 tore.
2132 3431 2210 3495 Et
2247 3439 2509 3514 apparet
2551 3432 2781 3513 primo,
2815 3434 2985 3514 quod
3027 3452 3175 3507 non,
3211 3450 3325 3514 per
3369 3452 3440 3495 ea

1942 3549 2085 3612 quae
2127 3530 2191 3592 in
2233 3530 2562 3612 evangelio
2591 3530 3048 3604 Nazaraeorum,
3083 3539 3144 3593 et
3175 3532 3238 3592 in
3274 3531 3438 3595 libro

1943 3630 2019 3691 dc
2068 3629 2338 3692 Infantia
2384 3628 2721 3692 Salvator-is
2771 3628 3159 3691 scribuntur.
3203 3628 3438 3691 Secun-

1942 3728 2023 3790 do
2076 3746 2089 3788 :
2144 3746 2288 3788 nam
2341 3726 2625 3789 Christus
2674 3725 3055 3789 miraculose
3111 3726 3308 3789 exivit
3357 3728 3434 3789 de

1943 3833 2121 3887 utero
2152 3824 2450 3905 Virginis.
2486 3824 2727 3887 Dicitur
2765 3842 3024 3905 quoque
3061 3826 3434 3907 apparuisse
3500 3842 3727 3894 Mateta,

1942 3923 2145 3985 tribus
2205 3922 2394 4003 Magis
2453 3923 2518 3986 in
2579 3923 2840 3998 somniS,
2901 3909 3530 4006 admonuisseque¹²'

1940 4040 2047 4085 eos
2096 4030 2167 4084 ut
2215 4039 2329 4104 per
2377 4022 2566 4084 aliam
2615 4022 2782 4083 viam
2841 4030 3309 4085 reverterentur
3368 4025 3433 4086 in

1942 4130 2170 4183 terram
2221 4131 2425 4183 suam.
2468 4120 2751 4202 Denique
2801 4120 2866 4182 in
2915 4122 3290 4202 praecedenti
3338 4142 3437 4186 ca-

318 4241 702 4307 saporosum
740 4229 803 4284 et
844 4222 1085 4284 clarum
1128 4220 1351 4284 vinum
1392 4220 1573 4303 ponit
1618 4240 1829 4284 coram
1862 4226 1911 4287 D
1943 4220 2145 4302 pitulo
2205 4219 2428 4301 patuit,
2481 4220 2651 4301 quod
2712 4219 3004 4300 praedixit
3060 4219 3240 4283 Petro
3291 4240 3437 4303 pro-

318 4322 723 4396 hibentibuS,
768 4340 847 4384 ne
896 4320 1401 4402 reprehendatur
1449 4319 1529 4382 ab
1581 4318 1708 4381 illis
1752 4321 1829 4381 de

318 4420 575 4485 malitia
620 4420 779 4483 vini.
820 4420 889 4481 In
937 4419 1257 4501 principio
1298 4418 1473 4481 enim
1522 4418 1831 4500 epulatio-

318 4521 445 4595 niS,
493 4526 645 4582 sunt
693 4518 985 4582 homines
1034 4518 1162 4600 apti
1212 4518 1289 4580 ad
1337 4518 1826 4580 discernendum

320 4620 400 4681 de
442 4618 583 4683 vini
621 4617 857 4681 valore.
892 4616 969 4679 Et
1006 4636 1211 4698 quum
1250 4615 1547 4677 inebriati
1588 4614 1829 4677 fuerint

318 4719 761 4793 convivantes,
814 4724 969 4780 tunc
1018 4716 1226 4780 omnis
1284 4716 1475 4779 homo
1536 4716 1716 4797 ponit
1762 4716 1828 4777 id

316 4818 497 4900 quod
550 4816 829 4879 deterius
876 4823 996 4889 est,
1041 4815 1104 4877 id
1141 4821 1250 4876 est
1298 4814 1489 4877 vilius
1544 4814 1765 4877 vinum
1812 4832 1824 4875 ε

318 4916 477 4997 quia
510 4932 735 4977 sensus
763 4920 989 4995 gustus
1030 4920 1125 4975 est
1163 4912 1443 4975 vivacior
1483 4912 1548 4974 in
1590 4911 1825 4984 sobrie,

318 5034 525 5097 quam
574 5014 640 5075 in
690 5013 891 5076 ebrio.
941 5011 1005 5074 Si
1044 5019 1257 5074 autem
1308 5012 1453 5093 quis
1505 5018 1697 5093 ponat
1740 5010 1831 5073 vi-

320 5133 481 5175 num
534 5112 815 5174 deterius
862 5117 1009 5173 ante
1056 5110 1423 5183 inebriatOS,
1478 5116 1547 5169 ut
1596 5108 1831 5171 inordi-

322 5220 549 5275 natum
606 5211 859 5273 lucrum
916 5216 1213 5283 sectetur,
1268 5208 1609 5289 ebriosque
1664 5208 1832 5269 deci-

322 5312 481 5395 piat,
514 5309 829 5373 sumendo
864 5314 1103 5369 tantam
1146 5307 1484 5388 pecuniam
1527 5324 1643 5388 pro
1684 5306 1833 5369 vino

1942 4318 2194 4399 phetice
2230 4337 2243 4380 :
2279 4317 2369 4379 Tu
2411 4317 2734 4381 vocaberis
2768 4317 3030 4399 cephas,
3065 4317 3432 4401 Philippum
3461 4334 3726 4384 mamma.

1940 4433 2200 4498 quoque
2239 4415 2805 4498 supernaturaliter
2843 4416 3014 4478 intus
3053 4418 3329 4493 attraxit,
3365 4427 3434 4481 ut
3463 4434 3725 4483 maius.

1941 4522 2316 4595 sequeretur
2356 4533 2443 4576 se.
2478 4513 2553 4576 Et
2589 4512 2930 4577 Nathanael
2972 4515 3300 4579 confessus
3337 4525 3435 4579 est
3489 4534 3696 4578 [tiata.

1937 4614 2152 4676 ‚lesum
2201 4630 2340 4675 esse
2388 4613 2618 4676 Filium
2670 4614 2799 4690 Dei,
2856 4623 3113 4697 propter
3170 4616 3295 4679 duo
3345 4617 3432 4678 si-

1938 4731 2063 4793 gna
2110 4731 2122 4774 ε
2173 4712 2402 4794 primo,
2444 4712 2746 4794 quoniam
2800 4722 3039 4776 secreta
3088 4716 3294 4777 cordis
3333 4716 3430 4777 sui
3490 4730 3697 4775 uati-1.

1941 4811 2276 4892 cognovit:
2311 4813 2610 4886 secundo,
2646 4812 2948 4893 quoniam
2985 4813 3264 4875 absentis
3305 4834 3436 4877 vcr-

1939 4910 2020 4972 ba
2051 4910 2366 4991 cognovit,
2401 4918 2464 4973 et
2501 4911 2683 4985 dixit,
2717 4912 3069 4993 Antequam
3101 4912 3433 4996 Philippus
3498 4930 3701 4975 mats.

1943 5017 2195 5073 vocaret
2239 5019 2322 5083 te,
2376 5028 2573 5091 quum
2627 5028 2796 5073 esses
2845 5011 2966 5073 sub
3022 5011 3246 5075 arbore
3292 5012 3428 5086 fici,

1942 5109 2072 5171 vidi
2124 5119 2224 5189 te;
2265 5110 2454 5190 eique
2505 5108 2940 5191 prophetando
2991 5110 3303 5193 praedixit‚
3337 5112 3436 5173 Vi-
3487 5136 3609 5181 ma,
3631 5138 3698 5180 51,

1941 5206 2172 5269 debitis
2211 5207 2466 5288 angelos
2497 5206 2605 5268 Dei
2645 5208 3056 5270 ascendentes
3091 5218 3154 5270 et
3183 5210 3437 5273 descen-

1941 5306 2161 5367 dentes
2202 5323 2396 5387 supra
2427 5304 2656 5366 Filium
2699 5304 3001 5369 hominis.
3035 5306 3182 5380 Quae
3219 5308 3433 5371 omnia
