4300 6259
826 459 904 523 16
1641 477 1993 525 manuario
2035 474 2099 523 m
2141 476 2283 523 car.
2328 477 2370 521 x
2411 476 2602 523 tuem.
2646 497 2727 508 -—
2766 478 2909 524 lui-r.
2958 479 3127 525 xxvu

545 669 788 721 Pmmn,
813 654 1059 727 gantur.
1085 646 1347 730 Propter
1375 648 1546 730 quod
1577 656 1714 712 orat
1742 648 2072 711 Psalmista
2099 666 2113 711 τ
2139 648 2327 711 Aver·
2352 646 2405 707 A
2441 647 2756 729 exprimat
2803 648 2928 710 nisi
2967 649 3109 723 tria,
3144 666 3221 711 ex
3260 648 3498 729 quibus
3538 648 3684 712 totis
3727 666 3944 711 aman-

522 734 590 775 ³⁷·
814 753 877 807 te
925 746 1143 808 oculos
1191 764 1364 810 meos
1414 764 1494 808 ne
1543 747 1800 811 videant
1843 747 2209 811 vanitatem.
2254 746 2323 807 In
2436 745 2554 807 dus
2585 754 2681 807 est
2710 746 2895 821 Deus,
2930 766 3045 809 eur
3074 746 3179 809 hic
3210 745 3513 809 dicuntur
3540 754 3814 828 quatuor
3844 764 3943 808 es-

815 842 1256 907 Ecclesiastico
1298 864 1557 927 quoque
1601 846 1863 909 docetur
1897 864 1910 907 :
1946 844 2093 927 Sepi
2135 862 2323 906 aures
2434 860 2501 904 se
2540 843 2776 926 scripta
2815 846 2881 906 in
2928 846 3109 926 lege?
3140 846 3233 907 Ad
3284 846 3456 926 quod
3495 845 3935 927 respondetur,

573 866 721 909 Eeelt'.

576 942 662 977 ''¹'’
693 930 759 970 ²⁸·
815 949 954 1004 tuas
1004 943 1232 1025 spiniS,
1288 952 1350 1005 et
1409 944 1538 1007 noli
1589 944 1810 1005 audire
1870 943 2157 1023 linguam
2210 961 2319 1004 ne·
2430 944 2600 1022 quod
2634 942 2753 1003 tria
2783 943 2892 1003 illa
2921 962 2958 1004 a
2986 942 3193 1027 Moyse
3228 944 3395 1005 dicta
3434 942 3773 1005 includunt
3801 943 3939 1005 haec

814 1059 1028 1121 quam.
1061 1041 1371 1104 Jubemur
1401 1060 1550 1122 ergo
1588 1041 1790 1103 Deum
1821 1060 1898 1103 ex
1940 1042 2038 1103 bis
2071 1039 2321 1104 viribus
2428 1047 2722 1121 quatuor,
2747 1039 2890 1104 ideo
2919 1049 3192 1122 quatuor
3224 1041 3342 1104 ista
3372 1041 3610 1123 scripta
3638 1048 3789 1103 sunt
3818 1039 3931 1115 ibi,

813 1140 1134 1203 sensitivis
1179 1141 1443 1221 diligere
1479 1160 1492 1202 :
1531 1160 1656 1203 non
1689 1142 1860 1222 quod
1904 1139 2200 1222 potentiae
2238 1139 2321 1200 is-
2428 1138 2652 1202 saltem
2697 1140 3051 1202 virtualiter
3092 1148 3285 1223 atque
3326 1140 3660 1222 implicite.
3693 1138 3934 1221 Nempe

813 1243 892 1299 tae
932 1239 1244 1319 organica)
1287 1238 1486 1301 Deum
1527 1238 2082 1320 simplicissimum
2127 1236 2323 1298 habe-
2428 1238 2600 1316 quod
2629 1238 2864 1301 dicitur
2895 1239 3021 1315 hic,
3056 1238 3145 1300 Ex
3176 1238 3475 1303 omnibus
3508 1238 3753 1301 viribus
3784 1238 3932 1310 tuis,

811 1342 922 1396 ant
969 1354 1084 1417 pro
1131 1335 1402 1417 objecto,
1449 1335 1550 1399 vel
1593 1337 1673 1398 ad
1720 1336 1859 1416 ejus
1909 1335 2319 1399 dilectionem
2426 1333 2665 1417 Moyses
2705 1355 2820 1418 per
2850 1336 3291 1401 fortitudinem
3333 1336 3669 1400 intellexit.
3704 1335 3931 1399 Totum

812 1432 1048 1496 directe
1095 1453 1168 1496 ac
1216 1434 1581 1497 immediate
1632 1434 2019 1516 pertingant,
2065 1441 2176 1496 aut
2225 1432 2320 1494 di-
2425 1441 2639 1496 autem
2688 1453 2797 1498 cor
2843 1434 3215 1517 frequenter
3263 1435 3659 1498 intellectum
3712 1442 3776 1497 et
3821 1451 3935 1496 vo-

811 1530 976 1595 vinae
1031 1532 1390 1597 dilectionis
1451 1533 1760 1595 exsistant
1819 1531 2149 1613 subjecta;
2208 1532 2317 1595 sed
2428 1530 2735 1594 luntatem
2786 1533 3273 1615 comprehendit
3317 1552 3391 1595 ac
3439 1534 3713 1607 denotat,
3766 1531 3932 1593 sicut

810 1631 961 1713 quia
1008 1632 1217 1694 taliter
1263 1640 1414 1694 sunt
1461 1633 1771 1714 regendae‚
1817 1639 1888 1694 ut
1933 1630 2192 1713 expedit
2238 1630 2317 1692 ad
2427 1648 2630 1711 quum
2680 1631 2953 1694 dicimus
2988 1651 3003 1694 ε
3038 1631 3402 1696 confitebor
3450 1631 3591 1707 tibi,
3641 1629 3926 1705 Domine,
4010 1650 4187 1701 Ρωι,
4206 1655 4245 1701 2:

811 1729 1087 1791 caritatis
1117 1729 1541 1812 adeptionem,
1577 1729 2144 1804 conservationem,
2172 1747 2317 1811 pro-
2428 1725 2492 1788 in
2534 1735 2666 1791 toto
2703 1729 2891 1792 corde
2930 1748 3095 1793 meo.
3128 1727 3415 1811 Denique
3452 1729 3623 1812 apud
3662 1727 3935 1791 Matthae-
3960 1718 4243 1829 ζζζζηίξ

809 1827 1072 1904 fectum,
1108 1836 1171 1891 et
1209 1829 1847 1893 consummationem.
1881 1827 1998 1892 Pro
2036 1846 2167 1909 quo
2208 1828 2316 1890 ad-
2352 1826 2400 1888 B
2428 1842 2539 1886 um
2589 1834 2916 1908 ponuntur
2952 1828 3095 1903 tria,
3137 1847 3341 1909 quum
3383 1827 3617 1891 dicitur
3648 1845 3664 1889 :
3697 1826 3929 1907 Diliges
3960 1849 4243 1899 uacuum.

537 1949 782 1999 uranu..
812 1926 1137 2010 implendo
1168 1929 1401 1991 dicitur
1429 1927 1496 1989 in
1527 1927 2003 1990 Ecclesiastico:
2030 1926 2314 2002 Domine,
2427 1922 2767 1987 Dominum
2813 1925 3015 1987 Deum
3053 1934 3236 1989 tuum
3276 1944 3353 1989 ex
3392 1934 3523 1990 toto
3561 1926 3750 1989 corde
3793 1933 3923 2001 tue,
3958 1914 4037 1955 ³⁷·

518 2016 604 2056 ⁴”⁶·
814 2033 990 2107 pater
1033 2034 1095 2088 et
1137 2027 1493 2090 dominator
1536 2026 1682 2090 vitae
1730 2044 1908 2101 meae,
1957 2024 2315 2087 extollenti·
2425 2030 2489 2084 et
2518 2022 2584 2084 in
2615 2031 2746 2087 tota
2773 2024 2985 2087 anima
3016 2033 3143 2099 tua,
3178 2030 3242 2087 et
3282 2025 3345 2087 in
3388 2032 3515 2087 tota
3554 2032 3766 2087 mente
3795 2033 3925 2087 tua.

809 2142 914 2185 am
947 2125 1279 2188 oculorum
1317 2142 1606 2188 meorum
1635 2142 1718 2187 ne
1747 2123 1996 2188 dederis
2034 2123 2217 2197 mihi,
2252 2130 2316 2184 et
2425 2120 2600 2184 Unde
2630 2122 2872 2185 ibidem
2902 2124 3239 2198 omittitur,
3273 2123 3364 2186 Ex
3396 2130 3523 2186 tota
3552 2122 3928 2187 fortitudine

811 2241 999 2285 omne
1050 2223 1438 2287 desiderium
1491 2242 1760 2306 pravum
1807 2230 2024 2285 averte
2069 2240 2108 2283 a
2156 2238 2310 2301 me3
2426 2226 2554 2294 tua,
2596 2238 2731 2296 seu,
2766 2220 2856 2283 Ex
2904 2222 3205 2285 omnibus
3248 2222 3494 2285 viribus
3541 2222 3671 2285 tuis
3707 2223 3930 2304 :quod

810 2320 993 2383 auser
1017 2340 1054 2383 a
1083 2341 1186 2384 me
1216 2322 1456 2385 ventris
1486 2320 2051 2403 concupiscentias,
2077 2329 2141 2382 et
2171 2338 2316 2383 con·
2424 2325 2637 2380 tamen
2670 2336 2784 2401 per
2811 2327 3007 2383 totam
3036 2321 3313 2383 animam
3348 2320 3499 2383 satis
3540 2319 3925 2383 insinuatur.

811 2419 1062 2483 cubitus
1120 2420 1653 2502 concupiscentiae
1703 2437 1782 2481 ne
1837 2419 2315 2502 apprehendant
2425 2416 2653 2479 Anima
2711 2436 2988 2501 namque
3049 2420 3287 2482 dicitur
3342 2427 3547 2483 totum
3606 2420 3933 2502 potestati-

812 2536 936 2580 me.
971 2522 1057 2580 Ec
1097 2538 1180 2579 em
1221 2519 1522 2579 omnibus
1568 2520 1818 2579 viribus
1869 2519 2019 2579 tuis.
2051 2517 2188 2579 Jam
2238 2516 2315 2577 de
2428 2534 2603 2591 vum,
2648 2517 2803 2598 quia
2846 2518 3062 2600 plures
3106 2518 3393 2581 continet
3432 2519 3623 2581 vires.

810 2617 1054 2680 viribus
1087 2634 1200 2699 per
1230 2636 1338 2679 cor
1367 2624 1430 2678 et
1458 2616 1737 2679 animam
1771 2616 2114 2697 designatis
2147 2634 2316 2678 men·
2519 2613 2777 2697 Oportet
2835 2616 3020 2691 scire,
3073 2617 3246 2698 quod
3306 2625 3695 2700 praeceptum
3755 2616 3929 2679 istud

811 2716 899 2779 tio
941 2714 1105 2779 sacta
1147 2723 1244 2777 est
1279 2734 1292 2778 :
1328 2734 1444 2778 cur
1487 2732 1636 2794 ergo
1677 2733 1850 2777 nunc
1889 2715 2084 2790 addit,
2118 2714 2194 2776 Et
2236 2732 2313 2777 ex
2424 2712 2763 2795 tripliciter
2803 2722 3010 2797 potest
3049 2715 3320 2796 intelligi
3361 2724 3425 2778 et
3464 2717 3697 2798 exponi
3740 2734 3755 2779 ε
3799 2716 3932 2777 Pri-

810 2816 1110 2879 omnibus
1151 2813 1396 2877 viribus
1436 2813 1608 2875 tuis?
1640 2814 1734 2876 Ad
1764 2815 1935 2895 quod
1971 2813 2315 2895 dupliciter
2424 2831 2550 2887 mo,
2593 2823 2904 2896 quantum
2944 2817 3022 2878 ad
3071 2816 3537 2879 indesinentem
3576 2825 3811 2888 actum,
3856 2824 3929 2877 ut

811 2915 1248 2997 respondetur.
1300 2912 1528 2987 Primo,
1583 2919 1653 2973 ut
1701 2911 1870 2973 istud
1923 2912 2315 2993 intelligatur
2423 2912 2669 2974 scilicet
2706 2932 2835 2989 cor,
2870 2932 3073 2989 menS,
3116 2914 3350 2991 anima,
3395 2913 3723 2989 fortitudo,
3757 2932 3928 2976 sem-

810 3014 888 3075 de
945 3012 1190 3075 viribus
1251 3011 1540 3093 reliquiS,
1593 3012 1670 3073 de
1730 3010 1968 3091 quibus
2029 3012 2314 3074 nondum
2350 3016 2394 3080 G
2424 3029 2560 3091 per,
2592 3012 2923 3073 actualiter
2970 3020 3161 3094 atque
3211 3014 3485 3077 totaliter
3526 3012 3815 3076 ferantur
3857 3013 3925 3075 in

808 3112 966 3194 quid
1006 3112 1248 3173 dictum
1289 3117 1385 3171 est
1419 3127 1432 3173 :
1468 3108 1621 3191 quia
1651 3116 1712 3171 et
1744 3108 1912 3172 vires
1945 3109 2315 3189 vegetativae
2421 3109 2641 3185 Deum,
2685 3110 2928 3192 absque
2978 3112 3429 3176 commixtione
3479 3113 3627 3174 mali
3679 3120 3928 3175 contra-

808 3211 875 3273 in
922 3210 1169 3273 actibus
1213 3208 1345 3271 suis
1397 3208 1684 3287 regendae
1733 3215 1882 3269 sunt
1930 3208 2172 3270 ratione
2222 3225 2313 3269 se—
2421 3208 2499 3270 rii
2536 3227 2549 3271 :
2585 3210 2807 3291 sicque
2839 3218 3229 3292 praeceptum
3260 3211 3429 3273 istud
3459 3230 3586 3274 non
3618 3210 3927 3293 impletur

809 3311 1091 3373 cundum
1129 3308 1348 3383 Deum,
1383 3315 1694 3388 quantum
1725 3306 1869 3368 fieri
1913 3313 2139 3388 potest.
2176 3307 2309 3371 Non
2418 3326 2455 3368 a
2493 3308 2839 3371 viatoribus
2881 3308 3065 3372 nobis
3104 3310 3173 3371 in
3216 3310 3345 3372 vita
3382 3310 3702 3392 primenti,
3738 3310 3847 3371 sed
3886 3328 3925 3371 a

806 3409 978 3471 enim
1029 3407 1302 3471 totaliter
1350 3404 1578 3468 rationi
1629 3405 2014 3480 subduntur,
2048 3407 2159 3467 sed
2208 3425 2312 3467 na·
2418 3404 2620 3467 Beatis
2649 3406 2716 3468 in
2749 3408 2971 3490 patria.
3005 3408 3182 3470 Unde
3209 3408 3389 3488 juxta
3430 3408 3602 3470 hunc
3632 3426 3920 3482 sensum,

807 3508 1095 3571 turaliter
1142 3511 1488 3588 operantur
1531 3522 1544 3566 :
1586 3511 1863 3565 attamen
1912 3503 2162 3585 objecta
2211 3522 2311 3566 ea-
2419 3504 2681 3585 diligere
2729 3505 2929 3567 Deum
2969 3523 3045 3568 ex
3086 3513 3214 3569 toto
3254 3506 3463 3581 corde,
3505 3514 3601 3568 est
3638 3524 3785 3567 eum
3824 3506 3925 3568 di-

807 3626 949 3668 rum
988 3604 1369 3687 applicanda
1409 3609 1558 3664 sunt
1595 3602 1686 3663 eis
1728 3603 2080 3664 secundum
2123 3611 2310 3666 rectae
2416 3602 2613 3683 ligere
2650 3604 2881 3667 actuali
2929 3623 3145 3668 amore
3182 3604 3571 3667 incessanter
3608 3605 3675 3667 in
3716 3604 3919 3667 Deum

805 3705 1065 3769 rationis
1126 3720 1501 3782 censuram3
1551 3708 1614 3762 et
1672 3708 1983 3781 quantum
2038 3702 2117 3763 ad
2178 3720 2310 3765 mo—
2415 3709 2625 3764 erecto
2669 3704 3021 3765 secundum
3071 3710 3273 3766 totum
3322 3720 3507 3785 posse
3547 3703 3915 3778 voluntatiS,

804 3805 981 3873 dum,
1033 3802 1246 3866 locum
1302 3818 1376 3862 ac
1421 3806 1676 3881 tempus
1733 3798 2023 3874 actionis,
2077 3799 2304 3863 rationi
2415 3799 2553 3861 sine
2582 3800 2970 3863 admixtione
3000 3801 3209 3863 omnis
3241 3800 3582 3864 inordinati
3618 3799 3915 3875 assectuS,

801 3900 1268 3985 quodammodo
1337 3898 1794 3979 subjiciuntur.
1862 3898 2174 3975 Secundo,
2240 3908 2310 3962 ut
2414 3898 2691 3960 caritatis
2731 3897 3115 3961 minorativi.
3153 3898 3423 3980 Diligere
3461 3907 3673 3961 autem
3712 3898 3918 3961 Deum

803 4002 974 4084 quod
1011 4001 1119 4073 ait,
1161 3998 1252 4059 Ex
1295 3996 1595 4061 omnibus
1640 3996 1885 4060 viribus
1933 3997 2078 4073 tuiS,
2119 3998 2308 4061 intel·
2414 4014 2491 4058 ex
2530 4004 2657 4060 tota
2694 4002 2927 4072 mente,
2962 4004 3055 4058 est
3105 3997 3228 4061 Deo
3278 4016 3393 4080 per
3430 3997 3924 4080 contemplatio-

801 4102 1032 4182 ligatur
1061 4105 1372 4180 quantum
1403 4096 1482 4157 ad
1512 4096 1985 4158 exsecutionem
2019 4104 2080 4158 et
2116 4116 2305 4159 usum
2414 4112 2561 4156 nem
2606 4094 3060 4170 indesinenter,
3104 4111 3379 4177 semper,
3420 4096 3772 4170 actualiter,
3816 4114 3923 4157 se—

805 4200 1041 4264 virium
1070 4197 1137 4258 in
1169 4193 1590 4257 exterioribus
1629 4194 1953 4275 operibus,
1989 4202 2303 4276 quatenus
2334 4201 2385 4263 D
2414 4195 2697 4256 cundum
2744 4200 3101 4257 extremum
3150 4212 3336 4276 posse
3385 4195 3734 4271 intendere,
3770 4195 3921 4257 abs-

802 4298 993 4361 etiam
1042 4295 1152 4357 illa
1190 4292 1461 4358 viriliter
1509 4293 1586 4354 ad
1636 4292 1745 4354 Dei
1796 4293 2102 4356 honorem
2155 4312 2302 4357 cum
2415 4312 2541 4375 que
2569 4294 2957 4357 admixtione
2987 4294 3195 4356 omnis
3234 4294 3643 4374 evagationis,
3678 4294 3917 4357 erroris

503 4426 628 4470 am
645 4440 713 4479 m,
737 4430 771 4469 ι,
802 4394 1183 4459 discretione
1220 4400 1506 4473 agantur,
1545 4399 1613 4453 ut
1651 4391 1740 4453 ait
1766 4392 2102 4473 Apostolus
2139 4411 2153 4455 :
2188 4392 2305 4455 Ra-
2414 4400 2476 4453 et
2504 4392 2918 4474 deceptionis.
2956 4391 3227 4473 Diligere
3257 4411 3407 4456 vero
3438 4392 3634 4454 Deum
3674 4411 3751 4454 ex
3784 4400 3919 4455 tota

801 4492 1106 4558 tionabile
1143 4490 1526 4573 obsequium
1559 4498 1864 4553 vestrum.
1899 4493 1985 4551 Ec
2012 4511 2095 4551 em
2121 4494 2305 4553 omni
2412 4490 2644 4566 anima,
2678 4498 2775 4552 est
2803 4492 3155 4553 secundum
3196 4498 3434 4553 ceteras
3466 4492 3633 4553 vires
3670 4492 3920 4553 anima-

801 4602 1008 4654 mence
1049 4602 1183 4662 tua,
1227 4589 1291 4651 id
1331 4597 1427 4651 est
1465 4596 1595 4652 toto
1633 4588 1961 4651 intellectu
2000 4594 2062 4651 et
2100 4589 2303 4652 inten-
2413 4589 2504 4650 les
2536 4597 2598 4650 et
2628 4588 2962 4652 sensitivas
2991 4606 3131 4651 esse
3160 4589 3521 4651 ordinatum
3561 4589 3627 4651 in
3658 4590 3783 4653 Deo
3812 4590 3918 4652 in-

799 4692 994 4766 tione,
1029 4708 1109 4752 ne
1149 4689 1214 4751 in
1256 4687 1579 4749 intellectu
1621 4686 1703 4749 sit
1735 4704 1913 4751 error
1953 4705 2064 4750 seu
2105 4688 2304 4751 haere-
2412 4694 2751 4761 cessanter,
2795 4686 3109 4768 complete
3145 4706 3157 4748 :
3190 4688 3364 4768 quod
3412 4686 3479 4749 in
3518 4686 3720 4749 Beatis
3759 4686 3907 4764 erit,

800 4791 910 4865 sis,
961 4795 1073 4852 aut
1128 4786 1396 4849 intentio
1444 4786 1686 4848 caritati
1738 4784 1846 4847 Dei
1908 4804 2296 4868 repugnans.
2412 4785 2815 4866 potissimum
2848 4792 2989 4866 post
3029 4785 3556 4849 resurrectionem
3597 4785 3907 4863 futuram,

800 4925 878 4934 —
908 4888 1097 4952 Porro
1137 4892 1527 4968 praeceptum
1575 4884 1694 4948 hoc
1737 4884 2048 4965 scriptum
2093 4894 2190 4947 est
2233 4886 2299 4949 in
2410 4884 2563 4945 dum
2604 4901 2825 4947 omnes
2866 4902 3169 4945 sensuum
3211 4884 3586 4947 interiorum
3630 4892 3693 4945 et
3740 4892 3915 4947 exte-

531 5016 768 5069 00„2‚„‚5‚
799 4984 1307 5058 Deuteronomio,
1344 4982 1453 5044 ubi
1497 4982 1730 5063 legitur
1763 5000 1777 5044 ε
1813 4981 2045 5063 Diliges
2091 4982 2301 5047 Domi·
2411 4982 2650 5045 riorum
2692 4982 3111 5063 sensitivique
3148 4982 3469 5065 appetitus
3507 4983 3911 5065 operationes

799 5104 956 5146 num
996 5084 1194 5145 Deum
1230 5089 1414 5143 tuum
1445 5098 1522 5142 ex
1561 5088 1690 5143 toto
1727 5080 1916 5143 corde
1953 5089 2086 5157 tuo,
2121 5089 2184 5142 et
2220 5100 2298 5143 ex
2407 5082 2893 5145 ordinatissimae
2923 5090 3111 5144 erunt
3140 5083 3205 5144 in
3236 5082 3381 5157 Deo,
3416 5089 3479 5144 et
3510 5083 3588 5144 ad
3618 5082 3724 5144 Dei
3758 5100 3913 5145 con-

802 5191 928 5247 tota
963 5182 1176 5245 anima
1214 5187 1342 5256 tua,
1377 5186 1547 5242 etex
1585 5186 1711 5243 tota
1746 5178 2124 5243 fortitudine
2163 5188 2292 5243 tua.

2406 5180 2613 5243 ferent
2660 5181 2935 5256 laudem,
2986 5199 3270 5243 amorem
3318 5188 3381 5242 et
3428 5180 3913 5263 contemplatio-

873 5282 1050 5346 Circa
1077 5282 1248 5364 quod
1277 5278 1588 5362 quaeritur
1619 5296 1634 5341 ε
1666 5297 1869 5360 quum
1898 5278 2136 5362 Moyses
2168 5298 2295 5343 non
2407 5296 2575 5341 nem.
2627 5278 2899 5361 Diligere
2951 5287 3165 5340 autem
3218 5278 3417 5341 Deum
3468 5297 3547 5340 ex
3603 5279 3906 5343 omnibus
