4300 6259
602 1206 742 1261 Apoc.

588 1271 653 1310 10.

584 1797 733 1841 Booti.
750 1811 791 1848 x,
808 1799 850 1840 7.

586 2005 850 2056 Hebr.xn,2.

676 2274 747 2330 42

604 2586 621 2630 1
638 2587 749 2630 Tim.
764 2601 793 2638 ι,
810 2589 851 2630 5.

590 3867 779 3910 lloann.
794 3879 853 3916 ιιι,

592 3932 658 3972 14.

678 3983 747 4039 43

602 5042 636 5087 11
653 5042 803 5086 Tum.
818 5057 852 5092 n,

876 503 999 568 380

1690 521 2047 568 manuario
2089 521 2154 568 m
2193 521 2332 568 cAP.
2378 523 2420 566 V
2457 522 2736 570 mmsis.
2782 543 2864 553 —
2901 526 3046 572 Am.
3089 527 3172 571 XV

876 703 1163 756 creatura
1212 695 1377 758 bene
1436 695 1761 778 disposita,
1815 694 2095 758 finaliter
2142 694 2372 776 quaerit
2401 692 2452 754 A
2485 712 2764 758 errorem
2813 697 3036 759 cadere
3085 698 3430 772 meruistiS‚
3472 717 3694 762 verum
3741 698 3974 764 Filium

876 794 1187 856 honorare
1246 794 1441 864 Deum
1504 813 1618 876 per
1665 794 1917 856 laudem
1966 803 2029 856 et
2074 794 2374 856 obedien-

872 892 1051 966 tiam,
1086 911 1163 954 ex
1194 893 1443 956 sincero
1482 912 1718 967 amore,
1752 901 1815 955 et
1852 893 2146 956 honorari
2178 913 2215 954 a
2249 893 2373 955 Deo

878 1010 993 1073 per
1043 992 1344 1056 unionem
1394 1012 1533 1054 cum
1592 992 1733 1074 ipso
1780 1001 1843 1054 et
1894 993 2373 1055 collocationem

878 1091 943 1152 in
996 1110 1111 1154 suo
1158 1092 1401 1154 coelesti
1451 1091 1705 1174 palatio.
1760 1127 1837 1138 —-
1886 1089 1949 1152 Si
1998 1109 2146 1171 ergo
2197 1090 2376 1154 Chri-

764 1220 848 1256 m,
878 1198 1035 1264 stuS,
1070 1189 1181 1271 qui
1224 1190 1413 1252 habet
1452 1190 1517 1252 in
1549 1191 1928 1253 vestimento
1967 1198 2031 1252 et
2068 1191 2133 1252 in
2173 1188 2375 1252 femo-

880 1307 947 1350 re
990 1307 1105 1351 suo
1154 1289 1487 1371 scriptum,
1532 1288 1659 1352 Rex
1701 1307 1920 1370 regum
1969 1297 2031 1351 et
2072 1289 2374 1352 Dominus

878 1387 1366 1461 dominantium,
1412 1406 1537 1450 non
1584 1387 1830 1469 accepit
1874 1387 1953 1450 ab
2004 1387 2374 1450 hominibus

878 1485 1225 1547 claritatem
1270 1505 1284 1548 :
1326 1505 1441 1548 cur
1488 1503 1602 1548 nos
1651 1485 1889 1560 miseri,
1926 1486 2101 1548 vitiis
2146 1484 2370 1559 tabidi,

878 1586 957 1647 ad
997 1602 1187 1647 omne
1222 1585 1459 1647 malum
1502 1585 1837 1666 procliveS‚
1875 1585 2148 1648 vanitate
2192 1585 2377 1646 sedu-

879 1684 1109 1758 cimur,
1144 1692 1500 1765 quaerentes
1544 1685 1717 1758 sciri,
1762 1685 2064 1766 reputari,
2108 1684 2378 1747 honora-

881 1781 957 1852 ri,
994 1785 1309 1864 praeesse?
1349 1781 1614 1844 Odibilis
1654 1801 1866 1844 coram
1904 1782 2029 1844 Deo
2068 1790 2131 1844 et
2172 1781 2378 1844 homi-

2485 793 2593 856 Dei
2644 797 3023 876 spernendo.
3063 796 3282 879 Itaque
3328 799 3498 879 quod
3547 798 3656 878 ait,
3701 798 3766 861 Si
3809 798 3978 860 alius

2489 894 2756 968 venerit,
2799 913 2924 957 non
2969 895 3205 958 dicitur
3254 897 3644 978 dubitative3
3693 905 3757 960 et
3803 898 3978 979 quod

2485 992 2682 1066 addit,
2714 992 2900 1054 lllum
2939 994 3290 1076 accipietiS,
3325 1015 3452 1058 non
3495 996 3730 1059 dicitur
3765 997 3843 1059 ad
3881 997 3982 1058 Ju-

2488 1091 2654 1153 daeos
2709 1111 2872 1173 quos
2931 1092 3215 1156 Christus
3277 1103 3430 1157 tunc
3497 1096 3983 1177 praesentialiter

2486 1189 2948 1270 alloquebatur,
2970 1191 3080 1273 qui
3109 1192 3240 1272 jam
3271 1193 3380 1255 diu
3409 1194 3872 1268 occubuerunt,
3897 1195 3986 1256 ni-

2489 1287 2542 1349 si
2582 1287 2703 1349 sub
2748 1307 3018 1370 persona
3061 1290 3316 1354 illorum
3357 1291 3772 1373 intelligendo
3813 1313 3986 1356 com-

2489 1388 2770 1448 muniter
2796 1405 2998 1467 genus
3025 1389 3266 1452 Iudaici
3305 1390 3740 1472 populi,quod
3772 1392 3984 1474 primo

2489 1493 2554 1548 et
2599 1487 2873 1549 maxime
2922 1488 3270 1550 adhaerebit
3317 1488 3727 1564 Antichristo,
3780 1492 3984 1554 donec

2491 1602 2605 1665 per
2643 1583 2858 1646 Enoch
2897 1593 2960 1646 et
2998 1584 3198 1647 Eliam
3244 1594 3716 1663 convertantur,
3758 1596 3822 1650 et
3857 1589 3986 1650 An-

2489 1682 2764 1744 tichristi
2808 1681 3048 1745 falsitas
3091 1684 3435 1765 detegatur.

2573 1785 2893 1850 Quomodo
2929 1785 3190 1858 potestis
3227 1802 3334 1844 vos
3375 1787 3628 1845 credere
3671 1783 3804 1847 ride
3853 1785 3984 1850 for-

882 1880 1071 1942 nibus
1113 1887 1209 1942 est
1254 1881 1372 1942 ista
1412 1880 1734 1963 superbia.
1768 1880 1929 1943 Hinc
1965 1883 2043 1944 ad
2084 1879 2376 1943 Hebraeos
2415 1880 2461 1941 B
2492 1886 2678 1953 mata,
2712 1879 2858 1942 viva
2904 1888 2968 1941 et
3013 1882 3388 1963 operatoria,
3421 1885 3541 1961 qui
3567 1885 3856 1960 ¹qloriam
3903 1887 3984 1946 ab

878 1979 967 2041 ait
1026 1979 1365 2060 Apostolus
1426 1999 1441 2041 t
1504 1978 1791 2042 Christus
1860 1980 2186 2061 proposito
2251 1978 2373 2040 sibi

878 2078 1130 2159 gaudio,
1163 2078 1470 2141 sustinuit
1504 2095 1782 2152 crucem,
1816 2077 2190 2142 confusione
2230 2097 2377 2141 con-

882 2183 1141 2258 tempta.

962 2278 1092 2336 Sed
1126 2278 1395 2352 coqnovi
1434 2295 1539 2335 voa
1580 2274 1939 2355 cognitione
1988 2273 2378 2356 reprobatio-

882 2373 1005 2446 niS,
1055 2376 1211 2453 quia
1270 2375 1677 2434 dilectionem
1734 2375 1856 2434 Dei
1909 2372 2249 2453 gratuitam
2305 2393 2378 2435 ae

884 2472 1296 2546 meritoriam,
1339 2490 1483 2553 quae
1529 2479 1625 2533 est
1664 2471 1865 2536 virtus
1915 2471 2269 2552 theologica
2315 2478 2378 2532 et

884 2569 1096 2632 infusa
1130 2589 1143 2632 :
1179 2571 1256 2632 de
1286 2589 1413 2652 qua
1444 2570 1599 2633 dicit
1626 2569 1984 2652 Apostolus,
2019 2570 2192 2632 Finis
2224 2589 2380 2652 prae-

882 2669 1049 2751 cepti
1100 2678 1197 2731 est
1252 2669 1477 2731 caritas
1526 2670 1603 2730 de
1654 2670 1841 2732 corde
1888 2687 2070 2750 puro,
2121 2677 2185 2731 et
2231 2687 2379 2731 con-

882 2766 1146 2829 scientia
1175 2768 1362 2841 bona,
1397 2775 1457 2828 et
1489 2766 1619 2829 fide
1648 2785 1773 2830 non
1806 2766 1997 2847 ficta;
2032 2787 2164 2828 non
2195 2770 2380 2828 kabe-

884 2867 965 2926 cis
992 2868 1064 2927 in
1098 2868 1292 2934 vobis,
1323 2865 1619 2928 videlicet
1655 2866 1942 2948 appetitu
1988 2866 2378 2930 intellectivo

883 2983 995 3027 seu
1058 2965 1403 3039 voluntate,
1467 2984 1611 3046 quae
1672 2973 1769 3026 est
1824 2965 2102 3027 caritatis
2165 2965 2382 3045 subje-

2491 1979 2770 2038 invicem
2818 1979 3114 2055 accipitis
3160 1998 3306 2041 cum
3357 1978 3616 2054 affectu,
3647 1988 3711 2042 et
3759 1981 3988 2043 huma-

2492 2094 2646 2137 num
2703 2075 3010 2149 favorem,
3069 2083 3395 2139 terrenum
3454 2078 3782 2154 honorem,
3839 2099 3990 2163 pro-

2493 2174 2696 2256 priam
2746 2174 2997 2236 laudem
3056 2175 3310 2256 optatiS,
3359 2176 3644 2257 quaeritis
3699 2183 3765 2239 et
3807 2197 3992 2241 acce-

2493 2273 2705 2356 ptatiS,
2744 2283 2806 2334 et
2843 2274 3128 2350 yloriam
3166 2294 3310 2353 quoe
3355 2295 3395 2334 a
3442 2279 3570 2335 solo
3605 2278 3736 2336 Deo
3771 2287 3889 2348 est,
3923 2277 3988 2339 id

2491 2381 2585 2435 est
2617 2390 2830 2434 veram
2859 2379 3052 2452 atque
3091 2379 3390 2435 aeternam
3429 2372 3821 2449 felicitatem,
3851 2396 3990 2436 non

2490 2473 2810 2553 quaeritis,
2859 2470 3140 2534 virtuose
3188 2471 3504 2535 vivendo?
3553 2472 3988 2537 Constituistis

2491 2571 2662 2632 enim
2703 2568 2884 2632 vobis
2921 2567 3124 2632 finem
3162 2570 3229 2632 in
3271 2569 3460 2632 rebus
3500 2571 3754 2634 caducis
3791 2580 3858 2635 et
3888 2591 3992 2637 va-

2491 2669 2613 2742 niS‚
2649 2687 2775 2731 non
2817 2669 2882 2730 in
2921 2668 3042 2731 Deo
3079 2668 3436 2732 benedicto.
3467 2669 3770 2732 Videmus
3809 2672 3989 2733 enim

2491 2768 2725 2830 multos
2790 2766 3160 2830 ambitiosos
3223 2777 3288 2830 et
3341 2775 3724 2848 arroganteS,
3787 2769 3990 2832 fidem

2491 2867 2748 2940 habere,
2785 2872 2849 2927 et
2893 2873 3112 2929 contra
3160 2865 3454 2928 infideles
3502 2867 3733 2929 armari
3787 2887 3802 2932 :
3855 2888 3989 2932 non

2489 2984 2638 3046 ergo
2677 2965 2961 3046 loquitur
3000 2963 3287 3027 Christus
3331 2966 3409 3028 de
3449 2964 3579 3028 fide
3617 2965 3882 3030 informi
3926 2976 3990 3030 et

883 3071 1079 3127 ctum.
1134 3062 1343 3127 Nihilo
1396 3064 1609 3126 minus
1668 3065 2017 3127 naturalem
2066 3063 2175 3126 Dei
2226 3065 2380 3126 dile-
2416 3065 2461 3129 C
2490 3083 2708 3136 vacua,
2741 3064 2852 3125 sed
2890 3061 3179 3127 formata.

882 3162 1159 3240 ctionem
1200 3162 1383 3244 impii
1424 3162 1623 3244 aliqui
1674 3161 1949 3240 habent;
1992 3181 2117 3225 non
2167 3170 2378 3225 tamen

885 3260 1186 3323 damnati.
1238 3259 1386 3322 Sine
1435 3260 1773 3323 dilectione
1823 3268 2033 3323 autem
2082 3260 2192 3323 Dei
2240 3279 2382 3342 gra-

882 3359 1062 3431 tuita,
1106 3357 1267 3420 nihil
1310 3365 1405 3419 est
1452 3359 1872 3434 meritorium,
1916 3367 2102 3440 prout
2150 3358 2379 3420 Paulus

682 3488 709 3517 o
738 3489 853 3527 auu,
886 3463 1151 3518 testatur
1188 3472 1201 3516 :
1236 3454 1300 3516 Si
1350 3455 1585 3535 linguis
1633 3456 2001 3535 angelorum
2050 3456 2277 3537 loquar
2318 3463 2380 3518 et

885 3554 1243 3628 hominum,
1285 3553 1605 3616 caritatem
1654 3561 1861 3616 autem
1910 3573 2033 3618 non
2084 3555 2374 3629 habeam,

886 3653 1044 3715 nihil
1096 3672 1260 3714 sum.
1307 3651 1541 3715 Caritas
1590 3661 1687 3714 est
1733 3653 1903 3715 enim
1955 3654 2212 3735 propria
2253 3653 2381 3715 vita

882 3752 1133 3824 animae,
1168 3751 1333 3813 sicut
1368 3751 1433 3813 in
1470 3751 1678 3832 prima
1711 3771 1825 3812 sua
1858 3750 2169 3815 Canonica
2200 3753 2381 3815 docet

880 3849 1147 3913 Ioannes
1184 3868 1197 3912 :
1232 3849 1346 3922 Qui
1380 3868 1505 3912 non
1537 3849 1764 3930 diligit,
1798 3858 2011 3912 manet
2045 3850 2109 3912 in
2154 3859 2374 3914 morte.

967 3951 1100 4025 Ερο
1140 3951 1292 4008 veni
1329 3950 1399 4009 in
1441 3950 1703 4009 nomine
1732 3951 1958 4010 Patris
1998 3951 2145 4018 mei,
2181 3949 2246 4012 id
2285 3957 2379 4010 est

882 4047 949 4108 in
999 4046 1176 4109 Patre
1225 4064 1387 4119 meo,
1442 4046 1562 4108 hoc
1610 4055 1705 4108 est
1753 4049 2103 4109 secundum
2155 4048 2382 4111 volun-

881 4151 1073 4206 tatem
1132 4151 1195 4206 et
1250 4144 1711 4208 ordinationem
1764 4145 1961 4207 Patris
2007 4147 2250 4221 aeterni,
2300 4147 2378 4208 ad

2568 3161 2884 3224 Elucescit
2909 3159 3122 3224 autem
3154 3181 3230 3224 ex
3260 3162 3376 3238 his,
3396 3163 3566 3244 quod
3596 3181 3759 3225 vana
3781 3164 3993 3244 gloria

2487 3278 2676 3323 omne
2733 3259 3064 3342 spirituale
3109 3259 3346 3323 bonum
3400 3260 3724 3343 impediat,
3769 3269 3833 3324 et
3879 3280 3993 3344 pe—

2489 3357 2780 3421 stiferum
2811 3359 3123 3440 valdeque
3158 3377 3350 3440 grave
3387 3359 3626 3422 crimen
3657 3360 3986 3423 consistat.

2487 3457 2748 3539 Propter
2802 3459 2974 3538 quod
3033 3456 3188 3520 dicit
3233 3456 3562 3520 Psalmista
3611 3476 3624 3520 :
3675 3457 3986 3530 Quoniam
4031 3474 4220 3520 aare.

2489 3556 2652 3618 Deus
2683 3555 3017 3637 dissipavit
3044 3574 3186 3618 ossa
3225 3574 3444 3619 eorum
3473 3555 3582 3638 qui
3603 3549 3988 3620 'hominibus

2492 3654 2764 3736 placent,
2819 3653 2881 3715 id
2931 3660 3049 3728 est,
3092 3653 3344 3734 placere
3388 3653 3787 3734 desiderant3
3834 3674 3988 3719 con-

2489 3753 2614 3815 fusi
2665 3759 2834 3826 sunt,
2881 3751 3184 3834 quoniam
3233 3752 3397 3815 Deus
3445 3753 3687 3835 sprevit
3731 3771 3865 3817 eos.
3911 3754 3988 3817 Et

2488 3851 2828 3933 Apostolus
2865 3870 2879 3914 :
2914 3849 2978 3912 Si
3019 3851 3389 3914 hominibus
3435 3852 3774 3935 placerem,
3807 3852 3987 3916 Chri·
4013 3865 4227 3914 Galat-me-

2489 3951 2570 4013 sti
2620 3968 2840 4012 servus
2890 3968 3016 4012 non
3067 3967 3294 4010 essem.
3341 3949 3556 4012 Omnis
3603 3950 3986 4014 ambitiosus

2489 4057 2552 4111 et
2578 4048 2903 4111 animosus
2934 4047 3164 4110 similis
3195 4054 3290 4110 est
3319 4048 3457 4112 viro
3487 4049 3675 4112 stulto
3700 4050 3806 4131 qui
3837 4052 3989 4114 aedi-
4029 4065 4224 4112 nasim.

2488 4148 2641 4210 sicat
2699 4148 2960 4210 domum
3019 4165 3196 4208 suam
3258 4165 3452 4228 supra
3499 4165 3778 4233 arenam.
3827 4147 3988 4232 Spe-
4013 4134 4078 4175 ²⁶·

883 4244 1191 4306 honorem
1236 4241 1461 4324 ipsiuS,
1505 4242 1691 4323 cujus
1741 4237 1811 4305 iii
1854 4244 2156 4306 omnihus
2193 4244 2377 4307 dictis
2411 4247 2460 4310 D
2490 4246 2734 4310 cialiter
2789 4252 3000 4308 autem
3064 4245 3483 4309 ambitiositas
3542 4246 3662 4308 ista
3713 4246 3987 4329 impedit

882 4342 1043 4404 meis
1081 4351 1273 4424 atque
1302 4341 1606 4423 operibus
1637 4342 2109 4426 beneplacitum
2141 4343 2379 4426 impleo

879 4440 1280 4522 gloriamque
1330 4440 1588 4521 requiro
1614 4460 1629 4520 3
1669 4451 1729 4502 et
1758 4460 1889 4502 non
1920 4444 2252 4520 accepistis
2282 4464 2380 4503 me

885 4558 999 4620 per
1058 4538 1278 4613 fidem,
1340 4537 1748 4601 dilectionem
1806 4546 1869 4600 et
1922 4539 2374 4603 obedientiam.

885 4639 963 4698 Si
1012 4639 1185 4697 alius
1232 4638 1507 4707 venerit,
1554 4637 1618 4698 id
1678 4644 1795 4714 est,
1845 4637 1999 4720 quia
2055 4646 2118 4700 et
2175 4658 2376 4720 quum

882 4733 1312 4797 Antichristus
1363 4733 1631 4808 venerit,
1666 4735 1741 4795 in
1780 4738 2043 4798 nomine
2079 4756 2222 4807 suo,
2259 4737 2380 4800 hoc

884 4840 1001 4908 est,
1046 4832 1378 4916 proprium
1429 4833 1735 4896 honorem
1785 4841 1847 4895 et
1892 4833 2162 4915 gloriam
2210 4854 2381 4918 quae-

886 4949 1053 5006 rena,
1088 4949 1213 4994 non
1257 4931 1489 4993 missus
1530 4951 1566 4993 a
1604 4931 1749 5004 Dee,
1786 4933 1895 4994 sed
1934 4950 2003 4994 se
2040 4933 2252 5015 ipsum
2287 4933 2382 4996 in-

886 5028 1245 5092 aestimabili
1278 5029 1511 5091 mentis
1553 5037 1801 5092 tumore
1836 5030 2146 5094 extollens
2187 5051 2382 5114 supra

886 5145 1074 5190 omne
1105 5129 1276 5208 quod
1307 5127 1541 5190 dicitur
1570 5127 1733 5190 Deus
1772 5135 1883 5190 aut
1918 5131 2090 5210 quod
2125 5129 2376 5206 colitur,

888 5227 1083 5286 illum
1128 5227 1481 5302 accipietis,
1530 5227 1845 5290 credendo
1892 5229 2064 5307 quod
2114 5228 2254 5310 ipse
2300 5229 2384 5291 sit

888 5323 1139 5386 Messias
1190 5323 1256 5386 in
1295 5324 1432 5406 lege
1473 5325 1847 5407 promissus.
1890 5325 1959 5387 In
1999 5326 2173 5389 hunc
2211 5327 2382 5390 enim

2486 4346 2731 4408 Judaeos
2761 4363 2798 4406 a
2826 4343 2958 4407 fide
2989 4343 3242 4407 Christi.
3280 4343 3586 4417 Quoniam
3617 4345 3787 4407 enim
3827 4347 3988 4409 scri-

2489 4453 2708 4528 pturas
2744 4442 3201 4524 Prophetarum
3240 4442 3446 4506 solum
3489 4442 3845 4506 litteraliter
3890 4445 3987 4508 in-

2489 4541 2806 4622 telligunt,
2841 4548 3068 4623 putant
3105 4543 3276 4623 quod
3327 4540 3614 4604 Christus
3663 4543 3728 4605 in
3773 4543 3988 4626 primo

2489 4658 2606 4704 suo
2635 4641 2934 4714 adventu,
2967 4639 3181 4702 omnia
3219 4657 3413 4720 regna
3449 4640 3672 4703 mundi
3710 4640 3802 4703 eis
3837 4642 3988 4705 suh-

2487 4736 2666 4818 jiciet
2717 4753 2730 4798 :
2785 4735 3007 4817 sicque
3061 4735 3474 4817 temporalem
3526 4737 3982 4819 principatum,

2489 4843 2816 4898 terrenum
2875 4832 3205 4909 honorem,
3260 4833 3601 4897 humanam
3659 4836 3988 4900 exaltatio-

2491 4951 2634 4996 nem
2689 4939 2948 5014 sperant
2989 4938 3052 4993 et
3099 4931 3390 5014 eupiunt.
3440 4931 3614 4995 Unde
3659 4933 3724 4996 in
3769 4934 3984 4997 Iesum

2492 5031 2883 5115 paupertatis
2919 5037 2984 5092 et
3020 5029 3398 5095 humilitatis
3433 5030 3826 5112 magistrum,
3849 5049 3986 5095 om-

2491 5131 2802 5211 niumque
2833 5128 3280 5210 temporalium
3313 5136 3833 5212 contemptorem,
3857 5149 3986 5194 cre-

2494 5230 2644 5291 dere
2683 5228 3027 5291 noluerunt
3064 5235 3126 5289 et
3168 5227 3413 5290 nolunt.
3447 5228 3664 5310 ltaque
3706 5229 3824 5292 soli
3861 5227 3987 5293 Deo

2495 5327 2766 5410 placere,
2809 5334 2874 5389 et
2918 5325 2976 5389 ei
3020 5327 3344 5389 dumtaxat
3386 5325 3724 5408 displicere
3766 5325 3984 5390 formi-
