4300 6259
54 1277 327 1328 Beelt'suu,

92 1476 289 1520 Ibidem.

74 1673 183 1718 Gen.
200 1685 249 1723 n,
268 1673 315 1714 2.

1168 499 1520 550 mannum
1562 500 1627 547 m
1672 500 1811 548 cu.
1858 501 1899 544 V
1938 499 2218 547 JoANle.
2266 519 2348 530 —
2386 501 2530 548 Am.
2575 501 2688 548 xm

3351 481 3472 546 365

354 673 495 754 agit
552 693 815 757 quoque
874 673 1119 736 animas
1182 671 1520 735 rationales
1584 670 1873 754 quotidie
1902 669 1955 732 A
1979 669 2299 748 Albertus,
2343 673 2599 756 scripsit
2641 681 2705 736 et
2744 672 2956 737 docuit
2990 670 3357 735 Aristoteles
3406 671 3474 734 in

356 773 663 848 creando,
708 773 943 855 impios
983 769 1419 852 justificando,
1455 778 1752 852 purgatos
1794 769 1873 831 ab

356 871 545 933 omni
593 879 769 948 reatu
815 871 880 932 in
925 870 1105 935 coelis
1151 868 1600 944 beatificandO,
1646 885 1875 950 panem

358 976 430 1031 et
472 968 697 1031 vinum
739 970 805 1032 in
846 987 1079 1051 corpus
1117 975 1181 1031 et
1218 967 1594 1048 sanguinem
1643 966 1873 1030 Christi

362 1066 1073 1146 transsubstantiand03
1115 1072 1179 1129 et
1220 1065 1345 1129 alia
1388 1064 1743 1127 ineffabilia
1782 1065 1879 1146 ju-

358 1164 533 1244 giter
570 1174 892 1248 operatur,
933 1165 1288 1247 praesertim
1331 1164 1397 1227 in
1445 1162 1727 1226 Ecclesia
1767 1163 1878 1225 tri-

366 1265 737 1345 umphanti,
772 1284 919 1347 qum
958 1265 1347 1346 ignoramus.
1383 1262 1583 1325 Pauca
1630 1262 1875 1345 quippe

367 1362 669 1426 videmus
719 1381 989 1444 operum
1042 1361 1207 1442 ejuS,
1252 1369 1321 1424 ut
1372 1361 1607 1424 dicitur
1655 1360 1722 1423 in
1769 1360 1872 1423 Ee

368 1460 755 1538 clesiastico,
809 1460 918 1522 ubi
968 1469 1033 1524 et
1078 1460 1381 1523 scribitur
1425 1478 1437 1522 :
1489 1458 1679 1522 Multa
1726 1465 1876 1521 sunt

364 1558 745 1622 abscondita
790 1559 1033 1640 maJ’ora
1081 1559 1204 1621 his.
1238 1558 1411 1632 Quod
1457 1575 1603 1620 vero
1652 1558 1718 1620 in
1760 1555 1875 1620 Ge-

368 1658 510 1720 nesi
552 1657 805 1738 legitur,
838 1657 1176 1739 Requievit
1212 1656 1375 1720 Deus
1412 1656 1493 1718 ab
1521 1656 1695 1719 omni
1727 1673 1876 1737 ope-

369 1773 441 1818 re
470 1757 646 1838 quod
686 1763 981 1839 patrarat,
1016 1755 1503 1836 intelligendum
1542 1761 1636 1816 est
1673 1773 1877 1836 quan-

1984 773 2252 854 epistola
2293 775 2371 836 de
2410 774 2728 856 Principio
2773 773 3077 835 universi.
3121 772 3279 834 Hinc
3321 791 3481 854 quo-

1984 888 2132 951 que,
2187 890 2313 935 non
2375 873 2581 936 solum
2640 873 2992 935 secundum
3048 870 3371 933 Platonem
3419 877 3483 932 et

1983 967 2298 1046 Proclum,
2351 972 2460 1033 sed
2507 970 2696 1033 etiam
2755 978 2914 1033 teste
2963 968 3256 1052 principe
3304 968 3482 1031 theo-

1986 1067 2272 1147 logorum
2333 1068 2758 1133 sacratissimo
2805 1068 3121 1150 Dionysio,
3173 1067 3336 1129 Deus
3389 1073 3485 1128 est

1986 1184 2176 1228 causa
2215 1185 2451 1242 rerum,
2488 1187 2613 1232 non
2657 1167 2865 1231 solum
2904 1166 3086 1248 quasi
3131 1185 3303 1228 nunc
3345 1184 3488 1227 cau·

1986 1282 2154 1340 sanS,
2197 1266 2307 1327 sed
2357 1266 2539 1347 quasi
2591 1265 3056 1330 incessabiliter
3103 1283 3208 1328 eas
3247 1264 3485 1347 produ-

1984 1380 2156 1436 cenS,
2193 1371 2452 1446 propter
2480 1364 2900 1427 incessantem
2932 1383 3066 1427 suae
3103 1362 3487 1427 conservati-

1984 1460 2123 1522 onis
2156 1460 2558 1524 influentiam
2599 1462 3192 1544 indesinentemque
3221 1462 3474 1524 illarum

1984 1560 2494 1641 dependentiam.

2072 1658 2232 1720 Hinc
2288 1658 2480 1739 igitur
2535 1659 2761 1722 asserit
2815 1659 3012 1722 Filius
3069 1659 3177 1723 Dei
3231 1678 3244 1722 :
3298 1659 3478 1722 Pater

1984 1774 2164 1819 meus
2197 1775 2400 1838 usque
2431 1758 2617 1821 modo
2650 1765 2967 1839 operatur.
2993 1757 3127 1823 Non
3158 1759 3329 1820 enim
3360 1757 3480 1820 mi-

367 1863 509 1917 tum
539 1856 619 1918 ad
651 1855 1133 1936 productionem
1176 1872 1482 1917 novarum
1514 1852 1873 1935 specierum
1908 1854 1957 1917 B
1984 1856 2157 1918 noris
2206 1856 2504 1937 potentias
2550 1863 2646 1917 est
2692 1863 2898 1918 creata
2949 1864 3361 1920 manutenere
3410 1857 3475 1919 in

366 1955 561 2017 entis,
606 1957 692 2016 E't
727 1973 839 2032 eqo
882 1973 1133 2034 operor,
1173 1953 1339 2016 sicut
1384 1960 1448 2014 et
1493 1952 1691 2026 Pater,
1742 1951 1873 2015 imo

362 2053 591 2114 eadem
628 2071 774 2134 quae
821 2051 1021 2126 Pater,
1063 2052 1218 2132 quia
1264 2050 1577 2114 indivisus
1631 2050 1711 2112 ab
1762 2050 1872 2113 illo

364 2149 431 2213 in
484 2158 711 2213 natura
758 2159 824 2214 et
868 2169 1083 2232 opere.
1130 2149 1673 2223 Quemadmodum
1722 2166 1871 2229 ergo

360 2248 529 2311 Deus
567 2248 748 2311 Pater
779 2250 1082 2331 praedicta
1116 2248 1333 2311 omnia
1370 2265 1641 2329 operans
1679 2247 1869 2309 etiam

360 2347 650 2422 sabbato,
694 2366 823 2411 non
872 2347 1162 2428 arguitur
1211 2345 1395 2428 quasi
1444 2345 1691 2408 sabbati
1740 2345 1874 2408 vio-

361 2445 565 2526 lator3
608 2445 695 2508 ita
743 2463 861 2508 nec
908 2463 1025 2527 ego
1062 2444 1243 2526 argui
1294 2443 1517 2518 debeo,
1562 2442 1674 2524 qui
1724 2462 1874 2507 con-

360 2542 639 2606 fractum
669 2543 1040 2617 restauravi,
1066 2549 1129 2604 et
1155 2542 1235 2604 ad
1266 2540 1869 2604 demonstrationem

362 2642 601 2706 divinae
640 2642 919 2716 virtutis,
960 2642 1167 2704 eidem
1216 2639 1490 2723 praecepi
1535 2639 1871 2720 grabatum

360 2741 675 2823 bajulare.

442 2841 538 2902 Ad
585 2839 1075 2920 intelligendum
1124 2839 1259 2902 haec
1299 2837 1494 2901 verba
1540 2837 1864 2913 sublimia,

362 2947 617 3022 oportet
661 2939 991 3005 advertere
1037 2938 1209 3020 quod
1256 2936 1503 3018 aliquid
1542 2944 1640 2999 est
1680 2955 1869 3000 causa

1983 1971 2142 2028 esse,
2196 1961 2259 2016 et
2306 1962 2508 2017 totum
2559 1955 2930 2017 universum
2989 1973 3363 2019 conservare
3411 1956 3478 2018 in

1982 2053 2186 2115 nihilo
2213 2052 2394 2134 (quia
2432 2052 2594 2114 nihil
2623 2059 2720 2114 est
2748 2061 2923 2115 extra
2961 2054 3332 2117 universum
3363 2054 3482 2117 ful-

1982 2150 2156 2212 ciens
2186 2150 2422 2232 ipsum,
2458 2150 2581 2214 nisi
2613 2151 2825 2232 Deus),
2857 2171 3052 2234 quam
3083 2154 3303 2216 eadem
3334 2171 3484 2234 pro-

1982 2249 2240 2310 duxisse
2286 2256 2479 2329 atque
2528 2248 2594 2310 in
2647 2249 2850 2314 nihilo
2905 2250 3263 2314 collocasse.
3321 2251 3481 2315 Hinc

1980 2344 2238 2408 Proclus
2295 2346 2753 2409 subtilissimus
2811 2347 3167 2412 Platonicus
3226 2349 3485 2432 scripsit

1982 2443 2046 2505 in
2092 2443 2593 2508 Elementatione
2647 2465 2760 2508 sua
2818 2447 3168 2528 theologica
3221 2467 3234 2511 ε
3287 2448 3478 2512 Totus

1978 2543 2258 2604 mundus
2295 2541 2374 2604 ab
2414 2542 2739 2605 intellectu
2785 2543 3202 2608 substantiam
3243 2546 3474 2628 habet3

1978 2639 2098 2701 etsi
2150 2646 2496 2721 perpetuus
2548 2640 2650 2712 sit,
2699 2660 2826 2705 non
2876 2650 3136 2725 propter
3180 2644 3298 2707 hoc
3347 2662 3473 2707 non

1980 2737 2266 2820 procedit
2293 2736 2372 2800 ab
2404 2738 2744 2811 intellectu,
2767 2742 2875 2803 sed
2905 2748 2969 2802 et
2995 2743 3284 2823 procedit
3313 2761 3476 2806 sem-

1979 2855 2113 2919 per,
2165 2844 2228 2898 et
2275 2854 2617 2900 conversus
2667 2845 2763 2900 est
2810 2857 3085 2921 semper,
3136 2849 3201 2903 et
3249 2860 3474 2924 perpe-

1976 2943 2123 2997 tuus
2184 2935 2534 2997 secundum
2583 2937 2944 3013 essentiam,
2999 2947 3062 3002 et
3109 2939 3472 3004 insolubilis

359 3038 627 3101 alterius
676 3037 1019 3119 dupliciter
1071 3055 1085 3099 ε
1137 3035 1369 3110 Prim0,
1421 3042 1733 3116 quantum
1789 3036 1867 3098 ad
1903 3030 1949 3096 G
1978 3034 2333 3096 secundum
2378 3034 2689 3096 ordinem.

362 3137 541 3199 illius
592 3135 1047 3217 inceptionem,
1090 3141 1153 3198 et
1196 3136 1405 3216 quoad
1450 3151 1588 3196 esse
1638 3133 1863 3216 ipsiuS,

360 3237 473 3298 sed
504 3253 633 3298 non
663 3234 876 3316 quoad
907 3232 1413 3317 permanentiam
1446 3232 1587 3314 ejus
1614 3252 1627 3296 ε
1652 3251 1873 3314 quem-

357 3334 706 3397 admodum
758 3332 951 3396 homo
995 3349 1307 3413 generans
1357 3338 1455 3394 est
1510 3349 1698 3394 causa
1742 3329 1866 3393 filii

360 3432 486 3507 sui,
517 3439 581 3494 et
618 3429 849 3493 artifex
888 3449 1079 3493 causa
1114 3429 1395 3492 aedificii.
1432 3429 1629 3504 Unde,
1664 3429 1717 3491 si
1758 3448 1870 3512 pa-

361 3539 460 3593 ter
502 3529 603 3592 vel
641 3527 874 3592 artifex
916 3528 1247 3604 moriatur,
1291 3527 1493 3591 nihilo
1536 3527 1747 3590 minus
1786 3527 1870 3589 fi-

361 3629 489 3692 lius
533 3636 599 3692 et
649 3626 1001 3692 aedificium
1051 3634 1429 3708 permanent
1476 3634 1667 3708 atque
1718 3625 1870 3688 sub-

360 3728 621 3792 sistunt.
684 3725 754 3789 ln
824 3725 1060 3788 talibus
1128 3743 1278 3806 ergo
1344 3731 1669 3787 causatum
1738 3743 1865 3788 non

360 3827 685 3908 dependet
729 3843 767 3886 a
814 3842 931 3886 sua
975 3842 1186 3898 causa,
1238 3829 1553 3904 quantum
1598 3824 1676 3886 ad
1726 3841 1869 3905 per-

361 3922 777 3987 manentiam.
814 3957 892 3969 -—
930 3920 1243 3996 Secundo,
1288 3939 1490 3982 unum
1538 3928 1633 3983 est
1679 3940 1869 3984 causa

360 4021 649 4094 alteriuS,
682 4027 995 4102 quantum
1037 4020 1117 4082 ad
1160 4018 1587 4100 inceptionem
1626 4026 1690 4080 et
1725 4037 1870 4100 per-

363 4118 755 4183 manentiam
804 4117 945 4199 ejus
986 4136 999 4180 :
1041 4117 1582 4198 quemadmodum
1630 4117 1723 4180 sol
1772 4124 1867 4180 est

2053 3131 2252 3194 Judaei
2283 3149 2432 3212 ergo
2460 3151 2536 3194 ex
2567 3133 2780 3197 verbis
2811 3134 3043 3199 Christi
3073 3134 3204 3216 jam
3239 3136 3472 3218 praein-

1977 3230 2183 3293 ductis
2221 3230 2644 3310 intelligentes
2684 3234 2856 3314 quod
2896 3234 3075 3296 Jesus
3117 3253 3475 3317 comparas-

1976 3336 2073 3390 set
2100 3346 2168 3390 se
2198 3328 2324 3392 Deo
2365 3328 2431 3391 in
2476 3329 2710 3393 virtute
2752 3339 2815 3394 et
2853 3333 3242 3414 operatione,
3278 3334 3473 3397 dixis-

1976 3434 2199 3508 setque
2227 3445 2294 3488 se
2324 3444 2462 3488 esse
2493 3429 2845 3491 naturalem
2873 3429 3106 3493 Filium
3137 3431 3268 3506 Dei,
3304 3431 3467 3495 Patri

1976 3525 2308 3606 aequalem,
2356 3534 2741 3607 putaverunt
2788 3547 2938 3591 eum
2986 3530 3462 3612 blasphemum,

1976 3631 2041 3685 et
2084 3623 2377 3685 fecerunt
2415 3624 2586 3705 quod
2635 3625 2950 3689 subditur.
2986 3632 3332 3707 Propterea
3371 3650 3469 3689 er-

1968 3741 2076 3800 90,
2108 3720 2424 3794 videlicet,
2457 3721 2610 3802 quia
2637 3724 2911 3803 aequavit
2941 3724 3226 3807 se'Patri‚
3262 3729 3468 3805 magis

1977 3821 2347 3900 quaerebant
2402 3839 2549 3880 eum
2604 3824 2824 3884 Judoei
2870 3824 2940 3884 in
2949 3829 3255 3903 terfioere,
3304 3828 3466 3906 quia
3519 3861 3528 3870 -

1974 3940 2107 3981 non
2153 3923 2362 3980 solum
2398 3922 2674 3981 solvebat
2711 3922 3072 3994 sabbatum,
3110 3925 3464 3987 secundum

1976 4035 2200 4082 eorum
2248 4016 2474 4080 falsam
2521 4018 2914 4100 opinionem,
2954 4024 3064 4082 sed
3099 4030 3159 4082 et
3195 4026 3466 4092 Patrem

1973 4137 2170 4178 suum
2206 4118 2456 4178 dicebat
2486 4119 2715 4187 Deum,
2746 4123 3060 4198 (equalem
3097 4141 3163 4180 se
3188 4121 3462 4198 faciens,

364 4237 555 4280 causa
612 4216 881 4279 luminis
933 4223 995 4278 et
1042 4215 1190 4278 diei.
1242 4215 1437 4290 Unde,
1490 4214 1542 4276 si
1600 4216 1680 4277 ad
1736 4233 1868 4279 mo·
1894 4217 1947 4282 D
1976 4215 2037 4277 id
2067 4222 2164 4278 est
2192 4233 2330 4278 esse
2361 4214 2599 4290 dicenS,
2634 4219 2761 4277 Deo
2790 4216 2976 4278 Patri.
3001 4216 3178 4300 Saepe
3210 4219 3274 4281 in
3305 4219 3470 4284 Scri-

362 4323 657 4379 mentum
686 4316 782 4379 sol
812 4315 1078 4389 deesset,
1111 4314 1243 4377 dies
1284 4313 1608 4377 deficeret.
1644 4313 1719 4376 Et
1746 4314 1867 4378 hoc

362 4415 555 4478 modo
612 4420 708 4476 est
766 4413 929 4475 Deus
986 4431 1175 4474 causa
1232 4429 1445 4474 rerum
1497 4430 1513 4474 ε
1566 4419 1867 4476 creaturae

365 4513 540 4575 enim
600 4511 749 4596 plus
806 4512 1168 4594 dependent
1220 4529 1257 4572 a
1313 4509 1622 4585 Creatore,
1672 4530 1867 4593 quam

362 4611 611 4694 aliquid
658 4617 943 4674 creatum
989 4628 1027 4672 a
1075 4628 1265 4672 causa
1312 4617 1540 4672 creata.
1588 4609 1868 4692 Propter-

364 4728 460 4786 ea,
502 4709 557 4772 si
607 4709 771 4771 Deus
816 4708 1207 4790 relinqueret
1251 4725 1365 4770 ens
1414 4715 1697 4770 creatum
1741 4708 1864 4771 sibi

363 4808 513 4891 ipsi,
546 4826 679 4870 suae
706 4806 1185 4889 omnipotentiae
1214 4807 1756 4868 manutenentiam
1798 4806 1863 4869 in

366 4907 495 4971 ictu
538 4906 713 4971 oculi
756 4905 1187 4968 subtrahendo
1230 4922 1344 4967 seu
1391 4906 1863 4987 suspendendO,

366 5025 515 5070 mox
555 5005 858 5069 universa
898 5004 1238 5066 mundanae
1275 5003 1587 5066 machinae
1625 5002 1869 5067 fabrica

367 5105 435 5167 in
485 5100 649 5168 nihil
710 5103 1052 5178 decideret,
1103 5109 1295 5184 atque
1343 5102 1410 5164 in
1458 5120 1527 5164 se
1574 5103 1713 5184 ipsa
1763 5122 1869 5165 an-

369 5202 638 5266 nihilata
674 5201 1002 5276 deficeret,
1045 5200 1213 5263 sicut
1253 5217 1330 5263 ex
1374 5200 1577 5262 nihilo
1620 5199 1687 5262 in
1731 5218 1871 5264 esse

372 5301 671 5364 surrexit.
726 5299 802 5362 Et
856 5299 979 5364 hoc
1036 5300 1271 5382 ipsum,
1326 5298 1379 5360 si
1438 5317 1565 5362 non
1622 5298 1871 5362 fallitur

1974 4312 2202 4396 pturis,
2262 4321 2325 4375 et
2380 4313 2572 4376 etiam
2629 4314 2696 4376 in
2755 4317 3078 4379 communi
3136 4319 3324 4382 modo
3381 4319 3471 4383 lo-

1974 4412 2235 4493 quendi,
2297 4411 2571 4474 sumitur
2625 4411 2854 4475 Facere
2921 4433 3036 4496 pro
3084 4415 3304 4478 Dicere
3365 4418 3464 4481 vel

1973 4510 2277 4592 Cogitare.
2311 4509 2617 4583 Quoniam
2658 4528 2808 4592 ergo
2851 4513 3204 4576 secundum
3235 4515 3463 4596 legem,

1969 4610 2224 4691 gravior
2248 4609 2634 4692 graviusque
2662 4610 2987 4693 punienda
3012 4610 3137 4675 fuit
3172 4612 3471 4697 blasphe-

1971 4708 2121 4784 mia,
2164 4726 2358 4790 quam
2403 4708 2818 4788 transgressio
2864 4709 3130 4786 sabbati,
3177 4711 3319 4775 ideo
3362 4712 3470 4776 Ju-

1973 4806 2088 4870 daei
2132 4804 2503 4887 quaerebant
2540 4806 2750 4868 Jesum
2791 4808 2975 4890 quasi
3011 4808 3461 4893 blasphemum

1972 4905 2282 4970 occidere.

2054 5003 2175 5066 Sed
2214 5003 2366 5085 quia
2398 5001 2628 5065 Judaeis
2667 5003 2878 5066 visum
2914 5003 3038 5068 fuit
3077 5007 3248 5088 quod
3284 5008 3466 5072 Jesus

1975 5101 2300 5183 derogavit
2345 5101 2569 5164 honori
2617 5101 2836 5166 divino
2881 5106 3189 5186 aequando
3235 5125 3304 5170 se
3359 5107 3468 5170 Pa-

1976 5201 2055 5264 tri
2094 5208 2353 5275 interno,
2385 5199 2622 5262 idcirco
2655 5199 2940 5264 Christus
2980 5205 3256 5269 ostendit
3289 5207 3462 5288 quod

1978 5317 2093 5382 per
2149 5299 2270 5362 hoc
2325 5316 2452 5360 non
2502 5298 2823 5379 derogavit
2869 5299 3056 5364 Patri.
3105 5305 3466 5382 Respondit

3606 3637 3673 3693 18
