4300 6259
809 525 1132 573 turano
1177 525 1242 572 m
1284 525 1630 573 PASSIont
1670 525 1884 572 nonum
1927 525 2249 574 sueonum!
2290 526 2513 574 Lucan.
2557 547 2638 557 —
2678 527 2821 574 ΛΒΤ.
2866 527 3007 573 ΧῘΝῙ

3338 509 3458 574 199

353 703 490 759 tum
529 695 702 770 Adae,
742 717 870 762 non
909 706 1123 761 tamen
1158 698 1238 760 fit
1275 699 1367 760 eis
1408 697 1667 778 injuria,
1703 698 1853 759 dum
1886 695 1937 758 A
1967 697 2251 762 sinenter
2292 701 2357 762 in
2398 717 2535 762 esse
2574 718 3024 764 conservamur
3060 718 3134 762 ac
3172 699 3462 782 provide-

352 803 612 876 propter
643 795 803 859 illud
834 798 958 878 ipsi
997 798 1330 879 privantur
1357 796 1660 859 felicitate
1689 802 1858 858 aeter-

351 911 430 954 na
465 911 478 955 :
514 895 669 974 quia
721 913 836 956 nee
887 895 996 957 illa
1042 894 1317 958 felicitas
1367 893 1718 957 debebatur
1763 893 1856 954 eis

349 992 632 1067 aliunde,
677 1011 788 1055 seu
831 1011 908 1056 ex
948 993 1166 1075 aliqua
1206 993 1532 1075 dignitate,
1566 1000 1678 1054 aut
1715 1010 1858 1073 pro-

351 1091 621 1171 prietate
659 1101 940 1171 naturae3
987 1093 1097 1154 sed
1128 1110 1206 1154 ex
1247 1093 1380 1156 sola
1413 1091 1858 1154 munificentia

349 1189 662 1255 creatoris
721 1192 912 1254 creati
971 1191 1235 1254 fuerunt
1289 1192 1366 1253 ad
1417 1209 1579 1266 eam,
1633 1209 1856 1252 secun-

348 1289 502 1350 dum
551 1290 812 1352 modum
859 1290 1257 1371 praedictum.
1291 1289 1368 1351 Et
1409 1288 1602 1370 hujus
1642 1307 1856 1350 exem-

352 1387 532 1469 plum
575 1388 903 1468 assignant
941 1388 1002 1450 S.
1048 1387 1318 1450 Thomas
1357 1394 1422 1449 et
1457 1387 1739 1468 AEgidius
1780 1389 1858 1448 de

352 1485 546 1548 Roma
580 1505 594 1548 :
630 1485 693 1547 Si
732 1485 1032 1568 princeps
1070 1493 1363 1548 terrenus
1395 1484 1713 1548 conferret
1743 1484 1859 1546 ali-

350 1583 453 1645 cui
515 1584 708 1646 militi
768 1584 1012 1648 bonum
1069 1584 1324 1647 feudale
1380 1590 1489 1646 aut
1551 1591 1851 1656 castrum,

349 1699 420 1743 ea
465 1683 834 1746 conditione
879 1685 1052 1765 quod
1092 1685 1146 1746 si
1188 1684 1374 1746 miles
1417 1682 1695 1765 principi
1741 1701 1857 1744 suo

349 1789 639 1844 maneret
691 1781 931 1856 fideliS,
982 1782 1226 1846 bonum
1285 1782 1445 1844 illud
1493 1800 1566 1844 ac
1617 1783 1852 1844 donum

1969 817 2156 878 mur;
2196 799 2310 880 qui
2341 806 2405 861 et
2441 806 2737 862 aeternam
2781 798 2965 861 nobis
3002 798 3461 860 beatitudinem

1970 899 2370 980 praeparavit,
2421 897 2735 979 promisit,
2778 904 2843 958 et
2880 898 3028 959 dare
3073 903 3325 978 paratus
3369 906 3467 959 est

1971 997 2314 1060 dummodo
2353 997 2599 1060 obicem
2653 1015 2778 1059 non
2830 1014 3139 1077 ponamus
3175 1014 3188 1058 :
3223 1003 3467 1059 constat

1969 1095 2139 1177 quod
2174 1102 2501 1176 peccatum
2546 1093 2832 1167 mortale,
2867 1111 2995 1175 quo
3027 1092 3166 1175 ipse
3195 1092 3468 1156 offendi-

1969 1203 2094 1266 tur,
2131 1194 2214 1255 sit
2254 1193 2722 1274 quodammodo
2764 1190 3156 1254 enormitatis
3197 1191 3469 1253 immen-

1969 1312 2074 1354 sae.
2118 1292 2264 1354 ldeo
2312 1311 2348 1352 a
2396 1298 2654 1372 peccato
2702 1308 2818 1352 suo
2862 1307 3063 1370 genus
3113 1289 3467 1352 humanum

1969 1390 2226 1452 liberari
2287 1389 2597 1470 nequivit,
2649 1387 2773 1450 nisi
2832 1405 2947 1469 per
3000 1388 3464 1470 redemptorem

1968 1489 2292 1569 dignitatis
2323 1495 2387 1549 et
2414 1486 2717 1549 efficaciae
2748 1485 3039 1548 infinitae.
3065 1485 3226 1548 Pura
3252 1492 3463 1548 autem

1969 1595 2256 1650 creatura
2306 1585 2577 1647 infinitae
2626 1584 2948 1665 dignitatis
2996 1601 3135 1646 esse
3183 1602 3310 1647 non
3360 1603 3466 1647 va-

1965 1687 2053 1748 let
2088 1705 2100 1748 :
2138 1686 2279 1746 ideo
2318 1683 2691 1746 salvatorem
2732 1690 3018 1745 nostrum
3049 1683 3331 1764 oportuit
3368 1700 3464 1744 es-

1968 1803 2036 1846 se
2067 1785 2267 1846 Deum
2296 1789 2357 1845 et
2398 1782 2775 1844 Creatorem.
2807 1781 2969 1844 Hinc
3010 1788 3339 1864 peccatum
3370 1789 3466 1844 est

349 1879 472 1941 sibi
534 1888 822 1943 maneret
877 1899 952 1942 ac
1008 1881 1280 1962 posteris
1342 1880 1536 1960 ejus3
1594 1880 1644 1942 si
1706 1897 1855 1942 vero
1893 1878 2241 1946 Binfinitae
2296 1880 2722 1962 fugibilitatis,
2774 1880 2963 1942 etiam
3014 1879 3261 1942 veniale
3321 1897 3467 1962 pec-

349 1978 727 2041 inobediens
785 1977 974 2041 fieret
1019 1978 1299 2061 principi
1351 1995 1486 2051 suo,
1539 1985 1666 2039 tam
1718 1977 1855 2058 ipse

347 2095 542 2156 quam
584 2077 823 2158 posteri
855 2077 1017 2157 eju3‚
1053 2076 1462 2158 privarentur
1500 2075 1668 2138 bono
1701 2094 1858 2156 prae-

349 2175 542 2238 dicto.
585 2175 650 2236 Si
702 2175 918 2256 itaque
971 2175 1156 2237 miles
1205 2174 1314 2236 ille
1364 2173 1550 2235 fieret
1598 2174 1855 2236 domino

349 2291 465 2336 suo
507 2273 883 2336 inobediens
912 2291 986 2335 ac
1018 2272 1298 2347 rebelliS,
1334 2271 1604 2353 ejusque
1636 2273 1858 2334 adver-

348 2373 517 2436 sario
577 2372 986 2446 consentiret,
1042 2380 1284 2434 certum
1347 2379 1444 2433 est
1497 2373 1668 2452 quod
1728 2380 1852 2433 tam

351 2470 488 2552 ipse
533 2489 730 2552 quam
776 2470 1026 2534 soboles
1067 2470 1230 2551 ejuS,
1277 2470 1647 2552 praescripto
1688 2468 1856 2532 bono

345 2567 518 2648 juste
564 2569 822 2650 penitus
866 2568 1292 2650 privarentur.

426 2666 756 2740 Praeterea,
799 2686 1004 2748 quum
1056 2667 1302 2749 primus
1349 2666 1540 2729 homo
1583 2665 1857 2746 origina-

346 2766 470 2826 lem
533 2765 856 2827 amisisset
909 2764 1248 2845 justitiam,
1298 2771 1425 2826 tam
1487 2764 1610 2826 sibi
1661 2783 1854 2846 quam

344 2884 476 2926 suae
507 2863 888 2946 posteritati,
923 2882 1048 2927 non
1082 2863 1288 2944 potuit
1318 2881 1457 2925 eam
1487 2862 1610 2924 sibi
1642 2881 1714 2924 ac
1747 2881 1858 2945 po-

345 2963 615 3025 steritati
667 2979 1066 3045 recuperare.
1104 2962 1248 3024 Ideo
1289 2961 1682 3023 necessarius
1732 2961 1856 3023 fuit

1967 1990 2178 2045 catum
2213 1999 2226 2043 :
2263 1980 2349 2043 ita
2387 1987 2455 2040 ut
2497 1998 2612 2060 pro
2651 1979 2827 2040 nulla
2872 1997 2939 2040 re
2981 1979 3169 2041 homo
3208 1978 3467 2041 deberet

1968 2079 2301 2143 venialiter
2334 2094 2616 2159 peccare,
2641 2078 2750 2139 sed
2782 2077 2992 2158 potius
3022 2084 3291 2139 mortem
3324 2076 3468 2139 sub-

1966 2179 2080 2252 ire,
2124 2196 2317 2260 quam
2364 2175 2611 2238 veniale
2655 2175 3072 2248 committere,
3112 2175 3464 2256 praesertim

1965 2295 2166 2359 quum
2219 2275 2406 2338 homo
2456 2274 2680 2337 debeat
2727 2272 2923 2335 Deum
2978 2273 3199 2336 vivum
3249 2282 3313 2336 et
3361 2293 3465 2337 ve-

1967 2395 2133 2448 rum,
2170 2372 2542 2436 naturaliter
2581 2372 2847 2446 bonum,
2882 2371 3466 2453 incomparabiliter

1965 2473 2353 2554 infiniteque
2411 2472 2555 2554 plus
2612 2489 2823 2533 amare
2879 2489 3073 2553 quam
3125 2489 3194 2533 se
3248 2471 3463 2553 ipsum

1965 2579 2074 2635 aut
2114 2579 2319 2634 totum
2362 2571 2697 2633 mundum.
2764 2553 2772 2564 ’

2047 2669 2337 2732 Secunda
2367 2687 2553 2730 causa
2582 2669 2660 2730 ad
2692 2668 2881 2742 idem,
2908 2675 3003 2730 est
3032 2667 3303 2749 dignitas
3332 2686 3464 2749 gra·

1968 2770 2072 2832 tiae
2112 2775 2363 2849 gratum
2410 2765 2704 2828 facientis
2740 2785 2754 2829 :
2789 2784 2933 2848 quae
2982 2785 3185 2847 quum
3232 2765 3315 2828 sit
3362 2786 3467 2828 su-

1969 2865 2393 2951 pernaturalis
2460 2866 2750 2946 quaedam
2820 2864 3171 2926 similitudo
3230 2864 3466 2929 divinae

1965 2965 2277 3037 essentiae,
2322 2981 2566 3045 ponens
2616 2962 2894 3024 animam
2943 2961 3007 3023 in
3059 2979 3197 3024 esse
3248 2981 3470 3045 super-

345 3061 457 3125 toti
501 3059 726 3142 generi
771 3060 1054 3124 humano
1096 3060 1370 3122 salvator
1407 3079 1479 3122 ac
1521 3060 1849 3134 mediator,
1894 3063 1937 3126 C
1967 3063 2236 3128 naturali
2297 3069 2491 3144 atque
2550 3060 2778 3124 idoneo
2834 3061 2914 3124 ad
2971 3063 3465 3143 promerendum

345 3159 458 3241 qui
497 3177 705 3240 genus
747 3158 1102 3221 humanum
1141 3158 1221 3221 ab
1263 3157 1556 3238 originali
1598 3166 1854 3238 peccato

347 3257 713 3331 redimeret,
755 3263 950 3337 atque
989 3257 1198 3318 eidem
1238 3256 1504 3337 gratiam
1546 3255 1852 3317 redeundi

343 3358 422 3418 ad
471 3355 805 3436 originalis
844 3353 1108 3435 justitiae
1163 3352 1668 3418 conformitatem
1725 3372 1855 3415 me-

348 3461 620 3527 reretur,
663 3453 887 3534 sicque
928 3470 1132 3533 genus
1182 3452 1536 3513 humanum
1583 3450 1708 3513 Deo
1751 3451 1854 3512 Al-

345 3550 600 3614 tissimo
649 3549 1110 3624 reconciliaret,
1159 3556 1223 3610 et
1266 3549 1344 3610 ad
1392 3548 1850 3611 beatitudinem

347 3650 682 3712 reduceret
740 3647 1220 3730 sempiternam,
1273 3646 1478 3709 deleto
1527 3646 1851 3709 obstaculo

346 3747 767 3829 perveniendi
808 3748 886 3809 ad
919 3765 1084 3820 eam,
1120 3745 1416 3808 videlicet
1455 3752 1631 3807 reatu
1668 3745 1854 3826 origi-

345 3847 510 3909 nalis
559 3844 826 3928 peccati.

422 3946 754 4018 Praeterea,
789 3943 1010 4005 mul'tae
1047 3949 1200 4004 sunt
1245 3960 1450 4004 causae
1490 3959 1690 4023 quare
1736 3959 1850 4004 nec

347 4044 601 4126 primus
632 4029 845 4116 homo,
865 4059 982 4102 nec
1012 4040 1247 4122 aliquis
1281 4059 1480 4122 purus
1512 4040 1716 4114 homo,
1737 4058 1854 4102 nec

344 4142 586 4224 aliquis
628 4139 952 4221 angelicus
997 4138 1284 4220 spirituS,
1320 4155 1438 4200 nec
1478 4138 1694 4220 aliqua
1737 4157 1856 4219 pu-

1965 3163 2336 3226 felicitatem
2386 3167 2727 3236 aeternam3
2780 3177 2906 3222 non
2960 3158 3166 3240 potuit
3208 3158 3322 3222 toti
3363 3177 3470 3240 ge-

1966 3261 2100 3324 neri
2163 3260 2444 3322 humano
2503 3256 2850 3339 promereri
2914 3263 3023 3319 aut
3076 3258 3461 3338 recuperari,

1966 3360 2090 3422 nisi
2131 3376 2247 3440 per
2283 3357 2697 3419 mediatorem
2736 3362 2799 3417 et
2842 3355 3218 3418 salvatorem
3263 3355 3467 3436 digni-

1964 3459 2109 3521 tatis
2155 3457 2505 3529 immensae‚
2550 3472 2745 3536 quem
2783 3453 2982 3516 Deum
3026 3471 3165 3516 esse
3208 3473 3466 3517 necesse

1965 3565 2081 3618 est.
2127 3591 2201 3601 —
2244 3553 2453 3616 Tertia
2498 3571 2689 3614 causa
2735 3550 3046 3632 ejusdem,
3098 3559 3196 3612 est
3242 3551 3467 3614 ineffa-

1963 3655 2114 3718 bilis
2165 3652 2435 3733 dignitas
2488 3649 2809 3712 felicitatis
2859 3658 2922 3713 et
2966 3649 3186 3730 gloriae
3232 3650 3467 3732 sempi-

1964 3760 2181 3826 ternae,
2234 3768 2427 3832 quam
2480 3749 2802 3830 peccando
2851 3747 3270 3830 perdidimus,
3325 3747 3466 3811 Haec

1965 3866 2242 3931 namque
2273 3846 2619 3921 beatitudo,
2650 3865 2855 3927 quum
2898 3845 2979 3908 sit
3008 3845 3374 3909 immediata
3404 3855 3467 3909 et

1966 3950 2133 4012 clara
2183 3946 2345 4009 visio
2404 3963 2672 4007 summae
2718 3951 2781 4005 et
2840 3945 3135 4008 increatae
3182 3945 3467 4008 veritatis

1966 4047 2330 4126 divinaeque
2388 4042 2891 4124 pulchritudinis
2946 4043 3121 4125 (quae
3176 4051 3273 4106 est
3328 4044 3468 4126 ipsa

1963 4143 2239 4207 essentia
2276 4141 2541 4220 divina),
2577 4147 2639 4202 et
2670 4141 2860 4222 plena
2888 4139 3109 4204 fruitio
3137 4142 3467 4206 immensae

347 4261 414 4302 ra
452 4248 768 4313 creatura,
809 4237 935 4299 fuit
975 4237 1203 4300 idonea
1245 4243 1448 4300 totum
1496 4254 1697 4317 genus
1738 4238 1855 4298 hu-
1882 4243 1934 4306 D
1964 4241 2266 4306 bonitatis
2325 4245 2515 4320 atque
2573 4239 2931 4302 dulcedinis
2986 4239 3116 4313 Dei,
3170 4247 3267 4302 est
3311 4260 3468 4323 quo-

347 4357 615 4401 manum
651 4356 688 4399 a
725 4345 986 4418 peccato
1029 4337 1363 4408 redimere,
1407 4343 1599 4416 atque
1645 4335 1851 4397 eidem

344 4437 620 4518 gratiam
665 4454 739 4497 ac
784 4435 1051 4516 gloriam
1102 4433 1474 4517 promereri.
1521 4469 1596 4479 —-
1649 4433 1854 4496 Prima

347 4543 441 4596 est
486 4533 768 4616 gravitas
817 4533 958 4615 ipsa
1007 4531 1270 4614 peccati.
1314 4531 1511 4595 Tanto
1553 4531 1850 4613 equidem

348 4633 559 4714 major
612 4639 708 4693 est
763 4629 1108 4694 enormitas
1157 4630 1382 4712 culpae,
1433 4649 1562 4712 quo
1621 4630 1730 4692 ille
1787 4631 1852 4692 in

347 4749 546 4811 quem
592 4729 1032 4802 committitur,
1074 4728 1402 4809 amplioris
1451 4736 1548 4790 est
1589 4729 1856 4809 dignita-

1965 4339 2300 4403 dammodo
2348 4335 2621 4399 infinitae
2670 4337 3013 4418 dignitatiS,
3058 4338 3465 4419 pretiositatis

1964 4447 2027 4500 et
2055 4436 2449 4500 excellentiae
2492 4453 2505 4497 :
2556 4435 2697 4498 ideo
2747 4435 2924 4496 nulla
2974 4455 3133 4517 pura
3180 4446 3467 4499 creatura

1967 4536 2172 4620 potuit
2210 4536 2288 4597 ad
2328 4553 2466 4597 eam
2504 4553 2707 4614 genus
2745 4534 3095 4596 humanum
3139 4535 3462 4610 reducere,

1965 4641 2074 4697 aut
2116 4650 2255 4695 eam
2306 4631 2675 4694 hominibus
2727 4631 3097 4713 promereri.
3134 4667 3207 4676 —
3239 4630 3467 4703 Quarta

1966 4731 2257 4812 ejusdem
2308 4749 2497 4792 causa
2534 4729 2913 4810 assignatur,
2956 4746 3030 4792 eo
3078 4730 3249 4810 quod
3291 4738 3469 4793 natu-

351 4830 452 4904 tis,
487 4837 559 4892 et
584 4847 714 4910 quo
746 4827 932 4910 plura
961 4825 1278 4889 beneficia
1305 4833 1403 4888 est
1431 4826 1715 4907 largitus,
1749 4836 1859 4889 aut
1972 4850 2040 4893 ra
2081 4829 2361 4891 humana
2402 4829 2485 4890 sit
2519 4828 2988 4909 quodammodo
3029 4827 3094 4888 in
3137 4827 3469 4891 infinitum

350 4927 572 5009 largiri
613 4933 893 5008 paratuS.
927 4924 1134 4997 Quum
1171 4941 1321 5004 ergo
1355 4923 1519 4986 Deus
1561 4923 1857 4986 sublimis
1971 4924 2524 4991 communicabilis
2560 4944 2574 4987 τ
2611 4925 2753 4987 ideo
2791 4930 2986 4987 totam
3026 4925 3359 5001 redimere,
3393 4927 3472 4988 li-

351 5036 416 5089 et
463 5025 842 5088 benedictus
891 5021 1166 5085 infinitae
1215 5040 1475 5103 prorsus
1523 5023 1607 5084 sit
1656 5022 1860 5103 digni·
1970 5024 2248 5088 beratori
2308 5023 2735 5085 interminatae
2783 5022 3107 5104 dignitatis
3166 5024 3470 5107 competit

353 5124 502 5187 tatis
553 5143 628 5186 ac
677 5121 1052 5196 sanctitatis,
1104 5128 1296 5202 atque
1341 5120 1862 5203 incomparabilis
1973 5122 2205 5185 solum.

359 5221 753 5296 benefactor,
795 5239 832 5282 a
870 5239 999 5302 quo
1039 5218 1244 5283 sortiti
1287 5237 1508 5280 sumus
1547 5219 1863 5300 quidquid
2054 5220 2157 5282 Sic
2206 5220 2401 5300 igitur
2449 5226 2639 5301 patet,
2694 5237 2808 5280 cur
2866 5218 3293 5282 necessarium
3346 5219 3471 5283 fuit

370 5320 526 5386 boni
570 5319 882 5383 babemus
917 5324 1026 5380 aut
1069 5335 1314 5391 sumuS,
1346 5336 1384 5379 a
1421 5335 1550 5398 quo
1594 5325 1654 5379 et
1694 5317 1870 5380 inde-
1981 5318 2300 5382 Christum
2347 5318 2474 5400 pati
2521 5336 2635 5400 pro
2677 5316 2901 5380 mundi
2944 5319 3167 5380 salute.
