4300 6259
548 2582 717 2625 Maeni.
736 2595 793 2632 ιιι,

538 3370 799 3423 ΙΙοαιιη.ι,5.

556 4062 640 4106 1οὸ
656 4066 803 4113 xxv,5;

541 4139 609 4177 xv,
634 4128 699 4167 15.

824 490 947 557 282

1654 505 2007 553 mumulo
2048 506 2113 552 m
2154 506 2292 553 CAP.
2338 508 2360 553 1
2401 507 2678 555 JoANNJS.
2723 527 2805 538 —
2844 508 2988 555 Am.
3033 509 3095 554 lv

826 684 917 745 vit
949 683 1281 766 populum,
1307 682 1547 757 dicenS,
1588 681 1654 743 In
1689 699 1835 743 eum
1865 681 1975 761 qui
2012 688 2320 743 venturus
2347 678 2398 739 A
2429 699 2596 742 rum.
2629 679 2763 755 Vel,
2796 681 3116 744 Illuminat
3145 682 3388 744 lumine
3416 681 3632 763 gratiae
3659 700 3898 745 omnem

826 790 941 857 est,
978 791 1047 845 ut
1084 783 1433 855 crederent,
1468 780 1587 843 hoc
1627 788 1722 842 est
1762 780 1824 841 in
1858 780 2094 841 lesum.
2129 779 2319 840 Idcir-

826 901 901 945 co
930 882 1209 963 receptio
1237 880 1536 962 baptismi
1566 880 1821 942 loannis
1856 886 1989 940 erat
2024 878 2314 959 quaedam

826 980 1135 1063 professio
1179 979 1473 1042 credendi
1522 978 1587 1039 in
1632 977 1974 1041 Christum.

900 1078 1123 1140 Missus
1161 1086 1255 1140 est
1294 1096 1442 1157 ergo
1477 1077 1744 1139 Joannes
1784 1083 1929 1137 ante
1966 1074 2309 1148 Christum,

823 1186 894 1240 ut
941 1178 1231 1241 homines
1279 1178 1356 1238 ad
1406 1175 1635 1238 Christi
1686 1174 2152 1256 susceptionem
2205 1192 2316 1255 ap-

820 1284 1000 1349 taret,
1062 1278 1365 1349 docendo,
1428 1274 1827 1355 baptizando,
1888 1273 2146 1346 orando,
2211 1290 2317 1333 ex-

821 1376 1315 1457 emplariterque
1354 1374 1648 1436 vivendo.
1687 1371 1829 1434 Erat
1868 1390 2099 1453 nempe
2135 1372 2314 1433 testis

820 1476 1107 1549 idoneuS,
1136 1482 1395 1557 propter
1425 1474 1571 1535 vitae
1600 1491 1729 1535 suae
1760 1472 2155 1533 sanctitatem
2187 1489 2316 1534 om-

823 1574 1011 1636 nibus
1062 1572 1484 1646 manifestam,
1534 1571 1799 1652 gratiam
1848 1570 2310 1652 prophetalem,

820 1674 1167 1755 angelicam
1236 1671 1806 1743 annuntiationem,
1869 1669 2312 1732 miraculosam

821 1773 1298 1854 conceptionem
1357 1790 1430 1833 ac
1488 1770 1901 1832 nativitatem.
1953 1767 2316 1830 Necessaria

822 1890 973 1935 vero
1031 1870 1153 1932 fuit
1206 1868 1437 1932 Judaeis
1499 1868 1873 1950 praeparatio
1926 1867 2045 1929 ista
2098 1886 2110 1928 :

820 1990 1019 2053 quum
1083 1970 1271 2031 rudes
1330 1967 1588 2040 fuerint,
1644 1966 2005 2028 immediate
2054 1984 2314 2047 capaces

820 2089 945 2132 non
1006 2076 1185 2131 erant
1241 2066 1821 2149 supernaturalium
1880 2073 2072 2146 atque
2129 2065 2317 2127 coele-

820 2169 1013 2231 stium
1066 2169 1592 2231 documentorum
1646 2164 1899 2239 Christi,
1953 2166 2061 2226 sed
2123 2165 2314 2245 pede—

819 2266 1043 2330 tentim
1078 2266 1422 2329 inducendi
1463 2272 1641 2326 erant
1681 2264 1757 2325 ad
1800 2263 2194 2326 sublimiora.
2225 2264 2317 2326 Jo-

819 2385 1016 2428 annes
1047 2382 1217 2447 ergo,
1251 2364 1611 2427 inducendo
1649 2381 1755 2425 eos
1794 2363 1870 2424 ad
1912 2372 2314 2443 peccatorum

822 2464 1309 2538 confessionem,
1361 2461 1659 2545 baptismi
1722 2461 2173 2542 receptionem,
2226 2460 2318 2521 di-

822 2566 1022 2627 cendo
1054 2564 1265 2635 etiam,
1300 2560 1857 2643 Appropinquabit
1897 2577 2160 2640 regnum
2193 2578 2320 2622 coe-

825 2663 1055 2735 lorum,
1082 2661 1277 2743 coepit
1309 2678 1417 2723 eos
1453 2679 1489 2721 a
1524 2658 1789 2721 terrenis
1820 2658 2207 2731 abstrahere,
2232 2665 2318 2719 at-

823 2780 951 2845 que
980 2763 1055 2823 ad
1088 2777 1512 2842 supernorum
1545 2775 1825 2820 amorem
1854 2758 2220 2828 accendere,
2246 2775 2318 2818 ac

827 2880 941 2944 per
970 2861 1090 2923 hoc
1126 2860 1203 2921 ad
1245 2858 1472 2922 Christi
1505 2857 1708 2937 legem
1748 2864 1809 2918 et
1836 2855 2034 2917 fidem
2072 2863 2310 2937 aptare.

906 2962 1070 3022 Erat
1103 2962 1222 3019 lum
1250 2978 1425 3024 vera,
1468 2956 1587 3019 hoc
1631 2964 1725 3017 est
1772 2974 1896 3017 non
1943 2954 2315 3037 participata

824 3066 933 3121 aut
975 3057 1305 3132 defectiva,
1341 3056 1451 3117 sed
1492 3056 1679 3137 plena
1718 3062 1779 3115 et
1817 3053 2318 3115 substantialiter
2357 3058 2400 3120 C

826 3158 1013 3230 clara,
1064 3155 1129 3217 in
1178 3174 1305 3237 qua
1364 3161 1587 3215 natura
1635 3153 1795 3215 lucis
1855 3151 2319 3233 perfectissime

828 3255 1163 3337 reperitur.
1204 3254 1379 3315 Unde
1424 3252 1692 3315 Joannes
1740 3252 1806 3314 in
1849 3250 2161 3314 Canonica
2207 3272 2320 3313 sua

828 3353 1050 3416 scribit
1085 3372 1098 3415 :
1133 3352 1294 3413 Deus
1324 3350 1434 3412 lux
1466 3358 1579 3424 est,
1615 3358 1677 3411 et
1706 3349 1985 3412 tenebrae
2016 3369 2140 3412 non
2172 3356 2322 3411 sunt

735 3464 747 3473 “
830 3453 894 3514 ἰιι
946 3470 1019 3515 eo
1072 3451 1236 3513 ullae.
1293 3449 1490 3511 Omne
1537 3457 1747 3511 autem
1800 3456 2080 3511 creatum
2132 3448 2323 3511 habet

828 3550 1070 3632 aliquid
1106 3548 1571 3612 tenebrositatis
1609 3548 1959 3610 admixtum
1989 3567 2004 3625 ;
2047 3566 2193 3609 nam
2227 3548 2322 3629 ip-

830 3670 899 3711 sa
928 3648 1264 3711 minoratio
1304 3647 1487 3719 luciS,
1522 3646 1659 3728 ipsa
1698 3646 1836 3726 ejus
1874 3646 2171 3707 distantia
2209 3665 2319 3708 seu

830 3746 1285 3812 dissimilitudo
1320 3765 1356 3807 a
1394 3746 1535 3808 luce
1573 3746 1811 3818 divina,
1847 3753 1943 3807 est
1980 3746 2323 3808 tenebrosi-

834 3857 926 3909 tas
970 3847 1282 3929 quaedam.
1329 3844 1809 3925 Comparatione
1858 3862 2117 3926 quoque
2163 3844 2322 3907 lucis

834 3946 1066 4007 divinae
1112 3963 1184 4005 ac
1235 3942 1526 4016 infinitae,
1577 3942 1935 4025 appellatur
1984 3943 2167 4023 quasi
2223 3962 2326 4005 ca-

834 4044 961 4124 ligo
1014 4062 1027 4105 :
1082 4043 1223 4105 ideo
1279 4042 1449 4103 enim
1511 4040 1661 4102 luna
1722 4060 1847 4103 non
1896 4040 2209 4123 splendet,
2264 4048 2326 4102 et

836 4142 979 4205 coeli
1030 4159 1154 4202 non
1206 4147 1355 4201 suut
1393 4139 1612 4200 mundi
1658 4138 1721 4200 in
1768 4147 2113 4220 conspectu
2157 4139 2320 4220 ejus,

2427 780 2750 842 hominem
2806 781 3167 843 venientem
3223 782 3290 843 in
3351 782 3522 843 hunc
3580 782 3896 851 mundum,

2428 879 2488 942 id
2534 887 2629 941 est
2666 898 2922 942 omnem
2966 881 3075 962 qui
3119 880 3519 943 illuminatur
3552 880 3750 961 gratia
3788 880 3902 961 spi-

2428 979 2664 1053 rituali,
2699 998 2890 1060 quam
2933 980 3150 1041 nullus
3189 980 3448 1043 sortitur
3491 979 3613 1042 nisi
3657 998 3696 1041 a
3730 979 3896 1042 Filio.

2423 1077 2606 1141 Juxta
2653 1078 2823 1140 hunc
2881 1098 3140 1141 sensum
3199 1079 3468 1141 habetur
3526 1080 3590 1141 in
3645 1078 3896 1152 Psalmo,

2425 1177 2667 1239 Allevat
2709 1178 3012 1241 Dominus
3057 1196 3277 1242 omnes
3320 1179 3431 1259 qui
3478 1185 3802 1252 corruunt,
3843 1186 3905 1239 et
3957 1195 4058 1237 Ρ..
4087 1207 4236 1235 am.

2425 1277 2608 1357 erigit
2639 1296 2859 1340 omnes
2889 1278 3079 1341 elisos
3113 1296 3128 1340 :
3165 1297 3287 1340 non
3319 1279 3492 1359 quod
3529 1297 3750 1342 omnes
3779 1298 3908 1341 cor-
3935 1261 4020 1300 ¹⁸·

2425 1386 2680 1440 ruentes
2738 1387 2800 1439 et
2849 1378 2990 1440 elisi
3039 1377 3392 1440 allevantur
3437 1397 3508 1440 ac
3557 1380 3906 1458 eriguntur,

2426 1478 2536 1540 sed
2579 1478 2748 1557 quod
2795 1494 2982 1540 nemo
3030 1475 3252 1538 talium
3295 1476 3606 1539 allevetur
3645 1486 3754 1539 aut
3795 1478 3914 1539 eri-

2423 1582 2628 1656 gatur,
2674 1574 2795 1637 nisi
2845 1594 2881 1637 a
2926 1574 3070 1637 Deo.
3115 1573 3248 1647 Vel,
3295 1574 3616 1637 Illuminat
3661 1593 3914 1638 omnem

2427 1674 2774 1746 hominem,
2828 1681 3138 1756 quantum
3191 1674 3256 1735 in
3307 1692 3373 1735 se
3421 1682 3537 1747 est,
3573 1674 3740 1736 sicut
3783 1674 4124 1736 vultlrsv„
4146 1690 4256 1732 mk.

2426 1790 2648 1836 omnes
2699 1772 2950 1846 salvari,
2997 1772 3082 1833 ita
3130 1772 3298 1854 quod
3349 1790 3534 1835 nemo
3582 1781 3922 1835 excusatur

2167 1886 2312 1927 nam
2353 1864 2399 1926 B
2427 1872 2480 1933 si
2512 1890 2636 1933 non
2668 1871 2864 1934 fuerit
2896 1871 3269 1933 illustratus,
3304 1871 3626 1934 Illuminat
3661 1891 3924 1953 quoque

2426 1989 2680 2033 omnem
2721 1970 3068 2043 hominem,
3105 1971 3310 2033 dando
3351 1971 3702 2052 unicuique
3739 1989 3927 2051 ange—

2427 2070 2561 2131 lum
2596 2088 2711 2151 pro
2747 2070 3029 2135 custode.
3065 2069 3177 2149 qui
3215 2088 3251 2130 a
3291 2070 3557 2132 diversis
3595 2070 3926 2133 erroribus

2428 2176 2490 2230 et
2540 2168 2813 2250 peccatis
2867 2167 3130 2229 retrahit
3187 2167 3511 2231 hominem
3569 2167 3695 2230 sibi
3753 2187 3930 2231 com—

2429 2267 2722 2329 missum.
2757 2266 2890 2341 Vel,
2916 2266 3238 2328 Illuminat
3276 2285 3530 2329 omnem
3571 2266 3926 2336 hominem,

2428 2366 2548 2429 hoc
2593 2373 2689 2427 est
2735 2367 3042 2448 quosdam
3093 2366 3170 2427 de
3220 2365 3392 2428 omni
3442 2384 3672 2446 genere
3723 2366 3934 2428 homi-

2429 2484 2580 2527 num
2631 2483 2644 2526 :
2689 2483 2832 2526 nam
2885 2471 3029 2546 post
3082 2465 3465 2546 passionem,
3512 2472 3574 2527 et
3623 2464 3934 2546 praedica-

2429 2564 2664 2625 tionem
2698 2562 3167 2644 Apostolorum,
3203 2562 3588 2624 illuminavit
3618 2561 3930 2625 saeculum

2431 2662 2825 2723 universum.
2863 2661 3048 2722 Juxta
3089 2680 3282 2742 quem
3328 2679 3582 2723 sensum
3631 2661 3720 2723 ait
3767 2659 3936 2722 infe-

2431 2760 2563 2821 rius
2623 2778 2636 2823 :
2689 2758 2750 2821 Si
2805 2759 3112 2821 exaltatus
3159 2760 3342 2822 fuero
3389 2779 3428 2821 a
3471 2768 3658 2833 terra,
3709 2759 3934 2822 omnia
3983 2780 4256 2823 amm..

2427 2858 2674 2921 traham
2726 2858 2801 2919 ad
2855 2876 2954 2919 me
3003 2858 3259 2939 ipsum3
3307 2865 3368 2920 et
3418 2858 3766 2931 psalmista,
3809 2858 3930 2921 Be·
3969 2844 4254 2949 {fg-um-.

2431 2957 2807 3019 nedieentur
2847 2957 2909 3017 in
2953 2956 3091 3038 ipso
3128 2974 3349 3019 omnes
3388 2956 3592 3019 tribus
3636 2964 3840 3019 terrae.

2515 3060 2592 3118 In
2625 3059 2868 3116 mundo
2907 3064 3066 3116 crat.
3113 3054 3237 3118 Hoc
3286 3056 3363 3117 de
3406 3055 3652 3119 Christo
3699 3074 3939 3118 secun-
4103 3059 4174 3113 10

2431 3156 2576 3218 dum
2612 3162 2946 3235 utramque
2976 3154 3114 3235 ejus
3149 3162 3433 3216 naturam
3464 3154 3664 3237 accipi
3700 3162 3932 3235 potest,

2433 3256 2540 3317 sed
2592 3253 2985 3316 differenter.
3029 3252 3238 3316 Primo
3279 3252 3370 3315 sic
3405 3271 3419 3315 ε
3454 3253 3521 3314 ln
3562 3254 3822 3321 mundo,
3863 3254 3938 3315 id

2433 3361 2527 3414 est
2571 3353 2636 3414 in
2680 3358 2807 3414 toto
2848 3357 2992 3412 ente
3036 3358 3244 3413 creato
3289 3368 3400 3412 seu
3439 3349 3758 3420 universo,
3793 3358 3940 3411 erat

2433 3453 2568 3515 haec
2616 3452 2748 3523 lux,
2801 3450 2863 3511 id
2915 3457 3031 3524 est,
3085 3457 3284 3512 totum
3335 3450 3646 3513 mundum
3693 3448 3770 3511 ab
3823 3468 3940 3511 ex-

2433 3550 2611 3614 ordio
2659 3567 2788 3611 suae
2847 3547 3183 3611 creationis
3235 3548 3546 3629 implevit,
3598 3566 3796 3629 quum
3847 3548 3940 3609 sit

2434 3648 2710 3711 infinita.
2744 3647 3006 3728 Propter
3043 3647 3214 3728 quod
3253 3647 3341 3707 ait
3387 3664 3501 3728 per
3539 3646 3874 3710 Ieremiam
3913 3666 3934 3709 τ

2433 3746 2755 3827 Numquid
2807 3764 2932 3809 non
2983 3744 3216 3808 coelum
3267 3752 3330 3806 et
3377 3752 3608 3807 terram
3657 3762 3770 3825 ego
3813 3746 3944 3807 im-
4019 3776 4258 3820 ,ια-,ψη

2435 3846 2613 3929 pleo‘c
2638 3845 2798 3907 Deus
2829 3843 3001 3906 enim
3034 3843 3274 3925 ubique
3301 3851 3398 3905 est
3430 3862 3542 3925 per
3571 3844 3932 3919 essentiam,
3977 3842 4061 3881 2⁴·

2436 3944 2860 4027 praesentiam,
2904 3950 3095 4023 atque
3142 3943 3508 4024 potentiam.
3551 3942 3688 4023 lpse
3731 3941 3944 4023 siqui-

2435 4046 2577 4107 dem
2623 4042 2836 4105 omnia
2877 4049 3185 4123 penetrat,
3219 4060 3332 4103 sua
3361 4058 3618 4121 quoque
3650 4042 3940 4122 potentia

2432 4144 2508 4205 ad
2559 4141 2772 4205 omnia
2820 4158 2888 4202 se
2935 4139 3237 4213 extendit,
3286 4147 3348 4201 et
3397 4158 3512 4202 suo
3561 4142 3934 4221 conspectui

834 4239 1132 4313 Quamvis
1192 4256 1341 4300 vero
1400 4238 1567 4299 istud
1628 4240 1705 4300 de
1766 4237 2052 4319 qualibet
2108 4238 2326 4301 divina
2361 4239 2649 4304 Domnia
2707 4246 2942 4321 patent.
2996 4238 3466 4311 Verumtamen,
3525 4236 3703 4319 juxta
3757 4236 3944 4302 Salo-

836 4340 1103 4401 Persona
1152 4337 1234 4399 sit
1282 4355 1527 4411 verum,
1572 4356 1743 4398 nunc
1792 4345 2002 4398 tamen
2052 4336 2129 4398 de
2168 4337 2325 4400 Filio

760 4488 770 4503 .
837 4438 1091 4509 dicitur,
1154 4435 1255 4499 cui
1320 4436 1429 4498 lux
1489 4436 1958 4517 appropriatur,
2020 4436 2322 4518 quoniam

837 4538 945 4599 lux
986 4534 1336 4618 spiritualis
1381 4534 1700 4616 praecipue
1744 4542 1984 4615 spectat
2024 4536 2101 4596 ad
2143 4535 2329 4596 intel-

836 4636 1072 4698 lectum
1102 4652 1176 4695 ac
1206 4633 1604 4714 sapientiam.
1638 4632 1843 4705 Quum
1872 4651 2018 4713 ergo
2046 4633 2327 4695 Verbum

838 4750 949 4793 seu
992 4729 1187 4790 Filius
1233 4730 1315 4791 sit
1356 4729 1669 4792 emanatio
1716 4729 2096 4803 intellectuS,
2132 4729 2226 4791 sic
2271 4731 2328 4791 ei

834 4828 1283 4911 appropriatur
1321 4827 1452 4901 lux,
1498 4828 1664 4890 sicut
1708 4827 2039 4909 sapientia,
2076 4828 2326 4903 veritaS‚

836 4949 958 5003 ιιι-3,
994 4928 1315 5009 splendor,
1354 4934 1416 4988 et
1458 4927 1725 5009 specieS.

922 5031 1075 5096 Quae
1104 5028 1443 5087 illuminat
1482 5026 1727 5087 lumine
1757 5026 2060 5089 naturalis
2095 5028 2333 5108 ingenii

841 5146 1091 5186 omnem
1124 5126 1447 5184 hominem
1472 5128 1824 5186 venientem
1856 5127 1923 5185 in
1953 5128 2128 5185 hunc
2158 5146 2338 5187 mun-

844 5228 1027 5290 dum,
1062 5223 1125 5285 id
1163 5230 1279 5297 est,
1313 5223 1426 5304 qui
1478 5242 1591 5305 per
1633 5223 2020 5285 nativitatem
2066 5224 2341 5305 ingredi-

842 5329 951 5383 tur
996 5321 1216 5385 orbem
1275 5328 1585 5384 terrarum
1635 5322 1995 5403 vallemque
2052 5322 2342 5385 lacrima-

2434 4356 2712 4412 monem,
2763 4337 2976 4417 Longe
3023 4344 3119 4398 est
3166 4335 3468 4399 Dominus
3518 4336 3596 4398 ab
3646 4336 3864 4418 impiis
3913 4356 3934 4401 ε
4013 4360 4172 4404 Prae.
4201 4374 4264 4407 u.

2437 4457 2560 4500 non
2597 4436 2819 4518 utique
2858 4436 3017 4509 loco,
3053 4436 3162 4497 sed
3202 4434 3743 4509 dissimilitudine,
3775 4436 3944 4516 quia
3979 4426 4066 4467 ³⁹·

2439 4556 2563 4599 non
2615 4543 2709 4597 est
2760 4552 2875 4596 nec
2934 4533 3174 4595 habitat
3223 4533 3288 4594 in
3335 4534 3427 4595 eis
3482 4552 3596 4615 per
3640 4534 3936 4614 gratiam.

2437 4636 2580 4697 Fuit
2608 4642 2819 4696 autem
2850 4632 3018 4694 circa
3047 4632 3242 4694 Deum
3274 4632 3506 4714 triplex
3537 4632 3942 4695 errorzUnus

2437 4731 2946 4804 Manichaeorum,
3003 4730 3352 4792 dicentium
3413 4730 3531 4793 ista
3583 4730 3946 4813 corporalia

2441 4840 2502 4893 et
2549 4839 2801 4892 terrena
2846 4828 2972 4891 Deo
3030 4828 3191 4891 lucis
3251 4847 3375 4891 non
3436 4847 3574 4891 esse
3623 4827 3940 4910 subjecta.

2443 4930 2670 4992 Contra
2701 4928 2813 4990 hos
2846 4926 3117 4988 dicimus
3149 4926 3345 4988 Deum
3381 4944 3519 4990 esse
3550 4926 3788 5008 ubique
3823 4946 3948 5009 per

2447 5026 2815 5111 potentiam.
2847 5025 3026 5087 Alius
3067 5024 3190 5086 fuit
3228 5044 3405 5088 error
3443 5026 3806 5106 negantium
3845 5026 3952 5088 di-

2447 5128 2656 5192 vinam
2691 5124 3176 5207 providentiam.
3211 5123 3296 5186 De
3323 5124 3560 5205 quibus
3591 5124 3746 5186 dicit
3775 5122 3952 5186 Psal-

2449 5224 2636 5288 mista
2665 5243 2679 5286 t
2723 5223 3032 5285 Dixerunt
3065 5240 3078 5285 :
3114 5221 3436 5294 Quomodo
3472 5222 3590 5285 scit
3621 5222 3820 5292 Deus:
3855 5230 3946 5297 et,
4041 5245 4128 5287 Px.
4151 5262 4268 5290 mn.

2453 5322 2518 5386 Si
2550 5330 2644 5385 est
2679 5320 2943 5384 scientia
2975 5320 3039 5382 in
3071 5318 3366 5384 Excelsoi
3389 5320 3616 5384 Contra
3641 5321 3758 5385 hos
3787 5321 3952 5384 dici·
3991 5308 4069 5351 ¹¹·
