<?xml version="1.0" encoding="UTF-8"?>
<!DOCTYPE html PUBLIC "-//W3C//DTD XHTML 1.0 Transitional//EN"
    "http://www.w3.org/TR/xhtml1/DTD/xhtml1-transitional.dtd">
<html xmlns="http://www.w3.org/1999/xhtml" xml:lang="en" lang="en">
 <head>
  <title>
</title>
<meta http-equiv="Content-Type" content="text/html;charset=utf-8" />
  <meta name='ocr-system' content='tesseract 3.04.00' />
  <meta name='ocr-capabilities' content='ocr_page ocr_carea ocr_par ocr_line ocrx_word'/>
</head>
<body>
  <div class='ocr_page' id='page_1' title='image "./doctorisecstati09unkngoog_0070.png"; bbox 0 0 4300 6259; ppageno 0'>
   <div class='ocr_carea' id='block_1_1' title="bbox 1613 491 3097 541">
    <p class='ocr_par' dir='ltr' id='par_1_1' title="bbox 1613 491 3097 541">
     <span class='ocr_line' id='line_1_1' title="bbox 1613 491 3097 541; baseline 0 0"><span class='ocrx_word' id='word_1_1' title='bbox 1613 493 1963 541; x_wconf 59' lang='lat' dir='ltr'><strong>malumno</strong></span> <span class='ocrx_word' id='word_1_2' title='bbox 2006 492 2070 538; x_wconf 80' lang='lat' dir='ltr'><strong>m</strong></span> <span class='ocrx_word' id='word_1_3' title='bbox 2111 492 2251 539; x_wconf 72' lang='lat' dir='ltr'><strong>cAP.</strong></span> <span class='ocrx_word' id='word_1_4' title='bbox 2298 491 2361 537; x_wconf 85' lang='lat' dir='ltr'><strong>Xl</strong></span> <span class='ocrx_word' id='word_1_5' title='bbox 2402 492 2593 539; x_wconf 72' lang='lat' dir='ltr'><strong>LUGAE.</strong></span> <span class='ocrx_word' id='word_1_6' title='bbox 2637 512 2720 523; x_wconf 91' lang='lat'><strong>—</strong></span> <span class='ocrx_word' id='word_1_7' title='bbox 2760 494 2901 540; x_wconf 70' lang='grc' dir='ltr'><strong>ΛΒΤ.</strong></span> <span class='ocrx_word' id='word_1_8' title='bbox 2946 495 3097 541; x_wconf 79' lang='lat' dir='ltr'>XXIX</span> 
     </span>
    </p>
   </div>
   <div class='ocr_carea' id='block_1_2' title="bbox 798 662 3900 749">
    <p class='ocr_par' dir='ltr' id='par_1_2' title="bbox 798 662 3900 749">
     <span class='ocr_line' id='line_1_2' title="bbox 798 662 3900 749; baseline 0 -21"><span class='ocrx_word' id='word_1_9' title='bbox 798 667 910 728; x_wconf 91' lang='lat' dir='ltr'><strong>stis</strong></span> <span class='ocrx_word' id='word_1_10' title='bbox 949 666 1259 749; x_wconf 92' lang='lat' dir='ltr'><strong>Spiritum</strong></span> <span class='ocrx_word' id='word_1_11' title='bbox 1299 665 1657 747; x_wconf 90' lang='lat' dir='ltr'><strong>adoptionis</strong></span> <span class='ocrx_word' id='word_1_12' title='bbox 1697 663 2004 727; x_wconf 82' lang='lat' dir='ltr'><strong>filiorum.</strong></span> <span class='ocrx_word' id='word_1_13' title='bbox 2037 662 2290 737; x_wconf 89' lang='lat' dir='ltr'><strong>Octavo,</strong></span> <span class='ocrx_word' id='word_1_14' title='bbox 2325 663 2371 723; x_wconf 87' lang='lat' dir='ltr'><strong>A</strong></span> <span class='ocrx_word' id='word_1_15' title='bbox 2405 682 2743 727; x_wconf 90' lang='lat' dir='ltr'><strong>commune</strong></span> <span class='ocrx_word' id='word_1_16' title='bbox 2772 664 3055 728; x_wconf 89' lang='lat' dir='ltr'><strong>divinius</strong></span> <span class='ocrx_word' id='word_1_17' title='bbox 3084 674 3182 728; x_wconf 89' lang='lat' dir='ltr'><strong>est</strong></span> <span class='ocrx_word' id='word_1_18' title='bbox 3209 685 3401 748; x_wconf 91' lang='lat' dir='ltr'><strong>quam</strong></span> <span class='ocrx_word' id='word_1_19' title='bbox 3443 666 3795 748; x_wconf 86' lang='lat' dir='ltr'><strong>proprium,</strong></span> <span class='ocrx_word' id='word_1_20' title='bbox 3826 682 3900 729; x_wconf 88' lang='lat' dir='ltr'><strong>eo</strong></span> 
     </span>
    </p>
   </div>
   <div class='ocr_carea' id='block_1_3' title="bbox 507 761 2305 4193">
    <p class='ocr_par' dir='ltr' id='par_1_3' title="bbox 507 761 2295 1045">
     <span class='ocr_line' id='line_1_3' title="bbox 795 761 2293 845; baseline -0.003 -18"><span class='ocrx_word' id='word_1_21' title='bbox 795 765 1012 845; x_wconf 80' lang='lat' dir='ltr'><strong>gloriae</strong></span> <span class='ocrx_word' id='word_1_22' title='bbox 1043 765 1398 839; x_wconf 89' lang='lat' dir='ltr'><strong>collatione,</strong></span> <span class='ocrx_word' id='word_1_23' title='bbox 1434 766 1782 827; x_wconf 87' lang='lat' dir='ltr'><strong>secundum</strong></span> <span class='ocrx_word' id='word_1_24' title='bbox 1824 764 1982 826; x_wconf 93' lang='lat' dir='ltr'><strong>illud</strong></span> <span class='ocrx_word' id='word_1_25' title='bbox 2011 761 2185 824; x_wconf 91' lang='lat' dir='ltr'><strong>Pauli</strong></span> <span class='ocrx_word' id='word_1_26' title='bbox 2217 762 2293 823; x_wconf 88' lang='lat' dir='ltr'><strong>ad</strong></span> 
     </span>
     <span class='ocr_line' id='line_1_4' title="bbox 507 860 2295 947; baseline -0.001 -24"><span class='ocrx_word' id='word_1_27' title='bbox 507 880 766 929; x_wconf 56' lang='grc' dir='ltr'><strong>σαιαωκι.</strong></span> <span class='ocrx_word' id='word_1_28' title='bbox 797 864 1041 927; x_wconf 82' lang='lat' dir='ltr'><strong>Galatas</strong></span> <span class='ocrx_word' id='word_1_29' title='bbox 1077 884 1090 927; x_wconf 94' lang='lat'>:</span> <span class='ocrx_word' id='word_1_30' title='bbox 1124 865 1340 947; x_wconf 85' lang='lat' dir='ltr'><strong>ltaque</strong></span> <span class='ocrx_word' id='word_1_31' title='bbox 1386 864 1516 944; x_wconf 88' lang='lat' dir='ltr'><strong>jam</strong></span> <span class='ocrx_word' id='word_1_32' title='bbox 1569 883 1694 926; x_wconf 92' lang='lat' dir='ltr'><strong>non</strong></span> <span class='ocrx_word' id='word_1_33' title='bbox 1745 870 1841 924; x_wconf 90' lang='lat' dir='ltr'><strong>est</strong></span> <span class='ocrx_word' id='word_1_34' title='bbox 1888 880 2130 935; x_wconf 68' lang='lat' dir='ltr'><strong>servm,</strong></span> <span class='ocrx_word' id='word_1_35' title='bbox 2185 860 2295 922; x_wconf 90' lang='lat' dir='ltr'><strong>sed</strong></span> 
     </span>
     <span class='ocr_line' id='line_1_5' title="bbox 800 960 2291 1045; baseline -0.002 -22"><span class='ocrx_word' id='word_1_36' title='bbox 800 961 976 1024; x_wconf 84' lang='lat' dir='ltr'><strong>silius</strong></span> <span class='ocrx_word' id='word_1_37' title='bbox 1011 981 1024 1025; x_wconf 90' lang='lat'>:</span> <span class='ocrx_word' id='word_1_38' title='bbox 1061 964 1234 1045; x_wconf 92' lang='lat' dir='ltr'><strong>quod</strong></span> <span class='ocrx_word' id='word_1_39' title='bbox 1275 963 1325 1023; x_wconf 92' lang='lat' dir='ltr'><strong>si</strong></span> <span class='ocrx_word' id='word_1_40' title='bbox 1368 961 1567 1037; x_wconf 84' lang='lat' dir='ltr'><strong>silius,</strong></span> <span class='ocrx_word' id='word_1_41' title='bbox 1601 970 1664 1024; x_wconf 90' lang='lat' dir='ltr'><strong>et</strong></span> <span class='ocrx_word' id='word_1_42' title='bbox 1701 963 1884 1023; x_wconf 90' lang='lat' dir='ltr'><strong>heres</strong></span> <span class='ocrx_word' id='word_1_43' title='bbox 1925 979 2038 1042; x_wconf 92' lang='lat' dir='ltr'><strong>per</strong></span> <span class='ocrx_word' id='word_1_44' title='bbox 2067 960 2291 1021; x_wconf 90' lang='lat' dir='ltr'><strong>Deum.</strong></span> 
     </span>
    </p>

    <p class='ocr_par' dir='ltr' id='par_1_4' title="bbox 799 1059 2301 2129">
     <span class='ocr_line' id='line_1_6' title="bbox 878 1059 2299 1141; baseline -0.003 -18"><span class='ocrx_word' id='word_1_45' title='bbox 878 1060 1106 1123; x_wconf 81' lang='lat' dir='ltr'><strong>Omnes</strong></span> <span class='ocrx_word' id='word_1_46' title='bbox 1156 1061 1221 1122; x_wconf 94' lang='lat' dir='ltr'><strong>hi</strong></span> <span class='ocrx_word' id='word_1_47' title='bbox 1272 1061 1440 1123; x_wconf 91' lang='lat' dir='ltr'><strong>modi</strong></span> <span class='ocrx_word' id='word_1_48' title='bbox 1487 1060 1695 1122; x_wconf 87' lang='lat' dir='ltr'><strong>tribus</strong></span> <span class='ocrx_word' id='word_1_49' title='bbox 1741 1059 2026 1122; x_wconf 86' lang='lat' dir='ltr'><strong>Personis</strong></span> <span class='ocrx_word' id='word_1_50' title='bbox 2077 1077 2299 1141; x_wconf 89' lang='lat' dir='ltr'><strong>super-</strong></span> 
     </span>
     <span class='ocr_line' id='line_1_7' title="bbox 799 1159 2292 1241; baseline -0.003 -18"><span class='ocrx_word' id='word_1_51' title='bbox 799 1160 1190 1241; x_wconf 88' lang='lat' dir='ltr'><strong>dignissimis</strong></span> <span class='ocrx_word' id='word_1_52' title='bbox 1234 1166 1296 1222; x_wconf 90' lang='lat' dir='ltr'><strong>et</strong></span> <span class='ocrx_word' id='word_1_53' title='bbox 1339 1160 1590 1221; x_wconf 85' lang='lat' dir='ltr'><strong>aeternis</strong></span> <span class='ocrx_word' id='word_1_54' title='bbox 1639 1159 1832 1221; x_wconf 89' lang='lat' dir='ltr'><strong>simul</strong></span> <span class='ocrx_word' id='word_1_55' title='bbox 1881 1159 2292 1232; x_wconf 87' lang='lat' dir='ltr'><strong>conveniunt,</strong></span> 
     </span>
     <span class='ocr_line' id='line_1_8' title="bbox 799 1255 2295 1341; baseline -0.003 -20"><span class='ocrx_word' id='word_1_56' title='bbox 799 1260 1100 1341; x_wconf 89' lang='lat' dir='ltr'><strong>quoniam</strong></span> <span class='ocrx_word' id='word_1_57' title='bbox 1145 1276 1338 1340; x_wconf 90' lang='lat' dir='ltr'><strong>opera</strong></span> <span class='ocrx_word' id='word_1_58' title='bbox 1385 1258 1930 1340; x_wconf 83' lang='lat' dir='ltr'><strong>superbenedictae</strong></span> <span class='ocrx_word' id='word_1_59' title='bbox 1972 1255 2295 1318; x_wconf 82' lang='lat' dir='ltr'><strong>Trinitatis</strong></span> 
     </span>
     <span class='ocr_line' id='line_1_9' title="bbox 801 1355 2297 1437; baseline -0.003 -18"><span class='ocrx_word' id='word_1_60' title='bbox 801 1365 950 1419; x_wconf 90' lang='lat' dir='ltr'><strong>sunt</strong></span> <span class='ocrx_word' id='word_1_61' title='bbox 987 1358 1281 1420; x_wconf 89' lang='lat' dir='ltr'><strong>indivisa.</strong></span> <span class='ocrx_word' id='word_1_62' title='bbox 1317 1357 1425 1418; x_wconf 87' lang='lat' dir='ltr'><strong>His</strong></span> <span class='ocrx_word' id='word_1_63' title='bbox 1464 1374 1722 1437; x_wconf 90' lang='lat' dir='ltr'><strong>quoque</strong></span> <span class='ocrx_word' id='word_1_64' title='bbox 1766 1355 1970 1419; x_wconf 89' lang='lat' dir='ltr'><strong>modis</strong></span> <span class='ocrx_word' id='word_1_65' title='bbox 2013 1362 2191 1437; x_wconf 91' lang='lat' dir='ltr'><strong>pater</strong></span> <span class='ocrx_word' id='word_1_66' title='bbox 2231 1355 2297 1415; x_wconf 92' lang='lat' dir='ltr'><strong>in</strong></span> 
     </span>
     <span class='ocr_line' id='line_1_10' title="bbox 799 1455 2297 1535; baseline -0.002 -18"><span class='ocrx_word' id='word_1_67' title='bbox 799 1455 1090 1518; x_wconf 79' lang='lat' dir='ltr'><strong>Oratione</strong></span> <span class='ocrx_word' id='word_1_68' title='bbox 1150 1456 1470 1518; x_wconf 88' lang='lat' dir='ltr'><strong>dominica</strong></span> <span class='ocrx_word' id='word_1_69' title='bbox 1526 1455 1822 1528; x_wconf 79' lang='lat' dir='ltr'><strong>sumitur,</strong></span> <span class='ocrx_word' id='word_1_70' title='bbox 1879 1472 1994 1535; x_wconf 90' lang='lat' dir='ltr'><strong>per</strong></span> <span class='ocrx_word' id='word_1_71' title='bbox 2053 1460 2297 1535; x_wconf 89' lang='lat' dir='ltr'><strong>patrem</strong></span> 
     </span>
     <span class='ocr_line' id='line_1_11' title="bbox 800 1552 2301 1635; baseline -0.003 -18"><span class='ocrx_word' id='word_1_72' title='bbox 800 1554 1210 1635; x_wconf 88' lang='lat' dir='ltr'><strong>intelligendo</strong></span> <span class='ocrx_word' id='word_1_73' title='bbox 1239 1563 1433 1616; x_wconf 90' lang='lat' dir='ltr'><strong>totam</strong></span> <span class='ocrx_word' id='word_1_74' title='bbox 1473 1552 2068 1635; x_wconf 90' lang='lat' dir='ltr'><strong>superessentialem</strong></span> <span class='ocrx_word' id='word_1_75' title='bbox 2108 1552 2301 1615; x_wconf 89' lang='lat' dir='ltr'><strong>incir-</strong></span> 
     </span>
     <span class='ocr_line' id='line_1_12' title="bbox 801 1651 2298 1734; baseline -0.003 -19"><span class='ocrx_word' id='word_1_76' title='bbox 801 1652 1382 1734; x_wconf 85' lang='lat' dir='ltr'><strong>cumscriptamque</strong></span> <span class='ocrx_word' id='word_1_77' title='bbox 1412 1651 1804 1725; x_wconf 82' lang='lat' dir='ltr'><strong>Trinitatem,</strong></span> <span class='ocrx_word' id='word_1_78' title='bbox 1841 1670 2038 1712; x_wconf 92' lang='lat' dir='ltr'><strong>unum</strong></span> <span class='ocrx_word' id='word_1_79' title='bbox 2075 1668 2298 1713; x_wconf 90' lang='lat' dir='ltr'><strong>verum</strong></span> 
     </span>
     <span class='ocr_line' id='line_1_13' title="bbox 801 1748 2301 1834; baseline -0.003 -21"><span class='ocrx_word' id='word_1_80' title='bbox 801 1751 1350 1834; x_wconf 89' lang='lat' dir='ltr'><strong>simplicissimum</strong></span> <span class='ocrx_word' id='word_1_81' title='bbox 1387 1749 1608 1824; x_wconf 90' lang='lat' dir='ltr'><strong>Deum,</strong></span> <span class='ocrx_word' id='word_1_82' title='bbox 1638 1750 1740 1811; x_wconf 90' lang='lat' dir='ltr'><strong>cui</strong></span> <span class='ocrx_word' id='word_1_83' title='bbox 1783 1768 1928 1811; x_wconf 92' lang='lat' dir='ltr'><strong>cum</strong></span> <span class='ocrx_word' id='word_1_84' title='bbox 1967 1749 2140 1812; x_wconf 92' lang='lat' dir='ltr'><strong>omni</strong></span> <span class='ocrx_word' id='word_1_85' title='bbox 2184 1748 2301 1810; x_wconf 92' lang='lat' dir='ltr'><strong>hu-</strong></span> 
     </span>
     <span class='ocr_line' id='line_1_14' title="bbox 801 1847 2299 1929; baseline -0.003 -18"><span class='ocrx_word' id='word_1_86' title='bbox 801 1850 1088 1923; x_wconf 89' lang='lat' dir='ltr'><strong>militate,</strong></span> <span class='ocrx_word' id='word_1_87' title='bbox 1141 1849 1495 1912; x_wconf 88' lang='lat' dir='ltr'><strong>reverentia</strong></span> <span class='ocrx_word' id='word_1_88' title='bbox 1542 1855 1604 1910; x_wconf 91' lang='lat' dir='ltr'><strong>et</strong></span> <span class='ocrx_word' id='word_1_89' title='bbox 1647 1848 1993 1929; x_wconf 86' lang='lat' dir='ltr'><strong>gratiarum</strong></span> <span class='ocrx_word' id='word_1_90' title='bbox 2051 1847 2299 1909; x_wconf 91' lang='lat' dir='ltr'><strong>actione</strong></span> 
     </span>
     <span class='ocr_line' id='line_1_15' title="bbox 799 1946 2301 2028; baseline -0.002 -19"><span class='ocrx_word' id='word_1_91' title='bbox 799 1948 1196 2011; x_wconf 81' lang='lat' dir='ltr'><strong>confidenter</strong></span> <span class='ocrx_word' id='word_1_92' title='bbox 1235 1956 1425 2028; x_wconf 90' lang='lat' dir='ltr'><strong>atque</strong></span> <span class='ocrx_word' id='word_1_93' title='bbox 1463 1948 1756 2008; x_wconf 87' lang='lat' dir='ltr'><strong>ardenter</strong></span> <span class='ocrx_word' id='word_1_94' title='bbox 1798 1946 2009 2008; x_wconf 87' lang='lat' dir='ltr'><strong>dicere</strong></span> <span class='ocrx_word' id='word_1_95' title='bbox 2047 1964 2119 2007; x_wconf 91' lang='lat' dir='ltr'><strong>ac</strong></span> <span class='ocrx_word' id='word_1_96' title='bbox 2150 1964 2301 2027; x_wconf 93' lang='lat' dir='ltr'><strong>sup—</strong></span> 
     </span>
     <span class='ocr_line' id='line_1_16' title="bbox 799 2047 1410 2129; baseline -0.003 -20"><span class='ocrx_word' id='word_1_97' title='bbox 799 2047 1036 2129; x_wconf 87' lang='lat' dir='ltr'><strong>plicare</strong></span> <span class='ocrx_word' id='word_1_98' title='bbox 1079 2047 1410 2108; x_wconf 77' lang='lat' dir='ltr'><strong>debemus,</strong></span> 
     </span>
    </p>

    <p class='ocr_par' dir='ltr' id='par_1_5' title="bbox 801 2143 2305 4193">
     <span class='ocr_line' id='line_1_17' title="bbox 893 2143 2301 2221; baseline -0.001 -14"><span class='ocrx_word' id='word_1_99' title='bbox 893 2146 1094 2220; x_wconf 89' lang='lat' dir='ltr'><strong>Pater,</strong></span> <span class='ocrx_word' id='word_1_100' title='bbox 1147 2146 1590 2221; x_wconf 76' lang='lat' dir='ltr'><strong>sanctificetur</strong></span> <span class='ocrx_word' id='word_1_101' title='bbox 1636 2163 1868 2205; x_wconf 78' lang='lat' dir='ltr'><strong>nomen</strong></span> <span class='ocrx_word' id='word_1_102' title='bbox 1920 2154 2128 2211; x_wconf 77' lang='lat' dir='ltr'><strong>tuum,</strong></span> <span class='ocrx_word' id='word_1_103' title='bbox 2180 2143 2301 2205; x_wconf 88' lang='lat' dir='ltr'><strong>hoc</strong></span> 
     </span>
     <span class='ocr_line' id='line_1_18' title="bbox 802 2241 2302 2325; baseline -0.002 -20"><span class='ocrx_word' id='word_1_104' title='bbox 802 2252 917 2317; x_wconf 85' lang='lat' dir='ltr'><strong>est,</strong></span> <span class='ocrx_word' id='word_1_105' title='bbox 941 2251 1011 2305; x_wconf 92' lang='lat' dir='ltr'><strong>tu</strong></span> <span class='ocrx_word' id='word_1_106' title='bbox 1042 2244 1201 2325; x_wconf 90' lang='lat' dir='ltr'><strong>ipse,</strong></span> <span class='ocrx_word' id='word_1_107' title='bbox 1235 2261 1272 2305; x_wconf 95' lang='lat' dir='ltr'><strong>o</strong></span> <span class='ocrx_word' id='word_1_108' title='bbox 1301 2242 1481 2304; x_wconf 87' lang='lat' dir='ltr'><strong>Pater</strong></span> <span class='ocrx_word' id='word_1_109' title='bbox 1510 2242 1913 2323; x_wconf 89' lang='lat' dir='ltr'><strong>omnipotens</strong></span> <span class='ocrx_word' id='word_1_110' title='bbox 1945 2249 2006 2303; x_wconf 87' lang='lat' dir='ltr'><strong>et</strong></span> <span class='ocrx_word' id='word_1_111' title='bbox 2036 2241 2302 2303; x_wconf 88' lang='lat' dir='ltr'><strong>immen-</strong></span> 
     </span>
     <span class='ocr_line' id='line_1_19' title="bbox 803 2339 2301 2416; baseline -0.003 -13"><span class='ocrx_word' id='word_1_112' title='bbox 803 2360 892 2416; x_wconf 88' lang='lat' dir='ltr'><strong>se,</strong></span> <span class='ocrx_word' id='word_1_113' title='bbox 923 2342 1002 2404; x_wconf 91' lang='lat' dir='ltr'><strong>ab</strong></span> <span class='ocrx_word' id='word_1_114' title='bbox 1043 2341 1340 2405; x_wconf 89' lang='lat' dir='ltr'><strong>omnibus</strong></span> <span class='ocrx_word' id='word_1_115' title='bbox 1379 2339 1732 2413; x_wconf 77' lang='lat' dir='ltr'><strong>honoreriS,</strong></span> <span class='ocrx_word' id='word_1_116' title='bbox 1763 2346 1826 2401; x_wconf 85' lang='lat' dir='ltr'><strong>et</strong></span> <span class='ocrx_word' id='word_1_117' title='bbox 1861 2348 1970 2402; x_wconf 90' lang='lat' dir='ltr'><strong>tua</strong></span> <span class='ocrx_word' id='word_1_118' title='bbox 2003 2340 2301 2401; x_wconf 82' lang='lat' dir='ltr'><strong>sanctitas</strong></span> 
     </span>
     <span class='ocr_line' id='line_1_20' title="bbox 802 2436 2301 2511; baseline -0.004 -8"><span class='ocrx_word' id='word_1_119' title='bbox 802 2439 1099 2503; x_wconf 90' lang='lat' dir='ltr'><strong>omnibus</strong></span> <span class='ocrx_word' id='word_1_120' title='bbox 1149 2439 1520 2511; x_wconf 88' lang='lat' dir='ltr'><strong>innotescat,</strong></span> <span class='ocrx_word' id='word_1_121' title='bbox 1565 2456 1635 2499; x_wconf 88' lang='lat' dir='ltr'><strong>ac</strong></span> <span class='ocrx_word' id='word_1_122' title='bbox 1683 2436 1799 2499; x_wconf 91' lang='lat' dir='ltr'><strong>tibi</strong></span> <span class='ocrx_word' id='word_1_123' title='bbox 1856 2436 1920 2497; x_wconf 91' lang='lat' dir='ltr'><strong>in</strong></span> <span class='ocrx_word' id='word_1_124' title='bbox 1971 2436 2301 2498; x_wconf 83' lang='lat' dir='ltr'><strong>sanctitate</strong></span> 
     </span>
     <span class='ocr_line' id='line_1_21' title="bbox 803 2534 2296 2619; baseline -0.004 -19"><span class='ocrx_word' id='word_1_125' title='bbox 803 2546 867 2600; x_wconf 89' lang='lat' dir='ltr'><strong>et</strong></span> <span class='ocrx_word' id='word_1_126' title='bbox 899 2537 1144 2619; x_wconf 86' lang='lat' dir='ltr'><strong>justitia</strong></span> <span class='ocrx_word' id='word_1_127' title='bbox 1191 2536 1270 2599; x_wconf 89' lang='lat' dir='ltr'><strong>ab</strong></span> <span class='ocrx_word' id='word_1_128' title='bbox 1318 2536 1630 2598; x_wconf 90' lang='lat' dir='ltr'><strong>universis</strong></span> <span class='ocrx_word' id='word_1_129' title='bbox 1679 2535 1916 2616; x_wconf 88' lang='lat' dir='ltr'><strong>jugiter</strong></span> <span class='ocrx_word' id='word_1_130' title='bbox 1961 2534 2296 2597; x_wconf 84' lang='lat' dir='ltr'><strong>serviatur.</strong></span> 
     </span>
     <span class='ocr_line' id='line_1_22' title="bbox 804 2631 2301 2716; baseline -0.003 -19"><span class='ocrx_word' id='word_1_131' title='bbox 804 2636 928 2699; x_wconf 86' lang='lat' dir='ltr'><strong>Hoc</strong></span> <span class='ocrx_word' id='word_1_132' title='bbox 967 2642 1062 2696; x_wconf 90' lang='lat' dir='ltr'><strong>est</strong></span> <span class='ocrx_word' id='word_1_133' title='bbox 1103 2636 1276 2716; x_wconf 92' lang='lat' dir='ltr'><strong>quod</strong></span> <span class='ocrx_word' id='word_1_134' title='bbox 1327 2633 1536 2716; x_wconf 90' lang='lat' dir='ltr'><strong>primo</strong></span> <span class='ocrx_word' id='word_1_135' title='bbox 1575 2654 1647 2696; x_wconf 89' lang='lat' dir='ltr'><strong>ac</strong></span> <span class='ocrx_word' id='word_1_136' title='bbox 1687 2633 1962 2695; x_wconf 85' lang='lat' dir='ltr'><strong>maxime</strong></span> <span class='ocrx_word' id='word_1_137' title='bbox 2000 2631 2301 2695; x_wconf 86' lang='lat' dir='ltr'><strong>affectare</strong></span> 
     </span>
     <span class='ocr_line' id='line_1_23' title="bbox 801 2730 2303 2813; baseline -0.001 -17"><span class='ocrx_word' id='word_1_138' title='bbox 801 2734 1123 2808; x_wconf 84' lang='lat' dir='ltr'><strong>debemus,</strong></span> <span class='ocrx_word' id='word_1_139' title='bbox 1161 2733 1458 2794; x_wconf 88' lang='lat' dir='ltr'><strong>videlicet</strong></span> <span class='ocrx_word' id='word_1_140' title='bbox 1484 2731 2014 2813; x_wconf 81' lang='lat' dir='ltr'><strong>glorificationem</strong></span> <span class='ocrx_word' id='word_1_141' title='bbox 2046 2748 2157 2793; x_wconf 81' lang='lat' dir='ltr'><strong>scu</strong></span> <span class='ocrx_word' id='word_1_142' title='bbox 2191 2730 2303 2794; x_wconf 82' lang='lat' dir='ltr'><strong>ho-</strong></span> 
     </span>
     <span class='ocr_line' id='line_1_24' title="bbox 803 2829 2301 2912; baseline -0.003 -17"><span class='ocrx_word' id='word_1_143' title='bbox 803 2850 1022 2895; x_wconf 89' lang='lat' dir='ltr'><strong>norem</strong></span> <span class='ocrx_word' id='word_1_144' title='bbox 1063 2840 1124 2893; x_wconf 91' lang='lat' dir='ltr'><strong>et</strong></span> <span class='ocrx_word' id='word_1_145' title='bbox 1160 2831 1427 2912; x_wconf 86' lang='lat' dir='ltr'><strong>gloriam</strong></span> <span class='ocrx_word' id='word_1_146' title='bbox 1467 2830 1575 2892; x_wconf 89' lang='lat' dir='ltr'><strong>Dei</strong></span> <span class='ocrx_word' id='word_1_147' title='bbox 1619 2830 1684 2893; x_wconf 91' lang='lat' dir='ltr'><strong>in</strong></span> <span class='ocrx_word' id='word_1_148' title='bbox 1726 2829 2024 2893; x_wconf 91' lang='lat' dir='ltr'><strong>omnibus</strong></span> <span class='ocrx_word' id='word_1_149' title='bbox 2061 2848 2074 2893; x_wconf 74' lang='grc' dir='ltr'><strong>ε</strong></span> <span class='ocrx_word' id='word_1_150' title='bbox 2117 2830 2301 2891; x_wconf 89' lang='lat' dir='ltr'><strong>aliter</strong></span> 
     </span>
     <span class='ocr_line' id='line_1_25' title="bbox 803 2927 2303 3011; baseline -0.002 -18"><span class='ocrx_word' id='word_1_151' title='bbox 803 2932 955 2995; x_wconf 89' lang='lat' dir='ltr'><strong>boni</strong></span> <span class='ocrx_word' id='word_1_152' title='bbox 998 2929 1117 2992; x_wconf 82' lang='lat' dir='ltr'><strong>filii</strong></span> <span class='ocrx_word' id='word_1_153' title='bbox 1159 2930 1298 3011; x_wconf 89' lang='lat' dir='ltr'><strong>ejus</strong></span> <span class='ocrx_word' id='word_1_154' title='bbox 1349 2950 1474 2992; x_wconf 93' lang='lat' dir='ltr'><strong>non</strong></span> <span class='ocrx_word' id='word_1_155' title='bbox 1516 2948 1760 3003; x_wconf 79' lang='lat' dir='ltr'><strong>sumuS,</strong></span> <span class='ocrx_word' id='word_1_156' title='bbox 1797 2946 1914 2990; x_wconf 90' lang='lat' dir='ltr'><strong>nec</strong></span> <span class='ocrx_word' id='word_1_157' title='bbox 1953 2946 2102 2991; x_wconf 90' lang='lat' dir='ltr'><strong>vere</strong></span> <span class='ocrx_word' id='word_1_158' title='bbox 2141 2927 2303 2990; x_wconf 84' lang='lat' dir='ltr'><strong>fide-</strong></span> 
     </span>
     <span class='ocr_line' id='line_1_26' title="bbox 805 3028 2304 3113; baseline -0.003 -20"><span class='ocrx_word' id='word_1_159' title='bbox 805 3032 918 3106; x_wconf 89' lang='grc' dir='ltr'><strong>16ε,</strong></span> <span class='ocrx_word' id='word_1_160' title='bbox 973 3032 1508 3113; x_wconf 88' lang='lat' dir='ltr'><strong>quemadmodum</strong></span> <span class='ocrx_word' id='word_1_161' title='bbox 1559 3030 1727 3111; x_wconf 90' lang='lat' dir='ltr'><strong>apud</strong></span> <span class='ocrx_word' id='word_1_162' title='bbox 1773 3028 2078 3091; x_wconf 85' lang='lat' dir='ltr'><strong>Joannem</strong></span> <span class='ocrx_word' id='word_1_163' title='bbox 2127 3028 2304 3092; x_wconf 87' lang='lat' dir='ltr'><strong>Chri-</strong></span> 
     </span>
     <span class='ocr_line' id='line_1_27' title="bbox 806 3126 2303 3211; baseline -0.001 -20"><span class='ocrx_word' id='word_1_164' title='bbox 806 3139 940 3192; x_wconf 89' lang='lat' dir='ltr'><strong>stus</strong></span> <span class='ocrx_word' id='word_1_165' title='bbox 988 3130 1067 3191; x_wconf 90' lang='lat' dir='ltr'><strong>ad</strong></span> <span class='ocrx_word' id='word_1_166' title='bbox 1121 3146 1446 3211; x_wconf 89' lang='lat' dir='ltr'><strong>perversos</strong></span> <span class='ocrx_word' id='word_1_167' title='bbox 1494 3128 1582 3190; x_wconf 90' lang='lat' dir='ltr'><strong>ait</strong></span> <span class='ocrx_word' id='word_1_168' title='bbox 1617 3127 1862 3190; x_wconf 85' lang='lat' dir='ltr'><strong>Judaeos</strong></span> <span class='ocrx_word' id='word_1_169' title='bbox 1912 3146 1926 3190; x_wconf 76' lang='grc' dir='ltr'><strong>ε</strong></span> <span class='ocrx_word' id='word_1_170' title='bbox 1979 3126 2303 3199; x_wconf 86' lang='lat' dir='ltr'><strong>Quomodo</strong></span> 
     </span>
     <span class='ocr_line' id='line_1_28' title="bbox 809 3224 2304 3311; baseline -0.003 -21"><span class='ocrx_word' id='word_1_171' title='bbox 809 3227 1069 3311; x_wconf 90' lang='lat' dir='ltr'><strong>potestis</strong></span> <span class='ocrx_word' id='word_1_172' title='bbox 1101 3245 1210 3289; x_wconf 90' lang='lat' dir='ltr'><strong>vos</strong></span> <span class='ocrx_word' id='word_1_173' title='bbox 1253 3226 1530 3299; x_wconf 89' lang='lat' dir='ltr'><strong>credere,</strong></span> <span class='ocrx_word' id='word_1_174' title='bbox 1561 3225 1672 3306; x_wconf 92' lang='lat' dir='ltr'><strong>qui</strong></span> <span class='ocrx_word' id='word_1_175' title='bbox 1711 3224 1976 3305; x_wconf 83' lang='lat' dir='ltr'><strong>gloriam</strong></span> <span class='ocrx_word' id='word_1_176' title='bbox 2017 3224 2098 3286; x_wconf 88' lang='lat' dir='ltr'><strong>ab</strong></span> <span class='ocrx_word' id='word_1_177' title='bbox 2139 3224 2304 3288; x_wconf 85' lang='lat' dir='ltr'><strong>invi-</strong></span> 
     </span>
     <span class='ocr_line' id='line_1_29' title="bbox 808 3323 2302 3406; baseline -0.002 -17"><span class='ocrx_word' id='word_1_178' title='bbox 808 3345 945 3389; x_wconf 91' lang='lat' dir='ltr'><strong>cem</strong></span> <span class='ocrx_word' id='word_1_179' title='bbox 995 3324 1306 3406; x_wconf 88' lang='lat' dir='ltr'><strong>accipitis‚</strong></span> <span class='ocrx_word' id='word_1_180' title='bbox 1340 3331 1403 3386; x_wconf 90' lang='lat' dir='ltr'><strong>et</strong></span> <span class='ocrx_word' id='word_1_181' title='bbox 1438 3324 1706 3404; x_wconf 88' lang='lat' dir='ltr'><strong>gloriam</strong></span> <span class='ocrx_word' id='word_1_182' title='bbox 1746 3342 1890 3405; x_wconf 83' lang='lat' dir='ltr'><strong>quae</strong></span> <span class='ocrx_word' id='word_1_183' title='bbox 1927 3343 1963 3385; x_wconf 90' lang='lat' dir='ltr'><strong>a</strong></span> <span class='ocrx_word' id='word_1_184' title='bbox 2002 3324 2136 3386; x_wconf 92' lang='lat' dir='ltr'><strong>solo</strong></span> <span class='ocrx_word' id='word_1_185' title='bbox 2179 3323 2302 3386; x_wconf 88' lang='lat' dir='ltr'><strong>Deo</strong></span> 
     </span>
     <span class='ocr_line' id='line_1_30' title="bbox 809 3421 2303 3503; baseline -0.002 -17"><span class='ocrx_word' id='word_1_186' title='bbox 809 3433 923 3497; x_wconf 91' lang='lat' dir='ltr'><strong>est,</strong></span> <span class='ocrx_word' id='word_1_187' title='bbox 958 3443 1083 3487; x_wconf 93' lang='lat' dir='ltr'><strong>non</strong></span> <span class='ocrx_word' id='word_1_188' title='bbox 1125 3422 1453 3503; x_wconf 72' lang='lat' dir='ltr'><strong>quaeritis?</strong></span> <span class='ocrx_word' id='word_1_189' title='bbox 1486 3421 1792 3503; x_wconf 89' lang='lat' dir='ltr'><strong>Denique,</strong></span> <span class='ocrx_word' id='word_1_190' title='bbox 1817 3422 1982 3483; x_wconf 91' lang='lat' dir='ltr'><strong>sicut</strong></span> <span class='ocrx_word' id='word_1_191' title='bbox 2011 3422 2303 3484; x_wconf 90' lang='lat' dir='ltr'><strong>homines</strong></span> 
     </span>
     <span class='ocr_line' id='line_1_31' title="bbox 807 3518 2302 3593; baseline -0.003 -8"><span class='ocrx_word' id='word_1_192' title='bbox 807 3521 1071 3585; x_wconf 88' lang='lat' dir='ltr'><strong>virtuosi</strong></span> <span class='ocrx_word' id='word_1_193' title='bbox 1132 3521 1330 3582; x_wconf 90' lang='lat' dir='ltr'><strong>Deum</strong></span> <span class='ocrx_word' id='word_1_194' title='bbox 1389 3518 1811 3593; x_wconf 86' lang='lat' dir='ltr'><strong>sanctificant,</strong></span> <span class='ocrx_word' id='word_1_195' title='bbox 1875 3519 2028 3581; x_wconf 89' lang='lat' dir='ltr'><strong>dum</strong></span> <span class='ocrx_word' id='word_1_196' title='bbox 2089 3528 2302 3582; x_wconf 90' lang='lat' dir='ltr'><strong>sancte</strong></span> 
     </span>
     <span class='ocr_line' id='line_1_32' title="bbox 809 3617 2305 3693; baseline -0.003 -9"><span class='ocrx_word' id='word_1_197' title='bbox 809 3622 1103 3693; x_wconf 87' lang='lat' dir='ltr'><strong>vivendo,</strong></span> <span class='ocrx_word' id='word_1_198' title='bbox 1155 3618 1353 3680; x_wconf 89' lang='lat' dir='ltr'><strong>Deum</strong></span> <span class='ocrx_word' id='word_1_199' title='bbox 1413 3618 1514 3679; x_wconf 92' lang='lat' dir='ltr'><strong>cui</strong></span> <span class='ocrx_word' id='word_1_200' title='bbox 1577 3618 1663 3678; x_wconf 90' lang='lat' dir='ltr'><strong>ita</strong></span> <span class='ocrx_word' id='word_1_201' title='bbox 1721 3617 2109 3692; x_wconf 87' lang='lat' dir='ltr'><strong>deserviunt,</strong></span> <span class='ocrx_word' id='word_1_202' title='bbox 2165 3638 2305 3680; x_wconf 91' lang='lat' dir='ltr'><strong>san-</strong></span> 
     </span>
     <span class='ocr_line' id='line_1_33' title="bbox 809 3714 2301 3797; baseline -0.002 -15"><span class='ocrx_word' id='word_1_203' title='bbox 809 3728 978 3783; x_wconf 86' lang='lat' dir='ltr'><strong>ctum</strong></span> <span class='ocrx_word' id='word_1_204' title='bbox 1012 3736 1151 3780; x_wconf 90' lang='lat' dir='ltr'><strong>esse</strong></span> <span class='ocrx_word' id='word_1_205' title='bbox 1189 3718 1644 3791; x_wconf 90' lang='lat' dir='ltr'><strong>demonstrant,</strong></span> <span class='ocrx_word' id='word_1_206' title='bbox 1677 3714 1948 3797; x_wconf 89' lang='lat' dir='ltr'><strong>ejusque</strong></span> <span class='ocrx_word' id='word_1_207' title='bbox 1987 3717 2301 3781; x_wconf 88' lang='lat' dir='ltr'><strong>sanctitati</strong></span> 
     </span>
     <span class='ocr_line' id='line_1_34' title="bbox 807 3814 2304 3895; baseline -0.001 -15"><span class='ocrx_word' id='word_1_208' title='bbox 807 3817 1086 3880; x_wconf 85' lang='lat' dir='ltr'><strong>fideliter</strong></span> <span class='ocrx_word' id='word_1_209' title='bbox 1113 3822 1488 3877; x_wconf 87' lang='lat' dir='ltr'><strong>attestantur</strong></span> <span class='ocrx_word' id='word_1_210' title='bbox 1521 3833 1535 3876; x_wconf 74' lang='grc' dir='ltr'><strong>ε</strong></span> <span class='ocrx_word' id='word_1_211' title='bbox 1571 3814 1663 3877; x_wconf 92' lang='lat' dir='ltr'><strong>sic</strong></span> <span class='ocrx_word' id='word_1_212' title='bbox 1694 3814 1929 3888; x_wconf 90' lang='lat' dir='ltr'><strong>vitiosi,</strong></span> <span class='ocrx_word' id='word_1_213' title='bbox 1964 3814 2202 3895; x_wconf 88' lang='lat' dir='ltr'><strong>injuste</strong></span> <span class='ocrx_word' id='word_1_214' title='bbox 2230 3835 2304 3878; x_wconf 88' lang='lat' dir='ltr'><strong>ac</strong></span> 
     </span>
     <span class='ocr_line' id='line_1_35' title="bbox 806 3912 2305 3998; baseline -0.003 -19"><span class='ocrx_word' id='word_1_215' title='bbox 806 3916 1080 3998; x_wconf 88' lang='lat' dir='ltr'><strong>turpiter</strong></span> <span class='ocrx_word' id='word_1_216' title='bbox 1128 3913 1581 3987; x_wconf 86' lang='lat' dir='ltr'><strong>conversando,</strong></span> <span class='ocrx_word' id='word_1_217' title='bbox 1637 3931 1867 3975; x_wconf 91' lang='lat' dir='ltr'><strong>nomen</strong></span> <span class='ocrx_word' id='word_1_218' title='bbox 1922 3912 2030 3975; x_wconf 89' lang='lat' dir='ltr'><strong>Dei</strong></span> <span class='ocrx_word' id='word_1_219' title='bbox 2090 3933 2305 3975; x_wconf 88' lang='lat' dir='ltr'><strong>macu-</strong></span> 
     </span>
     <span class='ocr_line' id='line_1_36' title="bbox 807 4010 2303 4093; baseline -0.002 -16"><span class='ocrx_word' id='word_1_220' title='bbox 807 4015 938 4077; x_wconf 91' lang='lat' dir='ltr'><strong>lare</strong></span> <span class='ocrx_word' id='word_1_221' title='bbox 977 4014 1300 4086; x_wconf 89' lang='lat' dir='ltr'><strong>dicuntur,</strong></span> <span class='ocrx_word' id='word_1_222' title='bbox 1335 4010 1488 4093; x_wconf 90' lang='lat' dir='ltr'><strong>quia</strong></span> <span class='ocrx_word' id='word_1_223' title='bbox 1527 4011 1620 4073; x_wconf 89' lang='lat' dir='ltr'><strong>sic</strong></span> <span class='ocrx_word' id='word_1_224' title='bbox 1661 4011 1890 4074; x_wconf 86' lang='lat' dir='ltr'><strong>vivunt</strong></span> <span class='ocrx_word' id='word_1_225' title='bbox 1925 4031 1998 4074; x_wconf 89' lang='lat' dir='ltr'><strong>ac</strong></span> <span class='ocrx_word' id='word_1_226' title='bbox 2041 4012 2094 4073; x_wconf 92' lang='lat' dir='ltr'><strong>si</strong></span> <span class='ocrx_word' id='word_1_227' title='bbox 2138 4012 2303 4075; x_wconf 91' lang='lat' dir='ltr'><strong>Deus</strong></span> 
     </span>
     <span class='ocr_line' id='line_1_37' title="bbox 810 4109 2305 4193; baseline 0 -19"><span class='ocrx_word' id='word_1_228' title='bbox 810 4112 1192 4193; x_wconf 87' lang='lat' dir='ltr'><strong>injustitiam</strong></span> <span class='ocrx_word' id='word_1_229' title='bbox 1221 4109 1552 4191; x_wconf 85' lang='lat' dir='ltr'><strong>approbet,</strong></span> <span class='ocrx_word' id='word_1_230' title='bbox 1586 4128 1703 4171; x_wconf 87' lang='lat' dir='ltr'><strong>nce</strong></span> <span class='ocrx_word' id='word_1_231' title='bbox 1733 4118 1985 4172; x_wconf 89' lang='lat' dir='ltr'><strong>sanctus</strong></span> <span class='ocrx_word' id='word_1_232' title='bbox 2017 4111 2128 4183; x_wconf 84' lang='lat' dir='ltr'><strong>sit;</strong></span> <span class='ocrx_word' id='word_1_233' title='bbox 2162 4112 2305 4174; x_wconf 90' lang='lat' dir='ltr'><strong>aliis</strong></span> 
     </span>
    </p>
   </div>
   <div class='ocr_carea' id='block_1_4' title="bbox 511 2452 771 2557">
    <p class='ocr_par' dir='ltr' id='par_1_6' title="bbox 511 2452 771 2557">
     <span class='ocr_line' id='line_1_38' title="bbox 527 2452 771 2503; baseline 0 -10"><span class='ocrx_word' id='word_1_234' title='bbox 527 2452 632 2495; x_wconf 76' lang='lat' dir='ltr'><strong>Luc.</strong></span> <span class='ocrx_word' id='word_1_235' title='bbox 655 2466 684 2502; x_wconf 77' lang='grc' dir='ltr'><strong>ι,</strong></span> <span class='ocrx_word' id='word_1_236' title='bbox 703 2454 771 2503; x_wconf 64' lang='lat'><strong>74,</strong></span> 
     </span>
     <span class='ocr_line' id='line_1_39' title="bbox 511 2518 579 2557; baseline -0.015 0"><span class='ocrx_word' id='word_1_237' title='bbox 511 2518 579 2557; x_wconf 80' lang='lat'><strong>75.</strong></span> 
     </span>
    </p>
   </div>
   <div class='ocr_carea' id='block_1_5' title="bbox 511 3144 776 3248">
    <p class='ocr_par' dir='ltr' id='par_1_7' title="bbox 511 3144 776 3248">
     <span class='ocr_line' id='line_1_40' title="bbox 553 3144 776 3195; baseline -0.004 -10"><span class='ocrx_word' id='word_1_238' title='bbox 553 3144 713 3186; x_wconf 79' lang='lat' dir='ltr'><strong>Joann.</strong></span> <span class='ocrx_word' id='word_1_239' title='bbox 732 3157 776 3195; x_wconf 72' lang='lat' dir='ltr'><strong>v,</strong></span> 
     </span>
     <span class='ocr_line' id='line_1_41' title="bbox 511 3208 580 3248; baseline 0 0"><span class='ocrx_word' id='word_1_240' title='bbox 511 3208 580 3248; x_wconf 68' lang='lat'><strong>44.</strong></span> 
     </span>
    </p>
   </div>
   <div class='ocr_carea' id='block_1_6' title="bbox 2336 763 4256 4194">
    <p class='ocr_par' dir='ltr' id='par_1_8' title="bbox 2405 763 3901 1043">
     <span class='ocr_line' id='line_1_42' title="bbox 2406 763 3901 846; baseline 0 -21"><span class='ocrx_word' id='word_1_241' title='bbox 2406 763 2550 844; x_wconf 91' lang='lat' dir='ltr'><strong>plus</strong></span> <span class='ocrx_word' id='word_1_242' title='bbox 2580 763 2871 825; x_wconf 91' lang='lat' dir='ltr'><strong>divinum</strong></span> <span class='ocrx_word' id='word_1_243' title='bbox 2903 764 3429 846; x_wconf 86' lang='lat' dir='ltr'><strong>meritoriumque</strong></span> <span class='ocrx_word' id='word_1_244' title='bbox 3459 764 3747 827; x_wconf 88' lang='lat' dir='ltr'><strong>consistit</strong></span> <span class='ocrx_word' id='word_1_245' title='bbox 3774 781 3901 825; x_wconf 87' lang='lat' dir='ltr'><strong>ora·</strong></span> 
     </span>
     <span class='ocr_line' id='line_1_43' title="bbox 2405 861 3895 945; baseline 0.001 -23"><span class='ocrx_word' id='word_1_246' title='bbox 2405 878 2472 923; x_wconf 88' lang='lat' dir='ltr'><strong>re</strong></span> <span class='ocrx_word' id='word_1_247' title='bbox 2531 880 2647 943; x_wconf 91' lang='lat' dir='ltr'><strong>pro</strong></span> <span class='ocrx_word' id='word_1_248' title='bbox 2706 863 2945 937; x_wconf 91' lang='lat' dir='ltr'><strong>multis,</strong></span> <span class='ocrx_word' id='word_1_249' title='bbox 3003 863 3354 944; x_wconf 82' lang='lat' dir='ltr'><strong>praesertim</strong></span> <span class='ocrx_word' id='word_1_250' title='bbox 3406 882 3521 945; x_wconf 89' lang='lat' dir='ltr'><strong>pro</strong></span> <span class='ocrx_word' id='word_1_251' title='bbox 3576 861 3895 936; x_wconf 88' lang='lat' dir='ltr'><strong>omnibus,</strong></span> 
     </span>
     <span class='ocr_line' id='line_1_44' title="bbox 2405 962 3485 1043; baseline 0.001 -21"><span class='ocrx_word' id='word_1_252' title='bbox 2405 979 2598 1042; x_wconf 88' lang='lat' dir='ltr'><strong>quam</strong></span> <span class='ocrx_word' id='word_1_253' title='bbox 2652 980 2767 1043; x_wconf 89' lang='lat' dir='ltr'><strong>pro</strong></span> <span class='ocrx_word' id='word_1_254' title='bbox 2809 980 2876 1023; x_wconf 91' lang='lat' dir='ltr'><strong>se</strong></span> <span class='ocrx_word' id='word_1_255' title='bbox 2927 963 3060 1025; x_wconf 92' lang='lat' dir='ltr'><strong>solo</strong></span> <span class='ocrx_word' id='word_1_256' title='bbox 3099 969 3207 1023; x_wconf 89' lang='lat' dir='ltr'><strong>aut</strong></span> <span class='ocrx_word' id='word_1_257' title='bbox 3246 962 3485 1043; x_wconf 89' lang='lat' dir='ltr'><strong>paucis.</strong></span> 
     </span>
    </p>

    <p class='ocr_par' dir='ltr' id='par_1_9' title="bbox 2406 1058 3909 1828">
     <span class='ocr_line' id='line_1_45' title="bbox 2485 1058 3895 1140; baseline -0.001 -19"><span class='ocrx_word' id='word_1_258' title='bbox 2485 1062 2815 1121; x_wconf 80' lang='lat' dir='ltr'><strong>Adveniat-</strong></span> <span class='ocrx_word' id='word_1_259' title='bbox 2861 1080 3135 1138; x_wconf 67' lang='lat' dir='ltr'><strong>requam</strong></span> <span class='ocrx_word' id='word_1_260' title='bbox 3187 1070 3397 1122; x_wconf 74' lang='lat' dir='ltr'><strong>tuum.</strong></span> <span class='ocrx_word' id='word_1_261' title='bbox 3452 1059 3735 1140; x_wconf 84' lang='lat' dir='ltr'><strong>Regnum</strong></span> <span class='ocrx_word' id='word_1_262' title='bbox 3788 1058 3895 1120; x_wconf 83' lang='lat' dir='ltr'><strong>Dei</strong></span> 
     </span>
     <span class='ocr_line' id='line_1_46' title="bbox 2406 1155 3901 1240; baseline -0.001 -21"><span class='ocrx_word' id='word_1_263' title='bbox 2406 1164 2502 1219; x_wconf 89' lang='lat' dir='ltr'><strong>est</strong></span> <span class='ocrx_word' id='word_1_264' title='bbox 2539 1157 2819 1219; x_wconf 88' lang='lat' dir='ltr'><strong>militans</strong></span> <span class='ocrx_word' id='word_1_265' title='bbox 2856 1177 2927 1219; x_wconf 90' lang='lat' dir='ltr'><strong>ac</strong></span> <span class='ocrx_word' id='word_1_266' title='bbox 2958 1158 3359 1240; x_wconf 87' lang='lat' dir='ltr'><strong>triumphans</strong></span> <span class='ocrx_word' id='word_1_267' title='bbox 3400 1155 3677 1219; x_wconf 88' lang='lat' dir='ltr'><strong>Ecclesia</strong></span> <span class='ocrx_word' id='word_1_268' title='bbox 3709 1175 3724 1217; x_wconf 76' lang='grc' dir='ltr'><strong>ε</strong></span> <span class='ocrx_word' id='word_1_269' title='bbox 3760 1156 3901 1218; x_wconf 91' lang='lat' dir='ltr'><strong>ideo</strong></span> 
     </span>
     <span class='ocr_line' id='line_1_47' title="bbox 2408 1254 3895 1338; baseline -0.001 -19"><span class='ocrx_word' id='word_1_270' title='bbox 2408 1258 2486 1319; x_wconf 93' lang='lat' dir='ltr'><strong>de</strong></span> <span class='ocrx_word' id='word_1_271' title='bbox 2518 1263 2789 1338; x_wconf 91' lang='lat' dir='ltr'><strong>utroque</strong></span> <span class='ocrx_word' id='word_1_272' title='bbox 2832 1275 3023 1337; x_wconf 85' lang='lat' dir='ltr'><strong>regno</strong></span> <span class='ocrx_word' id='word_1_273' title='bbox 3065 1257 3235 1319; x_wconf 92' lang='lat' dir='ltr'><strong>istud</strong></span> <span class='ocrx_word' id='word_1_274' title='bbox 3274 1256 3633 1337; x_wconf 88' lang='lat' dir='ltr'><strong>exponitur.</strong></span> <span class='ocrx_word' id='word_1_275' title='bbox 3665 1254 3895 1328; x_wconf 91' lang='lat' dir='ltr'><strong>Prim0‚</strong></span> 
     </span>
     <span class='ocr_line' id='line_1_48' title="bbox 2407 1352 3905 1435; baseline -0.001 -20"><span class='ocrx_word' id='word_1_276' title='bbox 2407 1354 2719 1416; x_wconf 89' lang='lat' dir='ltr'><strong>Adveniat</strong></span> <span class='ocrx_word' id='word_1_277' title='bbox 2767 1372 3032 1435; x_wconf 89' lang='lat' dir='ltr'><strong>regnum</strong></span> <span class='ocrx_word' id='word_1_278' title='bbox 3072 1362 3256 1416; x_wconf 92' lang='lat' dir='ltr'><strong>tuum</strong></span> <span class='ocrx_word' id='word_1_279' title='bbox 3300 1373 3314 1417; x_wconf 89' lang='lat'><strong>:</strong></span> <span class='ocrx_word' id='word_1_280' title='bbox 3360 1354 3423 1417; x_wconf 90' lang='lat' dir='ltr'><strong>id</strong></span> <span class='ocrx_word' id='word_1_281' title='bbox 3466 1360 3582 1428; x_wconf 91' lang='lat' dir='ltr'><strong>est,</strong></span> <span class='ocrx_word' id='word_1_282' title='bbox 3624 1352 3905 1415; x_wconf 89' lang='lat' dir='ltr'><strong>militans</strong></span> 
     </span>
     <span class='ocr_line' id='line_1_49' title="bbox 2409 1452 3909 1525; baseline -0.002 -11"><span class='ocrx_word' id='word_1_283' title='bbox 2409 1452 2691 1515; x_wconf 85' lang='lat' dir='ltr'><strong>Ecclesia</strong></span> <span class='ocrx_word' id='word_1_284' title='bbox 2733 1472 2999 1516; x_wconf 91' lang='lat' dir='ltr'><strong>numero</strong></span> <span class='ocrx_word' id='word_1_285' title='bbox 3028 1472 3101 1515; x_wconf 92' lang='lat' dir='ltr'><strong>ac</strong></span> <span class='ocrx_word' id='word_1_286' title='bbox 3131 1452 3358 1515; x_wconf 90' lang='lat' dir='ltr'><strong>merito</strong></span> <span class='ocrx_word' id='word_1_287' title='bbox 3398 1460 3657 1525; x_wconf 88' lang='lat' dir='ltr'><strong>crescat,</strong></span> <span class='ocrx_word' id='word_1_288' title='bbox 3692 1458 3751 1513; x_wconf 88' lang='lat' dir='ltr'><strong>et</strong></span> <span class='ocrx_word' id='word_1_289' title='bbox 3790 1470 3909 1511; x_wconf 91' lang='lat' dir='ltr'><strong>un-</strong></span> 
     </span>
     <span class='ocr_line' id='line_1_50' title="bbox 2408 1549 3906 1632; baseline -0.002 -19"><span class='ocrx_word' id='word_1_290' title='bbox 2408 1550 2603 1632; x_wconf 90' lang='lat' dir='ltr'><strong>dique</strong></span> <span class='ocrx_word' id='word_1_291' title='bbox 2651 1550 3070 1627; x_wconf 81' lang='lat' dir='ltr'><strong>diffundatur,</strong></span> <span class='ocrx_word' id='word_1_292' title='bbox 3114 1561 3175 1614; x_wconf 91' lang='lat' dir='ltr'><strong>et</strong></span> <span class='ocrx_word' id='word_1_293' title='bbox 3213 1559 3281 1613; x_wconf 92' lang='lat' dir='ltr'><strong>tu</strong></span> <span class='ocrx_word' id='word_1_294' title='bbox 3332 1551 3504 1614; x_wconf 90' lang='lat' dir='ltr'><strong>solus</strong></span> <span class='ocrx_word' id='word_1_295' title='bbox 3555 1569 3669 1632; x_wconf 92' lang='lat' dir='ltr'><strong>per</strong></span> <span class='ocrx_word' id='word_1_296' title='bbox 3708 1549 3906 1611; x_wconf 86' lang='lat' dir='ltr'><strong>fidem</strong></span> 
     </span>
     <span class='ocr_line' id='line_1_51' title="bbox 2410 1649 3907 1731; baseline -0.001 -19"><span class='ocrx_word' id='word_1_297' title='bbox 2410 1658 2472 1712; x_wconf 90' lang='lat' dir='ltr'><strong>et</strong></span> <span class='ocrx_word' id='word_1_298' title='bbox 2498 1650 2767 1731; x_wconf 88' lang='lat' dir='ltr'><strong>gratiam</strong></span> <span class='ocrx_word' id='word_1_299' title='bbox 2806 1650 3266 1714; x_wconf 86' lang='lat' dir='ltr'><strong>multiformem</strong></span> <span class='ocrx_word' id='word_1_300' title='bbox 3308 1667 3530 1731; x_wconf 86' lang='lat' dir='ltr'><strong>regnes</strong></span> <span class='ocrx_word' id='word_1_301' title='bbox 3562 1650 3627 1711; x_wconf 93' lang='lat' dir='ltr'><strong>in</strong></span> <span class='ocrx_word' id='word_1_302' title='bbox 3658 1667 3752 1723; x_wconf 87' lang='lat' dir='ltr'><strong>ea,</strong></span> <span class='ocrx_word' id='word_1_303' title='bbox 3787 1649 3907 1711; x_wconf 89' lang='lat' dir='ltr'><strong>hoc</strong></span> 
     </span>
     <span class='ocr_line' id='line_1_52' title="bbox 2410 1746 3906 1828; baseline -0.002 -18"><span class='ocrx_word' id='word_1_304' title='bbox 2410 1757 2507 1811; x_wconf 90' lang='lat' dir='ltr'><strong>cst</strong></span> <span class='ocrx_word' id='word_1_305' title='bbox 2562 1750 2628 1811; x_wconf 92' lang='lat' dir='ltr'><strong>in</strong></span> <span class='ocrx_word' id='word_1_306' title='bbox 2688 1750 2988 1813; x_wconf 89' lang='lat' dir='ltr'><strong>cordibus</strong></span> <span class='ocrx_word' id='word_1_307' title='bbox 3052 1750 3499 1813; x_wconf 88' lang='lat' dir='ltr'><strong>universorum</strong></span> <span class='ocrx_word' id='word_1_308' title='bbox 3558 1767 3630 1811; x_wconf 90' lang='lat' dir='ltr'><strong>ac</strong></span> <span class='ocrx_word' id='word_1_309' title='bbox 3686 1746 3906 1828; x_wconf 87' lang='lat' dir='ltr'><strong>singu-</strong></span> 
     </span>
    </p>

    <p class='ocr_par' dir='ltr' id='par_1_10' title="bbox 2336 1845 3911 2501">
     <span class='ocr_line' id='line_1_53' title="bbox 2336 1845 3905 1923; baseline -0.001 -14"><span class='ocrx_word' id='word_1_310' title='bbox 2336 1847 2618 1911; x_wconf 91' lang='lat' dir='ltr'><strong>Blorum</strong></span> <span class='ocrx_word' id='word_1_311' title='bbox 2676 1849 2993 1923; x_wconf 87' lang='lat' dir='ltr'><strong>fidelium,</strong></span> <span class='ocrx_word' id='word_1_312' title='bbox 3058 1848 3436 1911; x_wconf 88' lang='lat' dir='ltr'><strong>adversariis</strong></span> <span class='ocrx_word' id='word_1_313' title='bbox 3494 1848 3587 1909; x_wconf 91' lang='lat' dir='ltr'><strong>tui</strong></span> <span class='ocrx_word' id='word_1_314' title='bbox 3646 1845 3905 1910; x_wconf 86' lang='lat' dir='ltr'><strong>honoris</strong></span> 
     </span>
     <span class='ocr_line' id='line_1_54' title="bbox 2408 1943 3901 2027; baseline -0.003 -18"><span class='ocrx_word' id='word_1_315' title='bbox 2408 1965 2483 2009; x_wconf 87' lang='lat' dir='ltr'><strong>ac</strong></span> <span class='ocrx_word' id='word_1_316' title='bbox 2522 1954 2752 2010; x_wconf 79' lang='lat' dir='ltr'><strong>nostrae</strong></span> <span class='ocrx_word' id='word_1_317' title='bbox 2793 1945 3037 2017; x_wconf 81' lang='lat' dir='ltr'><strong>salutiS,</strong></span> <span class='ocrx_word' id='word_1_318' title='bbox 3082 1946 3431 2027; x_wconf 83' lang='lat' dir='ltr'><strong>praesertim</strong></span> <span class='ocrx_word' id='word_1_319' title='bbox 3485 1943 3901 2017; x_wconf 79' lang='lat' dir='ltr'><strong>daemonibuS,</strong></span> 
     </span>
     <span class='ocr_line' id='line_1_55' title="bbox 2408 2043 3910 2124; baseline -0.003 -17"><span class='ocrx_word' id='word_1_320' title='bbox 2408 2045 2559 2107; x_wconf 90' lang='lat' dir='ltr'><strong>inde</strong></span> <span class='ocrx_word' id='word_1_321' title='bbox 2590 2044 2825 2124; x_wconf 85' lang='lat' dir='ltr'><strong>ejectis.</strong></span> <span class='ocrx_word' id='word_1_322' title='bbox 2849 2043 3157 2118; x_wconf 91' lang='lat' dir='ltr'><strong>Secund0,</strong></span> <span class='ocrx_word' id='word_1_323' title='bbox 3179 2043 3488 2107; x_wconf 87' lang='lat' dir='ltr'><strong>Adveniat</strong></span> <span class='ocrx_word' id='word_1_324' title='bbox 3516 2060 3780 2123; x_wconf 86' lang='lat' dir='ltr'><strong>regnum</strong></span> <span class='ocrx_word' id='word_1_325' title='bbox 3808 2050 3910 2103; x_wconf 91' lang='lat' dir='ltr'><strong>tu-</strong></span> 
     </span>
     <span class='ocr_line' id='line_1_56' title="bbox 2412 2140 3910 2224; baseline -0.002 -19"><span class='ocrx_word' id='word_1_326' title='bbox 2412 2163 2521 2205; x_wconf 92' lang='lat' dir='ltr'><strong>um</strong></span> <span class='ocrx_word' id='word_1_327' title='bbox 2558 2162 2569 2205; x_wconf 94' lang='lat'><strong>:</strong></span> <span class='ocrx_word' id='word_1_328' title='bbox 2608 2143 2671 2204; x_wconf 93' lang='lat' dir='ltr'><strong>id</strong></span> <span class='ocrx_word' id='word_1_329' title='bbox 2710 2150 2827 2217; x_wconf 89' lang='lat' dir='ltr'><strong>est,</strong></span> <span class='ocrx_word' id='word_1_330' title='bbox 2875 2142 3276 2224; x_wconf 88' lang='lat' dir='ltr'><strong>triumphans</strong></span> <span class='ocrx_word' id='word_1_331' title='bbox 3323 2140 3604 2204; x_wconf 83' lang='lat' dir='ltr'><strong>Ecclesia</strong></span> <span class='ocrx_word' id='word_1_332' title='bbox 3649 2140 3910 2223; x_wconf 86' lang='lat' dir='ltr'><strong>implea-</strong></span> 
     </span>
     <span class='ocr_line' id='line_1_57' title="bbox 2412 2240 3911 2322; baseline -0.003 -18"><span class='ocrx_word' id='word_1_333' title='bbox 2412 2250 2535 2315; x_wconf 87' lang='lat' dir='ltr'><strong>tur,</strong></span> <span class='ocrx_word' id='word_1_334' title='bbox 2574 2242 2653 2303; x_wconf 88' lang='lat' dir='ltr'><strong>ad</strong></span> <span class='ocrx_word' id='word_1_335' title='bbox 2694 2241 3013 2305; x_wconf 85' lang='lat' dir='ltr'><strong>coelestem</strong></span> <span class='ocrx_word' id='word_1_336' title='bbox 3051 2241 3397 2303; x_wconf 85' lang='lat' dir='ltr'><strong>Jerusalem</strong></span> <span class='ocrx_word' id='word_1_337' title='bbox 3441 2240 3730 2322; x_wconf 91' lang='lat' dir='ltr'><strong>protinus</strong></span> <span class='ocrx_word' id='word_1_338' title='bbox 3770 2258 3911 2321; x_wconf 87' lang='lat' dir='ltr'><strong>per-</strong></span> 
     </span>
     <span class='ocr_line' id='line_1_58' title="bbox 2412 2339 3910 2420; baseline -0.002 -18"><span class='ocrx_word' id='word_1_339' title='bbox 2412 2341 2742 2417; x_wconf 89' lang='lat' dir='ltr'><strong>ducamur,</strong></span> <span class='ocrx_word' id='word_1_340' title='bbox 2776 2341 2855 2402; x_wconf 92' lang='lat' dir='ltr'><strong>ad</strong></span> <span class='ocrx_word' id='word_1_341' title='bbox 2896 2357 3159 2420; x_wconf 87' lang='lat' dir='ltr'><strong>regnum</strong></span> <span class='ocrx_word' id='word_1_342' title='bbox 3206 2339 3513 2402; x_wconf 88' lang='lat' dir='ltr'><strong>coelorum</strong></span> <span class='ocrx_word' id='word_1_343' title='bbox 3552 2356 3910 2400; x_wconf 87' lang='lat' dir='ltr'><strong>mereamur</strong></span> 
     </span>
     <span class='ocr_line' id='line_1_59' title="bbox 2412 2439 2655 2501; baseline -0.008 0"><span class='ocrx_word' id='word_1_344' title='bbox 2412 2439 2655 2501; x_wconf 85' lang='lat' dir='ltr'><strong>venire.</strong></span> 
     </span>
    </p>

    <p class='ocr_par' dir='ltr' id='par_1_11' title="bbox 2411 2535 4188 3009">
     <span class='ocr_line' id='line_1_60' title="bbox 2492 2535 3907 2618; baseline -0.003 -19"><span class='ocrx_word' id='word_1_345' title='bbox 2492 2536 2622 2599; x_wconf 91' lang='lat' dir='ltr'><strong>Sub</strong></span> <span class='ocrx_word' id='word_1_346' title='bbox 2662 2537 2762 2599; x_wconf 90' lang='lat' dir='ltr'><strong>his</strong></span> <span class='ocrx_word' id='word_1_347' title='bbox 2803 2536 3049 2599; x_wconf 88' lang='lat' dir='ltr'><strong>duabus</strong></span> <span class='ocrx_word' id='word_1_348' title='bbox 3097 2535 3513 2618; x_wconf 86' lang='lat' dir='ltr'><strong>petitionibus</strong></span> <span class='ocrx_word' id='word_1_349' title='bbox 3558 2535 3907 2597; x_wconf 91' lang='lat' dir='ltr'><strong>includitur</strong></span> 
     </span>
     <span class='ocr_line' id='line_1_61' title="bbox 2411 2633 3899 2716; baseline -0.001 -21"><span class='ocrx_word' id='word_1_350' title='bbox 2411 2636 2615 2710; x_wconf 88' lang='lat' dir='ltr'><strong>tertia,</strong></span> <span class='ocrx_word' id='word_1_351' title='bbox 2658 2655 2695 2697; x_wconf 90' lang='lat' dir='ltr'><strong>a</strong></span> <span class='ocrx_word' id='word_1_352' title='bbox 2740 2634 3024 2698; x_wconf 80' lang='lat' dir='ltr'><strong>Matthaeo</strong></span> <span class='ocrx_word' id='word_1_353' title='bbox 3072 2652 3391 2716; x_wconf 79' lang='lat' dir='ltr'><strong>expressa,</strong></span> <span class='ocrx_word' id='word_1_354' title='bbox 3435 2653 3563 2716; x_wconf 90' lang='lat' dir='ltr'><strong>qua</strong></span> <span class='ocrx_word' id='word_1_355' title='bbox 3609 2633 3843 2695; x_wconf 89' lang='lat' dir='ltr'><strong>dicitur</strong></span> <span class='ocrx_word' id='word_1_356' title='bbox 3884 2650 3899 2694; x_wconf 71' lang='grc' dir='ltr'><strong>ε</strong></span> 
     </span>
     <span class='ocr_line' id='line_1_62' title="bbox 2412 2732 4188 2801; baseline -0.002 -6"><span class='ocrx_word' id='word_1_357' title='bbox 2412 2734 2546 2796; x_wconf 87' lang='lat' dir='ltr'><strong>Fiat</strong></span> <span class='ocrx_word' id='word_1_358' title='bbox 2585 2734 2875 2797; x_wconf 90' lang='lat' dir='ltr'><strong>voluntas</strong></span> <span class='ocrx_word' id='word_1_359' title='bbox 2913 2742 3023 2795; x_wconf 91' lang='lat' dir='ltr'><strong>tua</strong></span> <span class='ocrx_word' id='word_1_360' title='bbox 3062 2734 3229 2796; x_wconf 90' lang='lat' dir='ltr'><strong>sicut</strong></span> <span class='ocrx_word' id='word_1_361' title='bbox 3268 2733 3333 2794; x_wconf 91' lang='lat' dir='ltr'><strong>in</strong></span> <span class='ocrx_word' id='word_1_362' title='bbox 3374 2733 3535 2796; x_wconf 86' lang='lat' dir='ltr'><strong>eoelo</strong></span> <span class='ocrx_word' id='word_1_363' title='bbox 3571 2740 3633 2794; x_wconf 90' lang='lat' dir='ltr'><strong>et</strong></span> <span class='ocrx_word' id='word_1_364' title='bbox 3674 2732 3739 2794; x_wconf 91' lang='lat' dir='ltr'><strong>in</strong></span> <span class='ocrx_word' id='word_1_365' title='bbox 3779 2740 3903 2794; x_wconf 86' lang='lat' dir='ltr'><strong>ter·</strong></span> <span class='ocrx_word' id='word_1_366' title='bbox 3958 2756 4188 2801; x_wconf 52' lang='lat' dir='ltr'><strong>mmm,</strong></span> 
     </span>
     <span class='ocr_line' id='line_1_63' title="bbox 2412 2824 4000 2907; baseline -0.002 -13"><span class='ocrx_word' id='word_1_367' title='bbox 2412 2852 2500 2907; x_wconf 90' lang='lat' dir='ltr'><strong>ra,</strong></span> <span class='ocrx_word' id='word_1_368' title='bbox 2538 2833 2601 2894; x_wconf 92' lang='lat' dir='ltr'><strong>id</strong></span> <span class='ocrx_word' id='word_1_369' title='bbox 2644 2842 2759 2907; x_wconf 87' lang='lat' dir='ltr'><strong>est,</strong></span> <span class='ocrx_word' id='word_1_370' title='bbox 2804 2832 2969 2894; x_wconf 90' lang='lat' dir='ltr'><strong>sicut</strong></span> <span class='ocrx_word' id='word_1_371' title='bbox 3010 2850 3047 2893; x_wconf 88' lang='lat' dir='ltr'><strong>a</strong></span> <span class='ocrx_word' id='word_1_372' title='bbox 3086 2831 3451 2895; x_wconf 89' lang='lat' dir='ltr'><strong>coelestibus</strong></span> <span class='ocrx_word' id='word_1_373' title='bbox 3496 2830 3743 2894; x_wconf 92' lang='lat' dir='ltr'><strong>civibus</strong></span> <span class='ocrx_word' id='word_1_374' title='bbox 3784 2830 3901 2892; x_wconf 84' lang='lat' dir='ltr'><strong>tihi</strong></span> <span class='ocrx_word' id='word_1_375' title='bbox 3932 2824 4000 2863; x_wconf 87' lang='lat'><strong>¹⁰·</strong></span> 
     </span>
     <span class='ocr_line' id='line_1_64' title="bbox 2413 2928 3903 3009; baseline -0.001 -17"><span class='ocrx_word' id='word_1_376' title='bbox 2413 2931 2476 2992; x_wconf 89' lang='lat' dir='ltr'><strong>in</strong></span> <span class='ocrx_word' id='word_1_377' title='bbox 2527 2931 2827 2994; x_wconf 89' lang='lat' dir='ltr'><strong>omnibus</strong></span> <span class='ocrx_word' id='word_1_378' title='bbox 2876 2930 3194 3004; x_wconf 90' lang='lat' dir='ltr'><strong>obeditur,</strong></span> <span class='ocrx_word' id='word_1_379' title='bbox 3249 2930 3334 2992; x_wconf 88' lang='lat' dir='ltr'><strong>ita</strong></span> <span class='ocrx_word' id='word_1_380' title='bbox 3379 2937 3443 2991; x_wconf 88' lang='lat' dir='ltr'><strong>et</strong></span> <span class='ocrx_word' id='word_1_381' title='bbox 3488 2949 3525 2993; x_wconf 98' lang='lat' dir='ltr'><strong>a</strong></span> <span class='ocrx_word' id='word_1_382' title='bbox 3571 2928 3903 3009; x_wconf 88' lang='lat' dir='ltr'><strong>terrigenis</strong></span> 
     </span>
    </p>

    <p class='ocr_par' dir='ltr' id='par_1_12' title="bbox 2339 3025 3905 3191">
     <span class='ocr_line' id='line_1_65' title="bbox 2339 3025 3905 3111; baseline -0.001 -22"><span class='ocrx_word' id='word_1_383' title='bbox 2339 3025 2381 3089; x_wconf 91' lang='lat' dir='ltr'>C</span> <span class='ocrx_word' id='word_1_384' title='bbox 2411 3037 2723 3111; x_wconf 88' lang='lat' dir='ltr'><strong>quantum</strong></span> <span class='ocrx_word' id='word_1_385' title='bbox 2780 3028 3085 3111; x_wconf 90' lang='lat' dir='ltr'><strong>possibile</strong></span> <span class='ocrx_word' id='word_1_386' title='bbox 3144 3036 3261 3103; x_wconf 89' lang='lat' dir='ltr'><strong>est,</strong></span> <span class='ocrx_word' id='word_1_387' title='bbox 3312 3027 3431 3089; x_wconf 90' lang='lat' dir='ltr'><strong>tibi</strong></span> <span class='ocrx_word' id='word_1_388' title='bbox 3487 3028 3551 3090; x_wconf 92' lang='lat' dir='ltr'><strong>in</strong></span> <span class='ocrx_word' id='word_1_389' title='bbox 3607 3026 3905 3091; x_wconf 90' lang='lat' dir='ltr'><strong>omnibus</strong></span> 
     </span>
     <span class='ocr_line' id='line_1_66' title="bbox 2411 3128 2763 3191; baseline -0.009 0"><span class='ocrx_word' id='word_1_390' title='bbox 2411 3128 2763 3191; x_wconf 86' lang='lat' dir='ltr'><strong>obediatur.</strong></span> 
     </span>
    </p>

    <p class='ocr_par' dir='ltr' id='par_1_13' title="bbox 2411 3226 4256 4194">
     <span class='ocr_line' id='line_1_67' title="bbox 2491 3226 3907 3305; baseline -0.004 -17"><span class='ocrx_word' id='word_1_391' title='bbox 2491 3229 2742 3289; x_wconf 84' lang='lat' dir='ltr'><strong>Panem</strong></span> <span class='ocrx_word' id='word_1_392' title='bbox 2780 3236 3072 3286; x_wconf 77' lang='lat' dir='ltr'><strong>nostrum</strong></span> <span class='ocrx_word' id='word_1_393' title='bbox 3112 3226 3575 3305; x_wconf 78' lang='lat' dir='ltr'><strong>quotidianum</strong></span> <span class='ocrx_word' id='word_1_394' title='bbox 3611 3226 3700 3284; x_wconf 85' lang='lat' dir='ltr'><strong>da</strong></span> <span class='ocrx_word' id='word_1_395' title='bbox 3728 3226 3907 3284; x_wconf 74' lang='lat' dir='ltr'><strong>nobis</strong></span> 
     </span>
     <span class='ocr_line' id='line_1_68' title="bbox 2411 3322 3904 3405; baseline -0.003 -19"><span class='ocrx_word' id='word_1_396' title='bbox 2411 3327 2619 3386; x_wconf 75' lang='lat' dir='ltr'><strong>hodie.</strong></span> <span class='ocrx_word' id='word_1_397' title='bbox 2662 3324 2791 3387; x_wconf 88' lang='lat' dir='ltr'><strong>Hoc</strong></span> <span class='ocrx_word' id='word_1_398' title='bbox 2830 3325 2908 3386; x_wconf 88' lang='lat' dir='ltr'><strong>de</strong></span> <span class='ocrx_word' id='word_1_399' title='bbox 2952 3323 3294 3405; x_wconf 90' lang='lat' dir='ltr'><strong>multiplici</strong></span> <span class='ocrx_word' id='word_1_400' title='bbox 3343 3340 3505 3404; x_wconf 87' lang='lat' dir='ltr'><strong>pane</strong></span> <span class='ocrx_word' id='word_1_401' title='bbox 3543 3322 3904 3404; x_wconf 87' lang='lat' dir='ltr'><strong>exponitur.</strong></span> 
     </span>
     <span class='ocr_line' id='line_1_69' title="bbox 2412 3421 3910 3504; baseline -0.003 -19"><span class='ocrx_word' id='word_1_402' title='bbox 2412 3423 2643 3497; x_wconf 89' lang='lat' dir='ltr'><strong>Primo,</strong></span> <span class='ocrx_word' id='word_1_403' title='bbox 2688 3424 2766 3485; x_wconf 93' lang='lat' dir='ltr'><strong>de</strong></span> <span class='ocrx_word' id='word_1_404' title='bbox 2817 3440 2981 3504; x_wconf 91' lang='lat' dir='ltr'><strong>pane</strong></span> <span class='ocrx_word' id='word_1_405' title='bbox 3028 3422 3488 3495; x_wconf 86' lang='lat' dir='ltr'><strong>sacramentali,</strong></span> <span class='ocrx_word' id='word_1_406' title='bbox 3531 3421 3649 3484; x_wconf 90' lang='lat' dir='ltr'><strong>hoc</strong></span> <span class='ocrx_word' id='word_1_407' title='bbox 3694 3428 3789 3482; x_wconf 89' lang='lat' dir='ltr'><strong>est</strong></span> <span class='ocrx_word' id='word_1_408' title='bbox 3832 3421 3910 3482; x_wconf 92' lang='lat' dir='ltr'><strong>de</strong></span> 
     </span>
     <span class='ocr_line' id='line_1_70' title="bbox 2412 3519 3909 3604; baseline -0.002 -19"><span class='ocrx_word' id='word_1_409' title='bbox 2412 3540 2675 3604; x_wconf 89' lang='lat' dir='ltr'><strong>corpore</strong></span> <span class='ocrx_word' id='word_1_410' title='bbox 2706 3529 2769 3583; x_wconf 86' lang='lat' dir='ltr'><strong>et</strong></span> <span class='ocrx_word' id='word_1_411' title='bbox 2806 3521 3113 3601; x_wconf 86' lang='lat' dir='ltr'><strong>sanguine</strong></span> <span class='ocrx_word' id='word_1_412' title='bbox 3144 3520 3375 3584; x_wconf 87' lang='lat' dir='ltr'><strong>Christi</strong></span> <span class='ocrx_word' id='word_1_413' title='bbox 3415 3519 3482 3582; x_wconf 91' lang='lat' dir='ltr'><strong>in</strong></span> <span class='ocrx_word' id='word_1_414' title='bbox 3510 3519 3909 3582; x_wconf 88' lang='lat' dir='ltr'><strong>Sacramento</strong></span> 
     </span>
     <span class='ocr_line' id='line_1_71' title="bbox 2412 3617 4256 3702; baseline 0.001 -19"><span class='ocrx_word' id='word_1_415' title='bbox 2412 3620 2648 3696; x_wconf 85' lang='lat' dir='ltr'><strong>altariS,</strong></span> <span class='ocrx_word' id='word_1_416' title='bbox 2682 3620 3219 3702; x_wconf 88' lang='lat' dir='ltr'><strong>quemadmodum</strong></span> <span class='ocrx_word' id='word_1_417' title='bbox 3258 3618 3347 3681; x_wconf 86' lang='lat' dir='ltr'><strong>ait</strong></span> <span class='ocrx_word' id='word_1_418' title='bbox 3392 3617 3673 3682; x_wconf 89' lang='lat' dir='ltr'><strong>Salvator</strong></span> <span class='ocrx_word' id='word_1_419' title='bbox 3705 3637 3720 3681; x_wconf 74' lang='grc' dir='ltr'><strong>ε</strong></span> <span class='ocrx_word' id='word_1_420' title='bbox 3754 3618 3909 3681; x_wconf 88' lang='lat' dir='ltr'><strong>Caro</strong></span> <span class='ocrx_word' id='word_1_421' title='bbox 3961 3647 4191 3693; x_wconf 61' lang='lat' dir='ltr'><strong>souma.</strong></span> <span class='ocrx_word' id='word_1_422' title='bbox 4255 3622 4256 3663; x_wconf 58' lang='grc' dir='ltr'>ἒ</span> 
     </span>
     <span class='ocr_line' id='line_1_72' title="bbox 2414 3713 4006 3797; baseline -0.003 -16"><span class='ocrx_word' id='word_1_423' title='bbox 2414 3737 2553 3781; x_wconf 87' lang='lat' dir='ltr'><strong>mea</strong></span> <span class='ocrx_word' id='word_1_424' title='bbox 2593 3736 2740 3781; x_wconf 88' lang='lat' dir='ltr'><strong>vere</strong></span> <span class='ocrx_word' id='word_1_425' title='bbox 2780 3726 2875 3779; x_wconf 91' lang='lat' dir='ltr'><strong>est</strong></span> <span class='ocrx_word' id='word_1_426' title='bbox 2910 3717 3113 3791; x_wconf 81' lang='lat' dir='ltr'><strong>cibuS,</strong></span> <span class='ocrx_word' id='word_1_427' title='bbox 3146 3726 3209 3779; x_wconf 92' lang='lat' dir='ltr'><strong>et</strong></span> <span class='ocrx_word' id='word_1_428' title='bbox 3248 3716 3503 3797; x_wconf 88' lang='lat' dir='ltr'><strong>sanguis</strong></span> <span class='ocrx_word' id='word_1_429' title='bbox 3542 3734 3722 3778; x_wconf 89' lang='lat' dir='ltr'><strong>meus</strong></span> <span class='ocrx_word' id='word_1_430' title='bbox 3762 3734 3909 3779; x_wconf 90' lang='lat' dir='ltr'><strong>vere</strong></span> <span class='ocrx_word' id='word_1_431' title='bbox 3937 3713 4006 3753; x_wconf 76' lang='lat'><strong>⁵⁶·</strong></span> 
     </span>
     <span class='ocr_line' id='line_1_73' title="bbox 2413 3814 4170 3899; baseline -0.002 -20"><span class='ocrx_word' id='word_1_432' title='bbox 2413 3826 2508 3879; x_wconf 88' lang='lat' dir='ltr'><strong>est</strong></span> <span class='ocrx_word' id='word_1_433' title='bbox 2538 3824 2765 3899; x_wconf 89' lang='lat' dir='ltr'><strong>potus;</strong></span> <span class='ocrx_word' id='word_1_434' title='bbox 2808 3822 2870 3877; x_wconf 90' lang='lat' dir='ltr'><strong>et</strong></span> <span class='ocrx_word' id='word_1_435' title='bbox 2899 3817 3130 3890; x_wconf 88' lang='lat' dir='ltr'><strong>denu0,</strong></span> <span class='ocrx_word' id='word_1_436' title='bbox 3164 3814 3291 3896; x_wconf 84' lang='lat' dir='ltr'><strong>Ego</strong></span> <span class='ocrx_word' id='word_1_437' title='bbox 3320 3834 3463 3877; x_wconf 91' lang='lat' dir='ltr'><strong>sum</strong></span> <span class='ocrx_word' id='word_1_438' title='bbox 3495 3815 3676 3896; x_wconf 90' lang='lat' dir='ltr'><strong>panis</strong></span> <span class='ocrx_word' id='word_1_439' title='bbox 3707 3814 3907 3885; x_wconf 82' lang='lat' dir='ltr'><strong>vivus,</strong></span> <span class='ocrx_word' id='word_1_440' title='bbox 3960 3842 4083 3886; x_wconf 70' lang='lat' dir='ltr'><strong>ma.</strong></span> <span class='ocrx_word' id='word_1_441' title='bbox 4104 3844 4170 3883; x_wconf 72' lang='lat'><strong>51,</strong></span> 
     </span>
     <span class='ocr_line' id='line_1_74' title="bbox 2413 3912 3909 3998; baseline -0.001 -22"><span class='ocrx_word' id='word_1_442' title='bbox 2413 3917 2525 3998; x_wconf 91' lang='lat' dir='ltr'><strong>qui</strong></span> <span class='ocrx_word' id='word_1_443' title='bbox 2571 3917 2649 3978; x_wconf 89' lang='lat' dir='ltr'><strong>de</strong></span> <span class='ocrx_word' id='word_1_444' title='bbox 2691 3915 2851 3977; x_wconf 86' lang='lat' dir='ltr'><strong>coelo</strong></span> <span class='ocrx_word' id='word_1_445' title='bbox 2896 3914 3217 3976; x_wconf 91' lang='lat' dir='ltr'><strong>descendi.</strong></span> <span class='ocrx_word' id='word_1_446' title='bbox 3251 3914 3363 3976; x_wconf 87' lang='lat' dir='ltr'><strong>Hic</strong></span> <span class='ocrx_word' id='word_1_447' title='bbox 3408 3914 3589 3995; x_wconf 91' lang='lat' dir='ltr'><strong>panis</strong></span> <span class='ocrx_word' id='word_1_448' title='bbox 3633 3912 3909 3975; x_wconf 87' lang='lat' dir='ltr'><strong>animam</strong></span> 
     </span>
     <span class='ocr_line' id='line_1_75' title="bbox 2415 4010 3911 4094; baseline -0.002 -18"><span class='ocrx_word' id='word_1_449' title='bbox 2415 4013 2645 4087; x_wconf 88' lang='lat' dir='ltr'><strong>reficit,</strong></span> <span class='ocrx_word' id='word_1_450' title='bbox 2697 4012 3241 4094; x_wconf 89' lang='lat' dir='ltr'><strong>spiritualiterque</strong></span> <span class='ocrx_word' id='word_1_451' title='bbox 3299 4011 3561 4093; x_wconf 86' lang='lat' dir='ltr'><strong>saginat,</strong></span> <span class='ocrx_word' id='word_1_452' title='bbox 3614 4011 3667 4073; x_wconf 95' lang='lat' dir='ltr'><strong>si</strong></span> <span class='ocrx_word' id='word_1_453' title='bbox 3726 4010 3911 4091; x_wconf 88' lang='lat' dir='ltr'><strong>digne</strong></span> 
     </span>
     <span class='ocr_line' id='line_1_76' title="bbox 2412 4109 3912 4194; baseline -0.003 -19"><span class='ocrx_word' id='word_1_454' title='bbox 2412 4111 2731 4194; x_wconf 80' lang='lat' dir='ltr'><strong>acceperit</strong></span> <span class='ocrx_word' id='word_1_455' title='bbox 2778 4130 2949 4173; x_wconf 89' lang='lat' dir='ltr'><strong>eum.</strong></span> <span class='ocrx_word' id='word_1_456' title='bbox 2983 4147 3064 4156; x_wconf 90' lang='lat'>—</span> <span class='ocrx_word' id='word_1_457' title='bbox 3092 4110 3406 4185; x_wconf 91' lang='lat' dir='ltr'><strong>Secundo,</strong></span> <span class='ocrx_word' id='word_1_458' title='bbox 3448 4109 3787 4192; x_wconf 85' lang='lat' dir='ltr'><strong>exponitur</strong></span> <span class='ocrx_word' id='word_1_459' title='bbox 3834 4110 3912 4172; x_wconf 91' lang='lat' dir='ltr'><strong>de</strong></span> 
     </span>
    </p>
   </div>
   <div class='ocr_carea' id='block_1_7' title="bbox 4050 3230 4085 3285">
    <p class='ocr_par' dir='ltr' id='par_1_14' title="bbox 4050 3230 4085 3285">
     <span class='ocr_line' id='line_1_77' title="bbox 4050 3230 4085 3285; baseline 0 0"><span class='ocrx_word' id='word_1_460' title='bbox 4050 3230 4085 3285; x_wconf 91' lang='lat'><strong>3</strong></span> 
     </span>
    </p>
   </div>
   <div class='ocr_carea' id='block_1_8' title="bbox 809 4207 3912 4294">
    <p class='ocr_par' dir='ltr' id='par_1_15' title="bbox 809 4207 3912 4294">
     <span class='ocr_line' id='line_1_78' title="bbox 809 4207 3912 4294; baseline 0 -23"><span class='ocrx_word' id='word_1_461' title='bbox 809 4229 1067 4294; x_wconf 88' lang='lat' dir='ltr'><strong>quoque</strong></span> <span class='ocrx_word' id='word_1_462' title='bbox 1097 4216 1408 4291; x_wconf 89' lang='lat' dir='ltr'><strong>quantum</strong></span> <span class='ocrx_word' id='word_1_463' title='bbox 1442 4207 1506 4269; x_wconf 90' lang='lat' dir='ltr'><strong>in</strong></span> <span class='ocrx_word' id='word_1_464' title='bbox 1538 4208 1695 4289; x_wconf 90' lang='lat' dir='ltr'><strong>ipsis</strong></span> <span class='ocrx_word' id='word_1_465' title='bbox 1727 4214 1842 4282; x_wconf 89' lang='lat' dir='ltr'><strong>est,</strong></span> <span class='ocrx_word' id='word_1_466' title='bbox 1870 4216 2170 4289; x_wconf 88' lang='lat' dir='ltr'><strong>praestant</strong></span> <span class='ocrx_word' id='word_1_467' title='bbox 2197 4229 2305 4272; x_wconf 90' lang='lat' dir='ltr'><strong>au·</strong></span> <span class='ocrx_word' id='word_1_468' title='bbox 2336 4214 2385 4275; x_wconf 90' lang='lat' dir='ltr'>D</span> <span class='ocrx_word' id='word_1_469' title='bbox 2416 4228 2579 4294; x_wconf 90' lang='lat' dir='ltr'><strong>pane</strong></span> <span class='ocrx_word' id='word_1_470' title='bbox 2619 4209 2958 4291; x_wconf 86' lang='lat' dir='ltr'><strong>spirituali,</strong></span> <span class='ocrx_word' id='word_1_471' title='bbox 2992 4209 3288 4271; x_wconf 85' lang='lat' dir='ltr'><strong>videlicet</strong></span> <span class='ocrx_word' id='word_1_472' title='bbox 3328 4210 3405 4271; x_wconf 91' lang='lat' dir='ltr'><strong>de</strong></span> <span class='ocrx_word' id='word_1_473' title='bbox 3446 4207 3769 4271; x_wconf 90' lang='lat' dir='ltr'><strong>habitibus</strong></span> <span class='ocrx_word' id='word_1_474' title='bbox 3812 4228 3912 4271; x_wconf 88' lang='lat' dir='ltr'><strong>ac-</strong></span> 
     </span>
    </p>
   </div>
   <div class='ocr_carea' id='block_1_9' title="bbox 810 4306 2315 5375">
    <p class='ocr_par' dir='ltr' id='par_1_16' title="bbox 810 4306 2315 5375">
     <span class='ocr_line' id='line_1_79' title="bbox 811 4306 2299 4388; baseline -0.002 -16"><span class='ocrx_word' id='word_1_475' title='bbox 811 4310 1054 4373; x_wconf 88' lang='lat' dir='ltr'><strong>daciam</strong></span> <span class='ocrx_word' id='word_1_476' title='bbox 1102 4316 1165 4371; x_wconf 91' lang='lat' dir='ltr'><strong>et</strong></span> <span class='ocrx_word' id='word_1_477' title='bbox 1207 4306 1572 4388; x_wconf 87' lang='lat' dir='ltr'><strong>exemplum</strong></span> <span class='ocrx_word' id='word_1_478' title='bbox 1619 4306 2037 4369; x_wconf 90' lang='lat' dir='ltr'><strong>inhonorandi</strong></span> <span class='ocrx_word' id='word_1_479' title='bbox 2085 4307 2299 4371; x_wconf 90' lang='lat' dir='ltr'><strong>Deum.</strong></span> 
     </span>
     <span class='ocr_line' id='line_1_80' title="bbox 810 4404 2303 4489; baseline -0.001 -20"><span class='ocrx_word' id='word_1_480' title='bbox 810 4408 970 4471; x_wconf 86' lang='lat' dir='ltr'><strong>Hinc</strong></span> <span class='ocrx_word' id='word_1_481' title='bbox 1027 4425 1140 4489; x_wconf 86' lang='lat' dir='ltr'><strong>per</strong></span> <span class='ocrx_word' id='word_1_482' title='bbox 1197 4405 1538 4486; x_wconf 88' lang='lat' dir='ltr'><strong>Prophetas</strong></span> <span class='ocrx_word' id='word_1_483' title='bbox 1599 4404 1761 4465; x_wconf 91' lang='lat' dir='ltr'><strong>Deus</strong></span> <span class='ocrx_word' id='word_1_484' title='bbox 1823 4404 2088 4485; x_wconf 87' lang='lat' dir='ltr'><strong>perfidis</strong></span> <span class='ocrx_word' id='word_1_485' title='bbox 2145 4405 2303 4468; x_wconf 88' lang='lat' dir='ltr'><strong>filiis</strong></span> 
     </span>
     <span class='ocr_line' id='line_1_81' title="bbox 811 4501 2307 4587; baseline -0.001 -19"><span class='ocrx_word' id='word_1_486' title='bbox 811 4506 999 4568; x_wconf 90' lang='lat' dir='ltr'><strong>lsrael</strong></span> <span class='ocrx_word' id='word_1_487' title='bbox 1049 4506 1490 4587; x_wconf 88' lang='lat' dir='ltr'><strong>improperans</strong></span> <span class='ocrx_word' id='word_1_488' title='bbox 1549 4521 1562 4565; x_wconf 75' lang='grc' dir='ltr'><strong>ε</strong></span> <span class='ocrx_word' id='word_1_489' title='bbox 1618 4501 2157 4579; x_wconf 79' lang='lat' dir='ltr'><strong>CommaculastiS,</strong></span> <span class='ocrx_word' id='word_1_490' title='bbox 2212 4506 2307 4567; x_wconf 90' lang='lat' dir='ltr'><strong>in-</strong></span> 
     </span>
     <span class='ocr_line' id='line_1_82' title="bbox 812 4605 2302 4687; baseline -0.001 -20"><span class='ocrx_word' id='word_1_491' title='bbox 812 4605 974 4687; x_wconf 90' lang='lat' dir='ltr'><strong>quit,</strong></span> <span class='ocrx_word' id='word_1_492' title='bbox 1029 4621 1260 4666; x_wconf 90' lang='lat' dir='ltr'><strong>nomen</strong></span> <span class='ocrx_word' id='word_1_493' title='bbox 1311 4610 1598 4664; x_wconf 90' lang='lat' dir='ltr'><strong>sanctum</strong></span> <span class='ocrx_word' id='word_1_494' title='bbox 1647 4619 1904 4681; x_wconf 84' lang='lat' dir='ltr'><strong>meum3</strong></span> <span class='ocrx_word' id='word_1_495' title='bbox 1951 4611 2011 4664; x_wconf 90' lang='lat' dir='ltr'><strong>et</strong></span> <span class='ocrx_word' id='word_1_496' title='bbox 2059 4622 2302 4679; x_wconf 77' lang='lat' dir='ltr'><strong>rurSuS,</strong></span> 
     </span>
     <span class='ocr_line' id='line_1_83' title="bbox 813 4702 2307 4785; baseline 0 -18"><span class='ocrx_word' id='word_1_497' title='bbox 813 4702 1235 4767; x_wconf 87' lang='lat' dir='ltr'><strong>Sanctificabo</strong></span> <span class='ocrx_word' id='word_1_498' title='bbox 1267 4718 1498 4763; x_wconf 92' lang='lat' dir='ltr'><strong>nomen</strong></span> <span class='ocrx_word' id='word_1_499' title='bbox 1531 4718 1743 4762; x_wconf 92' lang='lat' dir='ltr'><strong>meum</strong></span> <span class='ocrx_word' id='word_1_500' title='bbox 1780 4718 2100 4781; x_wconf 84' lang='lat' dir='ltr'><strong>magnum,</strong></span> <span class='ocrx_word' id='word_1_501' title='bbox 2135 4705 2307 4785; x_wconf 89' lang='lat' dir='ltr'><strong>quod</strong></span> 
     </span>
     <span class='ocr_line' id='line_1_84' title="bbox 815 4798 2309 4885; baseline -0.001 -20"><span class='ocrx_word' id='word_1_502' title='bbox 815 4802 1130 4885; x_wconf 91' lang='lat' dir='ltr'><strong>pollutum</strong></span> <span class='ocrx_word' id='word_1_503' title='bbox 1169 4807 1264 4861; x_wconf 88' lang='lat' dir='ltr'><strong>est</strong></span> <span class='ocrx_word' id='word_1_504' title='bbox 1314 4817 1427 4881; x_wconf 88' lang='lat' dir='ltr'><strong>per</strong></span> <span class='ocrx_word' id='word_1_505' title='bbox 1466 4818 1575 4862; x_wconf 92' lang='lat' dir='ltr'><strong>vos</strong></span> <span class='ocrx_word' id='word_1_506' title='bbox 1617 4798 1782 4861; x_wconf 89' lang='lat' dir='ltr'><strong>inter</strong></span> <span class='ocrx_word' id='word_1_507' title='bbox 1817 4807 2057 4880; x_wconf 86' lang='lat' dir='ltr'><strong>gentes.</strong></span> <span class='ocrx_word' id='word_1_508' title='bbox 2091 4801 2309 4883; x_wconf 89' lang='lat' dir='ltr'><strong>ltaque</strong></span> 
     </span>
     <span class='ocr_line' id='line_1_85' title="bbox 815 4897 2305 4977; baseline 0 -14"><span class='ocrx_word' id='word_1_509' title='bbox 815 4904 968 4964; x_wconf 90' lang='lat' dir='ltr'><strong>dum</strong></span> <span class='ocrx_word' id='word_1_510' title='bbox 1018 4919 1294 4975; x_wconf 82' lang='lat' dir='ltr'><strong>oramuS,</strong></span> <span class='ocrx_word' id='word_1_511' title='bbox 1337 4897 1783 4961; x_wconf 80' lang='lat' dir='ltr'><strong>Sanctificetur</strong></span> <span class='ocrx_word' id='word_1_512' title='bbox 1826 4919 2056 4963; x_wconf 91' lang='lat' dir='ltr'><strong>nomen</strong></span> <span class='ocrx_word' id='word_1_513' title='bbox 2101 4909 2305 4977; x_wconf 90' lang='lat' dir='ltr'><strong>tuum,</strong></span> 
     </span>
     <span class='ocr_line' id='line_1_86' title="bbox 819 4997 2312 5081; baseline 0 -20"><span class='ocrx_word' id='word_1_514' title='bbox 819 5018 934 5081; x_wconf 89' lang='lat' dir='ltr'><strong>pro</strong></span> <span class='ocrx_word' id='word_1_515' title='bbox 963 5006 1093 5061; x_wconf 88' lang='lat' dir='ltr'><strong>toto</strong></span> <span class='ocrx_word' id='word_1_516' title='bbox 1123 5000 1362 5061; x_wconf 92' lang='lat' dir='ltr'><strong>mundo</strong></span> <span class='ocrx_word' id='word_1_517' title='bbox 1393 4998 1511 5061; x_wconf 92' lang='lat' dir='ltr'><strong>hoc</strong></span> <span class='ocrx_word' id='word_1_518' title='bbox 1542 4997 1753 5080; x_wconf 90' lang='lat' dir='ltr'><strong>ipsum</strong></span> <span class='ocrx_word' id='word_1_519' title='bbox 1785 5016 2142 5080; x_wconf 89' lang='lat' dir='ltr'><strong>precemur,</strong></span> <span class='ocrx_word' id='word_1_520' title='bbox 2178 5020 2312 5063; x_wconf 92' lang='lat' dir='ltr'><strong>cor-</strong></span> 
     </span>
     <span class='ocr_line' id='line_1_87' title="bbox 819 5096 2309 5177; baseline 0 -17"><span class='ocrx_word' id='word_1_521' title='bbox 819 5096 1166 5161; x_wconf 89' lang='lat' dir='ltr'><strong>dialissime</strong></span> <span class='ocrx_word' id='word_1_522' title='bbox 1210 5096 1538 5177; x_wconf 88' lang='lat' dir='ltr'><strong>cupientes</strong></span> <span class='ocrx_word' id='word_1_523' title='bbox 1583 5103 1649 5157; x_wconf 89' lang='lat' dir='ltr'><strong>ut</strong></span> <span class='ocrx_word' id='word_1_524' title='bbox 1689 5097 1985 5158; x_wconf 87' lang='lat' dir='ltr'><strong>sanctitas</strong></span> <span class='ocrx_word' id='word_1_525' title='bbox 2028 5098 2163 5160; x_wconf 89' lang='lat' dir='ltr'><strong>veri</strong></span> <span class='ocrx_word' id='word_1_526' title='bbox 2203 5098 2309 5160; x_wconf 89' lang='lat' dir='ltr'><strong>Dei</strong></span> 
     </span>
     <span class='ocr_line' id='line_1_88' title="bbox 822 5193 2315 5276; baseline 0.002 -19"><span class='ocrx_word' id='word_1_527' title='bbox 822 5195 1069 5258; x_wconf 91' lang='lat' dir='ltr'><strong>cunctis</strong></span> <span class='ocrx_word' id='word_1_528' title='bbox 1101 5195 1450 5258; x_wconf 85' lang='lat' dir='ltr'><strong>innotescat</strong></span> <span class='ocrx_word' id='word_1_529' title='bbox 1478 5193 1869 5269; x_wconf 80' lang='lat' dir='ltr'><strong>hominibuS,</strong></span> <span class='ocrx_word' id='word_1_530' title='bbox 1895 5202 1958 5255; x_wconf 86' lang='lat' dir='ltr'><strong>et</strong></span> <span class='ocrx_word' id='word_1_531' title='bbox 1986 5195 2175 5276; x_wconf 86' lang='lat' dir='ltr'><strong>digne</strong></span> <span class='ocrx_word' id='word_1_532' title='bbox 2205 5197 2315 5260; x_wconf 94' lang='lat' dir='ltr'><strong>ho-</strong></span> 
     </span>
     <span class='ocr_line' id='line_1_89' title="bbox 825 5291 2314 5375; baseline 0 -18"><span class='ocrx_word' id='word_1_533' title='bbox 825 5293 1198 5357; x_wconf 84' lang='lat' dir='ltr'><strong>norificetur</strong></span> <span class='ocrx_word' id='word_1_534' title='bbox 1243 5292 1322 5355; x_wconf 89' lang='lat' dir='ltr'><strong>ab</strong></span> <span class='ocrx_word' id='word_1_535' title='bbox 1365 5291 1685 5356; x_wconf 91' lang='lat' dir='ltr'><strong>omnibus.</strong></span> <span class='ocrx_word' id='word_1_536' title='bbox 1719 5293 1871 5367; x_wconf 91' lang='lat' dir='ltr'><strong>Imo,</strong></span> <span class='ocrx_word' id='word_1_537' title='bbox 1905 5312 2034 5375; x_wconf 90' lang='lat' dir='ltr'><strong>quo</strong></span> <span class='ocrx_word' id='word_1_538' title='bbox 2073 5294 2314 5358; x_wconf 90' lang='lat' dir='ltr'><strong>bonum</strong></span> 
     </span>
    </p>
   </div>
   <div class='ocr_carea' id='block_1_10' title="bbox 521 4521 778 4627">
    <p class='ocr_par' dir='ltr' id='par_1_17' title="bbox 521 4521 778 4627">
     <span class='ocr_line' id='line_1_90' title="bbox 528 4521 778 4571; baseline 0 -8"><span class='ocrx_word' id='word_1_539' title='bbox 528 4521 622 4564; x_wconf 79' lang='lat' dir='ltr'><strong>Jer.</strong></span> <span class='ocrx_word' id='word_1_540' title='bbox 641 4535 778 4571; x_wconf 79' lang='lat' dir='ltr'><strong>xxxiv.</strong></span> 
     </span>
     <span class='ocr_line' id='line_1_91' title="bbox 521 4588 583 4627; baseline 0.016 -1"><span class='ocrx_word' id='word_1_541' title='bbox 521 4588 583 4627; x_wconf 79' lang='lat'><strong>16.</strong></span> 
     </span>
    </p>
   </div>
   <div class='ocr_carea' id='block_1_11' title="bbox 517 4718 751 4829">
    <p class='ocr_par' dir='ltr' id='par_1_18' title="bbox 517 4718 751 4829">
     <span class='ocr_line' id='line_1_92' title="bbox 569 4718 738 4761; baseline 0 0"><span class='ocrx_word' id='word_1_542' title='bbox 569 4718 738 4761; x_wconf 73' lang='lat' dir='ltr'><strong>Ezech.</strong></span> 
     </span>
     <span class='ocr_line' id='line_1_93' title="bbox 517 4782 751 4829; baseline 0 -6"><span class='ocrx_word' id='word_1_543' title='bbox 517 4794 662 4829; x_wconf 73' lang='lat' dir='ltr'><strong>xxxvi,</strong></span> <span class='ocrx_word' id='word_1_544' title='bbox 685 4782 751 4823; x_wconf 78' lang='lat'><strong>2³.</strong></span> 
     </span>
    </p>
   </div>
   <div class='ocr_carea' id='block_1_12' title="bbox 2415 4306 4197 5380">
    <p class='ocr_par' dir='ltr' id='par_1_19' title="bbox 2415 4306 3915 4390">
     <span class='ocr_line' id='line_1_94' title="bbox 2415 4306 3915 4390; baseline -0.003 -19"><span class='ocrx_word' id='word_1_545' title='bbox 2415 4310 2718 4390; x_wconf 86' lang='lat' dir='ltr'><strong>tibusque</strong></span> <span class='ocrx_word' id='word_1_546' title='bbox 2764 4308 3094 4381; x_wconf 88' lang='lat' dir='ltr'><strong>virtutum,</strong></span> <span class='ocrx_word' id='word_1_547' title='bbox 3130 4309 3208 4369; x_wconf 91' lang='lat' dir='ltr'><strong>de</strong></span> <span class='ocrx_word' id='word_1_548' title='bbox 3250 4307 3680 4370; x_wconf 88' lang='lat' dir='ltr'><strong>consolatione</strong></span> <span class='ocrx_word' id='word_1_549' title='bbox 3723 4306 3915 4368; x_wconf 89' lang='lat' dir='ltr'><strong>inter-</strong></span> 
     </span>
    </p>

    <p class='ocr_par' dir='ltr' id='par_1_20' title="bbox 2416 4405 3911 4483">
     <span class='ocr_line' id='line_1_95' title="bbox 2416 4405 3911 4483; baseline -0.003 -12"><span class='ocrx_word' id='word_1_550' title='bbox 2416 4428 2518 4483; x_wconf 89' lang='lat' dir='ltr'><strong>na,</strong></span> <span class='ocrx_word' id='word_1_551' title='bbox 2538 4409 2615 4471; x_wconf 90' lang='lat' dir='ltr'><strong>de</strong></span> <span class='ocrx_word' id='word_1_552' title='bbox 2646 4406 3104 4471; x_wconf 86' lang='lat' dir='ltr'><strong>confortatione</strong></span> <span class='ocrx_word' id='word_1_553' title='bbox 3134 4406 3416 4479; x_wconf 88' lang='lat' dir='ltr'><strong>mentali,</strong></span> <span class='ocrx_word' id='word_1_554' title='bbox 3441 4407 3521 4468; x_wconf 89' lang='lat' dir='ltr'><strong>de</strong></span> <span class='ocrx_word' id='word_1_555' title='bbox 3550 4405 3911 4468; x_wconf 90' lang='lat' dir='ltr'><strong>divinorum</strong></span> 
     </span>
    </p>

    <p class='ocr_par' dir='ltr' id='par_1_21' title="bbox 2416 4503 4197 4687">
     <span class='ocr_line' id='line_1_96' title="bbox 2416 4503 4197 4589; baseline -0.006 -18"><span class='ocrx_word' id='word_1_556' title='bbox 2416 4524 2641 4589; x_wconf 89' lang='lat' dir='ltr'><strong>sapore</strong></span> <span class='ocrx_word' id='word_1_557' title='bbox 2685 4525 2699 4570; x_wconf 89' lang='lat'><strong>:</strong></span> <span class='ocrx_word' id='word_1_558' title='bbox 2744 4507 2822 4568; x_wconf 90' lang='lat' dir='ltr'><strong>de</strong></span> <span class='ocrx_word' id='word_1_559' title='bbox 2863 4505 3100 4588; x_wconf 92' lang='lat' dir='ltr'><strong>quibus</strong></span> <span class='ocrx_word' id='word_1_560' title='bbox 3148 4506 3239 4567; x_wconf 88' lang='lat' dir='ltr'><strong>ait</strong></span> <span class='ocrx_word' id='word_1_561' title='bbox 3280 4504 3625 4587; x_wconf 89' lang='lat' dir='ltr'><strong>Scriptura,</strong></span> <span class='ocrx_word' id='word_1_562' title='bbox 3669 4503 4197 4571; x_wconf 62' lang='lat' dir='ltr'><strong>Cibabiteoe1s.„‚2.</strong></span> 
     </span>
     <span class='ocr_line' id='line_1_97' title="bbox 2420 4604 3915 4687; baseline -0.004 -17"><span class='ocrx_word' id='word_1_563' title='bbox 2420 4608 2601 4670; x_wconf 92' lang='lat' dir='ltr'><strong>illum</strong></span> <span class='ocrx_word' id='word_1_564' title='bbox 2633 4605 2937 4669; x_wconf 88' lang='lat' dir='ltr'><strong>Dominus</strong></span> <span class='ocrx_word' id='word_1_565' title='bbox 2980 4622 3141 4687; x_wconf 91' lang='lat' dir='ltr'><strong>pane</strong></span> <span class='ocrx_word' id='word_1_566' title='bbox 3172 4604 3317 4667; x_wconf 85' lang='lat' dir='ltr'><strong>vitae</strong></span> <span class='ocrx_word' id='word_1_567' title='bbox 3346 4612 3408 4665; x_wconf 93' lang='lat' dir='ltr'><strong>et</strong></span> <span class='ocrx_word' id='word_1_568' title='bbox 3439 4604 3819 4676; x_wconf 88' lang='lat' dir='ltr'><strong>intellectus,</strong></span> <span class='ocrx_word' id='word_1_569' title='bbox 3853 4610 3915 4664; x_wconf 88' lang='lat' dir='ltr'><strong>et</strong></span> 
     </span>
    </p>

    <p class='ocr_par' dir='ltr' id='par_1_22' title="bbox 2417 4700 3915 4788">
     <span class='ocr_line' id='line_1_98' title="bbox 2417 4700 3915 4788; baseline -0.005 -20"><span class='ocrx_word' id='word_1_570' title='bbox 2417 4724 2583 4788; x_wconf 86' lang='lat' dir='ltr'><strong>aqua</strong></span> <span class='ocrx_word' id='word_1_571' title='bbox 2622 4704 2949 4787; x_wconf 81' lang='lat' dir='ltr'><strong>sapientiae</strong></span> <span class='ocrx_word' id='word_1_572' title='bbox 2987 4702 3280 4765; x_wconf 86' lang='lat' dir='ltr'><strong>salutaris</strong></span> <span class='ocrx_word' id='word_1_573' title='bbox 3320 4701 3562 4784; x_wconf 87' lang='lat' dir='ltr'><strong>potabit</strong></span> <span class='ocrx_word' id='word_1_574' title='bbox 3593 4702 3796 4764; x_wconf 89' lang='lat' dir='ltr'><strong>illum.</strong></span> <span class='ocrx_word' id='word_1_575' title='bbox 3830 4700 3915 4761; x_wconf 90' lang='lat' dir='ltr'><strong>De</strong></span> 
     </span>
    </p>

    <p class='ocr_par' dir='ltr' id='par_1_23' title="bbox 2420 4798 3918 4889">
     <span class='ocr_line' id='line_1_99' title="bbox 2420 4798 3918 4889; baseline -0.003 -22"><span class='ocrx_word' id='word_1_576' title='bbox 2420 4823 2583 4889; x_wconf 87' lang='lat' dir='ltr'><strong>pane</strong></span> <span class='ocrx_word' id='word_1_577' title='bbox 2613 4821 2871 4886; x_wconf 90' lang='lat' dir='ltr'><strong>quoque</strong></span> <span class='ocrx_word' id='word_1_578' title='bbox 2900 4802 3277 4867; x_wconf 87' lang='lat' dir='ltr'><strong>obedientiae</strong></span> <span class='ocrx_word' id='word_1_579' title='bbox 3314 4802 3401 4864; x_wconf 90' lang='lat' dir='ltr'><strong>ait</strong></span> <span class='ocrx_word' id='word_1_580' title='bbox 3430 4801 3495 4863; x_wconf 93' lang='lat' dir='ltr'><strong>in</strong></span> <span class='ocrx_word' id='word_1_581' title='bbox 3524 4801 3761 4865; x_wconf 77' lang='lat' dir='ltr'><strong>Ioanne</strong></span> <span class='ocrx_word' id='word_1_582' title='bbox 3788 4798 3918 4862; x_wconf 92' lang='lat' dir='ltr'><strong>Sal-</strong></span> 
     </span>
    </p>

    <p class='ocr_par' dir='ltr' id='par_1_24' title="bbox 2420 4898 4197 5380">
     <span class='ocr_line' id='line_1_100' title="bbox 2421 4898 4197 4967; baseline -0.005 -1"><span class='ocrx_word' id='word_1_583' title='bbox 2421 4912 2600 4967; x_wconf 89' lang='lat' dir='ltr'><strong>vator</strong></span> <span class='ocrx_word' id='word_1_584' title='bbox 2642 4921 2656 4965; x_wconf 90' lang='lat'><strong>:</strong></span> <span class='ocrx_word' id='word_1_585' title='bbox 2704 4901 2874 4964; x_wconf 88' lang='lat' dir='ltr'><strong>Meus</strong></span> <span class='ocrx_word' id='word_1_586' title='bbox 2925 4900 3107 4963; x_wconf 90' lang='lat' dir='ltr'><strong>cibus</strong></span> <span class='ocrx_word' id='word_1_587' title='bbox 3155 4906 3250 4962; x_wconf 90' lang='lat' dir='ltr'><strong>est</strong></span> <span class='ocrx_word' id='word_1_588' title='bbox 3299 4908 3370 4962; x_wconf 90' lang='lat' dir='ltr'><strong>ut</strong></span> <span class='ocrx_word' id='word_1_589' title='bbox 3415 4898 3643 4962; x_wconf 85' lang='lat' dir='ltr'><strong>faciam</strong></span> <span class='ocrx_word' id='word_1_590' title='bbox 3692 4899 3917 4962; x_wconf 87' lang='lat' dir='ltr'><strong>volun·</strong></span> <span class='ocrx_word' id='word_1_591' title='bbox 3974 4917 4197 4960; x_wconf 57' lang='lat' dir='ltr'><strong>soonam.</strong></span> 
     </span>
     <span class='ocr_line' id='line_1_101' title="bbox 2420 4982 4012 5079; baseline -0.001 -16"><span class='ocrx_word' id='word_1_592' title='bbox 2420 5010 2613 5064; x_wconf 91' lang='lat' dir='ltr'><strong>tatem</strong></span> <span class='ocrx_word' id='word_1_593' title='bbox 2665 5000 2861 5063; x_wconf 88' lang='lat' dir='ltr'><strong>Patris</strong></span> <span class='ocrx_word' id='word_1_594' title='bbox 2909 5000 3058 5062; x_wconf 91' lang='lat' dir='ltr'><strong>mei.</strong></span> <span class='ocrx_word' id='word_1_595' title='bbox 3102 4998 3408 5061; x_wconf 91' lang='lat' dir='ltr'><strong>Similiter</strong></span> <span class='ocrx_word' id='word_1_596' title='bbox 3446 5000 3523 5061; x_wconf 94' lang='lat' dir='ltr'><strong>de</strong></span> <span class='ocrx_word' id='word_1_597' title='bbox 3573 5016 3735 5079; x_wconf 87' lang='lat' dir='ltr'><strong>pane</strong></span> <span class='ocrx_word' id='word_1_598' title='bbox 3784 5016 3917 5079; x_wconf 86' lang='lat' dir='ltr'><strong>poe-</strong></span> <span class='ocrx_word' id='word_1_599' title='bbox 3944 4982 4012 5024; x_wconf 75' lang='lat'><strong>³⁴·</strong></span> 
     </span>
     <span class='ocr_line' id='line_1_102' title="bbox 2426 5096 4195 5179; baseline -0.007 -17"><span class='ocrx_word' id='word_1_600' title='bbox 2426 5099 2709 5163; x_wconf 83' lang='lat' dir='ltr'><strong>nitentiae</strong></span> <span class='ocrx_word' id='word_1_601' title='bbox 2747 5098 2871 5162; x_wconf 84' lang='lat' dir='ltr'><strong>sert</strong></span> <span class='ocrx_word' id='word_1_602' title='bbox 2899 5098 3225 5161; x_wconf 88' lang='lat' dir='ltr'><strong>Psalmista</strong></span> <span class='ocrx_word' id='word_1_603' title='bbox 3259 5116 3274 5161; x_wconf 76' lang='lat' dir='ltr'><em>z</em></span> <span class='ocrx_word' id='word_1_604' title='bbox 3310 5096 3561 5161; x_wconf 89' lang='lat' dir='ltr'><strong>Cibabis</strong></span> <span class='ocrx_word' id='word_1_605' title='bbox 3603 5115 3715 5159; x_wconf 90' lang='lat' dir='ltr'><strong>nos</strong></span> <span class='ocrx_word' id='word_1_606' title='bbox 3754 5114 3916 5179; x_wconf 89' lang='lat' dir='ltr'><strong>pane</strong></span> <span class='ocrx_word' id='word_1_607' title='bbox 3944 5112 4195 5158; x_wconf 52' lang='lat' dir='ltr'><strong>ramus.</strong></span> 
     </span>
     <span class='ocr_line' id='line_1_103' title="bbox 2427 5193 4183 5277; baseline -0.007 -16"><span class='ocrx_word' id='word_1_608' title='bbox 2427 5198 2888 5277; x_wconf 82' lang='lat' dir='ltr'><strong>lacrimarum3</strong></span> <span class='ocrx_word' id='word_1_609' title='bbox 2947 5204 3029 5271; x_wconf 91' lang='lat' dir='ltr'><strong>et,</strong></span> <span class='ocrx_word' id='word_1_610' title='bbox 3092 5196 3373 5257; x_wconf 91' lang='lat' dir='ltr'><strong>Fuerunt</strong></span> <span class='ocrx_word' id='word_1_611' title='bbox 3425 5194 3583 5257; x_wconf 91' lang='lat' dir='ltr'><strong>mihi</strong></span> <span class='ocrx_word' id='word_1_612' title='bbox 3642 5193 3917 5257; x_wconf 83' lang='lat' dir='ltr'><strong>lacrimae</strong></span> <span class='ocrx_word' id='word_1_613' title='bbox 3958 5211 4183 5259; x_wconf 50' lang='lat' dir='ltr'><strong>rami.</strong></span> 
     </span>
     <span class='ocr_line' id='line_1_104' title="bbox 2429 5292 3917 5380; baseline -0.005 -18"><span class='ocrx_word' id='word_1_614' title='bbox 2429 5316 2586 5362; x_wconf 69' lang='lat' dir='ltr'><strong>meae</strong></span> <span class='ocrx_word' id='word_1_615' title='bbox 2626 5314 2821 5380; x_wconf 87' lang='lat' dir='ltr'><strong>panes</strong></span> <span class='ocrx_word' id='word_1_616' title='bbox 2862 5296 2966 5358; x_wconf 90' lang='lat' dir='ltr'><strong>die</strong></span> <span class='ocrx_word' id='word_1_617' title='bbox 3006 5314 3079 5357; x_wconf 92' lang='lat' dir='ltr'><strong>ac</strong></span> <span class='ocrx_word' id='word_1_618' title='bbox 3118 5302 3321 5359; x_wconf 89' lang='lat' dir='ltr'><strong>noete.</strong></span> <span class='ocrx_word' id='word_1_619' title='bbox 3368 5294 3449 5355; x_wconf 89' lang='lat' dir='ltr'><strong>De</strong></span> <span class='ocrx_word' id='word_1_620' title='bbox 3488 5292 3917 5375; x_wconf 88' lang='lat' dir='ltr'><strong>spiritualium</strong></span> 
     </span>
    </p>
   </div>
   <div class='ocr_carea' id='block_1_13' title="bbox 4243 398 4269 4243">
    <p class='ocr_par' dir='ltr' id='par_1_25' title="bbox 4243 398 4269 4243">
     <span class='ocr_line' id='line_1_105' title="bbox 4243 398 4269 4243; baseline 0 0"><span class='ocrx_word' id='word_1_621' title='bbox 4243 398 4269 4243; x_wconf 95' lang='lat' dir='ltr'><strong> </strong></span> 
     </span>
    </p>
   </div>
  </div>
 </body>
</html>
