4300 6259
1247 511 1601 558 amanum
1645 511 1708 557 m
1751 512 1888 557 car.
1933 510 2020 557 xu
2065 510 2251 557 Lunx.
2298 532 2377 541 —
2418 512 2561 559 aar.
2606 513 2777 558 xxxu
3476 496 3549 561 51

443 682 794 750 reveletur,
827 680 948 743 hoc
997 688 1113 755 est,
1151 681 1403 744 nullum
1451 702 1612 765 opus
1655 683 1956 745 vitiosum
1987 680 2036 741 A
2067 681 2256 757 blice,
2304 690 2365 744 et
2414 684 2479 745 in
2529 684 2813 747 ecclesiis
2863 684 3210 747 solenniter
3255 704 3425 747 nunc
3474 685 3562 747 le-

443 782 620 837 tanta
649 777 1058 843 simulatione
1100 789 1306 861 potest
1345 782 1610 844 colorari
1653 800 1767 843 seu
1807 782 1952 862 tegi,
2062 788 2323 860 guntur.

441 874 604 954 quin
637 875 779 955 ejus
823 878 1102 959 pravitas
1133 898 1250 942 suo
1290 886 1576 961 'tempore
1609 880 1951 962 aperiatur,
2166 879 2283 942 Sed
2339 880 2492 960 quia
2547 879 2829 943 Salvator
2875 881 2955 944 ob
3015 900 3192 943 suam
3248 880 3559 961 justitiam

439 974 600 1053 quia
641 973 706 1035 in
749 975 852 1037 die
889 976 1115 1057 judicii
1159 998 1194 1039 a
1225 977 1475 1042 Christo
1513 980 1759 1042 cunctis
1806 999 1958 1061 pan·
2067 979 2268 1040 varias
2310 979 2568 1060 pertulit
2620 980 3113 1061 persecutioneS,
3150 980 3433 1043 hortatur
3471 980 3564 1043 di-

439 1072 674 1151 detur;
704 1094 912 1153 neque
941 1078 1406 1149 absconditum,
1440 1081 1612 1157 quod
1639 1098 1766 1139 non
1797 1080 1956 1138 scia·
2065 1076 2345 1157 scipulos
2385 1095 2737 1158 omnesque
2774 1077 3182 1149 ChristianOS‚
3226 1096 3305 1139 ne
3344 1096 3565 1159 corpo-

441 1179 585 1241 ίαν,
616 1170 679 1233 id
720 1179 836 1247 est,
871 1174 1050 1235 nulla
1091 1174 1354 1238 interior
1390 1176 1554 1239 actio
1593 1193 1702 1238 seu
1745 1176 1956 1257 passio
2067 1175 2260 1236 ralem
2305 1184 2573 1238 mortem
2623 1176 2977 1238 inordinate
3024 1175 3387 1250 formident,
3422 1175 3561 1256 ejus

437 1268 700 1345 animae,
734 1271 822 1332 ita
869 1272 934 1333 in
977 1274 1276 1353 praesenti
1319 1275 1446 1335 vita
1484 1276 1716 1357 poterit
1754 1274 1958 1337 homi·
2064 1280 2239 1335 metu
2275 1275 2621 1337 deserendo
2658 1274 2991 1353 justitiam.
3025 1276 3182 1335 Dico
3212 1285 3428 1335 autem
3458 1294 3563 1335 υο-
3703 1280 3738 1335 4

437 1367 642 1429 nibus
692 1370 1019 1445 occultari,
1054 1372 1214 1453 quin
1252 1392 1289 1433 a
1329 1372 1578 1435 Christo
1623 1372 1838 1453 judice
1889 1373 1953 1434 in
2065 1372 2161 1431 bis
2189 1374 2418 1432 amicis
2452 1374 2625 1432 meiS.
2662 1371 2749 1433 Ex
2794 1391 2923 1453 quo
2962 1373 3179 1446 claret,
3212 1372 3383 1453 quod
3424 1390 3561 1435 ver-

435 1465 606 1528 hora
631 1466 858 1547 judicii
892 1469 971 1531 sit
1003 1470 1831 1552 manifestandatquoniam
1863 1491 1956 1534 co-
2066 1468 2147 1532 ba
2196 1470 2526 1550 sequentia
2579 1469 2877 1552 perfectis
2929 1489 3001 1532 ac
3050 1470 3349 1533 virtuosis
3399 1490 3559 1552 prae-

431 1564 782 1645 gitationes
825 1566 1330 1650 affectionesque
1369 1571 1576 1633 cordis
1615 1577 1768 1633 tunc
1807 1589 1956 1652 ape-
2067 1568 2285 1629 sertim
2327 1568 2647 1643 dicuntur,
2684 1568 2793 1649 qui
2836 1588 2981 1631 cum
3012 1568 3311 1650 Apostolo
3350 1569 3560 1631 dicere

435 1662 710 1737 rientur,
739 1666 1089 1747 praesertim
1123 1668 1176 1729 si
1211 1686 1324 1750 per
1355 1669 1796 1751 poenitentiam
1828 1688 1951 1732 non
2065 1673 2312 1746 queunt
2346 1684 2358 1728 :
2393 1665 2543 1737 Quis
2575 1686 2688 1729 nos
2720 1665 3039 1747 separabit
3065 1686 3102 1727 a
3132 1666 3388 1729 caritate
3418 1666 3559 1728 Dei?
3614 1680 3738 1723 Rom.
3762 1694 3849 1727 vn..

436 1762 584 1824 sint
628 1763 888 1839 deletae;
939 1766 1128 1827 etiam
1189 1786 1615 1848 quaecumque
1676 1767 1954 1830 actiones
2065 1764 2510 1827 Verumtamen
2552 1766 2767 1846 aliquo
2798 1768 2984 1828 modo
3022 1768 3098 1828 ad
3130 1785 3381 1828 omnem
3418 1785 3563 1848 per-
3588 1745 3655 1787 ³⁵·

439 1861 714 1942 iniquae.
748 1862 818 1924 ln
857 1863 960 1926 die
998 1864 1245 1947 quippe
1280 1865 1532 1947 judicii,
1569 1873 1637 1927 ut
1675 1866 1762 1927 ait
1793 1865 1958 1948 Apo-
1994 1865 2040 1926 B
2069 1863 2275 1924 tinent
2303 1863 2727 1926 Christianum
2760 1865 3071 1939 adultum,
3099 1865 3186 1927 ita
3212 1867 3384 1945 quod
3414 1873 3563 1927 sunt

79 1975 398 2027 icmarus.
436 1960 675 2033 stoluS,
710 1960 1101 2024 illuminabit
1132 1963 1436 2026 Dominus
1477 1964 1846 2027 abscondita
1876 1974 1958 2027 te·
2068 1962 2145 2023 de
2197 1962 2569 2023 necessitate
2622 1962 2863 2024 salutis.
2916 1966 3013 2024 Ne
3064 1966 3441 2024 terreamini
3486 1966 3565 2025 ab

435 2057 820 2133 nebi-arum,
863 2067 926 2122 et
963 2060 1400 2124 manifestabit
1451 2063 1716 2125 consilia
1755 2063 1960 2125 cordi·
2068 2060 2171 2118 leis
2208 2060 2327 2137 qui
2364 2061 2666 2120 occidunt
2702 2080 2953 2136 Corpus,
2986 2059 3106 2122 hoo
3154 2066 3269 2133 est,
3314 2078 3441 2123 non
3490 2061 3567 2121 ti-

435 2176 582 2218 um.
601 2156 892 2221 Secundo
921 2159 1266 2240 exponitur
1295 2160 1386 2222 sic
1407 2160 1610 2223 :Nihil
1641 2170 1953 2243 opertum,
2069 2157 2293 2217 meatis
2323 2156 2693 2233 inordinate,
2714 2165 2928 2239 utpote
2958 2158 3278 2220 mundano
3309 2167 3417 2221 aut
3443 2178 3568 2221 car-

435 2254 574 2317 hoc
617 2263 712 2317 est
759 2255 1030 2319 obscure
1073 2265 1137 2319 et
1181 2259 1446 2340 mystice
1487 2259 1752 2333 dictum,
1787 2262 1957 2341 quod
2071 2254 2197 2315 nali
2240 2254 2488 2327 timore,
2522 2262 2820 2336 tyrannos
2860 2263 2921 2317 et
2960 2264 3419 2337 persecutoreS,
3452 2258 3565 2337 qui

435 2372 582 2416 non
615 2354 952 2429 reveletur,
987 2355 1108 2419 hoc
1145 2365 1262 2429 est,
1299 2375 1401 2419 me
1438 2356 1796 2419 illustrante
1836 2359 1961 2420 cla-
2071 2370 2181 2415 vos
2225 2352 2636 2433 corporaliter
2684 2353 2973 2416 occidere
3022 2362 3311 2435 possunt,
3342 2364 3569 2432 etpost

75 2468 394 2518 namma.
437 2457 659 2513 rescat
701 2470 715 2513 :
754 2452 938 2533 juxta
986 2453 1146 2515 illud
1196 2454 1494 2530 Danielis,
1535 2455 1677 2537 Ipse
1723 2456 1960 2519 revelat
2068 2453 2226 2519 hoec,
2258 2450 2317 2512 id
2358 2458 2453 2511 est
2492 2458 2635 2533 post
2672 2452 2955 2534 corporis
2995 2452 3401 2526 occisionem,
3434 2473 3565 2513 ”⁰⁷2

435 2548 773 2632 profunda
808 2559 871 2613 et
919 2551 1310 2628 abscondita,
1345 2562 1408 2614 et
1457 2555 1634 2616 novit
1674 2554 1738 2617 in
1787 2562 1960 2617 tene-
2069 2550 2301 2609 habent
2342 2552 2629 2626 amplius
2668 2554 2831 2629 quid
2860 2552 3142 2628 faciant,
3174 2550 3237 2612 id
3286 2558 3401 2625 est,
3437 2570 3569 2613 ma-

427 2647 585 2710 bris
616 2650 1189 2713 constituta.Porro
1221 2653 1572 2714 secundum
1604 2651 1954 2733 Origenem,
2065 2646 2163 2726 gis
2194 2665 2421 2709 nocere
2461 2647 2595 2710 sive
2633 2646 2921 2729 affligere
2959 2656 3307 2729 nequeunt,
3339 2650 3567 2730 quoni-

429 2748 592 2809 ideo
624 2746 912 2809 Christus
945 2748 1064 2811 hoc
1095 2748 1269 2821 dixit,
1292 2751 1590 2831 quoniam
1623 2760 1954 2832 quantum·
2067 2764 2169 2806 am
2216 2746 2491 2807 animam
2540 2765 2577 2806 a
2628 2764 2891 2828 corpore
2942 2754 3314 2828 separatam,
3362 2766 3562 2828 quum

427 2863 728 2926 cumque
765 2854 1032 2908 conetur
1061 2847 1209 2928 quis
1249 2847 1566 2911 occultare
1605 2849 1770 2911 hona
1807 2850 1960 2914 alio-
2067 2842 2150 2904 sit
2198 2843 2613 2918 insensibiliS,
2659 2852 2985 2925 nequeunt
3033 2846 3387 2921 molestare,
3429 2865 3565 2909 cor-

427 2963 594 3005 rum
655 2942 964 3018 infamiis,
1028 2944 1270 3008 bonum
1337 2947 1706 3009 naturaliter
1764 2947 1958 3011 latere
2069 2960 2189 3023 pus
2219 2960 2478 3023 quoque
2506 2941 2798 3003 exanime
2829 2942 2915 3004 nil
2951 2942 3116 3005 valet
3146 2944 3401 3005 sentire.
3429 2942 3561 3016 Quo

431 3060 576 3104 non
613 3048 838 3123 potest.
872 3041 1060 3115 Quasi
1093 3042 1378 3105 Christus
1416 3044 1583 3106 dicat
1624 3046 1956 3127 discipulis
1993 3045 2037 3107 C
2069 3046 2260 3120 patet,
2312 3047 2549 3120 quanta
2595 3039 2790 3102 fuerit
2848 3038 3240 3121 perfidorum
3291 3042 3557 3116 insania,

428 3150 506 3203 et
557 3139 810 3201 cunctis
863 3157 1012 3203 vere
1059 3141 1367 3203 fidelibus
1421 3160 1434 3205 :
1481 3142 1780 3215 Quamvis
1826 3145 1955 3226 jam
2067 3138 2180 3219 qui
2233 3138 2497 3201 mortuis
2552 3146 2900 3220 martyrum
2950 3140 3323 3220 corporibus
3384 3140 3563 3203 inho-

431 3239 652 3320 aliqui
709 3247 938 3302 vocent
991 3258 1102 3303 vos
1161 3240 1526 3303 seductores
1583 3250 1644 3303 et
1698 3241 1952 3324 impiOS,
2066 3237 2427 3299 norationes
2471 3236 2749 3316 irrogare
2792 3237 2997 3299 conati
3042 3245 3210 3299 sunt.

431 3346 708 3420 tempus
757 3345 970 3401 tamen
1030 3338 1246 3402 omnia
1292 3339 1559 3419 deteget,
1610 3349 1958 3421 arguatque
2148 3334 2452 3397 Praeterea
2500 3335 2955 3408 contuendum,
3008 3336 3177 3415 quod
3230 3335 3420 3400 timor
3466 3344 3563 3399 est

435 3454 676 3500 eorum
726 3436 1134 3513 calumniam,
1177 3444 1241 3500 et
1289 3443 1564 3499 vestram
1615 3438 1960 3501 declarabit
2067 3433 2429 3514 multiplex,
2481 3433 2727 3495 scilicet
2778 3452 2792 3495 :
2846 3434 3173 3508 naturalis,
3229 3454 3357 3516 quo
3414 3436 3559 3517 quis

437 3533 792 3617 justitiam.
2069 3531 2439 3594 naturaliter
2486 3532 2714 3593 metuit
2771 3532 2935 3594 mala
2991 3551 3215 3614 poenae‚
3268 3534 3565 3597 videlicet

203 3642 252 3697 3
537 3634 866 3701 Quoniam
904 3652 1048 3711 quoe
1091 3634 1164 3693 in
1206 3636 1482 3693 tenebris
1517 3636 1808 3705 dixistis,
1841 3635 1958 3698 hoc
2068 3638 2382 3693 tormenta
2426 3637 2490 3691 et
2540 3638 2829 3694 mortem.
2872 3629 2949 3692 Et
2992 3633 3071 3694 de
3119 3631 3230 3694 illo
3278 3631 3560 3695 Christus

438 3739 549 3793 est
589 3728 862 3792 obscure
893 3728 991 3791 vel
1034 3729 1097 3789 in
1139 3730 1442 3805 adversis,
1478 3733 1551 3793 in
1584 3734 1832 3793 lumine
1859 3736 1960 3793 di-
2069 3746 2197 3791 non
2238 3727 2522 3809 loquitur
2557 3747 2570 3790 ε
2606 3728 2735 3791 imo
2774 3728 3044 3810 ipsemet
3086 3736 3371 3810 tempore
3419 3749 3563 3811 pas-

431 3838 710 3897 centur,
741 3827 806 3889 id
837 3833 954 3901 est,
988 3827 1156 3889 clare
1187 3827 1485 3890 omnibus
1519 3828 1866 3911 patefient3
1898 3841 1958 3891 et
2070 3826 2267 3889 sionis
2308 3825 2489 3889 illum
2531 3826 2822 3888 timorem
2865 3834 3089 3908 sponte
3126 3845 3200 3889 ac
3238 3827 3563 3908 dispensa-

429 3928 624 4006 quod
655 3927 728 3987 in
757 3946 920 3985 aure
944 3926 1142 3985 locuti
1165 3926 1332 3991 escis,
1357 3925 1476 3988 hoc
1507 3936 1602 3989 est
1631 3946 1784 3990 voce
1815 3928 1959 3991 sub·
2069 3925 2199 3987 tive
2228 3924 2593 4005 assumpsit,
2628 3925 2978 3987 secundum
3010 3924 3167 3987 illud
3196 3924 3404 3999 Marci,
3434 3926 3563 3989 Coe-
3604 3944 3851 3993 Mamm,

433 4025 667 4094 missa,
699 4032 760 4083 ec
798 4024 874 4083 in
910 4024 1228 4093 cubic-ule,
1261 4031 1416 4105 puta
1465 4024 1530 4085 in
1580 4024 1718 4088 loco
1757 4045 1960 4107 quan-
2069 4024 2164 4105 pit
2208 4023 2389 4085 Jesus
2447 4040 2677 4103 pavere
2734 4029 2797 4084 et
2854 4024 3102 4085 taedere.
3157 4022 3269 4085 Hic
3325 4024 3559 4086 etenim
3589 4010 3655 4051 ³³·

429 4131 873 4202 tumcumque
922 4129 1188 4191 secreto,
1227 4124 1709 4199 praedicabitur
1751 4128 1824 4185 in
1874 4134 1961 4185 te-
2069 4122 2279 4196 timor,
2314 4121 2669 4183 secundum
2712 4122 2882 4201 quod
2932 4120 3258 4195 naturaliS‚
3292 4140 3418 4185 non
3468 4130 3564 4184 est

427 4222 592 4287 ctis,
627 4218 691 4279 id
726 4226 821 4279 est
852 4226 978 4280 tam
1010 4218 1338 4282 evidenter
1372 4240 1444 4283 ac
1479 4222 1531 4283 si
1573 4240 1768 4303 super
1797 4230 1961 4285 tecta
1989 4224 2040 4286 D
2071 4216 2330 4281 illicitus
2364 4237 2572 4299 neque
2604 4218 2976 4299 culpabilis3
3010 4220 3119 4281 sed
3158 4220 3397 4301 indiget
3432 4240 3565 4283 mo-

431 4316 927 4401 praedicaretur.
961 4316 1036 4378 Et
1084 4316 1368 4397 loquitur
1407 4317 1694 4381 Christus
1738 4338 1962 4383 secun-
2070 4317 2393 4380 deramine
2454 4316 2739 4390 rationiS,
2803 4335 2882 4378 ne
2940 4316 3055 4379 fiat
3114 4317 3562 4381 immoderatus

431 4416 608 4478 dum
637 4432 880 4477 morem
923 4413 1270 4477 Palaestinae
1307 4415 1416 4477 ubi
1456 4417 1594 4479 haec
1632 4416 1812 4493 dixit,
1849 4417 1958 4479 ubi
2068 4421 2260 4495 atque
2296 4412 2577 4486 illicitus,
2608 4412 2774 4475 sicut
2808 4420 3031 4476 ceterae
3070 4413 3393 4495 passiones
3429 4432 3566 4476 sen-

430 4521 508 4579 et
549 4512 746 4596 plana
783 4520 933 4575 sunt
974 4520 1156 4587 tecta,
1191 4512 1278 4575 ita
1318 4521 1388 4575 ut
1424 4515 1718 4578 homines
1768 4535 1961 4598 super
2071 4512 2242 4575 sitivi
2281 4512 2623 4593 appetitus.
2655 4510 2832 4573 Alius
2872 4529 3022 4573 vero
3063 4519 3159 4573 est
3207 4511 3396 4575 timor
3435 4531 3567 4574 car—

432 4632 518 4677 ea
551 4619 727 4675 stent
753 4612 832 4673 ad
862 4611 1268 4693 loquendum.
1291 4612 1574 4695 Denique
1606 4613 1798 4676 verba
1826 4615 1960 4678 haec
2073 4610 2254 4683 nalis,
2289 4627 2416 4690 quo
2446 4609 2592 4690 quis
2633 4608 3041 4672 immoderate
3083 4610 3263 4671 timet
3294 4610 3567 4692 propriae

431 4706 905 4788 multipliciter
961 4705 1396 4769 verificantur.
1451 4709 1705 4772 Constat
1762 4710 1957 4785 enim,
2071 4708 2248 4790 pelli,
2284 4708 2371 4769 ita
2398 4708 2570 4789 quod
2602 4708 2813 4789 potius
2844 4707 3022 4788 eligit
3052 4707 3116 4769 in
3149 4708 3401 4790 culpam
3433 4728 3569 4772 cor-

433 4806 628 4889 quod
680 4804 746 4866 in
798 4804 901 4866 die
946 4804 1174 4885 judicii
1222 4806 1486 4869 virtutes
1538 4806 1854 4871 bonorum
1902 4817 1963 4870 et
2073 4824 2278 4880 ruere,
2314 4824 2505 4886 quam
2553 4823 2773 4886 poenas
2818 4814 2926 4867 aut
2968 4812 3235 4869 mortem
3281 4807 3585 4888 corporis·

437 4902 610 4966 vitia
661 4902 1008 4983 impiorum
1061 4904 1454 4984 detegentur.
1506 4904 1768 4979 RursuS,
1819 4926 1963 4987 quae
2074 4904 2202 4987 pati
2252 4923 2265 4966 :
2309 4921 2501 4984 quem
2549 4902 2878 4965 Psalmista
2925 4903 3048 4964 sibi
3098 4904 3256 4985 petit
3301 4903 3561 4981 auferri,

441 4999 744 5083 Apostoli
795 4999 862 5061 in
909 5001 1422 5077 adversitatibuS,
1465 5010 1528 5063 et
1575 5004 1960 5079 carceribuS,
2075 5003 2361 5076 dicendo,
2396 5000 2445 5061 A
2493 5001 2721 5064 timore
2770 5002 3013 5064 inimici
3065 5002 3241 5084 eripe
3288 5003 3563 5064 animam
3594 5020 3859 5071 ramus.

443 5118 571 5163 seu
621 5098 784 5162 locis
830 5098 1117 5179 angustis
1161 5109 1428 5180 egerunt
1464 5120 1537 5163 ac
1585 5102 1968 5183 praedicave-
2071 5120 2276 5165 meam
2312 5119 2325 5163 :
2360 5100 2559 5182 eripe,
2604 5100 2889 5181 inquam,
2932 5120 3058 5164 non
3110 5108 3179 5161 ut
3228 5120 3353 5164 non
3402 5102 3569 5166 occi-

447 5204 616 5263 runt
663 5198 730 5260 in
791 5196 1124 5279 primitiva
1169 5196 1470 5274 Ecclesia,
1522 5200 1778 5263 interim
1837 5199 1968 5263 fide
2076 5201 2209 5275 dar,
2244 5200 2350 5261 sed
2397 5216 2476 5260 ne
2516 5197 2909 5261 occidentem
2948 5198 3285 5261 carnaliter
3323 5217 3564 5262 verear.

453 5296 920 5371 invalescente,
973 5295 1216 5378 ubique
1265 5297 1604 5379 praedicata
1654 5306 1804 5361 sunt
1852 5318 1971 5381 pu·
2076 5297 2255 5359 Alius
2284 5306 2496 5359 autem
2525 5303 2621 5358 est
2648 5296 2840 5359 timor
2866 5297 3245 5373 mundanuS,
3264 5316 3393 5379 quo
3422 5297 3569 5381 quis
