4300 6259
597 2773 793 2878 gan-uela
803 2787 858 2824 m,

886 501 1005 566 156

1679 520 2027 568 mammo
2070 520 2131 566 ΙΝ
2176 518 2313 566 CAP-
2359 517 2511 565 xvm
2551 519 2741 568 LUCAE.
2784 543 2865 555 —
2906 525 3049 572 ΛΒΤ.
3092 526 3193 572 xu

881 698 1007 766 tur,
1043 710 1123 754 ne
1163 691 1363 757 divini
1412 691 1588 754 fures
1628 692 1910 773 honoriS,
1945 699 2247 773 tanquam
2288 708 2384 752 sa·
2411 687 2463 750 A
2488 692 2828 772 gentilium
2868 697 3349 761 conversionem
3386 699 3464 760 ad
3504 697 3845 773 Christum,
3882 699 3981 761 in-

881 790 1100 872 crilegi
1162 791 1600 873 reprobemur.
1652 790 1717 852 Si
1765 799 1976 853 autem
2025 790 2130 853 hic
2178 808 2381 852 caecus

881 897 945 952 et
985 888 1165 971 plebs
1211 889 1346 953 haec
1383 890 1789 953 crediderunt
1831 889 2131 972 explicite
2168 888 2381 951 Jesum

881 1004 1021 1050 esse
1066 1006 1287 1050 verum
1338 987 1559 1063 Deum,
1602 996 1757 1050 tunc
1806 987 2064 1051 nomine
2109 987 2243 1058 Dei,
2288 987 2384 1068 ip-

883 1105 1026 1148 sum
1058 1086 1396 1150 Dominum
1425 1086 1638 1150 Jesum
1680 1086 2159 1167 intelligebant3
2192 1085 2247 1148 si
2280 1103 2384 1148 ve-

885 1203 954 1247 ro
1002 1184 1122 1248 hoc
1170 1205 1296 1249 non
1347 1185 1688 1249 credebant
1735 1185 2056 1269 explicite,
2095 1185 2383 1246 intende-

883 1281 1036 1344 bant
1064 1285 1235 1365 quod
1263 1283 1441 1346 Jesus
1473 1285 1690 1347 divina
1726 1284 1948 1366 utique
1988 1284 2122 1346 haec
2152 1283 2384 1364 egisset

884 1381 1140 1444 virtute.

961 1479 1279 1554 Praeterea,
1307 1481 1791 1562 intelligentiam
1824 1480 2222 1564 spiritualem
2252 1488 2383 1542 tan·

879 1580 1108 1660 gendo,
1144 1598 1259 1661 per
1295 1579 1567 1655 Jericbo,
1610 1599 1753 1662 quae
1793 1579 2249 1661 interpretatur
2286 1579 2383 1640 lu-

883 1696 985 1757 na,
1017 1697 1162 1759 quae
1191 1678 1257 1740 in
1288 1678 1637 1740 mutatione
1675 1686 1879 1740 exstat
1907 1678 2229 1752 continua,
2264 1676 2384 1739 hu·-

883 1795 1087 1839 manae
1149 1777 1548 1840 mortalitatis
1610 1776 2013 1858 significatur
2067 1775 2375 1839 defectus.

2492 791 2839 873 crepabant
2884 811 3013 875 eoS,
3068 812 3148 858 ne
3198 814 3427 859 nomen
3480 797 3681 879 ipsius
3730 796 3981 860 invoca-

2494 896 2633 951 rent
2661 897 2770 952 aut
2800 891 3203 964 honorarent,
3236 893 3403 957 sicut
3431 895 3497 958 in
3527 894 3787 958 Actibus
3816 895 3982 977 Apo-
4004 923 4209 966 ΛΜΝ,

2490 987 2795 1052 stolorum
2829 991 3089 1053 docetur
3122 1011 3135 1054 :
3170 992 3407 1074 quibus
3436 993 3801 1056 consimiles
3832 1000 3979 1055 sunt
4002 987 4203 1089 {gjffi'ssffi

2491 1103 2711 1148 omnes
2761 1088 2876 1169 qui
2920 1089 3079 1152 alios
3126 1109 3163 1152 a
3209 1090 3377 1154 bono
3435 1099 3743 1154 conantur
3788 1099 3980 1153 retra-

2490 1184 2665 1245 here.
2700 1183 2820 1246 Sed
2850 1186 3036 1248 electi
3076 1195 3247 1251 tanto
3284 1187 3512 1252 fortius
3550 1189 3981 1253 clamaverunt

2490 1282 2569 1344 ad
2608 1280 2970 1358 Dominum,
3003 1294 3243 1367 quanto
3278 1287 3372 1349 illi
3413 1286 3850 1370 impudentius
3890 1304 3983 1349 re-

2494 1379 2813 1444 stiterunt.
2844 1381 2967 1446 Nos
3006 1401 3265 1467 quoque
3303 1393 3543 1466 quanto
3580 1385 3838 1468 gravius
3880 1403 3985 1448 ex-

2495 1478 2782 1560 perimur
2822 1499 2937 1544 nos
2986 1481 3371 1566 impugnari,
3413 1491 3585 1547 tanto
3632 1483 3980 1547 ferventius

2492 1583 2683 1658 atque
2731 1580 3124 1643 constantius
3174 1581 3513 1657 enitamur,
3564 1591 3627 1645 et
3674 1582 3983 1645 exclame-

2492 1694 2637 1738 mus
2686 1678 2763 1739 ad
2814 1676 3033 1753 Deum,
3075 1698 3413 1762 quousque
3462 1699 3605 1743 cum
3656 1680 3981 1744 Psalmista

2493 1773 2705 1836 dicere
2744 1775 3065 1840 valeamus
3108 1795 3123 1840 t
3164 1777 3471 1842 Laboravi
3512 1778 3813 1854 clamauS,
3848 1797 3981 1840 rau-
4004 1795 4207 1842 rmum

883 1873 995 1938 Cui
1055 1893 1259 1957 quum
1315 1874 1514 1936 Filius
1582 1874 1688 1936 Dei
1755 1891 1870 1956 per
1925 1872 2381 1937 incarnationis
2418 1872 2465 1935 B
2493 1891 2583 1936 cae
2621 1871 2805 1938 factae
2844 1881 2996 1937 sunt
3034 1874 3249 1938 fauces
3292 1895 3471 1939 meae.

884 1973 1255 2057 mysterium
1298 1972 1812 2056 propinquasset,
1845 1973 2230 2035 assumendo
2269 1991 2383 2036 no-

884 2079 1043 2134 stras
1095 2071 1492 2154 poenalitates
1541 2071 1785 2152 absque
1843 2078 2122 2153 peccato,
2176 2089 2379 2133 caecus

883 2170 1168 2252 quidam,
1223 2168 1344 2232 hoc
1401 2177 1496 2230 est
1552 2187 1755 2250 genus
1804 2169 2157 2231 humanum
2208 2168 2380 2232 vitiis

884 2266 1393 2342 obtenebratum,
1447 2285 1630 2329 secus
1681 2266 1847 2328 viam
1899 2266 2177 2339 sedebat,
2229 2267 2383 2348 quia

887 2385 1003 2449 pro
1043 2365 1269 2447 majori
1314 2365 1414 2426 sui
1466 2373 1644 2447 parte
1682 2373 1858 2426 extra
1895 2365 2016 2426 iter
2054 2364 2179 2427 ruit
2218 2365 2383 2427 salu-

885 2465 966 2527 tis
1011 2483 1024 2527 :
1069 2463 1174 2527 cui
1217 2471 1450 2538 tamen,
1488 2481 1602 2546 pro
1640 2462 1856 2544 aliqua
1899 2463 1996 2524 sui
2045 2471 2223 2544 parte
2267 2480 2383 2544 per

885 2562 1344 2644 Prophetarum
1385 2562 1684 2624 vaticinia
1729 2561 2002 2643 aliisque
2045 2561 2250 2624 modis
2289 2561 2385 2623 in-

887 2669 1214 2734 structum,
1233 2659 1774 2743 appropinquavit
1802 2661 2227 2741 exspectando
2256 2658 2387 2722 Sal-

891 2759 1123 2823 vatoris
1173 2759 1540 2822 adventum.
1582 2757 1780 2830 Quem
1829 2777 2030 2841 quum
2082 2757 2146 2820 in
2199 2758 2385 2820 terris

892 2858 1092 2922 videri
1132 2865 1195 2920 et
1233 2857 1399 2920 inter
1437 2856 1727 2921 homines
1770 2856 2132 2920 conversari
2175 2857 2387 2918 audis-

889 2965 1000 3030 set,
1017 2975 1130 3039 pro
1157 2955 1358 3037 gratia
1386 2955 1868 3018 illuminationis
1899 2955 2163 3018 internae
2192 2954 2387 3036 coepit

2573 1970 2755 2034 Stans
2802 1979 3015 2035 autem
3062 1974 3263 2047 JesuS,
3295 1974 3487 2055 jussit
3528 1975 3711 2038 illum
3754 1975 3977 2038 adduci

2492 2071 2570 2134 ad
2611 2089 2679 2133 se
2712 2089 2726 2134 :
2760 2071 2914 2153 quia
2953 2089 3068 2154 per
3106 2072 3436 2155 Apostolos
3480 2091 3833 2156 eorumque
3876 2093 3976 2137 co·

2492 2169 2839 2250 adjutores,
2878 2170 3070 2250 jussit
3111 2171 3439 2253 praedicari
3483 2171 3746 2253 ubique,
3780 2180 3845 2234 et
3878 2190 3978 2253 ge-

2493 2286 2617 2330 nus
2663 2267 3017 2330 humanum
3066 2268 3189 2331 sibi
3240 2287 3356 2350 per
3402 2269 3599 2332 fidem
3649 2269 3879 2332 adduci
3918 2276 3976 2332 et

2495 2365 2908 2448 incorporari.
2942 2365 3062 2429 Sed
3100 2375 3162 2430 et
3201 2386 3373 2430 nunc
3410 2385 3669 2450 quoque
3698 2367 3975 2450 quotidie

2494 2463 2912 2546 spiritualiter
2950 2464 3122 2540 caeci,
3168 2483 3282 2547 per
3319 2466 3609 2548 praelatos
3650 2473 3841 2548 atque
3876 2467 3976 2528 do-

2492 2570 2696 2625 ctores
2726 2561 3023 2625 Ecclesiae
3052 2563 3129 2626 ad
3160 2563 3479 2626 Christum
3510 2571 3661 2626 sunt
3690 2565 3975 2627 reducen-

2493 2659 2581 2723 di.
2622 2659 2893 2722 Adducti
2933 2678 3083 2723 vero
3127 2661 3206 2723 ad
3246 2660 3565 2724 Christum
3605 2679 3720 2743 per
3760 2661 3970 2734 fidem,

2493 2776 2695 2839 quum
2744 2765 3033 2838 peterent
3081 2758 3612 2822 illuminationem
3670 2759 3971 2822 internam

2496 2855 2870 2938 pleniorem,
2906 2856 3203 2919 illustrati
3242 2865 3392 2920 sunt
3420 2857 3775 2920 eminenter
3802 2856 3972 2921 donis

2494 2951 2769 3035 Spiritus
2808 2953 3041 3030 Sancti,
3084 2955 3171 3017 ita
3218 2962 3288 3017 ut
3336 2955 3611 3018 revelata
3651 2955 3813 3018 facie
3850 2955 3975 3037 glo-
3999 2978 4207 3084 “peona

889 3055 1268 3138 suppliciter
1304 3054 1657 3117 exclamare
1700 3072 1712 3116 :
1757 3053 1925 3116 sicut
1962 3053 2027 3115 in
2067 3053 2385 3136 evangeli·
2422 3049 2467 3114 C
2496 3052 2654 3114 riam
2685 3052 2934 3117 Domini
2967 3072 3113 3116 cum
3144 3053 3444 3136 Apostolo
3478 3055 3971 3136 specularentur.

889 3173 977 3216 cae
1026 3152 1305 3216 historiae
1352 3159 1596 3215 constat
1643 3152 1937 3226 decursu,
1979 3153 2386 3234 quemadmo-

889 3253 1041 3315 dum
1073 3271 1109 3314 a
1141 3251 1462 3334 principio
1502 3250 1849 3313 nativitatis
1881 3250 2112 3313 Christi
2144 3268 2222 3312 ex
2250 3250 2387 3312 Vir-

886 3350 1056 3431 gine,
1091 3350 1350 3433 quidam
1384 3357 1816 3430 cognoverunt
1845 3347 1984 3430 ejus
2014 3349 2381 3424 adventum,

891 3455 953 3510 et
1003 3458 1127 3511 tam
1178 3467 1294 3530 pro
1344 3465 1412 3509 se
1459 3466 1652 3529 quam
1712 3465 1829 3529 pro
1876 3447 2070 3510 totius
2119 3446 2385 3509 humani

889 3547 1142 3629 generis
1200 3544 1706 3628 deprecabantur
1753 3545 1977 3620 salute,
2033 3553 2102 3608 ut
2154 3545 2384 3608 Zacha-

613 3664 723 3709 Luc.
741 3666 854 3715 1:1⁹.
893 3647 1039 3722 rias,
1073 3645 1187 3729 qui
1228 3644 1388 3708 dixit
1432 3663 1445 3707 :
1489 3643 1857 3706 llluminare
1896 3644 1995 3706 his
2039 3645 2150 3726 qui
2192 3644 2258 3707 in
2298 3652 2388 3706 te—

893 3745 1109 3811 nebris
1158 3752 1222 3807 et
1271 3743 1337 3806 in
1394 3742 1623 3804 umbra
1681 3742 1903 3805 mortis
1963 3744 2205 3805 sedent.
2257 3741 2385 3806 Hoc

892 3843 1358 3926 conspicientes
1390 3842 1654 3924 spiritus
1690 3841 1974 3922 maligni,
2007 3842 2120 3923 qui
2154 3841 2382 3906 Christi

891 3944 956 4006 in
1008 3945 1198 4006 corda
1246 3949 1461 4006 nostra
1516 3941 1860 4005 adventum
1921 3959 2037 4022 per
2081 3940 2389 4022 anticipa-

889 4042 1130 4106 tionem
1162 4039 1476 4122 impedire
1506 4039 1820 4112 nituntur,
1856 4039 2256 4102 immittendo
2286 4059 2388 4103 co-

887 4140 1120 4221 gitatus
1178 4137 1578 4219 affectusque
1637 4136 1919 4212 vitiosoS,
1972 4137 2387 4220 increpabant

891 4239 1100 4301 taliter
1146 4245 1499 4310 exoranteS,
1540 4236 1618 4298 ad
1668 4235 2032 4317 oppositum
2083 4236 2387 4318 instigan-
2422 4235 2470 4296 D
2498 4235 2837 4317 Apostolus
2880 4253 2893 4296 ε
2938 4232 3115 4296 Pater
3160 4233 3379 4314 gloriae
3424 4235 3528 4297 det
3576 4234 3757 4298 vobis
3804 4233 3978 4317 spiri·
4000 4245 4213 4306 apta-1³².

892 4339 994 4400 do.
1049 4337 1356 4399 Similiter
1409 4334 1604 4397 Judaei
1667 4333 2004 4410 increduli,
2056 4344 2387 4398 cernentes

2495 3150 2626 3224 Quo
2656 3151 2844 3226 facto,
2878 3153 3025 3215 totis
3056 3152 3425 3234 praecordiis
3453 3153 3580 3216 Deo
3616 3154 3849 3236 gratias
3876 3151 3977 3216 ob-

2495 3249 2781 3312 tulerunt
2822 3268 2837 3313 :
2890 3251 3061 3331 quod
3104 3250 3506 3332 potissimum
3555 3251 3623 3313 in
3664 3251 3979 3334 primitiva

2498 3347 2695 3410 fiebat
2734 3347 3031 3411 Ecclesia.
3075 3347 3249 3421 Quod
3292 3357 3362 3411 ut
3398 3349 3605 3413 omnis
3656 3350 3837 3432 plebs
3874 3367 3979 3432 per

2496 3453 2770 3528 quatuor
2817 3454 3005 3510 terrae
3064 3447 3277 3530 plagas
3326 3447 3611 3530 dispersa
3670 3447 3976 3530 cognovit,

2497 3545 2755 3609 illorum
2781 3546 3137 3628 amplexata
3166 3553 3262 3608 est
3290 3545 3510 3621 sidem,
3533 3546 3835 3628 deditque
3865 3545 3981 3610 Deo

2498 3644 2772 3706 laudem.
2826 3643 3001 3706 Unde
3058 3651 3120 3706 et
3178 3663 3291 3707 nos
3348 3643 3738 3707 incessanter
3790 3643 3978 3706 Deum

2499 3760 2614 3825 pro
2644 3741 3109 3805 illuminatione
3136 3761 3250 3805 sua
3278 3742 3553 3824 copiosa,
3586 3742 3887 3806 continua
3911 3759 3981 3804 ac

2498 3839 2983 3923 superpiissima
3048 3841 3487 3923 deprecemur,
3557 3858 3638 3903 ne
3702 3859 3977 3922 unquam
4018 3857 4197 3902 rama.

2497 3938 2973 4003 obdormiamus
3024 3938 3090 4001 in
3142 3945 3343 4002 morte
3392 3939 3654 4021 peccati,
3708 3940 3817 4002 sed
3862 3939 3979 4002 Deo

2500 4037 2946 4119 superexcelso
3007 4037 3293 4118 quotidie
3350 4037 3620 4099 alacrius
3677 4037 3981 4118 obsequa-

2499 4155 2665 4198 mur.
2719 4134 2823 4199 Sic
2881 4135 3053 4198 enim
3102 4136 3182 4198 ad
3239 4135 3546 4217 Ephesios
3600 4135 3689 4198 ait
3744 4143 3808 4198 et
3852 4141 3977 4199 orat

2499 4341 2633 4396 tum
2680 4332 3010 4416 sapientiae
3054 4333 3118 4394 in
3162 4333 3484 4414 agnitione
3524 4333 3685 4414 ejus.
