4300 6259
628 1978 736 2023 Luc.
753 1993 852 2030 xxa,

589 2044 658 2085 28.

626 2672 787 2715 Ιοωυι.

589 2736 633 2776 31
645 2766 657 2779 .

591 3660 762 3705 Mania.
771 3672 852 3709 xvi,

590 3725 659 3774 21,
677 3726 744 3768 22.

593 4257 608 4297 1
626 4256 729 4301 Cor.
743 4271 772 4308 ι,
785 4259 854 4301 24.

593 5142 798 5193 mexvi,
819 5143 854 5184 1.

591 5339 684 5385 Jer.
699 5353 773 5393 xx,
791 5342 855 5383 11.

884 490 1004 555 478

1627 508 1978 557 mannum
2021 508 2083 553 lN
2125 507 2267 553 CAP.
2312 506 2375 551 xl
2417 506 2695 553 JoaNle.
2740 525 2820 536 —
2860 507 3005 553 ΛΒΤ.
3052 506 3245 553 xxvnl

880 680 1127 741 duobus
1173 681 1422 749 diebus,
1471 688 1787 761 quatenus
1835 686 1982 741 ante
2035 697 2226 740 suum
2274 675 2463 740 ad-A
2491 675 2693 749 fortiS,
2748 678 2984 740 idcirco
3032 677 3143 759 qui
3201 696 3303 739 me
3360 683 3835 760 persequuntur
3884 696 3987 739 ca-

883 784 1146 839 vcntum
1185 777 1250 839 in
1291 776 1656 840 Bethaniam
1688 777 1955 840 Lazarus
1999 784 2375 850 moreretur,

881 875 1281 957 sepeliretur,
1335 884 1398 937 et
1445 876 1908 957 quatriduanus
1955 874 2375 937 efficeretur:

881 971 1104 1054 sicque
1166 974 1548 1036 miraculum
1603 973 1942 1056 gloriosius
2001 973 2207 1047 fieret,
2262 992 2381 1035 nec

881 1072 1152 1134 daemoni
1203 1072 1480 1135 adscribi
1529 1073 1812 1153 valeret;
1863 1072 2163 1135 obstinati
2224 1090 2382 1153 quo-

879 1188 1008 1251 que
1052 1170 1247 1233 Judaei
1305 1171 1770 1234 inexcusabiles
1831 1172 2266 1245 redderentur,
2318 1177 2381 1233 et

880 1268 1180 1351 discipuli
1224 1270 1548 1351 ceterique
1589 1270 1771 1331 electi
1818 1269 2270 1334 roborarentur
2312 1269 2377 1331 in

880 1366 1034 1441 fide,
1079 1368 1208 1431 imo
1259 1376 1322 1430 et
1375 1368 1592 1449 plures
1632 1368 2013 1442 ludaeorum,
2063 1368 2200 1431 viso
2244 1375 2381 1429 tan-

883 1473 947 1530 to
991 1466 1299 1548 prodigio,
1346 1475 1867 1530 converterentur
1907 1468 1987 1529 ad
2029 1466 2376 1547 Christum,

883 1564 1050 1628 sicut
1114 1572 1177 1628 et
1239 1564 1478 1628 factum
1543 1573 1660 1628 est.
1723 1568 1974 1628 Deinde
2021 1575 2165 1643 post
2222 1569 2376 1637 hoec,

884 1663 1128 1726 scilicet
1177 1664 1364 1727 tertio
1423 1664 1546 1738 die,
1598 1666 1762 1725 dicit
1817 1666 2162 1741 discipulis
2216 1666 2377 1733 δαῖε,

885 1762 948 1825 id
1007 1770 1102 1825 est
1131 1762 1472 1845 Apostolis‚
1525 1763 1638 1845 qui
1687 1763 1811 1825 sibi
1871 1762 2381 1845 inseparabiliter

2489 778 2661 852 dent,
2694 786 2759 839 et
2801 776 3045 839 infirmi
3090 785 3298 839 erunt.

2566 878 2921 955 Respondit
2948 878 3130 937 Jesus
3150 897 3173 935 .·
3198 877 3427 939 Nonne
3453 877 3795 935 duodecim
3822 885 3981 935 sunt

2488 976 2660 1035 koroe
2699 976 2839 1035 diei
2882 973 3257 1048 artificialiS,
3291 974 3643 1055 praesertim
3692 981 3981 1055 tempore

2488 1072 2959 1153 aequinoctiali?
2992 1073 3052 1135 id
3083 1082 3200 1146 est,
3234 1074 3584 1135 secundum
3616 1080 3977 1153 temporum

2490 1171 2900 1234 variationem
2932 1178 2996 1233 et
3026 1172 3321 1234 horarum
3354 1172 3727 1234 diurnarum
3759 1172 3985 1233 distin-

2490 1270 2763 1333 ctionem
2802 1278 2995 1351 atque
3033 1271 3521 1345 successionem,
3554 1270 3834 1333 variatur
3872 1272 3989 1331 hu-

2492 1388 2677 1431 mana
2727 1369 3041 1443 voluntaS,
3094 1376 3157 1431 et
3202 1387 3396 1452 opera
3443 1367 3983 1432 diversificantur.

2492 1466 2817 1549 Tanquam
2856 1467 3095 1530 diceret
3128 1486 3143 1530 :
3177 1467 3474 1541 Quamvis
3517 1468 3639 1532 hoc
3682 1476 3835 1530 tunc
3880 1487 3991 1530 vo-

2491 1564 2726 1641 lebant,
2762 1574 2971 1628 tamen
3022 1585 3193 1629 nunc
3238 1566 3423 1628 aliter
3471 1565 3605 1639 fiet,
3650 1573 3989 1648 potestque

2494 1664 2889 1746 propositum
2940 1682 3079 1727 esse
3138 1672 3471 1727 mutatum.
3524 1665 3644 1726 lste
3700 1673 3798 1727 est
3854 1683 3993 1727 mo-

2493 1764 2610 1825 dus
2659 1763 2961 1845 loquendi
3007 1763 3511 1846 proverbialiter,
3557 1770 3627 1826 ut
3666 1782 3867 1844 quum
3910 1764 3991 1825 de

881 1861 1306 1935 adhaerebant,
1357 1863 1896 1943 quemadmodum
1944 1861 2144 1924 Lucas
2195 1868 2380 1924 testa·
2420 1856 2464 1919 B
2492 1862 2841 1925 mutatione
2889 1863 3198 1945 propositi
3248 1882 3359 1924 seu
3398 1862 3676 1926 novitate
3714 1860 3989 1924 affectus

882 1968 988 2022 tur
1038 1979 1051 2023 :
1101 1959 1222 2024 Vos
1269 1960 1421 2022 estis
1471 1959 1582 2042 qui
1636 1959 2076 2042 permansistis
2123 1978 2377 2022 mecum

885 2058 952 2121 in
1010 2058 1466 2122 tentationibus
1517 2058 1698 2121 meiS.
1741 2062 1990 2121 Eamus
2043 2061 2116 2119 in
2161 2062 2380 2119 Judae-

885 2178 992 2219 am
1049 2158 1309 2228 iterum,
1372 2157 1438 2219 id
1505 2164 1602 2219 est
1668 2157 1734 2219 in
1808 2163 2042 2218 terram
2109 2158 2379 2218 duarum

884 2256 1172 2318 tribuum
1230 2255 1388 2318 Juda
1445 2263 1508 2319 et
1575 2254 1933 2336 Benjamin,
1994 2255 2238 2319 scilicet
2301 2257 2380 2318 ad

884 2354 1272 2417 Bethaniam.

963 2456 1209 2516 Dicunt
1247 2456 1309 2513 ei
1345 2454 1661 2532 discipuli
1691 2473 1714 2513 .·
1743 2454 1977 2524 Rabbi,
2003 2473 2203 2524 nune,
2236 2460 2383 2515 ante

885 2571 1120 2633 paucos
1154 2552 1313 2626 dies,
1347 2554 1720 2631 quoerebant
1753 2561 1808 2612 te
1835 2552 2055 2613 Judaei
2085 2553 2384 2627 lapidare

809 2684 852 2722 x,
881 2652 1056 2731 (nam
1103 2651 1346 2733 lapides
1392 2656 1806 2731 sumpserunt
1846 2650 1911 2712 in
1959 2649 2279 2721 manibus,
2314 2656 2383 2711 ut

881 2750 1126 2812 dictum
1174 2757 1270 2812 est
1317 2749 1384 2810 in
1429 2748 1564 2809 fine
1609 2748 2020 2829 praecedentis
2066 2747 2379 2829 capituli),

883 2858 943 2910 ec
991 2854 1060 2909 tu
1105 2850 1344 2909 iterum
1391 2848 1577 2907 vadis
1619 2848 1832 2906 illuc?
1875 2846 2058 2927 quasi
2111 2846 2325 2908 dicant
2363 2864 2377 2909 ε

882 2946 1137 3008 incaute
1184 2945 1343 3007 facis
1394 2945 1460 3007 in
1511 2944 1651 3018 hoc,
1696 2951 1759 3005 et
1816 2944 2212 3007 consulimus
2261 2945 2378 3008 tibi

2488 1960 2733 2042 aliquid
2780 1959 2923 2023 fieri
2974 1962 3385 2035 intendimuS,
3434 1962 3527 2023 sic
3573 1960 3915 2042 loquamur
3968 1980 3983 2021 :

2489 2058 2709 2123 Nonne
2752 2046 3089 2124 duodecim
3138 2068 3288 2123 sunt
3332 2060 3503 2123 borae
3540 2060 3713 2122 diei?
3754 2060 3817 2121 id
3862 2068 3983 2134 est,

2490 2158 2796 2240 quaelibet
2824 2160 2977 2223 hora
3006 2178 3195 2221 suum
3222 2158 3413 2221 habet
3440 2178 3597 2241 opus
3624 2167 3819 2241 atque
3847 2178 3991 2241 pro-

2496 2258 2795 2339 positum.
2827 2257 3127 2339 Origenes
3158 2266 3223 2320 et
3250 2257 3639 2339 Augustinus
3674 2258 3859 2320 aliter
3888 2258 3989 2319 in-

2492 2356 2855 2418 troducunt.
2917 2356 3223 2439 Discipuli
3282 2357 3451 2419 enim
3512 2375 3713 2438 quum
3771 2364 3989 2419 essent

2494 2454 2783 2519 homines
2824 2454 3241 2518 instructione
3276 2454 3651 2537 indigenteS,
3686 2454 3990 2518 volebant

2493 2553 2641 2615 dare
2669 2553 3005 2616 consilium
3034 2552 3280 2617 Christo
3308 2552 3447 2629 Deo,
3468 2552 3805 2635 Sapientiae
3834 2572 3991 2617 sem·

2494 2652 2779 2734 piternae.
2829 2652 2971 2715 ideo
3018 2652 3286 2715 audiunt
3326 2670 3339 2714 ε
3381 2651 3602 2715 Nonne
3648 2653 3987 2716 duodecim

2492 2758 2641 2812 sunt
2697 2751 2911 2814 horaei
2963 2751 3081 2813 hoc
3138 2758 3253 2826 est,
3306 2768 3421 2831 ego
3468 2770 3611 2813 sum
3660 2752 3819 2825 dieS,
3872 2770 3987 2814 vos

2491 2849 2673 2930 quasi
2720 2850 2889 2913 horae
2931 2848 3079 2923 diei,
3122 2850 3235 2931 qui
3278 2849 3520 2931 aliquid
3568 2850 3731 2912 lucis
3774 2851 3985 2913 sortiti

2489 2949 2640 3009 estis
2688 2968 2725 3009 a
2774 2966 2897 3022 me,
2950 2956 3011 3009 et
3058 2948 3343 3010 membra
3391 2967 3531 3011 mea
3574 2949 3921 3012 consistitis
3967 2968 3984 3012 ε

883 3045 1271 3126 oppositum.
1315 3042 1524 3105 Multis
1568 3044 1646 3105 de
1690 3042 1896 3106 causis
1936 3042 2219 3125 Apostoli
2262 3043 2379 3105 hoc
2417 3045 2460 3107 C
2489 3048 3015 3127 quemadmodum
3047 3064 3197 3128 ergo
3226 3047 3392 3110 horae
3420 3056 3771 3129 sequuntur
3796 3048 3983 3119 diem,

884 3144 1182 3206 dixerunt
1243 3161 1256 3205 ε
1330 3141 1560 3217 Primo,
1629 3141 1934 3223 quoniam
2005 3142 2375 3223 magistrum

881 3261 1094 3315 suum,
1147 3259 1340 3323 quem
1401 3259 1526 3303 non
1579 3239 1729 3301 satis
1779 3240 2217 3321 spiritualiter,
2269 3242 2377 3303 sed

881 3339 1244 3421 aliqualiter
1293 3337 1669 3401 sensualiter
1715 3338 2094 3413 dilexerunt,
2142 3357 2381 3420 nequa-

884 3458 1075 3521 quam
1127 3438 1288 3501 mori
1339 3436 1656 3511 volebant,
1711 3454 1828 3498 nec
1875 3436 2014 3517 ejus
2064 3437 2377 3519 corporali

885 3540 1222 3623 praesentia
1267 3536 1560 3601 volebant
1607 3536 1866 3619 privari.
1911 3536 2086 3599 Unde
2129 3538 2255 3600 alio
2298 3538 2382 3601 lo-

883 3658 980 3711 co,
1004 3656 1208 3720 quum
1241 3636 1599 3718 passionem
1630 3654 1809 3697 suam
1843 3635 2238 3717 praedixisset
2267 3637 2377 3713 eiS,

886 3738 1104 3802 Petrus
1149 3736 1343 3818 coepit
1383 3735 1716 3817 increpare
1757 3754 1928 3808 eum,
1963 3735 2183 3798 dicens
2216 3755 2230 3799 :
2266 3736 2381 3800 Do-

884 3836 1079 3909 mine,
1137 3834 1452 3917 propitius
1500 3840 1635 3896 esto
1685 3832 1822 3905 tibi,
1877 3852 2023 3895 nam
2074 3834 2193 3897 hoc
2252 3853 2377 3898 non

881 3935 1023 3997 erit.
1079 3932 1390 4007 Secundo,
1443 3932 1744 4013 quoniam
1800 3931 1922 3993 sibi
1969 3931 2125 4014 ipsis
2180 3942 2383 3995 metu-

883 4034 1095 4107 ebant,
1135 4050 1215 4095 ne
1264 4050 1410 4094 cum
1461 4030 1762 4111 magistro
1810 4048 1926 4092 suo
1975 4040 2375 4112 caperentur.

885 4133 1003 4195 Sed
1045 4130 1416 4213 imperfecta
1452 4127 1577 4191 fuit
1618 4128 1778 4191 fides
1821 4146 2064 4192 eorum.
2100 4127 2165 4191 Si
2208 4130 2381 4191 enim

2492 3164 2615 3209 non
2666 3145 2800 3207 dies
2846 3145 3055 3218 horas,
3099 3145 3191 3208 sic
3236 3164 3346 3209 vos
3384 3164 3525 3209 meo
3564 3145 3833 3210 consilio
3878 3166 3987 3209 ac-

2489 3243 2820 3324 quiescere
2858 3243 3123 3318 debetiS,
3166 3263 3291 3308 non
3332 3262 3445 3325 ego
3488 3254 3721 3308 vestro.

2568 3344 2650 3403 Si
2684 3344 2833 3420 quis
2870 3344 3305 3403 ambulaverit
3342 3345 3415 3404 in
3450 3345 3582 3413 die,
3614 3363 3745 3405 non
3782 3346 3984 3423 offen-

2487 3442 2615 3510 dit,
2651 3441 2811 3520 quia
2861 3444 3067 3501 lucem
3115 3442 3315 3518 hujus
3360 3444 3597 3502 mundi
3646 3446 3842 3504 videt.
3896 3446 3983 3505 Si

2486 3548 2706 3599 autem
2736 3540 3167 3599 ambulaverit
3196 3541 3269 3599 in
3300 3544 3797 3617 nocte,offendit‚
3816 3545 3981 3621 quia

2494 3641 2612 3697 lux
2642 3657 2770 3697 non
2798 3647 2888 3699 esc
2916 3638 2987 3697 in
3018 3656 3110 3697 eo·
3152 3636 3280 3699 Hoc
3324 3636 3390 3699 in
3434 3638 3855 3703 exterioribus
3898 3642 3983 3703 ad

2492 3735 2766 3797 litteram
2810 3735 2902 3798 sic
2944 3743 3059 3797 est.
3093 3734 3210 3808 Qui
3254 3736 3421 3798 enim
3466 3736 3532 3798 in
3572 3737 3676 3799 die
3716 3739 3981 3813 incedit,

2494 3854 2617 3897 non
2678 3835 2837 3917 pede
2894 3833 3215 3916 impingit,
3268 3835 3568 3917 quoniam
3620 3837 3775 3899 solis
3834 3856 3989 3905 con-

2484 3933 2681 4015 spicit
2710 3933 3057 3996 claritatem
3084 3952 3100 4006 ;
3135 3934 3246 4014 qui
3280 3951 3429 3998 vero
3458 3934 3742 3997 ambulat
3772 3946 3987 4012 nocte,

2494 4032 2795 4113 impingit
2832 4030 3125 4105 faciliter,
3161 4032 3465 4113 quoniam
3505 4032 3613 4094 lux
3654 4033 3809 4097 solis
3857 4054 3989 4098 non

2494 4138 2588 4193 est
2637 4130 2701 4191 in
2750 4148 2845 4204 eo,
2888 4130 2954 4192 id
3000 4139 3096 4193 est
3143 4130 3362 4193 oculos
3401 4130 3542 4210 ejus
3586 4132 3985 4196 illuminans,

887 4230 1214 4295 novissent
1262 4228 1582 4292 Christum
1634 4245 1772 4289 esse
1821 4226 1928 4287 Dei
1975 4227 2277 4291 virtutem
2321 4237 2382 4290 et
2415 4230 2464 4291 D
2493 4228 2606 4290 Per
2635 4229 2806 4309 quod
2838 4227 3123 4292 Christus
3163 4230 3427 4311 mystice
3459 4229 3694 4304 innuit,
3726 4234 3897 4312 quod
3934 4233 3988 4295 is

885 4328 1285 4413 sapientiam,
1319 4334 1510 4408 atque
1540 4325 1621 4389 ob
1655 4326 1718 4388 id
1751 4325 2002 4389 venisse
2033 4334 2102 4388 ut
2133 4345 2248 4408 pro
2277 4326 2383 4389 ho-

884 4428 1166 4491 minibus
1199 4433 1572 4499 moreretur,
1609 4422 1946 4486 scivissent
1974 4426 2145 4504 quod
2183 4425 2378 4487 Judaei

885 4526 942 4587 ei
985 4526 1183 4589 invito
1227 4524 1318 4586 nil
1360 4522 1568 4587 facere
1615 4521 1992 4604 potuissent,
2028 4523 2381 4603 praesertim

885 4644 1086 4705 quum
1113 4623 1244 4704 jam
1283 4622 1468 4686 toties
1508 4622 1764 4703 elapsus
1797 4620 1998 4683 fuerit
2021 4640 2248 4683 manus
2280 4640 2382 4684 eo-

889 4742 1052 4793 rum,
1104 4730 1166 4785 et
1212 4724 1382 4803 quod
1429 4728 1716 4801 tempore
1766 4719 2189 4801 proeordinato
2239 4740 2383 4802 pas-

887 4839 1074 4883 surus
1129 4828 1314 4894 esset,
1378 4839 1502 4884 non
1562 4818 1925 4899 fugiturus3
1979 4817 2155 4892 item,
2208 4820 2380 4899 quod

889 4919 1105 4982 nullus
1171 4917 1262 4979 eis
1324 4926 1534 4998 posset
1589 4923 2048 4981 nocumentum
2114 4916 2375 4993 inferre,

888 5016 1194 5100 quamdiu
1244 5022 1722 5097 protegerentur
1768 5035 1806 5078 a
1853 5016 2122 5087 Christo,
2157 5034 2381 5098 quem-

888 5116 1227 5179 admodum
1273 5113 1360 5203 ait
1408 5111 1732 5175 Psalmista
1775 5132 1790 5176 :
1835 5114 2136 5177 Dominus
2180 5122 2382 5196 prote-

889 5223 1024 5279 ctor
1061 5214 1205 5276 vitae
1241 5230 1418 5287 meae,
1459 5231 1495 5274 a
1534 5229 1664 5293 quo
1699 5212 2074 5293 trepidabo?
2103 5212 2180 5275 Et
2215 5212 2382 5276 Jere-

887 5314 1048 5377 mias
1081 5330 1095 5375 z
1129 5310 1432 5379 Dominus
1469 5329 1720 5373 mecum
1759 5317 1857 5373 est
1891 5311 2074 5393 quasi
2114 5311 2381 5377 bellator

2493 4328 2602 4409 qui
2644 4327 2931 4389 ambulat
2978 4326 3045 4389 in
3085 4327 3228 4390 luce
3264 4326 3529 4408 justitiae
3566 4330 3663 4391 vel
3702 4330 3769 4391 in
3811 4331 3991 4413 puri-

2490 4433 2615 4487 tate
2662 4424 3088 4499 conscientiae,
3123 4443 3249 4488 non
3299 4425 3597 4507 impingit
3640 4446 3836 4510 opere
3880 4430 3985 4491 vel

2488 4522 2747 4598 affectu,
2792 4542 2910 4585 nec
2950 4522 3140 4584 habet
3178 4522 3421 4596 timere,
3466 4524 3575 4585 sed
3614 4542 3753 4587 esse
3795 4527 3985 4590 debet

2492 4639 2775 4693 securus,
2824 4620 3131 4702 quoniam
3181 4620 3357 4683 nulla
3407 4621 3661 4685 nocebit
3706 4625 3985 4689 adversi-

2489 4726 2605 4793 ωε,
2630 4719 2681 4781 si
2716 4720 2892 4781 nulla
2920 4719 3283 4783 dominetur
3312 4718 3635 4801 iniquitas.
3660 4721 3785 4785 Nec
3816 4724 3982 4787 Deus

2491 4818 2725 4882 deserit
2770 4818 2949 4893 tales,
2983 4818 3135 4900 quia
3172 4826 3235 4881 et
3274 4818 3327 4879 si
3364 4818 3607 4899 aliquid
3649 4822 3983 4902 patiuntur

2491 4926 2750 5000 propter
2774 4917 3111 4998 justitiam,
3143 4916 3400 4998 copiosa
3426 4915 3607 4979 valde
3634 4927 3699 4981 et
3728 4920 3984 4986 infinita

2490 5023 2587 5078 est
2622 5032 2866 5077 merces
2902 5032 3146 5088 eorum,
3178 5014 3357 5093 juxta
3394 5014 3551 5077 illud
3588 5014 3927 5099 Sapientiae
3958 5041 3976 5085 ε

4112 877 4145 929 9
4260 858 4262 870 .

4108 3450 4168 3505 ¹0

2492 5114 2556 5177 In
2610 5114 2829 5196 paucis
2878 5113 3105 5186 vexati,
3157 5112 3223 5175 in
3282 5112 3515 5175 multis·
3556 5113 3721 5178 bene
3767 5118 3981 5200 dispo-
4024 5135 4224 5191 sapam.

2491 5221 2747 5275 nentur.
2781 5213 2923 5276 ldeo
2962 5210 3304 5275 formidare
3332 5229 3457 5274 non
3489 5211 3723 5276 debent
3758 5217 3981 5280 adver-

2486 5312 2709 5388 savios,
2742 5313 2854 5375 sed
2884 5313 2963 5375 de
3000 5310 3215 5375 divina
3250 5309 3641 5392 protectione
3676 5322 3743 5375 et
3776 5318 3979 5395 gratia
