4300 6259
79 1564 347 1680 ηιξκιε
378 1572 600 1636 rogare
649 1557 728 1618 de
779 1556 886 1618 tali
939 1565 1180 1620 secreto
1236 1556 1532 1621 futurot*

1188 501 1535 548 ENARRATIO
1581 502 1640 546 ΙΝ
1684 501 1822 548 CAP.
1871 502 1977 547 xxl
2019 501 2295 549 Jomms.
2340 523 2421 532 --
2463 504 2604 549 ΛΒΤ.
2651 505 2685 549 L

3364 484 3486 548 619

375 665 501 741 dis,
559 668 945 734 desideravit
999 689 1148 732 eum
1207 671 1441 734 habere
1497 679 1875 748 consortem,
1909 672 1962 733 A
1991 681 2053 734 et
2082 673 2148 735 in
2182 674 2320 736 loco
2349 674 2625 756 sepulcri
2669 674 2993 739 scaturitio
3022 676 3313 757 quaedam
3350 691 3487 757 per-

379 764 680 830 videlicet
709 768 774 830 in
807 788 958 832 cura
998 770 1294 853 pastorali
1325 778 1516 851 atque
1551 771 1874 853 martyrio.

455 867 640 927 Dicit
687 869 750 927 ei
793 871 976 929 Jesus
1001 890 1024 930 .·
1054 871 1170 931 Sic
1213 889 1360 930 eum
1409 871 1548 929 volo
1595 889 1876 941 manere,

377 963 498 1026 hoc
557 973 674 1038 est,
727 965 791 1028 in
851 985 1039 1029 carne
1086 967 1336 1032 mortali
1387 951 1530 1033 v'olo
1574 967 1877 1030 Joannem

379 1080 791 1143 perseverare
839 1065 977 1127 sine
1027 1066 1348 1149 martyrio,
1403 1073 1622 1148 utpote
1660 1067 1725 1127 in
1776 1085 1879 1147 pa-

377 1181 471 1235 ce,
503 1167 707 1224 donec
745 1167 1004 1226 veniam
1041 1167 1118 1228 ad
1160 1185 1307 1228 eum
1350 1165 1413 1227 in
1455 1166 1611 1227 hora
1658 1165 1877 1228 mortis

373 1259 538 1340 ejuS,
573 1269 912 1325 vocaturus
952 1271 1015 1326 et
1043 1265 1389 1326 educturus
1429 1282 1574 1325 eum
1615 1264 1692 1326 de
1723 1281 1882 1344 prae—

377 1359 578 1420 sentis
637 1361 1166 1441 peregrinationis
1221 1361 1448 1425 exsilio
1504 1363 1581 1424 ad
1630 1370 1880 1424 aeternae

375 1455 796 1519 beatitudinis
860 1477 1148 1539 regnum.
1204 1463 1378 1529 Quid
1431 1465 1518 1522 ad
1570 1470 1624 1520 te.
1682 1459 1876 1522 inter-

1581 1557 1878 1631 Quamvis

1992 771 2231 854 cipitur
2288 780 2351 834 et
2412 771 2702 836 ebullitio
2765 780 2971 853 terrae,
3030 775 3199 854 quod
3265 773 3486 835 dicunt

1993 870 2234 932 causari
2286 890 2361 933 ex
2408 871 2548 952 ejus
2596 872 2896 935 anhelitu.
2938 872 3166 934 Dicunt
3202 889 3482 953 quoque,

1990 971 2162 1050 quod
2195 969 2259 1031 in
2292 969 2427 1032 sine
2457 971 2679 1033 mundi
2712 971 3018 1034 morietur
3049 989 3163 1052 pro
3193 970 3479 1033 Christo:

1992 1067 2144 1148 quia
2186 1075 2255 1130 ut
2290 1068 2378 1130 ait
2416 1067 2766 1142 Psalmista,
2808 1068 2957 1141 Quis
3006 1076 3100 1130 est
3144 1069 3331 1131 homo
3370 1067 3482 1148 qui
3511 1089 3765 1132 pamm-2

1994 1165 2186 1240 vivet,
2240 1175 2303 1227 et
2361 1185 2485 1228 non
2542 1166 2785 1229 videbit
2842 1169 3153 1229 mortem?
3202 1167 3485 1247 itemque
3514 1153 3583 1194 ⁴⁹·

1991 1263 2331 1345 Apostolus
2377 1266 2456 1327 ad
2503 1264 2797 1327 Hebraeos
2830 1283 2844 1326 ε
2879 1263 3191 1326 Statutum
3240 1271 3337 1326 est
3382 1264 3488 1326 ho-
3556 1283 3779 1334 asebna.

1995 1361 2278 1423 minibus
2321 1363 2519 1425 semel
2557 1361 2741 1436 mori,
2777 1371 2919 1445 post
2966 1363 3083 1425 hoc
3131 1369 3345 1424 autem
3388 1361 3489 1443 ju·
3516 1349 3585 1391 ²⁷·

1994 1460 2256 1522 dicium.
2291 1460 2412 1522 Has
2460 1461 2794 1543 opiniones
2844 1480 2975 1524 non
3014 1460 3323 1543 approbat
3365 1460 3490 1521 Au-

1992 1559 2309 1640 gustinus.
2342 1559 2479 1624 Non
2514 1561 2685 1623 enim
2719 1561 2971 1624 videtur
2999 1561 3168 1641 quod
3201 1559 3486 1623 Christus

83 1689 225 1732 Ecca.
241 1660 346 1738 ss..
377 1653 577 1728 enim,
617 1663 690 1716 ut
736 1654 802 1716 in
853 1655 1294 1718 Ecclesiastico
1343 1656 1591 1736 legitur,
1633 1656 1883 1718 unicui·
1996 1657 2431 1739 praedilectum
2490 1657 2879 1740 discipulum
2939 1665 3065 1718 tam
3125 1657 3235 1719 diu
3296 1663 3489 1718 retar-

85 1755 143 1793 1-.

378 1771 508 1833 que
567 1753 894 1816 mandavit
941 1754 1103 1816 Deus
1156 1755 1233 1817 de
1282 1755 1574 1837 proximo
1630 1773 1768 1830 suo,
1821 1761 1884 1815 et

1995 1755 2170 1816 davit
2225 1774 2262 1816 a
2315 1755 2536 1835 gloria,
2599 1755 2875 1816 maxime
2930 1756 3101 1836 quod
3159 1755 3362 1835 jaceat
3420 1755 3483 1816 in

85 1862 214 1906 icor.
228 1866 347 1914 xwzt
376 1850 561 1931 juxta
617 1851 790 1914 Pauli
851 1851 1226 1928 doctrinam,
1279 1853 1585 1914 debemus
1645 1852 1878 1932 singuli
1915 1855 1965 1918 B
1995 1854 2291 1934 sepulcro
2345 1862 2414 1915 ut
2464 1853 2809 1916 dormiens.
2862 1853 3293 1916 Communiter
3338 1870 3489 1933 ergo

107 2557 208 2598 Act.

85 3151 310 3194 Mami-xx

85 3217 150 3256 3¹.

89 3843 196 3886 Gen.

378 1967 690 2031 quaerere,
737 1968 862 2013 non
912 1969 1057 2032 quae
1103 1958 1318 2013 nostra
1364 1959 1534 2026 sunt,
1583 1952 1692 2013 sed
1739 1969 1884 2032 quae

378 2048 707 2128 aliorum3
771 2068 896 2112 non
963 2057 1175 2111 tamen
1240 2050 1547 2112 debemus
1611 2049 1878 2123 anxiari,

380 2147 634 2211 curiose
680 2148 948 2210 scrutari
999 2148 1098 2210 vel
1151 2148 1457 2210 sciscitari
1515 2148 1671 2230 quid
1722 2149 1880 2210 Deus

379 2245 702 2309 ordinavit
757 2248 836 2308 de
895 2246 1204 2328 proximis
1263 2247 1516 2323 nostriS,
1569 2255 1881 2328 quantum

378 2345 458 2407 ad
495 2362 700 2425 genus
749 2344 972 2408 mortis
1011 2362 1255 2419 eorum,
1289 2353 1351 2406 et
1388 2345 1595 2426 quoad
1636 2345 1884 2408 occulta

383 2442 619 2504 futura.
640 2441 816 2504 Unde
845 2442 1162 2525 Apostolis
1193 2443 1271 2504 de
1300 2443 1409 2504 tali
1440 2443 1692 2524 negotio
1719 2462 1886 2525 quae-

229 2568 258 2604 ι,
278 2558 320 2597 τ.
383 2540 697 2615 rentibuS,
732 2540 1020 2604 Christus
1065 2541 1393 2622 respondit
1426 2560 1440 2603 ε
1473 2541 1608 2603 Non
1653 2550 1749 2604 est
1788 2561 1885 2605 ve-

381 2647 588 2702 strum
639 2656 825 2702 nosse
881 2647 1170 2720 tempora
1217 2639 1318 2701 vel
1373 2648 1694 2702 momenta
1740 2659 1884 2721 quae

383 2737 564 2799 Pater
611 2738 824 2820 posuit
866 2738 932 2799 in
977 2756 1093 2799 sua
1136 2743 1466 2819 potestate.

463 2837 730 2910 Quidam
770 2845 1075 2921 praeterea
1115 2837 1250 2900 haec
1289 2837 1482 2900 verba
1521 2837 1750 2901 Christi
1791 2839 1884 2900 sic

384 2937 860 3011 intellexerunt,
893 2937 1063 3018 quod
1116 2936 1537 3000 insinuaverit
1579 2937 1880 2999 Ioannem

1993 1959 2247 2014 tenetur
2313 1952 2483 2032 quod
2551 1958 2838 2012 mortuus
2906 1951 3007 2011 sit.
3070 1950 3143 2011 Et
3198 1959 3489 2014 asserunt

1993 2049 2278 2131 quidam,
2336 2051 2509 2131 quod
2568 2049 2633 2110 in
2693 2049 2906 2110 anima
2964 2057 3027 2111 et
3080 2067 3343 2131 corpore
3406 2049 3489 2110 sit

1991 2147 2389 2228 glorificatus
2442 2147 2507 2209 in
2558 2147 2719 2211 coelo
2772 2165 2786 2210 :
2842 2147 2961 2210 hoc
3016 2155 3227 2209 tamen
3281 2147 3489 2210 incer-

1996 2256 2130 2309 tum
2175 2255 2291 2309 est.

2095 2347 2329 2406 Excivit
2375 2365 2521 2424 erqo
2576 2365 2780 2406 sermo
2832 2347 2949 2406 iste
3002 2347 3071 2406 in
3082 2355 3174 2405 ter
3219 2345 3482 2422 fratres,

1993 2447 2166 2524 quod
2187 2446 2552 2522 discipulus
2584 2447 2697 2505 ille
2722 2465 2849 2506 non
2878 2445 3165 2504 moritur.
3188 2443 3308 2504 lsta
3336 2451 3485 2506 sunt

1995 2541 2189 2605 verba
2237 2541 2655 2623 Evangelistae
2712 2542 3024 2603 narrantis
3070 2540 3345 2622 qualiter
3393 2541 3484 2603 di-

1995 2640 2227 2722 scipuli
2272 2647 2425 2702 tunc
2474 2647 2815 2722 praesentes
2855 2639 3305 2702 intellexerunt
3346 2657 3489 2702 ver-

1995 2738 2076 2800 ba
2115 2738 2368 2802 Christi.
2401 2737 2712 2800 Putabant
2758 2737 2929 2800 enim
2969 2738 3141 2820 quod
3188 2737 3367 2800 lesus
3407 2739 3489 2800 si-

1993 2836 2331 2919 gnificaret
2365 2836 2667 2900 Joannem
2709 2854 2835 2899 non
2876 2855 3013 2899 esse
3052 2837 3433 2900 moriturum
3469 2855 3483 2901 ε

1995 2944 2058 2998 et
2085 2936 2239 3018 quia
2268 2944 2644 2999 erraverunt
2671 2935 2736 2998 in
2770 2936 2909 3009 hoc,
2946 2936 3183 3000 idcirco
3210 2936 3492 2999 excludit

385 3055 514 3100 non
553 3035 936 3098 moriturum
975 3041 1121 3097 ante
1167 3034 1334 3097 diem
1376 3033 1592 3096 finalis
1629 3034 1880 3116 judicii,
1922 3035 1966 3100 C
1993 3035 2261 3098 loannes
2291 3034 2465 3096 hunc
2496 3052 2778 3096 sensum.
2813 3037 2899 3096 Et
2929 3055 3059 3096 non
3088 3037 3265 3096 dimit
3290 3038 3490 3106 Jews,

313 3166 352 3203 v.
383 3135 642 3216 quando
683 3142 992 3198 venturus
1031 3141 1127 3195 est
1166 3133 1452 3197 Christus
1493 3133 1558 3194 in
1599 3133 1886 3215 majesta-

385 3243 447 3295 te
495 3241 559 3296 et
602 3231 826 3314 gloria.
860 3232 1036 3295 Unde
1084 3232 1346 3313 quidam
1390 3232 1689 3294 dixerunt
1737 3251 1882 3295 eum

385 3331 762 3393 translatum
805 3331 870 3393 in
917 3331 1280 3412 paradisum
1330 3339 1692 3392 terrestrem
1738 3351 1882 3393 cum

386 3429 522 3492 Elia
561 3437 623 3491 et
664 3429 905 3502 Enoch,
940 3448 1086 3491 cum
1125 3429 1362 3509 quibus
1412 3429 1612 3510 aliqui
1663 3429 1887 3492 dicunt

385 3547 533 3590 eum
585 3528 962 3603 rediturum,
1015 3534 1078 3589 et
1128 3527 1616 3610 praedicaturum
1669 3536 1886 3592 contra

387 3625 872 3699 Antichristum,
907 3632 1100 3706 atque
1137 3624 1216 3687 ab
1266 3625 1376 3687 illo
1413 3624 1832 3688 occidendum
1867 3645 1882 3689 τ

387 3732 704 3806 quatenus
745 3724 911 3787 sicut
953 3743 1118 3786 unus
1157 3723 1499 3786 translatus
1538 3732 1634 3787 est
1673 3724 1738 3786 in
1784 3744 1886 3806 pa-

215 3857 260 3892 v.
287 3844 356 3884 ει.
390 3823 673 3886 radisum
716 3829 862 3884 ante
905 3821 1133 3902 legem,
1168 3821 1463 3885 videlicet
1501 3821 1738 3898 Enoch,
1771 3824 1884 3905 qui

1995 3136 2153 3214 quia
2190 3153 2322 3195 non
2364 3135 2665 3206 moritur,
2709 3133 2773 3195 id
2822 3142 2937 3209 est,
2984 3151 3097 3214 per
3138 3133 3329 3196 verba
3378 3154 3494 3197 sua

1998 3251 2124 3294 non
2176 3231 2565 3312 significavit
2607 3232 2778 3313 quod
2825 3232 3093 3294 Ioannes
3144 3232 3491 3296 moriturus

1998 3349 2123 3393 non
2166 3338 2353 3393 esset.
2378 3334 2510 3393 Sed
2551 3331 2711 3393 dixit
2744 3349 2758 3393 ε
2788 3333 2903 3393 Sic
2934 3351 3081 3392 eum
3112 3335 3248 3391 volo
3280 3352 3491 3392 mane-

1996 3449 2065 3490 re
2090 3433 2291 3491 donec
2319 3431 2579 3490 veniam
2614 3430 2995 3510 (secundum
3036 3447 3292 3491 sensum
3339 3447 3491 3511 prae-

1996 3528 2285 3606 tactum),
2325 3529 2490 3606 quid
2535 3531 2623 3588 ad
2672 3529 2782 3588 te?
2818 3526 2961 3592 Hac
3008 3528 3181 3589 enim
3229 3527 3492 3590 suerunt

1997 3626 2193 3690 verba
2239 3624 2492 3700 Christi,
2546 3645 2689 3706 quae
2738 3626 2925 3689 modo
2972 3625 3255 3707 exposita
3316 3634 3485 3688 sunt.

1994 3723 2252 3805 Legitur
2300 3732 2512 3786 autem
2573 3723 2638 3785 in
2693 3723 2821 3785 vita
2872 3723 2933 3785 B.
2984 3722 3240 3786 loannis
3300 3743 3490 3786 evan-

1993 3823 2254 3904 gelistae,
2307 3823 2478 3903 quod
2530 3821 2905 3884 imminente
2953 3821 3131 3884 obitu
3182 3821 3343 3902 ejus,
3393 3841 3491 3884 ve-

109 3945 354 4001 lvfleqan,
389 3922 513 3984 ruit
539 3929 688 3985 ante
717 3920 1058 3996 diluvium,
1091 3929 1156 3982 et
1191 3921 1351 3983 alter
1381 3920 1500 3983 sub
1542 3921 1699 4003 lege,
1735 3931 1888 4004 puta
1997 3921 2091 3982 nit
2117 3922 2196 3983 ad
2235 3939 2381 3982 eum
2414 3919 2716 3982 Dominus
2748 3919 2927 3981 lesus
2968 3938 3113 3981 cum
3144 3919 3485 4002 ApostoliS‚

99 4733 278 4787 amm
251 4734 358 4782 ,3
389 4710 454 4772 in
509 4708 886 4792 Apocalypsi
949 4707 1250 4771 Dominus
1309 4708 1594 4789 loquitur
1647 4727 1659 4770 :

391 4020 588 4100 Elias;
623 4019 714 4082 sic
761 4038 925 4080 unus
967 4018 1086 4081 sub
1132 4019 1334 4100 gratia
1380 4019 1722 4082 translatus
1762 4039 1888 4082 cre·

388 4120 594 4193 datur,
637 4136 710 4179 ac
761 4135 875 4199 per
923 4117 1042 4180 hoc
1091 4124 1240 4190 trcs,
1292 4125 1508 4198 utpote
1556 4119 1634 4179 de
1680 4118 1887 4198 quoli-

1997 4019 2272 4082 invitans
2304 4037 2451 4080 eum
2481 4019 2555 4080 ad
2588 4018 3025 4080 felicissimam
3059 4018 3487 4099 epulationem

1995 4118 2341 4181 electorum
2387 4117 2451 4178 in
2504 4116 2725 4198 patria.
2761 4117 2904 4179 Ideo
2941 4115 3226 4179 Christus
3274 4117 3431 4179 dixit
3466 4136 3481 4180 ε

389 4217 496 4279 bet
555 4225 844 4297 tempore
907 4234 1096 4290 unuS,
1158 4216 1412 4278 venturi
1481 4215 1611 4277 sint
1669 4223 1885 4279 contra
1915 4219 1966 4282 D
1996 4215 2096 4278 Sic
2140 4234 2289 4277 eum
2333 4215 2475 4278 volo
2518 4232 2774 4276 manere
2816 4215 3015 4277 donec
3061 4213 3331 4278 veniam.

386 4314 874 4377 Antichristum.
916 4312 1156 4386 Quibus
1207 4330 1560 4395 repugnare
1608 4313 1880 4388 videtur,

388 4414 560 4494 quod
591 4412 656 4474 in
687 4411 1066 4494 Apocalypsi
1107 4411 1308 4473 multa
1345 4412 1646 4474 dicuntur
1674 4414 1752 4475 de
1783 4411 1883 4473 his

388 4511 500 4593 qui
534 4509 936 4592 praedicaturi
970 4515 1118 4572 sunt
1150 4517 1369 4571 contra
1395 4510 1878 4586 Antichristum,

388 4612 500 4693 qui
552 4629 677 4674 non
727 4616 1100 4673 asseruntur
1146 4608 1270 4670 nisi
1319 4610 1468 4672 duo.
1512 4608 1598 4671 De
1643 4609 1881 4690 quibus

1715 4707 1883 4772 Dabo

389 4809 639 4873 duobus
703 4807 973 4870 testibus
1040 4807 1222 4882 meiS,
1285 4815 1349 4869 et
1415 4807 1886 4888 prophetabunt

388 4907 616 4970 diebus
649 4905 826 4968 mille
864 4905 1155 4968 ducentis
1187 4905 1546 4984 sexaginta3
1580 4913 1642 4966 et
1679 4924 1883 4985 quum

387 5005 678 5067 finierint
728 5002 1166 5066 testimonium
1221 5021 1432 5076 suum,
1487 5001 1689 5064 bestia
1741 5021 1884 5083 quae

382 5103 668 5167 ascendit
715 5103 794 5164 de
837 5101 1086 5184 abysso,
1120 5100 1363 5163 occidet
1403 5119 1531 5164 eos.
1567 5100 1690 5163 Alii
1733 5119 1883 5163 vero

384 5202 685 5266 dixerunt
727 5200 1029 5264 loannem
1080 5197 1500 5262 dormientem
1555 5199 1764 5281 jacere
1814 5199 1880 5260 in

385 5307 802 5366 monumento
858 5297 1000 5379 ejus
1056 5298 1226 5379 apud
1285 5295 1606 5379 Ephesum
1663 5315 1676 5359 :
1728 5297 1882 5378 quia

2079 4317 2205 4376 Hic
2254 4315 2329 4376 de
2373 4331 2503 4394 quo
2540 4312 2827 4376 Christus
2875 4312 2996 4374 ista
3041 4312 3361 4389 disseruit,
3394 4324 3482 4376 est

1993 4413 2357 4488 discipulus
2406 4413 2517 4472 ille
2558 4413 2675 4491 qui
2722 4413 3155 4474 testimonium
3194 4415 3484 4490 perhibet

1991 4513 2072 4569 de
2102 4510 2203 4568 his
2231 4527 2376 4590 quae
2407 4507 2471 4570 in
2504 4507 2624 4571 isto
2652 4508 2949 4591 capitulo,
2984 4527 3095 4571 seu
3127 4509 3193 4571 in
3224 4517 3353 4573 toto
3384 4529 3485 4574 vo-

1994 4607 2239 4669 lumine
2282 4605 2423 4681 isto,
2468 4612 2761 4669 contenta
2802 4615 2972 4669 sunt.
3016 4607 3342 4670 Perhibuit
3378 4627 3485 4669 au-

1993 4715 2120 4769 tem
2160 4704 2427 4769 loannes
2472 4704 2907 4768 testimonium
2950 4706 3028 4767 de
3076 4705 3175 4767 his
3222 4724 3366 4786 quae
3408 4707 3486 4768 ad

1992 4805 2423 4886 evangelicam
2480 4803 2801 4885 pertinent
2858 4803 3085 4883 legem,
3143 4805 3488 4886 praedican-

1993 4905 2094 4978 do,
2148 4903 2454 4972 docendo,
2502 4900 2807 4963 miracula
2853 4900 3166 4977 faciendo,
3216 4903 3489 4986 irrepre-

1992 5001 2395 5064 hensibiliter
2466 5001 2928 5076 conversando,
2998 5001 3155 5065 alios
3225 5021 3485 5085 quoque

1992 5119 2253 5180 magnos
2302 5117 2450 5161 suos
2490 5097 2840 5179 discipulos
2882 5100 2959 5160 ad
3009 5100 3482 5181 praedicandum

1993 5197 2322 5270 mittend0,
2367 5195 2663 5259 videlicet
2709 5193 2769 5256 S.
2816 5195 3147 5275 ignatium,
3196 5197 3259 5259 B.
3308 5199 3485 5283 Poly-

1993 5315 2278 5377 carpum,
2326 5302 2446 5356 etc.
2493 5291 2667 5355 Unde
2717 5292 2781 5354 in
2831 5294 3207 5378 Apocalypsi
3256 5299 3481 5362 asserit

3618 2358 3689 2412 23

3618 4321 3690 4377 24
