4300 6259
853 489 975 556 354
1662 507 2011 554 suanm-no
2051 507 2115 553 ιΝ
2160 506 2297 555 ω.
2347 505 2410 551 tv
2445 505 2723 553 scamus.
2771 525 2852 536 --
2892 506 3035 553 aar.
3079 505 3146 552 τι

579 695 828 748 Rectam,
856 697 931 742 co
965 679 1173 741 :Ante
1208 677 1453 742 obitum
1493 686 1675 741 tuum
1708 694 1973 761 operare
2008 677 2344 759 justitiam,
2378 675 2431 738 A
2539 677 2846 759 Deinceps
2903 675 3198 738 subditur
3245 676 3324 737 de
3371 672 3660 736 mercede
3717 685 3952 732 messo-

564 762 633 806 1⁷.

854 777 1156 858 quoniam
1217 796 1342 841 non
1392 784 1487 840 est
1533 779 1704 860 apud
1760 776 1998 840 inferos
2058 776 2350 840 invenire

854 875 1053 938 cibos.
1109 875 1358 951 Quinto,
1420 877 1498 938 de
1556 893 1718 958 pane
1775 875 2122 958 corporalis
2184 873 2350 937 refe-

854 974 1105 1038 ctionis.

964 1073 1197 1136 Deinde
1254 1073 1528 1136 ostendit
1590 1072 1877 1136 Christus
1941 1091 2055 1155 per
2113 1071 2345 1147 simile,

854 1174 1026 1253 quod
1062 1171 1193 1252 jam
1227 1170 1435 1234 adfuit
1478 1179 1729 1253 tempus
1775 1171 2090 1253 praedictae
2138 1189 2351 1252 opera-

854 1270 1069 1344 tioniS‚
1132 1270 1426 1334 videlicet
1488 1270 1919 1333 conversionis
1987 1259 2344 1332 hominum.

855 1370 1087 1433 Nonne
1144 1389 1251 1429 vos
1299 1371 1523 1430 dicitis
1576 1372 1746 1448 quod
1796 1369 2013 1429 adhuc
2068 1378 2350 1447 quatuor

852 1489 1091 1530 menses
1139 1469 1417 1542 lunareS‚
1459 1467 1697 1550 quibus
1739 1475 2003 1529 utuntur
2038 1466 2234 1530 Judaei
2280 1467 2344 1528 in

852 1568 1299 1648 computandO,
1330 1575 1508 1639 sunt,
1544 1566 1607 1628 id
1648 1573 1764 1639 est,
1802 1572 2059 1640 restant,
2091 1575 2154 1626 et
2192 1585 2347 1626 mes-

846 1667 937 1724 sis
966 1668 1165 1734 venit,
1196 1665 1259 1727 id
1288 1672 1404 1739 est,
1439 1672 1779 1745 antequam
1811 1664 2156 1746 corporalis
2200 1683 2350 1724 usu-

848 1763 1095 1844 alisque
1143 1763 1368 1825 messis
1418 1780 1530 1824 seu
1584 1761 1841 1844 frugum
1891 1762 2183 1827 collectio
2233 1762 2349 1823 im-

2457 795 2602 837 rum
2653 777 2876 858 primae
2923 775 3170 849 messis,
3224 773 3520 836 videlicet
3563 772 3642 833 de
3690 766 3950 851 praemio

2458 876 2786 939 doctorum
2823 884 2886 938 et
2930 874 3432 957 praedicatorunr.
3467 873 3554 932 Ec
3591 870 3711 950 qm·
3745 868 3948 933 metit,

2458 973 2578 1037 hoc
2615 981 2731 1048 est,
2764 972 2928 1036 falce
2965 992 3081 1036 seu
3112 970 3306 1036 verbo
3344 966 3806 1053 praedicationis
3843 965 3953 1027 ho—

2458 1075 2663 1134 mines
2703 1073 2780 1134 ad
2819 1071 3016 1135 fidem
3055 1071 3452 1153 gratiamque
3491 1066 3756 1138 inducit,
3790 1085 3952 1124 mer-

2457 1174 2668 1232 cedem
2715 1172 2978 1250 accipit‚
3024 1178 3242 1252 utpote
3286 1168 3554 1249 gloriam
3603 1164 3780 1245 regni
3829 1181 3952 1224 coe-

2458 1269 2656 1344 lestiS‚
2694 1269 3025 1352 praemium
3064 1267 3422 1342 essentiale,
3455 1265 3626 1346 quod
3665 1269 3761 1325 est
3791 1261 3950 1324 visio

2460 1366 2594 1442 Dei,
2623 1375 2816 1449 atque
2850 1367 3172 1430 aureolam
3211 1385 3358 1449 quae
3395 1361 3800 1446 martyribu3‚
3836 1359 3952 1422 vir-

2457 1466 2716 1546 ginibus
2773 1472 2836 1528 et
2893 1465 3258 1529 doctoribus
3318 1471 3416 1525 est
3473 1460 3834 1545 promissa;
3890 1467 3951 1516 ec

2457 1575 2798 1641 conyreqac
2823 1567 3140 1644 fructum,
3174 1563 3294 1625 hoc
3333 1567 3429 1624 est
3467 1557 3830 1641 spirituales
3871 1555 3953 1617 fi-

2458 1661 2575 1726 lios
2617 1681 2730 1724 sua
2771 1663 3216 1745 praedicatione
3253 1677 3610 1732 converS0S‚
3643 1660 3717 1718 in
3749 1659 3948 1718 vitam

2455 1770 2782 1832 aeternam,
2804 1761 2956 1842 quia
2985 1762 3061 1823 ad
3093 1779 3229 1822 eam
3264 1759 3543 1821 finaliter
3572 1754 3788 1836 dirigit
3817 1771 3947 1816 eoS.

850 1861 1139 1942 pleatur2
1180 1864 1341 1923 Ecce
1386 1863 1531 1922 dieo
1574 1864 1746 1921 vobis
1786 1879 1809 1922 .·
1852 1865 2087 1922 Levate
2134 1864 2348 1922 oculos
2384 1859 2430 1920 B
2457 1859 2590 1934 Vel,
2623 1859 2969 1941 Congregat
3011 1858 3312 1933 fructum,
3357 1857 3476 1920 hoc
3512 1861 3608 1919 est
3649 1852 3950 1916 meritum

850 1968 1104 2030 vestro-5,
1132 1968 1192 2019 et
1230 1961 1439 2019 videte
1474 1960 1780 2036 regione&
1811 1961 1969 2038 quia
1993 1961 2147 2036 jam
2186 1961 2348 2020 albae

848 2067 1001 2118 sunt
1037 2060 1126 2118 ad
1166 2077 1443 2118 messem.
1486 2055 1549 2118 Si
1598 2056 1807 2118 adhuc
1854 2065 2129 2138 quatuor
2172 2074 2350 2118 men-

850 2171 950 2216 ses
982 2154 1300 2217 restabant
1328 2156 1407 2216 ad
1436 2173 1729 2228 messem,
1765 2155 1971 2236 palam
2004 2157 2177 2237 quod
2209 2174 2349 2220 ver-

848 2250 933 2313 ba
988 2253 1108 2315 ista
1161 2272 1288 2317 non
1348 2253 1593 2336 possint
1642 2254 1720 2316 de
1770 2254 2082 2336 corporali
2140 2273 2347 2318 messe

850 2351 1141 2432 intelligi.
1177 2351 1286 2413 Est
1323 2352 1518 2433 igitur
1556 2370 1780 2418 sensus
1815 2370 1827 2414 :
1859 2352 2089 2416 Levate
2126 2354 2346 2417 oculos

850 2457 1090 2514 vestros
1148 2451 1474 2523 mentaleS,
1529 2451 1591 2513 id
1648 2459 1764 2526 est,
1817 2453 2007 2515 corda
2062 2453 2349 2517 conside-

848 2549 1046 2611 rando
1092 2549 1336 2629 erigite,
1388 2556 1450 2611 et
1498 2549 1705 2612 videte
1756 2550 2066 2630 regioneS,
2111 2551 2176 2613 id
2225 2559 2342 2626 est,

847 2644 1230 2710 habitatores
1269 2654 1451 2708 terrae
1500 2646 1786 2710 interiori
1828 2647 1970 2710 visu
2012 2649 2382 2730 adspicite,-

846 2744 999 2824 quia
1044 2743 1175 2824 jam
1222 2743 1385 2806 albae
1432 2751 1579 2805 sunt
1634 2743 1712 2805 ad
1763 2762 2057 2820 messem,
2113 2747 2177 2809 id
2225 2755 2343 2821 est,

848 2846 1101 2923 tempus
1150 2848 1245 2902 est
1295 2849 1367 2903 ut
1420 2851 1881 2922 congregentur
1931 2842 1994 2904 in
2045 2843 2346 2906 horreum

850 2957 1087 3013 meum,
1138 2946 1201 3000 et
1248 2940 1677 3021 perducantur
1722 2941 1803 3002 ad
1853 2939 2046 3002 fidem
2105 2959 2119 3004 ε
2175 2961 2346 3004 nunc

2457 1959 2786 2039 copiosum
2845 1959 3212 2040 pertingens
3267 1956 3330 2018 in
3381 1956 3576 2020 vitam
3623 1961 3946 2024 aeternam,

2455 2075 2600 2139 quae
2637 2065 2732 2119 est
2763 2056 2914 2118 finis
2952 2064 3014 2118 et
3043 2055 3401 2138 praemium.
3435 2053 3734 2116 Omnium
3762 2050 3954 2133 quip-

2456 2173 2538 2236 pe
2580 2156 2940 2217 divinarum
2984 2154 3447 2237 perfectionum
3489 2151 3820 2224 altissima,
3854 2156 3954 2210 est

2455 2254 2563 2315 Dei
2603 2262 3074 2336 cooperatorem
3122 2253 3427 2315 exsistere
3467 2253 3532 2313 in
3584 2250 3952 2313 reductione

2455 2351 2789 2414 hominum
2828 2353 2905 2414 ad
2947 2371 3134 2416 suum
3186 2350 3576 2434 principium
3623 2348 3952 2430 finemque

2457 2451 2779 2526 ultimum,
2825 2452 3172 2514 secundum
3226 2450 3618 2532 Dionysium.
3661 2448 3748 2510 De
3794 2465 3956 2528 quo-

2457 2568 2598 2610 rum
2631 2550 2892 2631 praemio
2923 2549 3233 2631 scriptum
3263 2555 3359 2611 est
3388 2549 3456 2610 in
3495 2546 3751 2610 Daniele
3784 2564 3799 2607 :
3832 2543 3950 2618 Qui
3987 2558 4226 2606 camma.

2454 2648 2689 2710 multos
2747 2648 3050 2711 erudiunt
3104 2648 3182 2709 ad
3227 2646 3561 2728 justitiam,
3613 2643 3958 2725 fulgebunt

2455 2747 2638 2826 quasi
2687 2745 2886 2808 stellae
2925 2746 2989 2807 in
3041 2753 3378 2828 perpetuas
3425 2745 3828 2809 aeternitates.
3873 2744 3956 2803 Ut

2454 2853 2516 2904 ec
2555 2847 2673 2924 qui
2705 2847 3003 2917 seminat,
3051 2844 3113 2906 id
3161 2850 3259 2906 est
3305 2843 3536 2906 chorus
3585 2850 3954 2905 sanctorum

2457 2940 2957 3005 patriarcharum
3017 2951 3080 3004 et
3126 2950 3412 3006 veterum
3471 2941 3950 3023 Prophetarum,

850 3036 1021 3098 enim
1073 3037 1245 3098 venit
1300 3044 1555 3119 tempus
1616 3038 2041 3101 miserationis
2090 3047 2154 3101 et
2207 3059 2348 3121 gra·
2384 3043 2428 3107 C
2456 3040 2568 3121 qui
2619 3040 2827 3122 primo
2875 3047 3206 3123 coeperunt
3245 3038 3513 3102 verbum
3553 3038 3661 3101 Dei
3712 3038 3776 3100 in
3816 3055 3958 3099 cor-

850 3133 974 3196 tiae.
1036 3133 1241 3198 Potest
1295 3142 1506 3197 autem
1568 3136 1926 3218 specialiter
1988 3137 2210 3200 referri
2269 3139 2346 3201 ad

849 3232 1270 3296 Samaritanos
1334 3233 1580 3296 Christo
1645 3235 2170 3317 propinquantes,
2233 3236 2344 3318 qui

850 3332 1138 3414 dispositi
1170 3339 1350 3394 erant
1378 3334 1456 3395 ad
1490 3331 1643 3395 fidei
1678 3335 2126 3416 receptionem.
2162 3334 2344 3408 Quasi

846 3431 1017 3493 dicat
1053 3429 1335 3494 Salvator
1369 3449 1382 3493 :
1417 3430 1569 3493 lstos
1603 3430 2024 3496 Samaritanos
2064 3441 2348 3497 cunctos·

847 3546 975 3610 que
1014 3536 1373 3611 peccatores
1413 3529 1597 3592 oculo
1637 3531 2094 3612 compassionis
2138 3532 2350 3613 adspi-

848 3627 992 3701 cite,
1026 3633 1089 3689 et
1117 3627 1315 3708 magis
1346 3635 1561 3689 curate
1592 3635 1659 3690 ut
1689 3646 1909 3691 eorum
1942 3630 2344 3694 conversioni

848 3744 1041 3806 quam
1082 3725 1391 3807 corporali
1436 3726 1809 3789 comestioni
1856 3727 2204 3789 intendam.

927 3823 1167 3885 Dicitur
1205 3842 1354 3887 vero
1393 3824 1680 3888 collectio
1724 3825 2058 3888 hominum
2102 3827 2346 3904 messiS‚

850 3939 963 4003 per
1009 3921 1518 3984 similitudinem.
1570 3923 2113 3996 Quemadmodum
2171 3926 2346 3987 enim

848 4019 914 4080 in
955 4037 1161 4081 messe
1198 4021 1585 4101 colliguntur
1614 4021 1861 4084 fructus
1896 4031 2075 4086 terrae
2102 4024 2167 4084 in
2211 4041 2348 4085 are-

848 4136 973 4190 am,
1008 4119 1100 4180 sic
1142 4118 1325 4180 electi
1366 4129 1826 4202 congregantur
1869 4121 2033 4183 intra
2077 4121 2349 4184 Ecclesi-

2457 3139 2644 3199 dibus
2697 3138 3032 3200 hominum
3089 3137 3424 3210 seminare,
3477 3143 3668 3217 atque
3717 3135 3958 3217 princi-

2459 3237 2562 3318 pia
2618 3236 2772 3298 fidei
2830 3237 3097 3299 tradere.
3161 3235 3228 3297 ln
3284 3234 3572 3316 qualibet
3625 3234 3796 3296 enim
3861 3232 3958 3294 fa-

2457 3335 2690 3397 cultate
2737 3335 3027 3409 seminat,
3068 3334 3180 3416 qui
3221 3335 3328 3396 dat
3365 3334 3570 3416 prima
3607 3332 3950 3414 principia,

2457 3434 2809 3496 secundum
2857 3433 3214 3514 Origenem.
3258 3435 3481 3494 Simul
3524 3434 3836 3509 qaudeat,
3884 3431 3954 3492 id

2456 3539 2572 3605 est,
2607 3550 2753 3593 cum
2793 3531 3011 3594 electis
3051 3538 3114 3592 et
3139 3550 3177 3592 a
3215 3547 3282 3592 se
3321 3529 3642 3593 conversis
3681 3529 3746 3590 in
3788 3528 3956 3592 coelo

2457 3629 2724 3704 laetetur,
2757 3639 2816 3691 et
2854 3631 2970 3710 qui
3007 3631 3207 3700 metit,
3253 3629 3318 3690 id
3365 3636 3480 3700 est,
3516 3628 3749 3691 chorus
3787 3627 3958 3709 Apo-

2455 3728 2763 3791 stolorum
2811 3736 2873 3789 et
2930 3727 3436 3808 praedicatorum,
3487 3726 3599 3807 qui
3658 3725 3954 3788 homines

2455 3826 2530 3886 ad
2575 3826 2771 3888 sidem
2823 3825 3184 3908 dispositOS,
3227 3843 3306 3886 ex
3355 3824 3641 3888 doctrina
3685 3823 3957 3885 Patriar-

2456 3922 2720 3986 charum
2760 3941 2834 3984 ac
2875 3921 3328 4004 Prophetarum
3369 3923 3448 3983 ad
3493 3920 3692 3983 sidem
3739 3921 3956 3983 catho—

2455 4023 2642 4084 licam
2681 4031 2744 4083 et
2781 4021 3010 4084 Christi
3062 4021 3328 4102 gratiam
3369 4015 3502 4082 suis
3545 4018 3953 4082 sermonibus

2457 4121 2911 4203 perduxerunt,
2937 4119 3126 4181 etiam
3156 4137 3302 4181 cum
3331 4117 3705 4180 Patriarchis
3735 4117 3802 4179 in
3833 4135 3957 4180 coe-

848 4233 973 4276 am.
1009 4215 1271 4298 lnsuper
1304 4218 1783 4292 advertendum,
1818 4219 1988 4300 quod
2021 4218 2349 4300 Scriptura
2381 4227 2428 4288 D
2459 4221 2519 4283 lo
2562 4220 2901 4283 exsultent.

848 4311 1131 4394 loquitur
1170 4315 1247 4376 de
1285 4316 1525 4397 duplici
1566 4335 1772 4378 messe
1812 4317 2127 4398 spirituali
2166 4337 2178 4380 :
2213 4317 2346 4380 Una

848 4430 975 4492 qua
1039 4411 1327 4476 homines
1398 4414 1815 4495 spiritualiter
1882 4425 2345 4496 congregantur

851 4527 963 4591 per
993 4509 1019 4570 l'
1024 4509 1187 4571 idem
1220 4518 1283 4572 et
1308 4512 1574 4592 gratiam
1606 4512 1771 4574 intra
1799 4511 2147 4575 Ecclesiam
2177 4514 2345 4576 mili-

576 4623 817 4676 Maumx,
848 4616 1107 4670 tantem.
1160 4609 1333 4670 Unde
1381 4609 1447 4672 in
1500 4609 1783 4674 Matthaeo
1839 4611 2110 4673 habetur
2163 4630 2176 4674 :
2229 4611 2346 4676 Ro-

845 4715 985 4787 gate
1024 4706 1358 4770 Dominum
1400 4709 1627 4770 messis
1669 4716 1737 4770 ut
1776 4709 1984 4771 mittat
2020 4711 2343 4792 operarios

848 4805 913 4866 in
947 4822 1217 4867 messem
1256 4825 1458 4868 suam.
1492 4806 1631 4868 Alia
1664 4813 1761 4868 est
1799 4808 2023 4870 messis
2054 4828 2182 4890 qua
2220 4810 2346 4872 ele-

848 4903 930 4966 cti
982 4902 1367 4984 colliguntur
1419 4923 1534 4986 per
1578 4904 1919 4985 gloriosam
1980 4909 2348 4970 resurrecti-

848 5019 1036 5064 onem
1096 5001 1263 5064 intra
1320 5002 1661 5065 Ecclesiam
1720 5004 2224 5086 triumphantem
2275 5025 2347 5069 ac

851 5100 1117 5181 patriam
1154 5119 1167 5162 ε
1203 5102 1280 5163 de
1319 5120 1447 5182 qua
1482 5102 1572 5163 ait
1610 5102 1895 5164 Christus
1936 5103 2001 5165 in
2039 5103 2341 5176 Matthaeo,

594 5214 716 5260 [ωσι.
735 5229 822 5268 xm,
849 5197 1150 5262 Messores
1180 5208 1329 5261 sunt
1358 5200 1586 5280 angeli,
1620 5201 1845 5263 messis
1877 5219 2027 5265 vero
2056 5221 2348 5266 consum-

558 5279 627 5321 29.

853 5296 1043 5359 matio
1086 5297 1336 5358 mundi.

2539 4323 2623 4380 In
2657 4320 2772 4378 hoc
2806 4321 3009 4384 enim,
3049 4316 3169 4380 hoc
3207 4323 3304 4378 est
3345 4317 3409 4379 in
3453 4314 3620 4380 sacto
3662 4317 3780 4380 isto
3819 4316 3954 4398 spi-

2462 4417 2706 4479 ritualis
2767 4416 3012 4489 messis,
3062 4425 3152 4476 est
3211 4417 3472 4476 verbum
3529 4435 3778 4486 veru-m,
3829 4415 3952 4478 hoe

2459 4523 2578 4588 est,
2614 4512 2982 4576 verificatur
3015 4521 3077 4574 et
3115 4511 3324 4575 locum
3360 4512 3550 4575 habet
3588 4511 3746 4575 illud
3786 4531 3954 4575 com-

2459 4630 2654 4674 mune
2703 4609 3111 4693 proverbium
3161 4628 3291 4690 quo
3343 4609 3682 4672 utebantur
3725 4609 3950 4684 Judaei,

2459 4711 2727 4773 dicendo
2778 4728 2791 4771 :
2845 4711 3027 4788 quia,
3081 4709 3198 4771 hoc
3245 4717 3342 4770 est
3396 4710 3591 4790 quod,
3643 4711 3816 4770 alius
3863 4718 3956 4770 est

2458 4811 2576 4887 qui
2601 4810 2894 4872 seminat,
2915 4815 2976 4866 et
3003 4811 3178 4868 alius
3203 4817 3294 4868 est
3321 4809 3440 4887 qui
3469 4809 3667 4868 metit.
3693 4806 3820 4870 Hoc
3857 4807 3956 4869 di-

2457 4907 2685 4970 cebant
2727 4907 2804 4968 de
2851 4923 3056 4967 messe
3105 4904 3439 4987 corporali,
3485 4907 3740 4987 quando
3786 4906 3953 4967 alius

2455 5005 2813 5079 seminavit,
2837 5006 2948 5067 sed
2975 5005 3138 5066 alius
3167 5003 3449 5067 fructum
3479 5004 3754 5085 collegit.
3777 5003 3952 5076 Quod

2455 5114 2519 5167 et
2555 5105 2619 5166 in
2657 5103 2973 5185 spIrituali
3013 5121 3218 5165 messe
3256 5103 3574 5166 interdum
3615 5102 3948 5184 contingit,

2458 5211 2526 5264 ut
2566 5203 2806 5264 dictum
2847 5207 2962 5263 est.
2986 5200 3120 5264 Non
3161 5209 3371 5263 tamen
3410 5218 3663 5283 semper
3704 5200 3784 5263 fit
3823 5203 3948 5264 ita:

2457 5301 2608 5374 imo,
2651 5300 2816 5362 sicut
2855 5299 2918 5362 in
2965 5299 3275 5382 corporali
3319 5316 3524 5362 messe
3564 5317 3732 5381 saepe
3778 5299 3946 5361 idem

4083 4293 4265 4385 3-1Ξ
