4300 6259
86 4934 317 4989 Lemanis.

1165 512 1514 560 mannum
1556 511 1621 557 m
1662 509 1800 557 car.
1848 510 1890 555 x
1930 508 2118 557 tucn.
2164 529 2245 541 -
2286 510 2429 558 Ant.
2473 512 2645 559 xxvn
3374 484 3450 557 17

339 681 613 759 viribuS,
649 692 746 745 est
783 702 1041 748 omnem
1081 684 1460 747 exteriorem
1498 692 1710 746 actum
1745 683 1852 744 ha·
1881 680 1931 741 A
1961 690 2130 757 sunt,
2164 683 2317 765 quia
2354 700 2473 745 nec
2507 682 2725 764 gratiae
2763 702 2881 746 nec
2916 683 3136 764 gloriae
3172 689 3321 745 sunt
3360 702 3459 746 ca-

337 778 492 841 bere
535 782 1093 864 promptissimum
1133 784 1372 864 jugiter
1399 783 1476 845 ad
1507 781 1615 843 Dei
1655 781 1853 844 hono-

337 896 472 940 rem
507 888 572 942 et
604 881 850 943 cultum
889 890 1082 963 atque
1123 882 1467 964 imperium
1506 898 1518 943 :
1553 881 1723 961 quod
1760 887 1853 942 to-

333 984 474 1039 tum
529 997 659 1042 non
710 979 837 1042 nisi
885 980 952 1041 in
995 980 1200 1063 patria
1238 980 1407 1043 valet
1455 978 1746 1060 impleri;
1788 984 1850 1039 et

335 1074 742 1157 implebitur,
779 1098 904 1142 non
937 1078 1144 1142 solum
1176 1078 1420 1158 absque
1450 1075 1849 1149 difficultate,

334 1174 468 1239 imo
519 1182 584 1237 et
623 1195 771 1239 cum
814 1176 1131 1239 indicibili
1171 1175 1592 1257 jucunditate.
1625 1174 1692 1236 ln
1744 1193 1851 1256 pa-

335 1272 459 1335 tria
509 1290 663 1355 ergo
710 1274 1019 1356 impletur
1058 1281 1450 1358 praeceptum
1502 1273 1670 1334 istud
1711 1290 1851 1354 per-

335 1370 526 1445 fecte,
560 1372 629 1434 in
663 1373 767 1436 via
796 1372 1195 1456 imperfecte.
1229 1409 1310 1418 —
1337 1370 1626 1435 Secundo
1660 1388 1852 1452 expo—

337 1472 518 1533 nitur
555 1470 679 1534 hoc
725 1480 1114 1553 praeceptum
1158 1478 1471 1553 quantum
1514 1469 1590 1531 ad
1636 1476 1848 1530 actum

339 1571 946 1651 supererogationis,
980 1576 1051 1632 ut
1078 1570 1172 1632 sic
1205 1570 1365 1632 Deus
1396 1568 1694 1650 diligatur
1722 1574 1850 1631 toto

341 1669 556 1743 corde,
609 1675 868 1751 totaque
912 1676 1150 1744 mente,
1193 1675 1341 1743 etc.,
1385 1675 1699 1748 quatenus
1739 1664 1846 1727 Dei

341 1766 582 1829 intuitu
633 1773 698 1829 et
747 1784 966 1830 amore
1016 1767 1233 1830 omnia
1284 1767 1656 1828 deserantur
1703 1783 1848 1846 quae

1961 799 2171 861 paces.
2207 781 2472 844 Omnem
2522 783 2717 863 igitur
2755 782 3081 846 hominem
3127 781 3455 855 viatorem,

1959 880 2433 960 quantumlibet
2462 882 2924 956 adversantem,
2948 898 3025 943 ex
3055 881 3313 943 caritate
3343 880 3463 942 sic-

1962 984 2031 1038 ut
2071 996 2185 1041 nos
2229 978 2401 1060 ipsos
2442 979 2705 1060 diligere
2746 979 3126 1060 obligamur.
3162 978 3323 1041 Dicit
3352 998 3464 1040 au—

1961 1083 2087 1137 tem
2136 1076 2405 1139 Basilius
2458 1096 2472 1140 :
2525 1078 2676 1151 Quis
2726 1098 2851 1142 non
2907 1078 3105 1153 novit,
3156 1079 3462 1159 quoniam

1962 1183 2364 1237 mansuetum
2430 1184 2493 1238 et
2549 1177 3163 1241 communicativum
3226 1176 3461 1238 animal

1961 1280 2056 1336 est
2085 1274 2299 1349 homo,
2335 1293 2461 1338 non
2503 1275 2855 1338 solitarium
2891 1283 2953 1337 et
2992 1276 3328 1339 silvestre?
3358 1273 3465 1336 Ni-

1963 1371 2054 1433 hil
2085 1372 2257 1435 enim
2290 1378 2417 1434 tam
2450 1374 2780 1455 proprium
2813 1381 2909 1436 est
2937 1382 3167 1437 nostrae
3196 1380 3458 1448 naturae,

1963 1470 2129 1532 sicut
2168 1471 2243 1532 ad
2284 1470 2561 1534 invicem
2600 1472 3095 1547 communicare,
3138 1479 3201 1534 et
3238 1479 3463 1535 mutuo

1963 1568 2270 1649 indigere,
2317 1576 2380 1631 et
2424 1577 2759 1651 cognatum
2802 1589 3035 1632 amare.

2027 1667 2305 1740 Quorum
2337 1687 2485 1750 ergo
2517 1670 2911 1751 praeveniens
2941 1669 3243 1733 Dominus
3274 1669 3459 1732 nobis

1958 1767 2219 1829 tradidit
2275 1768 2539 1842 semina,
2591 1769 2820 1831 horum
2882 1775 3343 1849 consequenter
3396 1776 3459 1830 et

338 1866 760 1941 voluntatem,
805 1865 1224 1939 intellectum,
1266 1866 1567 1939 animam,
1601 1872 1665 1926 et
1701 1880 1850 1944 ope-
1885 1867 1930 1928 B
1961 1863 2207 1927 fructus
2248 1866 2539 1947 requirit.
2573 1868 2889 1947 Dim-itque
2926 1868 3059 1937 illi,
3089 1866 3332 1929 scilicet
3370 1866 3458 1928 le—

341 1963 654 2026 rationem
687 1982 798 2025 seu
825 1964 1016 2041 vireS,
1041 1962 1355 2045 impedire
1385 1962 1592 2025 solent
1621 1968 1682 2023 et
1713 1979 1849 2043 pos·

339 2070 487 2124 sunt
514 2081 553 2124 a
583 2062 692 2124 Dei
722 2081 934 2126 amore
964 2071 1029 2125 et
1059 2060 1590 2143 contemplatione
1619 2060 1685 2121 in
1718 2059 1849 2122 vita

341 2161 664 2242 praesenti,
718 2168 790 2223 ut
843 2168 995 2224 sunt
1051 2160 1309 2234 divitiae,
1371 2166 1684 2241 parenteS,
1745 2176 1849 2219 co-

338 2259 536 2339 gnati,
571 2258 808 2341 proleS,
842 2259 1267 2339 voluntasque
1298 2257 1558 2339 propria
1584 2274 1598 2317 ε
1629 2255 1848 2336 sicque

342 2364 736 2439 praeceptum
786 2358 957 2419 istud
998 2356 1276 2419 caritatis
1315 2355 1586 2437 implere
1627 2356 1704 2416 ad
1754 2371 1850 2415 re-

342 2456 600 2537 ligiosos
662 2456 1062 2537 dignoscitur
1116 2455 1458 2537 pertinere.
1515 2490 1596 2499 —
1641 2452 1850 2515 Tertio

341 2556 686 2637 exponitur
743 2562 1058 2636 quantum
1117 2555 1195 2616 ad
1247 2560 1458 2616 actum
1517 2554 1853 2614 necessita-

341 2656 443 2729 tis,
487 2663 559 2716 ut
601 2653 696 2716 sic
735 2655 945 2729 corde,
990 2660 1224 2726 mente,
1263 2652 1496 2724 anima,
1535 2650 1852 2714 fortitudi-

341 2771 442 2827 ne,
485 2752 688 2815 Deum
735 2770 1047 2825 amemuS,
1101 2757 1416 2832 quatenus
1467 2749 1556 2810 nil
1607 2748 1850 2812 caritati

341 2851 577 2914 divinae
639 2850 1031 2913 contrarium
1091 2866 1434 2931 operemur
1493 2855 1603 2910 aut
1660 2866 1855 2929 appe-

342 2958 573 3012 tamus,

1957 1963 2265 2045 gisperito
2308 1964 2613 2027 Dominus
2649 1963 2827 2027 Jesus
2862 1983 2876 2027 τ
2909 1968 3097 2027 Recte
3130 1968 3459 2043 respondi-

1957 2063 2068 2133 sti,
2098 2061 2252 2143 quia
2280 2062 2589 2126 veraciter
2618 2063 2929 2145 scriptum
2967 2069 3062 2125 est
3099 2064 3269 2145 quod
3310 2064 3464 2125 scri-

1963 2168 2144 2242 ptum
2195 2159 2449 2241 allegas.
2502 2165 2639 2223 Hoc
2682 2163 2814 2239 fac,
2868 2161 2933 2223 id
2986 2168 3100 2237 est,
3154 2162 3289 2224 haec
3338 2163 3464 2225 duo

1962 2259 2239 2321 caritatis
2294 2269 2609 2341 praecepta
2654 2260 2956 2341 adimple,
3008 2269 3068 2320 ec
3116 2262 3290 2321 vives
3338 2261 3467 2324 vita

1960 2357 2178 2438 gratiae
2218 2358 2282 2419 in
2323 2358 2571 2433 exsilio,
2614 2366 2677 2420 et
2718 2358 2845 2421 vita
2881 2358 3101 2439 gloriae
3142 2360 3204 2421 in
3247 2377 3462 2440 regno.

1963 2458 2195 2541 Sicque
2245 2461 2450 2523 soluta
2492 2468 2588 2522 est
2625 2460 2893 2541 quaestio
2939 2480 3068 2542 qua
3114 2461 3461 2543 quaerebat,

1961 2556 2119 2629 Quid
2170 2556 2461 2620 faciendo
2501 2557 2695 2620 vitam
2741 2566 3038 2621 aeternam
3082 2559 3463 2641 possidebo?

1964 2654 2050 2717 Ex
2100 2675 2229 2737 qua
2269 2656 2499 2719 Christi
2550 2656 2961 2738 responsione
3010 2658 3285 2720 ostendit
3332 2657 3466 2721 Ori-

1959 2770 2153 2833 genes
2204 2754 2562 2816 haereticam
2614 2754 2986 2835 pravitatem
3036 2754 3349 2818 Valentini
3400 2763 3463 2818 et

1959 2850 2291 2915 Marcionis
2335 2860 2526 2934 atque
2566 2850 2876 2914 Basilidis.

2039 2954 2163 3013 Ille
2201 2961 2419 3012 autem
2463 2954 2678 3012 volens
2703 2952 3080 3031 justificare
3113 2973 3177 3013 se.
3219 2953 3457 3029 ipsum,

421 3052 508 3111 Et
537 3048 931 3125 proximum
973 3056 1158 3107 cuum
1199 3047 1368 3106 sieut
1413 3054 1467 3106 te
1513 3046 1752 3122 ipsum,
1786 3043 1850 3107 id
1889 3044 1932 3108 C
1962 3049 2026 3111 id
2057 3057 2154 3111 est
2180 3048 2423 3129 justum
2456 3056 2829 3125 monstrare,
2863 3058 2925 3112 et
2960 3069 3137 3112 suam
3178 3050 3464 3112 eminen-

343 3152 436 3209 est
475 3164 652 3221 vere,
694 3145 1004 3219 ordinate,
1037 3163 1111 3206 ac
1151 3142 1588 3226 spiritualiter,
1632 3150 1853 3224 optan-

1963 3148 2115 3209 tiam
2153 3154 2490 3223 ostentare,
2534 3166 2735 3228 quum
2775 3155 2986 3209 tamen
3035 3148 3101 3209 in
3153 3148 3461 3211 Ecclesia-

3588 1881 3660 1936 28

3582 2972 3655 3028 29

343 3246 422 3308 do
451 3245 511 3307 ei
541 3245 715 3308 bona
741 3242 958 3324 gratiae
989 3243 1057 3304 in
1087 3242 1408 3324 praesenti‚
1443 3248 1507 3303 et
1534 3241 1696 3303 dona
1723 3240 1852 3321 glo·
1963 3247 2122 3310 stico
2164 3245 2473 3327 scriptum
2513 3246 2596 3307 sit
2629 3264 2643 3308 ε
2676 3245 2812 3309 Non
2854 3253 2917 3308 te
2958 3245 3273 3327 justifices
3315 3256 3461 3310 ante
3487 3265 3747 3319 Ecccsvms.

343 3344 452 3407 riae
480 3344 550 3405 in
581 3343 840 3419 futur03
873 3342 1048 3415 item,
1083 3340 1261 3404 Sicut
1288 3347 1350 3402 te
1380 3339 1618 3422 ipsum,
1652 3339 1716 3402 id
1756 3345 1853 3401 est
1963 3345 2183 3407 Deum.
2216 3344 2329 3407 Job
2360 3363 2619 3425 quoque
2645 3345 2735 3406 ait
2768 3363 2781 3406 :
2816 3343 2976 3417 Quid
3016 3351 3110 3407 est
3144 3345 3354 3421 homo,
3390 3354 3461 3408 ut
3484 3364 3569 3408 ,ιοῡ
3588 3378 3656 3417 xv,
3682 3368 3747 3408 u.

343 3448 608 3525 propter
636 3440 860 3514 Deum,
895 3446 956 3501 et
993 3438 1075 3501 ob
1114 3438 1484 3501 felicitatem
1524 3445 1845 3513 aeternam,

345 3541 646 3604 videlicet
687 3539 842 3620 quia
888 3537 1052 3600 Deus
1105 3537 1430 3619 praecepit‚
1465 3544 1528 3598 et
1573 3537 1726 3618 quia
1770 3537 1850 3599 ad

343 3640 480 3720 ejus
532 3638 881 3719 imaginem
920 3635 1124 3699 factus
1165 3642 1263 3697 est
1300 3634 1629 3717 proximus
1672 3641 1845 3709 tuus,

342 3747 403 3799 et
447 3738 760 3821 quoniam
800 3736 966 3797 Deus
1014 3742 1111 3797 est
1159 3734 1367 3816 prima
1404 3752 1593 3795 eausa
1633 3751 1708 3796 ac
1747 3752 1848 3794 ra-

343 3838 430 3901 tio
458 3837 660 3901 totius
690 3833 1122 3913 amabilitatiS‚
1153 3852 1228 3895 ac
1263 3851 1440 3915 purae
1469 3830 1846 3906 dilectionis,

343 3954 546 4017 quum
589 3936 732 4017 ipse
769 3934 852 3995 sit
897 3932 1124 4015 prima,
1159 3931 1416 3995 fontalis
1466 3930 1850 4011 infinitaque

343 4034 618 4097 bonitas.
642 4033 907 4106 RursuS,
931 4030 1107 4093 Sicut
1135 4039 1198 4091 te
1227 4030 1463 4112 ipsum,
1494 4030 1557 4091 id
1588 4035 1683 4091 est
1713 4047 1850 4111 per-

341 4139 712 4196 severanter
744 4148 950 4212 usque
991 4129 1057 4190 in
1097 4127 1323 4208 finem,
1359 4135 1423 4189 et
1459 4146 1584 4191 non
1622 4129 1852 4190 conde-

1962 3443 2407 3505 immaculatus
2448 3442 2550 3516 sit,
2584 3450 2645 3504 et
2686 3442 2895 3523 justus
2934 3451 3234 3525 appareat
3275 3450 3457 3507 natus

1959 3543 2038 3603 de
2077 3540 2387 3602 muliere?
2417 3542 2572 3602 Ait*
2592 3562 2615 3600 .·
2635 3544 2721 3603 Et
2750 3542 2895 3621 quis
2924 3551 3014 3602 est
3046 3562 3219 3602 meus
3239 3543 3460 3619 proxi·
3506 3557 3752 3601 ‘’Dicitaa

1960 3641 2146 3700 mus?
2166 3638 2294 3701 Hoc
2323 3657 2545 3701 rursus
2575 3638 2887 3720 quaesivit,
2911 3645 2982 3700 ut
3010 3647 3263 3721 caperet
3291 3640 3460 3703 Chri-

1961 3744 2130 3798 stum
2182 3736 2246 3798 in
2295 3755 2409 3798 sua
2448 3736 2881 3817 responsione.
2924 3737 3211 3800 Advertit
3258 3738 3452 3814 enim,

1963 3841 2032 3896 ut
2068 3842 2353 3917 apparet,
2387 3835 2923 3915 quemadmodum
2956 3835 3239 3898 Christus
3278 3836 3459 3898 doce-

1963 3940 2059 3994 ret
2105 3933 2295 3995 etiam
2335 3932 2630 3995 inimicos
2678 3951 2817 3994 esse
2855 3933 3254 4014 diligendos:
3288 3938 3459 4015 quod

1963 4032 2082 4093 iste
2112 4031 2361 4113 putavit
2388 4049 2525 4092 esse
2556 4039 2774 4093 contra
2800 4030 3027 4114 Moysis
3058 4032 3284 4112 legem,
3309 4034 3463 4115 quia

1959 4130 2157 4192 Judaei
2187 4128 2647 4211 quamplurimi
2681 4147 2795 4211 per
2826 4130 3183 4212 proximum
3216 4149 3341 4194 non
3374 4132 3464 4194 in-

340 4232 708 4295 scendendo
757 4228 815 4291 ei
867 4229 934 4291 in
984 4228 1182 4303 vitiis,
1215 4227 1383 4289 sicut
1428 4244 1548 4289 nec
1590 4226 1706 4288 tibi
1754 4226 1850 4289 vis
1882 4231 1932 4292 D
1962 4227 2335 4308 telligebant
2383 4227 2502 4289 nisi
2542 4227 2853 4303 Judaeum,
2895 4237 2958 4291 et
2994 4236 3237 4293 ceteros
3276 4248 3467 4313 repu-

341 4328 768 4395 condescendi
819 4326 885 4390 in
935 4327 1051 4402 eis,
1105 4326 1157 4387 si
1207 4333 1420 4388 tamen
1477 4332 1536 4386 te
1585 4342 1733 4387 vere
1779 4343 1852 4387 ac

341 4428 766 4513 spiritualiter
794 4426 1030 4507 diligis.
1063 4424 1200 4488 Non
1230 4432 1443 4486 tamen
1484 4430 1732 4505 oportet
1760 4424 1853 4486 di-

342 4529 540 4610 ligere
583 4526 950 4609 proximum
990 4531 1120 4586 tam
1161 4523 1409 4585 intense
1449 4520 1616 4584 sicut
1652 4540 1719 4584 se
1757 4521 1853 4604 ip-

344 4646 514 4699 sum,
567 4631 662 4698 ut,
704 4622 902 4696 Sicut,
951 4622 1118 4685 dicat
1168 4619 1679 4695 similitudinem,
1723 4639 1850 4684 non

346 4723 800 4806 aequalitatem.
836 4720 964 4784 Hoc
1002 4726 1214 4783 autem
1257 4725 1647 4801 praeceptum
1678 4737 1853 4780 sum-

347 4832 536 4905 ptum
566 4829 662 4884 est
701 4838 779 4882 ex
807 4837 883 4883 eo
911 4820 1082 4900 quod
1123 4818 1190 4881 in
1223 4817 1504 4882 Levitico
1541 4816 1850 4898 scriptum

347 4929 467 4996 est,
500 4920 737 5001 Diliges
767 4918 1046 4981 amicum
1077 4926 1259 4980 tuum
1292 4916 1458 4979 sicut
1493 4922 1556 4977 te
1585 4916 1796 4997 ipsum
1833 4934 1847 4978 :

349 5020 462 5083 ubi
491 5018 907 5102 Septuaginta
934 5015 1338 5079 transtulisse
1366 5015 1687 5089 dicuntur,
1710 5014 1855 5077 Pro—

349 5120 596 5181 ximum
628 5124 837 5179 tuum.
870 5116 985 5177 Per
1015 5115 1380 5197 proximum
1419 5121 1630 5175 autem
1669 5112 1855 5175 intel-

351 5218 571 5299 ligitur
617 5215 828 5279 omnis
877 5214 1068 5277 homo
1114 5213 1331 5294 gratiae
1377 5220 1440 5274 et
1486 5212 1703 5292 gloriae
1750 5231 1852 5274 ca-

351 5336 490 5399 pax.
515 5314 806 5377 Damnati
837 5331 1008 5388 vero,
1041 5330 1120 5375 ex
1151 5312 1408 5375 caritate
1435 5310 1693 5374 amandi
1725 5330 1851 5375 non

601 5448 669 5499 T.
702 5448 784 5499 12.

1961 4326 2180 4388 tabant
2220 4326 2483 4389 alienos.
2521 4325 2677 4388 Hinc
2717 4326 3146 4408 interrogavit,
3180 4328 3329 4401 Quis
3370 4337 3466 4392 est

1961 4442 2141 4487 meus
2204 4424 2588 4506 proximus?
2638 4431 2708 4485 ut
2764 4425 2817 4486 si
2867 4424 3151 4488 Christus
3200 4428 3459 4504 diceret,

1960 4521 2239 4595 Quilibet
2296 4522 2485 4585 homo
2546 4522 2690 4585 vitae
2751 4524 3104 4604 praesentiS,
3168 4526 3464 4606 probaret

1961 4638 2108 4683 eum
2158 4620 2315 4701 legis
2365 4620 2796 4682 adversarium
2832 4640 2847 4701 3
2898 4622 2949 4683 si
3001 4640 3152 4685 vero
3200 4624 3457 4701 diceret,

1961 4718 2360 4799 Quicumque
2406 4717 2679 4793 Judaeus,
2732 4718 3028 4800 probaret
3074 4738 3141 4781 se
3188 4720 3456 4802 justum,

1962 4817 2253 4891 dicendo,
2278 4815 2541 4879 Omnem
2571 4835 2715 4880 amo
2740 4817 3047 4880 Judaeum.
3081 4817 3222 4895 Sed,
3259 4828 3328 4882 ut
3355 4819 3461 4883 Sa-

3481 3621 3632 3665 Iesum

1961 4916 2176 4980 lomon
2227 4915 2531 4997 loquitur,
2566 4914 2821 4977 Frustra
2864 4915 3096 4999 jacitur
3133 4926 3265 4980 rete
3312 4926 3459 4981 ante
3482 4943 3747 4996 Pm.=‚17.

1963 5015 2181 5079 oculos
2231 5022 2675 5096 pennatorum.
2710 5012 2885 5076 Unde
2928 5022 2989 5076 et
3027 5013 3313 5079 Christus
3363 5036 3460 5079 sa-

1966 5113 2403 5196 pientissimus
2435 5112 2527 5174 sic
2556 5114 2915 5194 respondet,
2934 5115 3105 5195 quod
3135 5115 3461 5179 insidiato—

1965 5230 2098 5275 rem
2134 5212 2393 5294 propria
2421 5230 2641 5273 rursus
2674 5212 3085 5294 responsione
3113 5215 3455 5290 concludit,

1965 5329 2329 5393 proponens
2374 5309 2758 5392 parabolam.
