4300 6259
519 1636 784 1687 lucaman.

807 451 887 515 30

1623 466 1971 513 mannum
2013 465 2076 511 m
2119 464 2259 511 cAP.
2304 464 2371 510 xl
2412 463 2599 511 anffl.
2648 484 2727 494 —
2768 465 2911 510 Am.
2958 464 3107 510 xx1x

889 640 975 699 Et
1014 659 1094 699 ne
1129 658 1242 699 nos
1281 638 1554 699 inducas
1593 640 1668 697 in
1714 638 2153 704 tentationem,
2188 636 2307 697 hoc
2337 634 2384 695 A
2414 645 2623 695 strum
2666 637 2917 695 habebit
2959 636 3263 703 amicum,
3303 645 3363 695 et
3402 636 3523 695 ibit
3564 638 3654 695 ad
3691 636 3911 704 illum,

809 743 926 815 est,
962 755 1087 797 non
1129 754 1242 797 nos
1278 735 1604 816 permittas
1635 735 1714 795 ab
1745 734 2035 797 hostibus
2077 741 2308 795 nostrae

809 834 1030 895 salutis
1071 852 1264 914 supra
1305 832 1470 895 vires
1515 833 1765 908 tentari,
1801 833 1864 894 id
1907 841 2002 893 est
2043 832 2120 893 ad
2161 850 2309 894 con-

809 950 1066 993 sensum
1116 931 1412 993 illicitum
1461 931 1646 1005 trahi,
1698 928 2156 993 tentationibus
2206 948 2310 991 su-

812 1029 1041 1112 perari,
1076 1030 1186 1091 sed
1230 1030 1307 1092 da
1342 1030 1608 1110 gratiam
1659 1028 1993 1091 resistendi
2033 1046 2106 1089 ac
2149 1046 2309 1109 prae—

812 1127 1076 1190 valendi.
1094 1127 1334 1189 Dicitur
1361 1136 1572 1189 autem
1605 1127 1767 1188 Deus
1799 1127 1864 1188 in
1895 1126 2306 1189 tentationem

811 1226 1132 1301 inducere,
1167 1226 1318 1307 quia
1354 1224 1434 1288 ab
1469 1226 1848 1288 adversariis
1889 1244 2004 1288 nos
2045 1224 2309 1306 permit-

811 1326 886 1386 tit
930 1325 1180 1387 tentari.
1215 1324 1536 1387 Interdum
1585 1331 1796 1386 autem
1842 1332 1904 1385 et
1945 1323 2108 1385 Deus
2153 1323 2308 1385 dici-

810 1430 916 1485 tur
970 1430 1232 1493 tentare,
1286 1440 1410 1483 non
1463 1422 1684 1503 utique
1735 1422 2078 1484 tentatione
2128 1422 2308 1483 dece-

815 1520 1018 1602 ptoria
1073 1539 1145 1583 ac
1201 1519 1436 1595 fallaci,
1488 1539 1691 1601 quum
1736 1520 2004 1583 Jacobus
2063 1520 2233 1582 dicat
2289 1537 2303 1582 ε

813 1618 1007 1681 Nemo
1064 1637 1266 1700 quum
1325 1624 1621 1692 tentatur,
1674 1618 1840 1680 dicat
1896 1618 2049 1699 quia
2095 1637 2133 1679 a
2186 1617 2308 1679 Deo

814 1726 1090 1779 tentatur
1123 1736 1136 1779 :
1176 1716 1334 1778 Deus
1366 1716 1536 1778 enim
1579 1717 1900 1778 neminem
1934 1724 2155 1789 tentat,
2191 1714 2311 1777 sci-

2415 735 2583 794 etc]
2622 732 2938 796 Parabolae
2980 732 3173 814 hujus
3223 751 3447 794 sensus
3496 731 3915 814 superficiali-

2418 840 2513 891 ter
2540 830 2852 906 litteralis,
2892 831 3145 912 penitus
3178 831 3405 913 planus
3436 838 3551 892 est.
3586 830 3913 912 Siquidem

2419 948 2533 1011 per
2570 929 3059 992 similitudinem
3102 930 3267 992 hanc
3314 930 3589 991 intendit
3630 929 3913 992 Christus

2420 1028 2709 1109 probare,
2763 1030 2934 1109 quod
2988 1027 3152 1089 Deus
3202 1028 3725 1110 superpiissimus
3775 1046 3917 1110 pre-

2418 1144 2522 1188 ces
2584 1133 2964 1201 constanter,
3025 1126 3481 1200 indesinenter,
3539 1145 3613 1189 ac
3671 1126 3913 1189 fervide

2418 1226 2813 1289 continuatas
2856 1233 2920 1287 et
2958 1228 3256 1307 repetitas
3300 1244 3425 1288 non
3473 1225 3760 1307 despicit,
3803 1226 3913 1287 sed

2418 1325 2695 1386 exaudit.

2498 1422 2687 1486 Porro
2730 1422 3015 1503 mystice,
3060 1440 3173 1504 per
3212 1421 3487 1484 amicum
3538 1422 3915 1503 intelligitur

2418 1520 2581 1583 Deus
2612 1519 2929 1595 sublimiS,
2958 1520 3061 1582 cui
3094 1538 3208 1601 per
3238 1518 3599 1601 Sapientem
3631 1520 3861 1582 dicitur
3894 1538 3908 1583 ε

2419 1619 2638 1699 Diligis
2676 1619 2891 1681 omnia
2919 1638 3065 1700 quae
3103 1625 3267 1695 sunt,
3304 1626 3366 1679 et
3396 1618 3556 1680 nihil
3596 1619 3779 1681 odisti
3812 1636 3916 1681 eo-
3942 1636 4214 1693 smum.

2422 1737 2565 1779 rum
2613 1737 2757 1799 quae
2805 1716 3036 1780 fecisti.
3082 1716 3167 1779 De
3216 1736 3345 1798 quo
3391 1717 3481 1779 ait
3524 1717 3908 1798 Apostolus:

811 1815 959 1878 licet
999 1817 1184 1879 modo
1223 1814 1504 1897 praefato.
1537 1813 1659 1877 Sed
1696 1815 2043 1877 tentatione
2082 1814 2310 1897 proba·
2344 1816 2393 1881 B
2420 1816 2681 1898 Propter
2728 1816 2993 1878 nimiam
3035 1816 3359 1878 caritatem
3408 1834 3610 1888 suam,
3652 1835 3779 1897 qua
3825 1816 3917 1877 di·
3942 1834 4218 1890 epha-1³.

811 1914 1002 1977 tionis
1061 1921 1125 1975 et
1180 1914 1671 1987 exercitationiS,
1724 1932 1868 1994 quae
1925 1914 2003 1975 ad
2067 1913 2307 1975 bonum
2420 1916 2575 1977 lexit
2632 1935 2747 1978 nos
2804 1915 2989 1977 Deus.
3052 1913 3357 1976 Similiter
3416 1914 3672 1977 nomine
3727 1914 3913 1976 amici
4265 1902 4266 1927 ²

814 2012 1034 2074 tentati
1084 2012 1432 2085 ordinatur,
1475 2019 1719 2073 tentare
1767 2012 1930 2073 Deus
1979 2012 2305 2073 asseritur.
2420 2014 2689 2095 intelligi
2730 2019 2937 2095 potest
2972 2012 3343 2093 Unigenitus
3382 2012 3489 2074 Dei
3529 2014 3911 2088 incarnatuS,
4265 2088 4266 2091 Ἴ

2421 2112 2535 2194 qui
2576 2114 2653 2174 de
2692 2130 2759 2174 se
2801 2112 2941 2194 ipso
2979 2119 3245 2173 testatus
3284 2119 3381 2173 est
3412 2130 3426 2173 :
3459 2111 3755 2192 Majorem
3800 2112 3917 2175 hac
3960 2130 4217 2175 namn.

2422 2211 2828 2274 dilectionem
2869 2228 3056 2273 nemo
3086 2209 3295 2283 habet,
3333 2216 3401 2270 ut
3429 2209 3705 2270 animam
3738 2228 3915 2272 suam
3947 2193 4012 2235 ¹⁸·

2424 2317 2616 2393 ponat
2663 2310 2808 2390 quis
2859 2327 2974 2391 pro
3021 2308 3243 2370 amicis
3294 2308 3447 2370 suis.
3500 2307 3585 2370 De
3631 2328 3759 2390 quo
3806 2310 3919 2371 ite-

2426 2429 2567 2471 rum
2619 2408 2850 2489 legitur
2898 2426 2911 2469 ε
2964 2406 3170 2479 Quum
3221 2407 3546 2469 dilexisset
3600 2428 3746 2471 suos
3803 2409 3914 2490 qui
3948 2432 4216 2482 mama.
4264 2416 4266 2431 ¹

2424 2515 2603 2569 erant
2652 2507 2716 2568 in
2768 2507 3029 2579 mundo,
3078 2523 3283 2587 usque
3334 2506 3398 2567 in
3449 2505 3649 2568 finem
3698 2507 3918 2569 dilexit
4265 2494 4266 2513 ³

2424 2624 2553 2669 eos
2586 2606 2680 2668 Ad
2710 2605 2883 2667 hunc
2912 2604 3189 2666 amicum
3222 2604 3316 2666 ire
3346 2603 3651 2667 debemus
3686 2607 3916 2668 mentis

911 2111 1128 2192 ltaque
1177 2128 1254 2173 ex
1302 2110 1496 2190 hujus
1541 2110 1842 2172 clausulae
1889 2110 2311 2173 declaratione

811 2209 941 2291 jam
994 2216 1180 2291 patet,
1219 2210 1393 2291 quod
1438 2209 1502 2271 in
1548 2226 1621 2270 ea
1661 2209 2016 2271 virtualiter
2051 2228 2125 2271 ac
2169 2226 2313 2271 sen-

815 2309 1156 2371 tentialiter
1213 2308 1574 2370 includatur
1630 2308 1901 2392 sep-tima
1957 2327 2030 2370 ac
2089 2308 2314 2370 ultima

819 2408 1040 2488 petitio
1078 2406 1386 2470 Orationis
1435 2406 1769 2469 dominicae
1805 2426 1842 2467 a
1881 2406 2163 2469 Matthaeo
2209 2424 2316 2468 ex-

821 2524 1057 2588 pressa,
1091 2524 1218 2587 qua
1262 2505 1514 2579 dicitur,
1548 2503 1666 2567 Sed
1711 2505 1910 2567 libera
1955 2524 2069 2568 nos
2109 2525 2144 2568 a
2184 2525 2316 2567 ma-

817 2604 900 2667 lo.
943 2605 1116 2667 Unde
1153 2603 1544 2684 Augustinus
1594 2604 1658 2665 in
1713 2603 2121 2667 Euchiridion
2168 2605 2317 2666 scri-

816 2703 932 2776 bit,
967 2704 1138 2784 quod
1177 2702 1498 2764 Matthaeus
1544 2703 1610 2764 in
1654 2702 1880 2765 ultimo
1927 2703 2159 2784 posuit,
2193 2702 2315 2765 Sed
2425 2701 2781 2776 devotione,
2833 2700 3389 2782 contemplatione,
3439 2708 3501 2762 et
3558 2700 3913 2776 dilectione,
4265 2750 4266 2755 η

817 2801 1017 2864 libera
1047 2820 1162 2863 nos
1191 2820 1228 2861 a
1256 2801 1437 2875 malo,
1467 2800 1666 2863 Lucas
1697 2820 1823 2863 non
1857 2802 2083 2883 posuit,
2122 2809 2192 2863 ut
2226 2802 2317 2863 in·
2422 2802 2603 2882 juxta
2650 2800 2811 2861 illud
2862 2798 3087 2860 Psalmi
3132 2818 3145 2861 :
3188 2798 3483 2860 Accedite
3526 2801 3602 2862 ad
3646 2818 3814 2874 eum,
3856 2807 3918 2862 et
3949 2820 4218 2870 ramus.
4265 2820 4266 2829 2

817 2900 1243 2981 telligeremus
1289 2898 1408 2961 hoc
1446 2901 1524 2962 ad
1566 2901 2024 2980 praecedentem
2072 2900 2316 2981 petitio-
2426 2897 2903 2961 illuminamini.
2946 2896 3123 2959 Unde
3170 2897 3249 2958 ad
3294 2895 3586 2959 Hebraeos
3636 2897 3919 2960 hortatur

817 3016 962 3060 nem
995 2997 1334 3079 pertinere.
1359 2998 1503 3061 Ideo
1533 2998 1777 3080 quippe
1805 2998 1912 3073 ait,
1936 2997 2057 3060 Sed
2087 2998 2309 3073 libera,
2351 3001 2396 3066 G
2425 2996 2763 3080 Apostolus
2799 3015 2812 3058 ε
2847 2994 3161 3057 Adeamus
3192 3013 3338 3057 cum
3377 2994 3617 3057 fiducia
3644 2997 3722 3058 ad
3750 2997 3921 3060 thro·
3996 3014 4143 3057 noar.
4164 3028 4217 3061 κ.
4265 2998 4266 3081 ss

817 3115 959 3169 non,
996 3095 1068 3157 Et-
1109 3095 1329 3169 libera,
1363 3102 1666 3176 tanquam
1707 3114 1899 3157 unam
1942 3096 2315 3178 petitionem
2428 3116 2581 3159 num
2628 3095 2845 3176 gratiae
2894 3093 3057 3174 ejus,
3111 3101 3180 3154 ut
3227 3094 3725 3157 misericordiam
3772 3114 3920 3159 con·
3951 3078 4016 3120 ¹⁶·
4265 3088 4266 3101 ²

817 3194 1276 3255 demonstrans.
1339 3191 1571 3253 Verum
1638 3193 1714 3254 de
1773 3193 1992 3255 multis
2053 3212 2314 3255 concer-
2426 3213 2792 3276 sequamur.
2828 3192 3123 3254 Eundum
3166 3199 3262 3253 est
3309 3200 3520 3253 autem
3562 3195 3773 3253 media
3810 3214 3923 3255 no-

816 3291 1116 3354 nentibus
1162 3290 1621 3372 expositionem
1672 3290 1865 3371 hujus
1915 3291 2317 3373 praeclarissi-
2426 3304 2542 3364 cte,
2585 3291 2749 3354 sicut
2797 3290 3031 3353 fatetur
3075 3289 3404 3351 Psalmista
3443 3310 3456 3352 :
3498 3290 3695 3353 Media
3736 3301 3919 3355 nocte
3976 3310 4053 3352 1²8.
4078 3322 4215 3355 am..
4265 3334 4266 3343 2

823 3408 940 3451 mae
970 3389 1456 3468 orationiS,quae
1485 3389 1836 3450 secundum
1864 3388 2206 3452 Hem-icum
2238 3392 2315 3452 de
2429 3391 2764 3471 surgebam
2818 3391 2893 3452 ad
2944 3388 3380 3453 confitendum
3429 3389 3569 3451 tibi.
3620 3389 3751 3465 Vel,
3802 3389 3920 3452 Me-
3948 3374 4015 3414 ⁶²·
4265 3392 4266 3395 ’

551 2522 718 2565 Mami.
733 2536 788 2573 vi,

531 2589 595 2629 ¹3.

549 3704 669 3750 ιῡεα.
683 3688 746 3747 9-1'
757 3707 797 3749 a.

821 3487 1056 3563 Hassia‚
1092 3488 1283 3550 etiam
1325 3505 1362 3548 a
1399 3486 1628 3549 Judaeis
1672 3506 1745 3549 ac
1787 3486 2144 3551 Sarracenis
2191 3489 2314 3551 dici

824 3594 1049 3668 potest,
1097 3585 1531 3668 praetermitto,
1579 3586 1882 3666 quoniam
1932 3605 2125 3669 super
2174 3586 2319 3649 Mat-

825 3684 1062 3747 thaeum
1101 3684 1248 3746 inde
1293 3682 1541 3745 locutus
1587 3702 1750 3745 sum.
1794 3682 1920 3746 Hoc
1956 3692 2167 3747 tamen
2213 3687 2321 3748 ad-

829 3783 1129 3855 dendum,
1171 3782 1326 3863 quia
1364 3788 1432 3842 ut
1478 3782 1703 3843 asserit
1750 3780 1962 3857 Gorra,
2004 3783 2174 3846 aliud
2227 3791 2323 3846 est

827 3881 1072 3951 tentari,
1090 3880 1264 3942 aliud
1295 3880 1360 3941 in
1392 3880 1799 3943 tentationem
1833 3880 2128 3956 incidere,
2147 3883 2322 3946 aliud

829 3980 895 4041 in
945 3978 1356 4041 tentationem
1409 3977 1648 4039 induci.
1702 3977 1855 4040 Nam
1909 3980 2189 4061 primum
2240 3982 2324 4043 is-

829 4085 1037 4141 torum
1090 4076 1244 4138 dicit
1286 4094 1543 4137 sensum
1593 4075 1991 4157 simpliciter,
2036 4080 2147 4141 sed
2196 4099 2322 4143 non

2431 3491 2534 3553 dia
2579 3496 2782 3565 nocte,
2818 3490 2937 3551 hoc
2976 3495 3072 3550 est
3106 3488 3373 3550 durante
3414 3490 3739 3569 praesentis
3775 3488 3919 3552 vitae

2432 3588 2862 3661 tribulatione,
2896 3585 3294 3659 adversitate,
3329 3586 3699 3666 ignorantia,
3732 3596 3923 3669 atque

2434 3686 2775 3769 multiplici
2820 3685 3062 3768 peccati
3104 3684 3309 3746 ruina.

2514 3790 2599 3849 Εἰ
2626 3788 2795 3847 dicet
2824 3787 2934 3845 illi
2962 3806 2985 3845 .·
3014 3786 3259 3847 Amice.
3294 3785 3362 3846 In
3402 3785 3662 3849 exordio
3694 3785 3921 3867 preciS‚

2436 3904 2665 3949 nomen
2707 3884 2894 3945 amici
2938 3882 3287 3964 praemittit,
3332 3890 3402 3943 ut
3439 3900 3514 3944 ex
3556 3892 3793 3947 mutuae
3834 3885 3929 3947 di-

2436 3983 2725 4046 lectionis
2773 3981 3225 4054 recordatione,
3268 3982 3635 4057 attentione,
3678 4000 3788 4045 seu
3834 3982 3927 4045 in-

2435 4081 2890 4154 flammatione,
2943 4079 3051 4141 ille
3099 4079 3211 4161 qui
3263 4079 3502 4161 petitur
3548 4081 3626 4142 ad
3672 4082 3927 4143 exaudi—

831 4193 1086 4257 semper
1122 4192 1544 4253 consensum3
1588 4176 1961 4249 secundum,
1997 4176 2148 4239 dicit
2192 4196 2328 4240 sen·
2356 4184 2407 4247 D
2435 4182 2673 4244 tionem
2742 4179 2931 4241 citius
3000 4177 3363 4252 inclinetur,
3429 4197 3631 4259 quum
3703 4180 3925 4241 caritas

831 4293 974 4335 sum
1005 4281 1065 4335 et
1097 4290 1476 4335 consensum
1513 4289 1588 4333 ex
1621 4271 2052 4354 subreptione,
2077 4283 2139 4337 et
2170 4296 2329 4358 prae-

830 4380 928 4435 ter
971 4369 1409 4454 propositum;
1450 4370 1731 4443 tertium,
1767 4371 1920 4433 dicit
1965 4390 2221 4436 sensum
2266 4382 2328 4437 et

833 4489 1212 4535 consensum
1258 4488 1334 4531 ex
1386 4468 1859 4532 deliberatione.
1893 4470 2173 4535 Primum
2220 4494 2329 4556 po-

833 4579 953 4634 test
991 4587 1131 4631 esse
1179 4568 1316 4629 sine
1357 4574 1645 4649 peccato:
1679 4571 2052 4645 secundum,
2087 4572 2327 4654 absque

835 4676 1091 4751 peccato
1129 4664 1420 4745 mortali3
1462 4665 1718 4728 tertium
1752 4684 1901 4731 vero
1940 4676 2034 4731 est
2070 4672 2328 4751 gravius

834 4777 896 4831 et
937 4766 1306 4847 frequenter
1349 4764 1633 4826 mortale.

901 4864 1374 4945 Consequenter
1403 4860 1684 4925 Salvator
1714 4882 1828 4945 per
1855 4868 2195 4946 quamdam
2228 4888 2331 4951 pa-

838 4962 1179 5025 rabolicam
1227 4958 1712 5022 similitudinem
1763 4982 1876 5025 nos
1925 4963 2211 5028 hortatur
2252 4967 2331 5028 ad

838 5059 1202 5125 fiducialem
1247 5057 1548 5120 orationis
1593 5060 2028 5136 constantiam,
2064 5064 2333 5127 incessa-

839 5161 1036 5224 bilem
1066 5156 1506 5237 fervidamque
1534 5155 1981 5239 frequentiam.
2001 5164 2089 5223 Et
2118 5165 2215 5225 ait
2244 5167 2333 5225 ad

838 5264 1011 5329 ἰῑῑοε,
1043 5254 1285 5318 scilicet
1321 5255 1399 5316 ad
1439 5255 1784 5340 discipulos
1823 5278 1971 5322 suos
1999 5278 2014 5322 :
2045 5263 2203 5331 Quis
2232 5284 2332 5323 ve-

2438 4278 2818 4361 impetrandi
2872 4277 2954 4339 sit
3002 4277 3183 4339 ratio.
3234 4276 3387 4338 Nam
3438 4284 3500 4338 et
3544 4276 3927 4357 (Augustino

2437 4378 2733 4457 testante)
2759 4395 2939 4439 amor
2968 4383 3063 4438 est
3098 4376 3377 4457 primum
3410 4376 3668 4450 donum,
3703 4376 3768 4437 in
3800 4395 3927 4458 quo

2438 4477 2653 4540 omnia
2682 4477 2843 4539 dona
2875 4476 3210 4538 donantur.
3242 4477 3577 4536 Commoda
3611 4476 3775 4536 mihi
3808 4484 3930 4535 tres

2432 4596 2657 4654 panes,
2691 4573 2798 4635 Isti
2836 4581 2963 4635 tres
3005 4590 3199 4655 panes
3237 4572 3505 4651 intelligi
3540 4579 3824 4654 possunt,
3857 4572 3931 4634 il-

2440 4672 2773 4735 luminatio
2804 4670 3187 4743 intellectuS,
3222 4670 3548 4731 caritativa
3576 4669 3931 4732 inflamma—

2438 4772 2527 4835 tio
2557 4770 2919 4843 voluntatiS,
2954 4776 3016 4831 et
3053 4768 3361 4831 stabilitas
3389 4770 3710 4831 memoriae
3740 4768 3803 4829 in
3836 4768 3930 4829 di-

2440 4871 2650 4950 vinis3
2703 4887 2815 4931 seu
2864 4876 3042 4929 actus
3084 4866 3261 4940 fidei,
3314 4866 3473 4948 spei,
3520 4874 3582 4928 et
3628 4866 3923 4942 caritatiS‚

2439 4969 2677 5051 quibus
2728 4967 2891 5029 Deus
2939 4965 3259 5048 praecipue
3306 4965 3556 5028 colitur.
3602 4964 3755 5026 Item
3800 4972 3928 5026 tres

2442 5085 2636 5150 panes
2686 5072 2835 5128 sunt
2888 5083 2901 5127 :
2956 5064 3139 5146 panis
3196 5062 3607 5145 poenitentiae,
3661 5062 3777 5126 hoc
3834 5070 3928 5125 est

2440 5164 2791 5247 deploratio
2830 5170 2892 5225 et
2930 5160 3273 5224 satisfactio
3312 5180 3428 5243 pro
3468 5162 3781 5243 peccatis;
3822 5180 3929 5242 pa-

2440 5264 2539 5326 nis
2576 5260 3009 5335 Eucharistiae,
3045 5261 3123 5322 de
3159 5278 3288 5340 quo
3326 5258 3610 5341 loquitur
3644 5258 3925 5323 Christus
