4300 6259
830 481 952 551 280

1658 500 2006 549 [sumnum
2048 500 2114 548 m
2155 500 2294 548 cAP.
2337 501 2360 546 1
2399 499 2676 549 somma.
2721 519 2802 530 —-
2843 501 2985 548 Am.
3031 502 3094 548 tv

908 675 1089 738 Nunc
1127 676 1445 740 solvendae
1474 683 1624 738 sunt
1662 675 1934 739 rationes
1964 673 2204 756 quibus
2237 672 2324 737 vi·
2351 674 2402 735 A
2429 680 2620 736 tatem
2663 674 3083 756 procedentiS,
3115 675 3287 756 quod
3318 673 3536 736 dicunt
3570 691 3696 736 non
3731 691 3902 755 posse

828 777 1013 838 detur
1050 775 1297 838 ostendi
1337 776 1507 856 quod
1538 774 1833 847 TrinitaS‚
1868 775 1968 836 vel
2007 773 2204 835 Patris
2249 791 2322 835 ac
2429 773 2667 853 aequari
2712 793 2827 836 suo
2875 773 3109 836 causali
3161 781 3353 855 atque
3407 771 3630 837 fontali
3683 772 3906 855 princi-

826 874 969 936 Filii
1021 874 1242 948 deitaS,
1296 882 1509 956 posset
1568 873 1837 935 naturali
1890 873 2131 936 ratione
2181 891 2324 953 pro-

824 972 984 1035 bari.
1024 972 1231 1035 Primo
1270 972 1507 1053 itaque,
1542 973 1620 1033 ad
1650 972 2087 1035 auctoritatem
2117 971 2326 1050 Augu-

827 1071 977 1133 stini
1011 1070 1556 1152 dicendum,quod
1589 1070 1977 1152 principium
2009 1068 2319 1149 evangelii

828 1167 889 1230 S.
944 1169 1201 1231 Joannis
1270 1169 1597 1232 invenitur
1670 1169 1734 1230 in
1805 1168 1987 1231 libris
2046 1167 2321 1231 Platoni·

830 1286 1073 1341 corum,
1138 1286 1263 1331 non
1325 1275 1635 1348 quantum
1694 1268 1772 1329 ad
1832 1285 2055 1329 verum
2120 1266 2323 1348 ipsius

831 1366 1244 1444 intellectum,
1266 1368 1371 1428 sed
1404 1373 1714 1447 quantum
1744 1366 1823 1427 ad
1852 1366 2130 1447 aliquam
2164 1384 2328 1428 com·

832 1466 1203 1527 munionem
1246 1465 1609 1539 verborum,
1644 1472 1706 1526 et
1745 1472 2057 1545 quantum
2096 1465 2173 1525 ad
2217 1484 2326 1545 ap-

834 1564 1183 1645 parentiam
1226 1563 1721 1645 superficialem.
1763 1563 2114 1626 Posuerunt
2150 1563 2322 1624 enim

831 1662 1129 1725 Platonici
1174 1662 1439 1725 verbum
1480 1662 1547 1723 in
1585 1661 1731 1725 Deo.
1768 1661 1940 1723 Unde
1969 1662 2324 1725 Avicebron

830 1761 1187 1824 Platonicus
1236 1761 1301 1823 in
1343 1760 1505 1824 libro
1546 1780 1660 1823 suo
1701 1762 1777 1823 de
1815 1760 2011 1824 Fonte
2048 1760 2194 1824 vitae
2235 1760 2326 1822 af·-

2432 872 2559 953 pio.
2594 872 2684 934 Ad
2733 872 2906 934 aliud
2952 873 3288 946 diceretur,
3323 874 3493 953 quod
3525 872 3784 939 ‚nullius
3825 872 3906 933 rei

2433 971 2746 1051 possessio
2801 971 3084 1052 jucunda
3140 979 3236 1035 est
3293 971 3430 1032 sine
3488 979 3800 1043 consorte,
3849 971 3908 1032 in

2431 1068 2530 1130 his
2589 1088 2864 1150 quorum
2917 1088 3115 1132 unum
3175 1070 3413 1150 indiget
3461 1069 3711 1146 altero;
3761 1068 3912 1130 Deus

2435 1185 2583 1230 vero
2614 1168 2677 1229 in
2711 1186 2778 1229 se
2809 1168 2949 1249 ipso
2980 1186 3228 1230 summe
3257 1168 3766 1250 simpliciterque
3791 1184 3916 1249 per-

2432 1264 2636 1327 fectus
2685 1274 2801 1327 est.
2835 1266 2928 1329 Ad
2975 1267 3146 1329 aliud
3196 1268 3273 1328 de
3320 1284 3534 1328 amore
3582 1266 3912 1339 dicere-tur,

2433 1366 2603 1446 quod
2661 1366 2809 1427 licet
2865 1384 3041 1428 amor
3093 1384 3218 1429 non
3271 1366 3354 1427 sit
3412 1366 3670 1447 proprie
3727 1366 3806 1427 ad
3855 1384 3918 1427 se

2435 1464 2670 1546 ipsum,
2713 1464 2917 1527 nihilo
2966 1465 3198 1537 minuS‚
3247 1466 3598 1527 secundum
3647 1464 3920 1527 Philoso-

2435 1564 2660 1645 phum,
2709 1582 2888 1627 amor
2944 1564 3024 1626 ad
3079 1564 3275 1625 alium
3319 1564 3521 1627 oritur
3578 1582 3655 1625 ex
3707 1582 3918 1626 amore

2432 1664 2510 1724 ad
2554 1680 2621 1724 se
2666 1662 2900 1745 ipsum,
2936 1671 2999 1724 et
3043 1662 3486 1743 unusquisque
3530 1670 3778 1723 tantum
3821 1662 3918 1724 vel

2437 1762 2580 1844 plus
2633 1761 2839 1842 diligit
2888 1779 2976 1835 se,
3027 1768 3337 1843 quantum
3383 1760 3664 1842 aliquem
3725 1760 3916 1823 alium

828 1859 1064 1935 firmat,
1101 1861 1271 1942 quod
1312 1859 1671 1921 intellectus
1710 1858 1966 1922 divinus
2007 1878 2081 1921 ac
2121 1868 2326 1942 pater-
2361 1860 2408 1923 B
2435 1860 2760 1927 conditum
2805 1878 2818 1922 :
2863 1860 3004 1922 ideo
3049 1859 3214 1921 Deus
3263 1877 3410 1921 vere
3459 1859 3664 1939 diligit
3712 1878 3782 1921 se
3827 1860 3922 1941 ip-

828 1959 989 2020 nalis
1036 1958 1250 2021 omnia
1296 1958 1422 2038 agit
1472 1976 1585 2041 per
1633 1958 1899 2021 verbum
1957 1958 2126 2020 intus
2178 1978 2326 2021 con-

829 2064 1107 2139 ceptum.
1177 2056 1297 2119 Sed
1364 2058 1622 2121 nomine
1689 2057 1887 2131 verbi,
1958 2057 2325 2138 intelligunt

830 2156 1139 2218 rationem
1198 2156 1464 2217 idealem
1514 2174 1625 2217 seu
1672 2156 1984 2221 mundum
2038 2157 2324 2238 archety—

830 2273 1009 2336 pum.
1042 2253 1218 2326 Quod
1249 2273 1399 2318 vero
1441 2254 1701 2317 Hermes
1741 2254 1827 2316 ait
1865 2255 2223 2330 monadem,
2258 2255 2322 2315 id

830 2360 925 2415 est
975 2353 1281 2415 unitatem
1340 2371 1451 2415 seu
1502 2373 1703 2415 unum
1754 2353 1974 2427 Deum,
2025 2353 2324 2433 genuisse

830 2453 1187 2527 monadem,
1220 2450 1489 2515 Thomas
1529 2452 1981 2533 interpretatur
2010 2452 2102 2514 sic
2141 2451 2326 2513 intel-

830 2550 1179 2631 ligendum,
1213 2552 1383 2632 quod
1415 2570 1581 2612 unus
1611 2550 1773 2613 Deus
1804 2550 2088 2614 condidit
2121 2570 2322 2612 unum

828 2651 1164 2723 mundum,
1200 2658 1460 2731 propter
1493 2650 1591 2711 sui
1633 2649 1835 2732 ipsius
1873 2668 2177 2712 amorem.
2213 2650 2326 2712 Ta-

828 2766 974 2809 men
1026 2748 1508 2829 intelligendum
1556 2748 1619 2809 id
1670 2767 1808 2811 reor
1852 2750 1929 2810 de
1974 2749 2327 2830 generatio-

828 2864 909 2908 ne
941 2846 1255 2928 praedictae
1283 2846 1515 2908 mentis
1548 2854 1790 2920 creatae,
1814 2847 2166 2909 secundum
2198 2846 2326 2909 Pla-

826 2944 1092 3007 tonicos
1130 2943 1201 3006 Et
1238 2946 1410 3026 quod
1450 2945 1605 3007 dicit
1638 2944 2083 3023 'l'rismegistus
2122 2944 2320 3007 Deum

2435 1980 2574 2023 sum
2609 1958 2865 2023 infinito
2893 1976 3106 2022 amore
3134 1965 3320 2041 atque
3351 1958 3609 2022 fervore.
3631 1958 3724 2020 Ad
3755 1958 3924 2021 aliud

2433 2061 2770 2134 diceretur,
2804 2059 2974 2140 quod
3012 2058 3334 2139 generatio
3363 2058 3660 2121 convenit
3691 2057 3818 2121 Deo
3844 2058 3928 2120 al-

2433 2158 2576 2222 tiori
2616 2158 2805 2221 modo
2841 2176 3034 2238 quam
3077 2158 3404 2231 creaturiS,
3439 2174 3552 2239 per
3589 2156 3712 2220 hoc
3755 2158 3924 2238 quod

2431 2258 2655 2320 tribuit
2686 2258 2776 2319 eis
2808 2255 2938 2320 vim
2967 2256 3418 2336 generativam.
3443 2256 3536 2318 Ad
3564 2256 3741 2319 aliud
3768 2274 3930 2337 quo-

2431 2376 2557 2438 que
2602 2356 3110 2438 responderetur,
3145 2355 3318 2436 quod
3361 2354 3426 2415 in
3474 2354 3700 2417 creatis
3743 2354 3928 2416 intel-

2430 2455 2702 2518 lectibus
2761 2461 2854 2516 est
2918 2454 3232 2516 emanatio
3291 2453 3469 2516 verbi
3531 2472 3605 2515 ac
3659 2454 3920 2525 amoriS‚

2429 2554 2581 2636 quia
2611 2554 2675 2615 in
2708 2554 2800 2615 eis
2839 2551 3151 2615 differunt
3177 2552 3449 2614 essentia
3487 2558 3548 2613 et
3585 2552 3770 2626 actio,
3804 2570 3925 2615 nec

2431 2652 2703 2714 essentia
2751 2670 2972 2714 eorum
3024 2651 3087 2713 in
3147 2668 3214 2713 se
3274 2650 3416 2733 ipsa
3462 2649 3744 2732 perfecta
3799 2659 3918 2724 est,

2429 2771 2630 2833 quum
2683 2770 2808 2813 non
2850 2751 2932 2812 sit
2969 2758 3144 2813 actus
3187 2769 3408 2832 puruS‚
3445 2751 3552 2812 sed
3594 2750 3788 2813 verbo
3835 2758 3930 2812 at-

2431 2868 2558 2932 que
2606 2868 2818 2913 amore
2867 2848 3222 2931 perficitur.
3265 2849 3331 2910 In
3382 2848 3506 2912 Deo
3552 2856 3762 2910 autem
3814 2867 3928 2931 op—

2434 2949 2639 3031 posito
2679 2949 2865 3011 modo
2903 2956 3018 3021 est,
3052 2948 3204 3029 quia
3253 2947 3318 3009 in
3359 2965 3434 3010 eo
3471 2955 3620 3009 sunt
3664 2947 3928 3028 penitus

828 3042 894 3103 in
945 3060 1013 3104 se
1062 3061 1249 3104 suum
1302 3042 1627 3105 reflexisse
1677 3044 1988 3117 ardorem,
2023 3043 2324 3125 intelligit
2354 3049 2397 3112 C
2434 3049 2600 3110 idem
2632 3046 2926 3121 essentia,
2961 3046 3163 3110 virtus
3193 3054 3256 3108 et
3291 3046 3476 3120 actio,
3509 3052 3730 3127 estque
3757 3044 3928 3107 Deus

828 3159 955 3204 non
1006 3142 1083 3203 de
1142 3142 1543 3223 processione
1593 3141 1866 3224 Spiritus
1924 3141 2157 3217 Sancti,
2210 3144 2320 3205 sed

826 3240 999 3321 quod
1055 3239 1218 3302 Deus
1276 3240 1483 3321 diligit
1541 3258 1609 3303 se
1665 3249 1925 3322 propter
1982 3259 2070 3314 se,
2124 3249 2190 3302 et
2244 3258 2320 3302 ex

825 3356 1039 3401 amore
1089 3339 1190 3401 sui
1241 3340 1319 3401 ad
1376 3356 1444 3400 se
1502 3338 1716 3421 ipsum
1767 3339 2055 3402 conversi
2114 3338 2322 3419 diligit

826 3438 969 3500 alia.

906 3536 999 3599 Ad
1028 3544 1475 3618 argumentum
1507 3538 1585 3600 de
1624 3537 2051 3599 immensitate
2089 3538 2323 3600 divinae

826 3635 1151 3711 bonitatiS‚
1187 3635 1469 3699 dicerent
1512 3636 1850 3711 naturaleS,
1884 3637 2054 3718 quod
2097 3654 2322 3717 quam·

826 3735 922 3797 vis
974 3735 1055 3797 sit
1097 3734 1761 3798 communicabilitatis
1810 3736 2159 3808 immensae,
2196 3754 2320 3798 non

824 3840 1033 3896 tamen
1078 3834 1371 3917 producit
1406 3853 1666 3916 germen
1708 3834 1831 3897 sibi
1866 3834 2109 3916 aequale
2144 3854 2158 3896 ε
2195 3853 2319 3897 non

826 3950 904 3996 ex
946 3952 1059 3995 sua
1107 3934 1500 4016 impotentia,
1545 3936 1654 3997 sed
1705 3942 1964 4017 propter
2008 3933 2323 4015 incapaci-

2432 3147 2498 3208 in
2557 3164 2623 3208 se
2683 3145 2971 3208 absolute
3031 3144 3372 3227 perfectuS,
3435 3152 3498 3206 et
3557 3162 3756 3226 purus
3817 3162 3926 3206 ac-

2431 3253 2554 3319 tuS,
2584 3244 2899 3325 quidquid
2929 3245 3006 3305 ad
3039 3243 3496 3307 beatitudinem
3527 3242 3820 3325 pertinet,
3853 3243 3924 3305 in

2431 3362 2498 3405 se
2545 3342 3046 3405 eminentissime
3088 3341 3655 3424 comprehendens.
3695 3340 3925 3413 Quam-

2431 3442 2527 3505 vis
2576 3442 2791 3523 itaque
2839 3440 3245 3523 praeinductae
3287 3440 3560 3503 rationes
3601 3458 3725 3502 non
3768 3448 3924 3502 sunt

2431 3541 2960 3614 demonstrative,
3010 3540 3276 3622 pulchre
3329 3547 3541 3601 tamen
3599 3538 3924 3601 declarant

2432 3640 2602 3721 quod
2653 3638 2814 3701 fides
2855 3637 3178 3700 Trinitatis
3230 3656 3354 3701 non
3393 3638 3477 3699 sit
3513 3637 3790 3718 aliquam
3833 3638 3926 3699 ir-

2432 3735 2984 3799 rationabilitatem
3016 3736 3114 3799 vel
3148 3734 3720 3816 impossibilitatem
3753 3753 3926 3797 com-

2432 3835 2714 3916 plectens
2757 3852 2771 3895 :
2814 3853 2962 3895 nam
3011 3833 3161 3895 licet
3207 3832 3289 3895 sit
3343 3851 3536 3915 supra
3583 3833 3918 3907 rationem,

2430 3952 2557 3997 non
2602 3939 2810 3995 tamen
2857 3939 2952 3993 est
2993 3938 3212 3995 contra
3253 3950 3413 3993 eam.

1948 4364 2598 4452 ARTICULUS
2681 4367 2796 4450 IV

870 4635 1230 4684 nummulo
1272 4636 1457 4684 fluxus
1500 4636 1669 4684 Pmm
1712 4636 2009 4695 camum,
2052 4638 2133 4683 AB
2179 4638 2252 4684 EO
2295 4636 2442 4685 Loco
2484 4638 2601 4693 Quo
2645 4636 2886 4685 mcrruu
2931 4639 2945 4683 :
2991 4640 3133 4686 run·
3173 4639 3338 4685 110Πο
3379 4638 3594 4685 mssns
3635 4638 3676 4683 A
3717 4639 3864 4685 1³80.

975 4914 1347 4988 UCUSQUE
1407 4916 1697 4979 tractavit
1754 4915 2049 4979 sublimis
2111 4915 2316 4979 Evan-
2346 4916 2394 4977 D
2426 4918 2503 4981 de
2540 4915 2729 4979 Verbi
2770 4916 3225 4993 incarnatione,
3259 4924 3322 4980 et
3353 4919 3628 4981 adventu
3666 4916 3806 4998 ejus
3850 4918 3920 4980 in

998 5014 1222 5095 gelista
1261 5014 1338 5075 de
1383 5014 1735 5089 divinitate,
1779 5014 2124 5095 divinaque
2169 5033 2318 5097 ope-

821 5113 1083 5187 ratione,
1127 5121 1318 5195 atque
1360 5112 1863 5176 incommutabili
1907 5112 2318 5175 subsistentia

821 5211 1034 5273 Verbi.
1075 5210 1255 5273 Nunc
1295 5229 1444 5275 vero
1487 5210 1820 5293 subjungit
1857 5212 1936 5274 de
1974 5211 2114 5292 ejus
2161 5231 2318 5294 prae-

826 5326 1102 5372 cursore.
1145 5308 1450 5382 Quoniam
1495 5310 1665 5371 enim
1706 5310 1991 5372 dicturus
2036 5329 2184 5373 mox
2223 5319 2318 5372 est

2427 5017 2598 5078 hunc
2627 5016 2962 5089 mundum,
2997 5016 3353 5098 ceterisque
3389 5015 3688 5098 operibus
3725 5024 3924 5098 atque

2427 5114 2823 5195 dogmatibus
2871 5112 3232 5189 Salvatoris‚
3284 5122 3702 5196 congruenter
3756 5133 3926 5196 prae-

2428 5213 2603 5274 misit
2629 5214 2706 5275 de
2737 5212 2875 5293 ejus
2907 5231 3296 5295 praecursore
3326 5220 3680 5276 tractatum.
3714 5211 3926 5277 Pauca

2427 5312 2600 5374 enim
2640 5310 2819 5393 ponit
2860 5312 2939 5373 de
2976 5311 3386 5389 Praecursore,
3429 5311 3634 5374 sciens
3677 5310 3924 5377 Lucam
