4300 6259
90 1961 218 2002 Emi.
236 1975 284 2002 xx

90 2738 103 2780 1

71 2803 123 2842 19.

70 3131 183 3176 θεὸν.
195 3139 304 3185 ιιι,8.

78 3991 131 4032 ss.

80 4319 105 4360 ll
112 4321 198 4363 Par.
206 4325 307 4374 xva.

86 4872 139 4912 1-.

80 2053 255 2131 lintach.
274 2101 301 2137 ι,

1103 497 1455 544 mutuno
1498 496 1563 542 m
1604 496 1747 543 cAP.
1792 497 1876 542 XV
1916 494 2106 543 LUGAE.
2150 515 2236 526 —-
2272 499 2416 544 Am.
2461 497 2699 546 xxxvm

3335 482 3448 547 111

334 669 481 726 ente
520 681 789 747 peccare
837 667 1243 749 praesumpsi.
1285 667 1463 729 Unde
1509 668 1588 729 ad
1630 684 1844 729 veram
1874 665 1927 726 A
1956 667 2154 748 coepit
2197 669 2276 730 ad
2326 667 2522 731 Deum
2581 677 2796 732 mente
2850 670 3078 745 redire,
3128 677 3320 752 atque
3376 671 3454 733 ad

332 761 719 842 sapientiam
752 765 1048 845 pertinet,
1084 772 1154 826 ut
1183 765 1381 826 Deum
1418 764 1661 845 ubique
1694 783 1847 845 prae-

330 867 580 922 sentem
621 869 686 924 et
724 871 955 925 cuncta
994 862 1442 945 inspicientem
1482 862 1719 943 jugiter
1753 870 1844 924 at-

332 959 672 1022 tendamus
703 979 717 1022 :
746 978 823 1022 ex
855 980 983 1043 qua
1014 961 1374 1043 sapientiali
1408 961 1841 1025 consideratio-

332 1074 413 1118 ne
442 1076 592 1121 mox
620 1059 907 1139 gignitur
938 1067 1149 1122 castus
1186 1061 1407 1142 pudor,
1446 1061 1845 1142 pudicusque

329 1155 549 1230 timor,
582 1175 716 1237 quo
754 1158 819 1219 in
860 1158 1062 1220 divini
1094 1158 1313 1222 vultus
1354 1159 1689 1240 praesentia
1719 1166 1847 1219 tur-

335 1254 505 1334 piter
540 1263 604 1316 et
653 1255 893 1336 injuste
933 1256 1377 1319 erubescimus
1426 1275 1541 1320 nos
1583 1256 1840 1318 habere.

332 1352 517 1427 Hinc,
547 1353 733 1433 juxta
772 1353 1079 1428 Boetium,
1114 1373 1345 1436 magna
1385 1355 1569 1418 nobis
1610 1354 1847 1417 indicta

332 1459 430 1512 est
459 1451 624 1514 ratio
653 1451 1011 1533 probitatiS,
1044 1453 1351 1534 quoniam
1392 1454 1459 1514 in
1497 1461 1843 1534 conspectu

331 1548 577 1611 ludicis
619 1550 919 1613 universa
958 1552 1279 1614 cernentis
1316 1552 1532 1614 omnia
1572 1551 1842 1632 agimuS.

414 1651 564 1708 Jam
596 1668 728 1710 non
755 1669 901 1710 sum
930 1651 1174 1727 diynus
1205 1651 1425 1710 vocari
1451 1651 1639 1728 filius
1673 1660 1843 1718 tuus,

333 1746 491 1825 quia
518 1753 583 1807 te
623 1747 809 1809 toties
848 1755 911 1809 et
941 1755 1069 1809 tam
1103 1748 1383 1828 graviter
1414 1747 1791 1810 inhonoravi
1826 1765 1840 1809 ε

144 1647 205 1700 19

333 1845 511 1924 quod
560 1843 703 1908 filio
741 1863 870 1908 non
909 1844 1079 1919 licet,
1112 1863 1313 1926 quum
1357 1845 1669 1927 scriptum
1709 1845 1793 1907 sit
1825 1863 1839 1907 :
1880 1847 1928 1910 B
1956 1845 2276 1907 Interdum
2309 1863 2458 1908 vero
2487 1847 2824 1928 adspectus
2855 1847 2962 1909 Dei
2993 1848 3307 1930 accipitur
3337 1867 3453 1930 pro

292 1941 589 2008 ‚Honora
637 1951 882 2025 patrem
932 1951 1139 2006 tuum.
1192 1942 1269 2004 Et
1318 1961 1431 2025 per
1478 1943 1843 2006 Malachiam

330 2041 421 2102 ait
460 2041 719 2104 Creator
753 2040 1105 2103 altissimus
1140 2061 1153 2103 :
1185 2041 1385 2106 Filius
1431 2043 1696 2104 honorat
1737 2060 1845 2124 pa-

329 2146 497 2201 trem
548 2157 789 2201 suum:
826 2139 879 2202 si
928 2157 1078 2220 ergo
1130 2146 1307 2221 pater
1353 2157 1471 2220 ego
1520 2159 1687 2214 sum,
1729 2140 1841 2202 ubi

329 2245 427 2298 est
488 2237 696 2300 honor
743 2240 973 2300 meus?
1022 2236 1286 2312 RursuS,
1341 2238 1645 2319 indignus
1697 2257 1841 2300 sum

330 2335 547 2398 vocari
604 2334 785 2398 filius
834 2343 1003 2408 tuuS,
1055 2336 1209 2417 quia
1266 2337 1613 2418 imaginem
1663 2346 1839 2399 tuam

328 2434 395 2495 in
450 2451 555 2496 me
604 2435 926 2515 peccando
983 2433 1431 2516 multipliciter
1480 2435 1838 2516 deturpavi,

328 2549 567 2613 meque
603 2531 717 2593 tibi
748 2533 933 2595 valde
971 2532 1350 2595 dissimilem
1383 2532 1542 2613 feci3
1582 2532 1839 2608 iterum,

330 2631 487 2710 quia
517 2630 842 2710 peccando
881 2628 1005 2691 feci
1038 2647 1141 2691 me
1179 2630 1397 2711 ipsum
1428 2647 1686 2692 servum
1718 2631 1845 2692 dia·

331 2727 465 2790 boli
518 2735 585 2790 et
634 2727 878 2809 peccati
929 2729 994 2808 (a
1047 2746 1178 2809 quo
1230 2727 1403 2791 enim
1458 2728 1605 2810 quis
1656 2745 1845 2811 supe-

334 2835 511 2889 ratus
562 2833 681 2900 est,
718 2824 913 2907 hujus
962 2833 1025 2887 et
1072 2844 1296 2890 servus
1345 2834 1463 2901 est,
1508 2835 1577 2888 ut
1624 2826 1845 2889 Petrus

331 2924 665 3008 apostolus
706 2924 868 3005 ait);
906 2943 1151 3000 rursuS,
1193 2925 1499 3007 quoniam
1538 2933 1715 2988 extra
1756 2925 1849 2988 di-

109 2739 301 2792 lPetmi,

1952 766 2219 844 gratiam
2254 774 2502 847 gratum
2549 767 2888 831 facientem
2920 786 3265 851 veramque
3306 788 3454 832 con-

1958 865 2280 927 tritionem
2323 885 2432 928 cor
2475 885 2662 928 suum
2709 868 3072 949 disponere.

2042 966 2256 1032 Quum
2302 976 2516 1026 autem
2567 967 2786 1028 adhuc
2833 971 3015 1043 lonqe
3061 976 3267 1027 esset:
3302 966 3456 1047 quia

1959 1062 2242 1124 nondum
2309 1081 2421 1144 per
2482 1064 2808 1126 caritatem
2874 1063 3176 1138 infusam,
3241 1081 3454 1127 veram

1958 1159 2401 1222 contritionem
2433 1168 2496 1222 et
2526 1161 2833 1224 virtutum
2872 1163 3298 1244 adeptionem,
3331 1161 3359 1223 f
3366 1161 3458 1223 uit

1956 1256 2080 1320 Deo
2128 1259 2554 1339 conjunctus;
2603 1261 2731 1323 imo
2779 1260 2986 1322 adhuc
3035 1260 3158 1323 fuit
3209 1262 3274 1323 in
3321 1261 3455 1323 suis

1958 1357 2255 1436 peccatiS,
2314 1375 2652 1439 quousque
2708 1359 2948 1422 attritio
3007 1359 3072 1420 in
3133 1360 3457 1423 contritio—

1958 1471 2105 1515 nem
2143 1461 2383 1518 mutata
2425 1463 2555 1532 est3
2588 1458 2758 1518 vidit
2787 1459 2982 1518 illum
3001 1467 3194 1534 pater
3223 1459 3457 1535 ipsius,

1958 1551 2205 1613 scilicet
2238 1551 2402 1613 Deus
2432 1553 2625 1623 Pater,
2660 1553 2844 1616 oculo
2885 1553 3136 1635 pietatis
3178 1563 3457 1636 paternae

1955 1666 2029 1710 ac
2078 1650 2650 1730 praedestinationis
2697 1659 2968 1726 aeternae,
3016 1653 3096 1714 de
3141 1671 3272 1734 quo
3319 1660 3455 1716 orat

1956 1747 2066 1828 qui
2107 1747 2196 1809 ait
2228 1766 2242 1810 :
2276 1747 2548 1830 Adspice
2589 1748 2652 1810 in
2691 1766 2815 1823 me,
2849 1757 2913 1810 et
2955 1750 3258 1812 miserere
3300 1751 3450 1812 mei.
3486 1766 3743 1872 ιζέηωιι,

1952 1944 2502 2008 animadversione
2533 1946 2836 2009 distrIctae
2863 1947 3130 2026 justaeve
3166 1947 3449 2023 ultioniS,

1950 2042 2131 2123 juxta
2175 2043 2335 2105 illud
2374 2043 2667 2106 Habacuc
2701 2063 2715 2107 :
2750 2043 2951 2117 Quare
2991 2064 3116 2109 non
3160 2046 3448 2128 respiciS,
3520 2063 3695 2108 Babae.
3717 2079 3746 2116 ι,

1953 2141 2239 2217 Domine,
2275 2161 2469 2225 super
2506 2142 2730 2224 iniqua
2767 2148 3056 2225 agentes?
3093 2148 3176 2206 Et
3205 2147 3456 2206 misem·-
3483 2128 3550 2172 ¹⁸²

1952 2241 2177 2301 cordia
2208 2250 2417 2301 motus
2443 2249 2572 2313 est,·
2606 2251 2665 2302 ec
2695 2262 3063 2314 accurram,
3093 2243 3157 2305 id
3188 2251 3304 2315 est,
3340 2262 3455 2326 per

1951 2339 2218 2418 gratiam
2265 2338 2760 2420 praevenientem
2813 2339 3160 2404 clementer
3207 2341 3302 2403 illi
3354 2361 3455 2406 co-

1954 2455 2224 2519 operans
2255 2445 2318 2499 et
2347 2455 2748 2500 succurrens.
2775 2436 2980 2510 Quum
3022 2441 3260 2502 etenim
3299 2439 3453 2504 facit

1954 2535 2101 2616 quis
2132 2537 2304 2626 quod
2336 2536 2400 2598 in
2434 2555 2500 2598 se
2530 2544 2645 2610 est,
2667 2554 2734 2598 se
2766 2540 3180 2619 praeparando
3209 2541 3288 2602 ad
3316 2558 3456 2621 gra-

1956 2633 2131 2706 tiam,
2167 2633 2329 2695 Deus
2363 2651 2511 2696 mox
2553 2634 2872 2710 subvenit,
2914 2636 3316 2719 gratiamque
3357 2639 3456 2700 in-

1956 2731 2192 2794 fundit.
2239 2733 2480 2792 Cecidit
2517 2752 2709 2810 super
2744 2738 2984 2794 collum
3017 2735 3182 2810 ejus,
3226 2735 3291 2798 id
3330 2745 3447 2811 est,

1959 2831 2062 2913 pie
2100 2840 2164 2893 et
2200 2849 2488 2893 amorose
2519 2830 2702 2893 illum
2733 2832 3036 2913 suscepit,
3073 2853 3199 2896 non
3241 2836 3450 2898 solum

1957 2929 2334 2991 dimittendo
2381 2936 2659 3009 peccata,
2703 2930 2813 2991 sed
2861 2937 2923 2990 et
2961 2931 3310 3010 gratiarum
3361 2934 3456 2996 in-

332 3023 683 3106 sciplinam
713 3031 887 3085 tuam
918 3041 1021 3086 me
1055 3023 1238 3105 posui
1272 3025 1485 3106 :quod
1525 3043 1653 3087 non
1681 3043 1849 3088 com·
1884 3030 1931 3096 G
1960 3026 2285 3090 fundendo
2334 3025 2732 3088 charismata.
2777 3026 3034 3108 Propter
3073 3030 3244 3109 quod
3281 3033 3453 3112 apud

335 3123 501 3204 petit
551 3120 713 3196 filio,
751 3121 1001 3184 dicente
1044 3122 1367 3203 Apostolo‚
1411 3121 1476 3184 Si
1520 3132 1699 3184 extra
1752 3125 1849 3186 di-

332 3220 681 3302 sciplinam
720 3220 895 3294 estiS‚
929 3236 1079 3300 ergo
1116 3219 1389 3282 adulteri
1434 3227 1496 3282 et
1544 3239 1671 3284 non
1720 3221 1847 3283 filii

330 3321 509 3382 estiS.
544 3322 683 3382 Fac
718 3340 818 3380 me
854 3320 1024 3379 sicut
1062 3338 1273 3379 unum
1305 3321 1385 3380 de
1426 3321 1845 3381 mercenariis

330 3420 490 3486 tuis,
526 3417 592 3479 id
622 3424 737 3490 est,
770 3417 850 3478 ad
875 3417 1166 3497 gradum,
1202 3434 1435 3479 nomen
1475 3436 1549 3479 ac
1575 3418 1842 3498 gratiam

328 3515 455 3578 filii
509 3514 711 3597 recipi
763 3514 966 3578 fateor
1013 3532 1118 3576 me
1166 3514 1501 3596 indignum
1547 3533 1559 3577 :
1605 3516 1844 3580 idcirco

327 3614 671 3676 humiliter
702 3631 927 3694 precor
956 3612 1181 3674 saltem
1219 3612 1387 3675 inter
1417 3614 1843 3678 mercenarios

330 3710 718 3795 computari.
772 3709 876 3772 Sic
933 3717 996 3772 et
1046 3709 1293 3792 Abigail
1348 3713 1844 3793 prudentissima

333 3812 606 3886 femina,
638 3811 892 3892 cognito
930 3811 1103 3891 quod
1142 3810 1337 3874 David
1369 3811 1561 3873 vellet
1596 3829 1737 3874 eam
1776 3813 1841 3874 in

214 3943 306 3980 m.
334 3911 683 3992 conjugem
714 3925 991 3982 sumere,
1025 3908 1186 3970 dixit
1218 3926 1231 3970 :
1267 3907 1427 3971 Ecce
1458 3908 1699 3972 famula
1736 3919 1845 3973 tua

334 4009 419 4072 sit
465 4010 531 4070 in
577 4005 903 4084 ancillam,
938 4013 1006 4067 ut
1054 4005 1221 4068 lavet
1270 4007 1461 4089 pedes
1512 4026 1841 4072 servorum

334 4106 587 4170 domini
628 4105 779 4167 mei.
812 4104 1101 4186 Denique
1138 4113 1289 4167 sunt
1326 4107 1703 4169 mercenarii
1734 4107 1845 4170 bo-

1954 3124 2068 3188 Job
2107 3124 2378 3187 habetur
2413 3142 2426 3185 :
2460 3122 2526 3185 Si
2565 3124 2867 3186 direxerit
2904 3125 3094 3188 homo
3133 3127 3211 3188 ad
3253 3128 3450 3190 Deum
3506 3145 3588 3190 ,ιοῡ
3603 3161 3744 3200 xxm,

1958 3241 2066 3286 cor
2113 3240 2324 3296 suum,
2369 3221 2666 3302 spiritum
2699 3220 2872 3284 illius
2910 3231 2973 3285 et
2999 3222 3226 3287 flatum
3265 3226 3344 3287 ad
3383 3245 3452 3288 se
3481 3211 3546 3252 ¹⁴·

1956 3321 2182 3383 trahet.
2216 3323 2302 3381 E'c
2336 3325 2656 3381 oscalatus
2687 3329 2778 3381 est
2805 3340 2974 3390 eum,
3009 3321 3072 3382 id
3111 3331 3227 3398 est,
3259 3323 3452 3387 fami-

1954 3419 2197 3481 liariter
2225 3427 2288 3480 et
2323 3417 2546 3480 intime
2583 3425 2774 3499 atque
2814 3419 3095 3482 suaviter
3133 3437 3281 3484 eum
3324 3423 3446 3488 sibi

1956 3517 2179 3588 univit,
2198 3516 2286 3577 ita
2313 3516 2484 3597 quod
2517 3533 2735 3598 pacem
2762 3516 3076 3579 internam
3106 3520 3165 3580 ei
3197 3519 3446 3595 infudit,

1957 3633 2071 3697 per
2098 3632 2285 3696 quam
2317 3632 2493 3675 mens
2525 3613 2592 3674 in
2623 3613 2748 3676 Deo
2781 3613 3025 3696 absque
3067 3618 3450 3698 perturbati-

1956 3732 2077 3777 one
2105 3712 2392 3795 quiescit.
2414 3711 2581 3774 sicut
2609 3712 2675 3773 in
2705 3711 2978 3775 Canticis
3007 3721 3144 3777 orat
3167 3714 3443 3797 Sponsa:

1956 3810 2288 3874 Osculetur
2315 3829 2419 3872 me
2446 3809 2663 3873 osculo
2691 3810 2820 3873 oris
2851 3810 2972 3873 sui.
2999 3812 3128 3876 Hoc
3154 3815 3446 3877 osculum
3497 3841 3726 3892 eumq,

1956 3917 2052 3972 est
2082 3909 2378 3983 adhaesio,
2414 3908 2566 3970 unio
2605 3926 2718 3970 seu
2757 3908 3173 3975 conformatio
3213 3914 3446 3976 mentis

1954 4013 2180 4071 creatae
2205 4025 2354 4069 cum
2383 4005 2523 4080 Deo,
2543 4006 2696 4088 quia
2727 4015 2798 4069 ut
2825 4008 2911 4069 ait
2932 4009 3274 4091 Apostolus
3295 4011 3446 4085 :Qui
3478 4035 3738 4091 mamm.

1954 4106 2233 4168 adhaeret
2251 4104 2396 4180 Deo,
2432 4123 2598 4167 unus
2637 4104 2902 4186 spiritus
2941 4115 3038 4170 est
3077 4127 3224 4172 cum
3267 4111 3402 4174 illo.

334 4205 425 4280 ni,
448 4205 567 4286 qui
602 4203 893 4266 serviunt
926 4203 1049 4266 Deo
1080 4221 1195 4285 pro
1225 4203 1643 4267 retributione
1672 4215 1845 4268 aeter-
1875 4211 1924 4273 D
2045 4204 2223 4267 Circa
2267 4203 2402 4266 haec
2448 4203 2536 4265 ait
2577 4202 3059 4285 chrysostomus
3093 4225 3108 4269 ε
3142 4205 3304 4279 Quid
3353 4218 3451 4274 est

334 4325 417 4367 na
450 4323 465 4367 :
501 4303 747 4386 quibus
790 4301 1047 4376 dicitur,
1082 4301 1564 4376 confortamini,
1606 4312 1670 4366 et
1716 4323 1842 4367 non

332 4403 775 4468 dissolvantur
804 4419 1031 4462 manus
1064 4407 1308 4474 vestrae,
1334 4400 1457 4462 erit
1484 4400 1653 4463 enim
1687 4421 1849 4464 mer-

332 4522 438 4566 ces
493 4501 680 4584 operi
736 4507 967 4562 vestro.
1021 4498 1144 4560 Alii
1198 4516 1347 4562 vero
1402 4508 1552 4561 sunt
1603 4519 1845 4564 merce-

334 4601 501 4665 narii
534 4599 713 4673 mali,
747 4598 861 4680 qui
893 4616 1008 4680 pro
1040 4598 1371 4680 temporali
1403 4601 1694 4661 mercede
1726 4599 1849 4664 Deo

334 4700 585 4763 servire
635 4698 956 4760 videntur.
1010 4695 1185 4758 Unde
1245 4695 1312 4757 in
1356 4696 1594 4759 Ioanne
1641 4697 1849 4779 loqui-

108 4809 309 4896 gm.x.
336 4808 443 4862 tur
484 4796 777 4861 Christus
812 4812 827 4857 ι
859 4794 1281 4856 Mercenarius
1318 4803 1380 4857 et
1423 4795 1533 4875 qui
1576 4814 1701 4859 non
1752 4804 1849 4858 est

342 4905 582 4978 pastor,
628 4893 791 4958 vidit
838 4893 1065 4974 lupum
1117 4893 1500 4966 venientem,
1546 4901 1609 4954 et
1658 4893 1841 4974 fugit.

410 4997 499 5056 Ec
524 5011 823 5069 sumens,
856 4989 921 5052 id
946 4997 1063 5063 est,
1098 5007 1135 5050 a
1167 4989 1439 5071 peccatis
1471 5008 1541 5052 se
1569 4991 1842 5072 erigenS,

344 5098 405 5154 et
450 5111 491 5153 a
546 5089 913 5153 carnalibus
970 5089 1049 5151 ad
1103 5087 1461 5169 spiritualia
1518 5107 1584 5150 se
1632 5089 1848 5172 dispo-

345 5209 533 5264 nenS,
564 5190 745 5250 venit
792 5191 880 5248 ad
908 5196 1168 5265 patrem
1202 5207 1421 5257 suum,
1462 5188 1525 5249 id
1574 5194 1689 5262 est,
1734 5207 1849 5270 per

344 5289 762 5362 attritionem,
796 5295 859 5348 et
900 5304 1013 5367 per
1042 5303 1237 5367 opera
1272 5284 1438 5348 bona
1476 5302 1551 5348 ex
1589 5303 1844 5367 genere,

155 5001 217 5056 20

1953 4303 2124 4384 quod
2186 4308 2363 4383 pater
2409 4301 2705 4376 accurrit,
2760 4300 2882 4363 nisi
2940 4305 3113 4384 quod
3170 4310 3448 4388 peccatis

1956 4399 2188 4463 nostris
2218 4419 2332 4462 nos
2372 4399 2892 4481 impedientibus,
2929 4403 3187 4484 propria
3217 4405 3450 4472 virtute

1953 4500 2031 4561 ad
2072 4517 2219 4560 eum
2260 4498 2479 4560 venire
2517 4516 2643 4560 non
2685 4503 3091 4580 poteramus?
3121 4502 3262 4585 lpse
3305 4506 3448 4586 pius

1956 4605 2019 4660 et
2066 4605 2289 4679 potens
2332 4599 2410 4659 ad
2461 4597 2771 4661 invalidos
2816 4598 3164 4662 descendit.
3199 4600 3454 4666 Oscula-

1957 4704 2061 4757 tur
2106 4703 2320 4757 autem
2368 4714 2438 4758 os
2494 4694 2642 4770 filii,
2694 4714 2809 4777 per
2858 4696 3030 4777 quod
3089 4700 3323 4762 emissa
3373 4704 3450 4765 de

1956 4793 2144 4857 corde
2189 4792 2502 4856 confessio
2550 4795 2918 4875 poenitentis
2966 4796 3224 4873 exierat,
3256 4817 3450 4880 quam

1957 4899 2134 4975 pater
2185 4892 2366 4954 laetus
2418 4892 2719 4974 suscepit.
2769 4894 2874 4956 Ait
2921 4913 3181 4977 quoque
3225 4896 3452 4980 Grego-

1958 4991 2089 5053 rius
2138 4990 2456 5072 Nyssenus
2491 5008 2506 5052 :
2541 4990 2864 5055 Confessio
2915 4993 3188 5075 placavit
3233 4996 3290 5057 ei
3344 5017 3452 5079 pa-

1956 5098 2141 5164 trem,
2180 5089 2266 5151 ita
2304 5097 2374 5150 ut
2409 5088 2662 5152 obviam
2703 5090 2761 5151 ei
2803 5091 2943 5165 iret,
2975 5111 3048 5154 ac
3091 5094 3308 5156 oscula
3345 5097 3450 5158 da-

1959 5195 2073 5250 ret.
2108 5187 2173 5249 Si
2205 5205 2353 5268 ergo
2385 5195 2448 5249 et
2487 5206 2600 5250 nos
2631 5197 2923 5269 optamus
2964 5197 3034 5251 ut
3061 5190 3224 5254 Deus
3265 5193 3452 5258 nobis

1957 5284 2306 5352 clementer
2343 5293 2650 5362 accurrat,
2693 5286 3049 5364 subveniat,
3093 5290 3280 5366 adsit,
3314 5311 3450 5357 cor-
