4300 6259
1186 535 1537 586 mmai-10
1580 539 1643 585 IN
1683 535 1821 585 aar.
1869 537 1905 584 v
1946 533 2224 588 sozimus.
2269 560 2350 571 —
2389 539 2531 588 aar.
2577 540 2682 587 xiv
3362 522 3485 591 369

370 702 536 765 sicat
562 704 763 781 Pater,
797 706 1075 770 animam
1116 709 1365 791 corpori
1409 710 1778 784 reuniend0,
1814 715 1883 772 ut
1911 709 1962 771 A
1993 709 2086 771 nit
2115 711 2239 774 Deo
2272 711 2580 786 absolute,
2615 713 2966 775 secundum
3000 720 3285 775 naturam
3319 713 3488 776 Divi-

366 809 585 864 totum
635 806 1058 886 compositum
1108 807 1335 870 habeat
1376 809 1567 871 vitam
1618 816 1879 884 naturae,
1988 809 2228 882 nitatis,
2267 811 2565 872 convenit
2605 810 2871 872 cuilibet
2911 811 3144 874 divinae
3173 811 3478 874 Personae.

368 901 550 963 sicut
593 909 655 963 et
702 911 849 965 ante
908 913 1174 968 mortem
1237 905 1529 969 habebat.
1581 908 1757 969 Unde
1816 907 1879 968 in
1988 906 2276 970 Judicare
2313 915 2526 970 autem
2560 909 2848 973 homines
2889 910 3220 974 universos
3259 927 3488 973 conve-

64 1017 335 1072 means.
366 999 565 1062 libris
598 1001 835 1082 Regum
869 1003 1195 1066 inducitur
1226 1023 1240 1068 :
1276 1005 1579 1069 Dominus
1610 1006 1884 1068 mortifi-
1992 1007 2088 1067 nit
2134 1007 2280 1078 Deo,
2331 1009 2682 1069 secundum
2732 1009 2899 1089 quod
2952 1009 3138 1089 DeuS‚
3189 1009 3486 1071 videlicet

369 1107 481 1160 cat
504 1107 567 1162 et
595 1099 903 1176 vivificat,
937 1104 1192 1166 deducit
1228 1106 1305 1167 ad
1337 1104 1574 1168 inferos
1605 1112 1667 1166 et
1698 1106 1882 1167 redu·
1991 1107 2342 1168 secundum
2379 1106 2701 1188 propriam
2742 1114 3053 1169 naturam.
3087 1107 3286 1170 Aliter
3324 1126 3484 1169 vane
3513 1131 3778 1184 ramum,

64 1198 488 1270 sufflamen.
540 1199 705 1261 Deus
763 1201 935 1262 enim
996 1202 1185 1265 habet
1232 1205 1577 1286 imperium
1628 1205 1772 1266 vitae
1820 1212 1879 1265 et
1989 1205 2419 1266 constituisset
2467 1204 2637 1268 filios
2689 1206 3020 1269 hominum
3075 1225 3088 1268 :
3142 1208 3313 1287 quod
3369 1225 3484 1288 pro
3511 1197 3602 1260 ⁴⁸·-

370 1297 627 1359 mortiS.
656 1296 932 1363 Mortuos
972 1317 1123 1364 vero
1160 1302 1577 1383 spiritualiter
1604 1303 1711 1382 (de
1739 1302 1881 1383 qui·
1989 1301 2459 1366 inconvenienti
2504 1304 2691 1365 habet
2722 1303 3083 1382 Psalmista;
3136 1311 3198 1366 et
3240 1311 3485 1367 contra-

66 1405 337 1456 muana,
374 1393 505 1455 bus
544 1395 633 1457 ait
670 1394 954 1460 Salvator
992 1400 1165 1480 apud
1208 1398 1589 1473 Matthaeum,
1626 1398 1879 1461 Dimitte
1990 1400 2188 1462 riatur
2233 1401 2333 1464 his
2376 1421 2520 1484 quae
2568 1402 2634 1463 in
2681 1402 2843 1465 libro
2882 1402 2997 1465 Job
3048 1403 3478 1478 continentur,

66 1469 130 1512 ²²·
372 1503 667 1557 mortuos
716 1495 988 1577 sepelire
1037 1506 1319 1562 mortuos
1363 1499 1561 1580 suos),
1593 1501 1874 1573 suscitat,
1989 1499 2283 1562 videlicet
2325 1519 2340 1563 ε
2391 1501 2842 1564 Universorum
2900 1499 3100 1563 finem
3150 1501 3286 1583 ipso
3336 1521 3484 1564 con-
3533 1517 3618 1561 ποι
3635 1527 3772 1573 simu,

374 1592 667 1674 itemque
721 1593 1009 1658 vivificat
1058 1595 1259 1672 Pater,
1303 1597 1558 1679 culpam
1610 1598 1878 1661 delendo
1988 1599 2268 1678 siderat3
2333 1617 2703 1680 rursusque,
2779 1598 3192 1682 Omnipotens
3261 1619 3480 1662 causas
3510 1583 3775 1695 {istum

375 1699 445 1754 et
469 1693 739 1773 gratiam
773 1694 1184 1770 restituendo,
1220 1704 1408 1778 prout
1446 1698 1522 1759 ad
1569 1696 1877 1778 Ephesios
1988 1696 2380 1776 singulorum
2426 1697 2798 1760 intuebitur.
2851 1697 3011 1760 Hinc
3059 1716 3316 1780 quoque
3368 1717 3482 1780 per
3513 1711 3580 1752 13-

66 1803 345 1860 ephesas.
378 1791 723 1873 Apostolus
770 1793 924 1856 dicit
975 1812 991 1856 ε
1051 1793 1256 1882 Quum
1307 1812 1590 1858 essemus
1644 1795 1875 1859 mortui
1983 1795 2320 1857 Ieremiam
2359 1797 2664 1858 asseritur
2699 1815 2712 1858 :
2749 1795 3236 1870 Domine.DeuS‚
3270 1795 3484 1860 fortis-
3532 1819 3773 1872 numu,

378 1892 681 1972 peccatiS,
716 1891 1195 1955 convivificavit
1224 1912 1339 1956 nos
1380 1893 1645 1958 Christo.
1680 1898 1794 1957 Sic
1818 1907 1879 1956 et
1915 1893 1961 1955 B
1989 1894 2170 1967 sime,
2233 1913 2498 1976 magnus
2557 1895 2822 1959 consilio
2879 1903 2944 1956 et
2999 1895 3486 1978 incomprehen-
3515 1884 3581 1933 ¹⁸·
3605 1885 3670 1924 ¹⁹·

380 1991 628 2060 Filius,
668 2011 826 2070 quos
876 1995 1017 2052 vult
1070 1993 1359 2068 vivificat
1407 2013 1429 2052 .·
1480 2011 1605 2055 non
1658 1993 1879 2075 utique
1988 1993 2194 2055 sibilis
2255 1994 2551 2075 cogitatu,
2617 1995 2801 2074 cujus
2859 1994 3028 2057 oculi
3081 1994 3284 2076 aperti
3337 2001 3486 2056 sunt

376 2087 537 2151 alios
576 2096 686 2150 aut
726 2089 1057 2171 pauciores
1106 2110 1300 2172 quam
1350 2091 1547 2165 Pater,
1584 2093 1691 2154 sed
1744 2111 1880 2155 eos·
1989 2111 2183 2174 super
2226 2110 2446 2156 omnes
2491 2075 2921 2166 filios'Adam,
2963 2100 3032 2154 ut
3082 2094 3304 2155 reddas
3351 2093 3487 2155 uni-

376 2187 525 2249 dem
567 2195 630 2249 et
688 2206 870 2270 aeque
926 2188 1184 2262 multoS,
1245 2190 1545 2270 quoniam
1597 2191 1879 2272 operatio
1990 2190 2224 2271 cuique
2264 2192 2612 2253 secundum
2666 2191 2796 2253 vias
2836 2209 2980 2253 suas
3023 2200 3086 2253 et
3135 2192 3486 2254 secundum

377 2285 579 2348 Patris
626 2294 689 2348 et
725 2286 869 2348 Filii
912 2289 992 2350 ad
1038 2297 1233 2362 extra,
1269 2296 1363 2350 est
1412 2289 1667 2370 penitus
1718 2290 1882 2354 indi-
1990 2287 2268 2351 fructum
2312 2289 2838 2353 adinventionum
2883 2308 3164 2352 suarum.

378 2384 537 2446 visa.
594 2384 669 2446 Et
716 2385 885 2448 idem
945 2387 1288 2449 dicendum
1347 2395 1441 2448 est
1500 2389 1577 2450 de
1636 2388 1879 2471 Spiritu
2070 2387 2303 2450 Verum
2333 2389 2550 2451 omnia
2581 2388 2700 2450 ista
2728 2397 2919 2471 atque
2949 2388 3208 2468 similia,
3235 2408 3360 2451 una
3391 2407 3490 2452 so·

110 2499 348 2548 icomn.
378 2481 631 2557 Sancto,
667 2484 746 2545 de
783 2502 913 2566 quo
952 2482 1121 2545 fatur
1150 2485 1487 2566 Apostolus
1522 2504 1535 2548 ε
1573 2486 1715 2549 Haec
1748 2507 1880 2550 om·
1990 2485 2233 2549 lutione
2263 2487 2600 2550 solvuntur
2628 2495 2690 2548 et
2721 2488 3205 2550 concordantur.
3231 2487 3488 2569 Oportet

75 2567 141 2608 ¹¹·
382 2583 487 2644 nia
534 2590 832 2665 operatur
891 2602 1057 2646 unus
1116 2590 1308 2665 atque
1358 2584 1527 2647 idem
1577 2584 1874 2667 Spiritus,
1991 2602 2139 2664 ergo
2189 2585 2538 2666 advertere,
2589 2586 2759 2666 quod
2812 2585 2876 2646 in
2925 2585 3167 2666 judicio
3215 2593 3488 2671 quatuor

378 2681 675 2746 dividens
705 2681 975 2763 singulis
1009 2690 1200 2765 prout
1228 2682 1383 2744 vult.
1409 2683 1583 2746 Unde
1614 2685 1690 2746 de
1721 2684 1879 2747 Filio
1991 2683 2471 2746 considerantur
2505 2703 2518 2746 :
2565 2684 2794 2765 primo,
2826 2683 3163 2746 auctoritas
3199 2683 3490 2763 judican-

381 2801 555 2844 nunc
602 2781 861 2856 dicitur,
894 2780 1058 2854 Quos
1109 2781 1247 2843 vult
1294 2780 1602 2862 vivificat,
1652 2784 1728 2845 ad
1780 2783 1879 2845 in-
1992 2782 2055 2843 di
2106 2800 2218 2844 seu
2260 2781 2595 2863 judiciaria
2635 2790 2950 2864 potestas;
3002 2783 3302 2857 secundo,
3349 2783 3490 2864 ipsa

378 2881 773 2943 sinuandum
819 2882 991 2963 quod
1035 2880 1231 2943 Filius
1281 2881 1411 2961 agit
1467 2889 1715 2963 sponte,
1766 2883 1883 2944 im·
1993 2880 2290 2943 discretio
2351 2880 2502 2943 boni
2557 2900 2593 2943 a
2640 2880 2830 2960 malo,
2882 2880 3177 2942 videlicet
3225 2880 3490 2944 interior

376 2979 707 3062 perialiter
755 2987 819 3042 et
861 2979 1121 3062 propria
1158 2980 1553 3052 auctoritate,
1581 2986 1880 3061 tanquam
1990 2978 2364 3060 approbatio
2403 2979 2576 3048 boni,
2617 2987 2809 3061 atque
2855 2979 3118 3042 interior
3161 2979 3489 3043 detestatio

381 3096 571 3140 verus
612 3077 797 3151 Deus,
832 3079 1185 3140 secundum
1224 3078 1395 3159 quod
1436 3077 1590 3140 dicit
1618 3079 1883 3161 Aposto-
1919 3073 1961 3138 C
1994 3077 2166 3138 mali.
2200 3076 2515 3150 Quantum
2545 3079 2622 3140 ad
2655 3077 2789 3140 haec
2820 3079 2966 3151 duo,
3001 3077 3315 3158 judicium
3349 3097 3490 3141 con·

112 3193 289 3249 Epha.
314 3207 347 3244 ι.
378 3165 751 3239 lustomnia
782 3184 1082 3260 operatur
1110 3177 1462 3239 secundum
1496 3177 1881 3259 propositum
1994 3177 2168 3238 venit
2218 3175 2324 3239 toti
2379 3176 2668 3239 Trinitati
2726 3176 3126 3258 singulisque
3174 3176 3483 3240 Personis.

70 3261 135 3308 ¹¹·
158 3261 201 3300 ⁵·
380 3275 729 3339 voluntatis
776 3293 930 3338 suae.
974 3274 1148 3348 Quod
1195 3283 1407 3336 autem
1452 3274 1645 3337 Filius
1694 3275 1882 3357 spiri·
1991 3273 2222 3349 Tertio,
2277 3275 2417 3356 ipsa
2473 3274 2742 3356 prolatio
2790 3275 3118 3336 sententiae
3165 3274 3487 3337 sensibilis

381 3374 640 3437 tualiter
670 3374 953 3448 suscitet,
988 3374 1183 3436 claret
1212 3392 1289 3435 ex
1320 3372 1517 3438 verbo
1551 3374 1872 3456 Apostoli:
1989 3379 2181 3454 atque
2229 3374 2502 3437 exterior
2544 3392 2557 3435 :
2601 3381 2664 3434 et
2701 3374 2908 3454 quoad
2957 3373 3099 3452 hoc,
3141 3372 3319 3435 Pater
3359 3391 3484 3436 non

70 3491 349 3542 nanu.
380 3471 603 3554 Surge,
636 3473 751 3554 qui
791 3473 1051 3546 dormiS,
1096 3481 1159 3534 et
1196 3490 1465 3552 exsurge
1501 3491 1537 3534 a
1584 3473 1875 3548 mortuiS,
1986 3470 2230 3551 judicat
2285 3489 2699 3553 quemquam,
2743 3472 2852 3532 sed
2913 3471 3083 3535 solus
3142 3470 3338 3533 Filius
3390 3489 3485 3532 se-

380 3580 442 3634 et
490 3571 884 3634 illuminabit
932 3579 993 3633 te
1034 3571 1342 3634 ChristuS.
1377 3569 1496 3632 Sed
1548 3590 1749 3652 quum
1803 3572 1880 3634 de
1990 3570 2269 3632 cundum
2339 3577 2625 3631 naturam
2693 3576 3106 3650 assumptam.
3167 3569 3297 3632 lmo
3363 3569 3482 3632 hoc

379 3669 557 3733 Patre
588 3670 833 3733 dictum
863 3677 980 3744 est,
1015 3669 1193 3732 Sicut
1221 3668 1399 3732 Pater
1428 3669 1689 3732 suscitat
1720 3689 1881 3734 mor·
1988 3670 2176 3732 modo
2231 3669 2393 3730 Deus
2446 3666 2718 3730 Trinitas
2776 3667 3092 3748 judicabit
3147 3667 3483 3730 auctorita-

379 3777 521 3832 tuos
553 3776 615 3831 et
646 3767 978 3832 vivificat:
1013 3787 1211 3851 quare
1260 3769 1338 3830 de
1368 3767 1526 3831 Filio
1571 3787 1697 3830 non
1735 3768 1880 3831 sub·
1989 3767 2137 3841 tivc,
2183 3785 2296 3848 per
2345 3766 2666 3830 Christum
2715 3765 3043 3828 hominem
3091 3765 3476 3841 exsecutive‚

380 3869 575 3940 ditur,
608 3868 713 3930 Sic
762 3877 826 3930 et
868 3866 1086 3942 Filius,
1122 3885 1283 3949 quos
1334 3866 1471 3929 vult
1518 3867 1780 3929 suscitat
1817 3874 1878 3930 et
1985 3864 2167 3946 juxta
2212 3865 2370 3927 illud
2418 3864 2691 3926 Actuum
2746 3881 2760 3925 ε
2816 3862 2976 3925 Deus
3035 3862 3252 3925 statuit
3311 3864 3480 3927 diem
3551 3887 3772 3939 acam.

380 3966 687 4040 vivificat,
736 3966 861 4028 nisi
909 3967 1063 4048 quia
1110 3965 1434 4028 suscitatio
1479 3967 1543 4028 in
1592 3966 1881 4029 vivifica·
1990 3965 2053 4026 in
2113 3983 2242 4046 quo
2297 3950 2696 4045 judicaturus
2755 3969 2849 4024 est
2907 3961 3126 4025 orbem
3183 3970 3365 4026 terrae
3413 3963 3478 4024 in
3509 3953 3576 3993 ³¹·

378 4066 555 4129 tione
598 4065 997 4128 includitur?
1986 4063 2303 4144 aequi‘tate,
2339 4063 2403 4124 in
2437 4062 2574 4126 viro
2604 4079 2796 4144 quem
2828 4061 3066 4123 statuit.
3103 4060 3279 4123 Tunc
3307 4061 3480 4124 enim

158 4167 235 4220 22
464 4167 687 4245 Neque
714 4166 891 4224 enim
928 4166 1133 4226 Pater
1155 4164 1423 4240 judicat
1462 4183 1873 4243 quemquam,
1989 4161 2322 4224 manifeste
2367 4161 2577 4224 veniet
2625 4161 2788 4222 Deus
2837 4168 3071 4235 noster,
3114 4167 3175 4221 et
3223 4178 3348 4223 non
3400 4160 3483 4222 si·
3507 4183 3773 4236 Ps.xux,a.

378 4267 489 4324 sed
524 4282 711 4324 omne
733 4263 1076 4340 judicium
1114 4263 1295 4323 dedic
1323 4262 1522 4323 Filio.
1556 4260 1879 4334 Quomodo
1909 4266 1958 4327 D
1990 4261 2165 4336 lebit,
2216 4262 2472 4343 quando
2517 4260 2583 4322 in
2635 4260 2738 4322 die
2782 4259 3010 4341 judicii
3062 4258 3369 4322 videbunt
3413 4259 3478 4322 in
3507 4279 3769 4334 amam,

380 4380 603 4425 verum
636 4367 731 4423 est
759 4360 923 4423 hoc?
953 4358 1017 4421 Si
1047 4358 1220 4421 enim
1252 4359 1525 4422 indivisa
1554 4367 1703 4421 sunt
1729 4378 1881 4442 ope-
1986 4378 2180 4440 quem
2231 4357 2707 4420 transfixerunt.
2751 4357 3000 4432 Quarto,
3045 4358 3481 4421 consideratur
3509 4345 3577 4388 ³⁷·

380 4479 449 4521 ra
506 4459 705 4521 Patris
762 4477 837 4521 ac
891 4456 1056 4532 Filii,
1109 4475 1581 4538 quemcumque
1637 4457 1879 4538 judicat
1988 4457 2053 4518 in
2098 4456 2342 4538 judicio
2391 4456 2530 4537 ipsa
2579 4455 2913 4518 retributio
2963 4474 3166 4537 poenae
3208 4455 3307 4519 vel
3353 4456 3482 4537 glo-

378 4559 602 4634 Filius,
625 4559 869 4640 judicat
897 4556 1098 4619 Pater.
1134 4557 1390 4630 lterum,
1423 4558 1744 4638 quomodo
1771 4556 1879 4618 Pa·
1988 4557 2098 4618 riae
2130 4574 2142 4617 :
2190 4561 2252 4616 et
2289 4555 2382 4617 sic
2419 4571 2678 4635 quoque
2718 4553 2835 4616 soli
2873 4553 2998 4617 Deo
3042 4553 3483 4636 principaliter

380 4667 477 4722 ter
524 4677 653 4722 non
702 4656 965 4739 judicat,
1018 4657 1127 4717 sed
1185 4655 1405 4729 Filius,
1459 4673 1659 4736 quum
1713 4653 1879 4717 infra
1988 4655 2340 4716 secundum
2372 4651 2651 4715 divinam
2686 4659 2977 4713 naturam
3005 4651 3316 4733 judicium
3347 4671 3484 4716 con-

70 4771 347 4824 ane-nam,
382 4757 579 4820 Filius
622 4756 811 4830 dicat,
854 4753 982 4836 Ego
1028 4773 1153 4817 non
1195 4753 1415 4834 judico
1460 4771 1872 4835 quemquam,
1966 4751 2185 4825 ·venit,
2219 4750 2571 4833 praesertim
2619 4757 2927 4830 quantum
2978 4751 3055 4811 ad
3097 4749 3316 4829 gloriae
3359 4749 3485 4812 col·

76 4839 235 4886 '⁵¹⁵⁰‘
380 4855 619 4939 estqui
665 4861 909 4937 quaerat
946 4861 1009 4915 et
1034 4852 1299 4932 judicet,
1352 4852 1596 4914 scilicet
1650 4851 1876 4914 Pater?
1988 4851 2309 4914 lationem.
2345 4848 2554 4922 Porro,
2589 4847 2760 4929 quod
2797 4847 2994 4909 Filius
3039 4847 3146 4921 ait,
3189 4845 3318 4928 Ego
3357 4867 3482 4911 non

378 4954 454 5017 Et
500 4956 554 5016 si
589 4941 770 5016 Pate'r
819 4970 945 5015 non
994 4949 1237 5032 judicat
1284 4968 1697 5032 quemquam,
1731 4969 1879 5031 quo-
1985 4949 2204 5031 judico
2253 4966 2666 5029 quemquam,
2720 4945 3208 5025 intelligendum
3265 4955 3361 5008 est
3408 4947 3486 5010 de
3541 4997 3550 5007 .

92 5069 179 5114 ,ποι
198 5085 349 5122 um,
380 5054 569 5118 modo
598 5070 823 5116 verum
872 5057 969 5112 est
998 5049 1158 5111 illud
1189 5049 1255 5111 in
1300 5048 1432 5124 Job,
1467 5047 1647 5110 Absit
1688 5068 1725 5110 a
1756 5048 1880 5111 Deo
1986 5046 2230 5128 judicio
2299 5043 2764 5117 retributionis,
2823 5052 3135 5124 quantum
3207 5046 3286 5108 ad
3359 5045 3488 5127 pri-

76 5137 235 5182 mm.
379 5153 676 5235 impietas
707 5156 770 5211 et
796 5148 876 5211 ab
906 5147 1351 5229 omnipotente
1380 5146 1879 5229 iniquitas‚opus
1988 5163 2164 5206 mum
2215 5142 2445 5206 Christi
2494 5143 2862 5216 adventum,
2909 5140 2971 5203 in
3023 5161 3153 5223 quo
3203 5160 3328 5205 non
3381 5160 3489 5206 ve-

376 5252 549 5314 enim
582 5247 863 5311 hominis
895 5246 1114 5308 reddet
1144 5245 1225 5319 ei,
1259 5253 1323 5306 et
1357 5244 1536 5325 juxta
1576 5244 1709 5306 vias
1751 5245 1881 5306 sin-
1988 5243 2083 5305 nit
2119 5242 2427 5322 judicare,
2463 5241 2573 5303 sed
2612 5239 2908 5321 judicari.
2949 5237 3054 5302 Sic
3095 5256 3265 5320 ergo,
3309 5239 3486 5302 Pater

374 5350 677 5432 gulorum
720 5345 1049 5408 restituet?
1088 5343 1397 5426 Denique,
1431 5343 1604 5424 quod
1643 5360 1877 5406 conve·
1990 5361 2116 5405 non
2160 5339 2405 5422 judicat
2447 5357 2860 5421 quemquam,
2903 5337 2968 5400 id
3015 5345 3131 5414 est,
3173 5356 3301 5401 non
3343 5357 3486 5421 pro-

628 5479 695 5532 T.
730 5478 812 5531 12.
3169 5470 3232 5522 24
