4300 6259
577 3736 748 3778 Maeui.

523 3812 636 3847 xxvi.
673 3801 718 3840 3¹
747 3813 756 3822 ·

524 3863 675 3906 Marc.
706 3875 771 3903 xiv

523 3926 591 3967 2¹1.

542 4515 704 4560 Ioann.
717 4527 774 4557 ιιι

526 4580 594 4622 27.

569 4640 690 4684 lbid.
704 4654 789 4692 xm,

527 4705 571 4745 2¹
584 4735 594 4747 .

553 4914 655 4957 Act.
673 4927 702 4964 1,
726 4916 760 4955 l.

826 481 947 544 526

1563 493 1910 540 amaluino
1953 493 2014 538 IN
2057 491 2197 537 cAP.
2242 489 2349 536 xw
2386 487 2661 534 Jomxts.
2706 506 2787 516 —
2830 488 2973 532 Am.
3020 487 3187 533 XXIV

821 669 1034 750 ipsum
1067 686 1178 730 seu
1209 667 1405 729 vitam
1435 664 1826 747 corporalem
1858 680 1975 744 pro
2005 669 2114 724 tuo
2141 677 2314 722 amo-
2344 657 2393 718 Α
2424 678 2522 718 me
2566 677 2759 734 pones
2814 657 2933 720 hac
2985 657 3163 719 vice?
3212 655 3339 718 Hoc
3395 654 3553 717 dicit
3604 653 3909 726 Salvator,

753 833 770 844 ,
823 786 888 829 re
917 774 980 828 et
1021 785 1134 848 pro
1175 775 1236 828 te
1265 765 1546 827 finaliter
1576 762 1957 845 possidendo
1997 760 2183 823 morti
2216 777 2317 820 ex-

823 885 1077 948 ponam.
1112 864 1410 937 Quamvis
1454 863 1572 926 hoc
1611 861 1844 923 salsum
1889 859 2081 921 fucrit
2121 865 2315 919 mate-

821 964 1060 1025 rialiter
1101 981 1217 1044 pro
1259 969 1544 1043 tempore
1589 959 1926 1023 dominicae
1974 956 2310 1040 passioniS,

819 1065 971 1145 quia
1011 1061 1376 1143 oppositum
1415 1059 1680 1137 accidit3
1713 1066 1924 1120 tamen
1964 1055 2317 1119 formaliter

821 1178 1040 1224 verum
1089 1158 1231 1232 fuit,
1268 1159 1568 1240 quoniam
1623 1157 1837 1218 Petrus
1887 1155 1980 1217 sic
2027 1154 2317 1216 intende-

815 1259 947 1320 bat.
972 1257 1091 1319 Sed
1121 1257 1440 1339 quomodo
1469 1253 1740 1316 audebat
1769 1261 1894 1315 tam
1927 1259 2142 1334 aperte
2174 1270 2317 1314 con-

817 1357 1126 1419 tradicere
1177 1353 1387 1416 verbis
1426 1353 1700 1417 Christi?
1741 1352 2061 1432 Numquid
2113 1350 2317 1413 voluit

819 1455 1136 1518 Christum
1201 1451 1470 1534 probare
1525 1452 1944 1513 mendacem?
1999 1449 2134 1512 Non
2197 1448 2316 1509 uti—

817 1571 976 1634 que3
1011 1552 1117 1613 sed
1150 1550 1312 1614 sorte
1343 1549 1589 1631 putavit
1619 1547 1813 1610 verba
1842 1547 2072 1611 Christi
2104 1547 2317 1629 mysti-

818 1669 889 1712 ce
933 1649 1361 1730 intelligenda,
1399 1647 1497 1710 vel
1532 1646 2006 1728 praeadvisando
2047 1645 2309 1728 prolata,

821 1750 906 1811 ita
935 1748 1104 1831 quod
1149 1747 1540 1829 pertinerent
1569 1745 1749 1827 quasi
1793 1745 1870 1806 ad
1912 1743 2311 1826 prophetiam

2424 775 2549 818 non
2588 755 2991 823 affirmando,
3026 755 3134 817 sed
3175 755 3281 836 pie
3318 753 3679 815 insultando
3716 760 3779 812 et
3806 751 3915 812 ab·

2422 855 2729 934 negando.
2781 853 3041 934 Propter
3082 853 3251 934 quod
3300 851 3593 913 subditur
3627 869 3640 911 ε
3674 855 3912 917 Amen,

2424 973 2613 1014 amen
2660 955 2803 1012 dico
2854 953 2994 1023 tibi,
3029 971 3153 1012 non
3204 952 3491 1012 cantabit
3528 953 3751 1026 yallus
3792 948 3911 1010 hac

2425 1059 2629 1124 nocte,
2662 1054 2886 1120 donec,
2918 1049 2979 1111 id
3026 1057 3121 1111 est
3162 1066 3517 1130 quousque,
3552 1057 3648 1108 ter
3678 1067 3777 1108 me
3805 1065 3915 1106 ne-

2415 1169 2544 1228 yes,
2578 1149 2751 1211 Idem
2794 1149 3015 1211 dicunt
3056 1147 3377 1209 Matthaeus
3424 1155 3487 1207 et
3532 1146 3753 1208 LucaS.
3788 1143 3909 1207 Sed

2424 1248 2675 1310 videtur
2732 1246 3142 1318 contrarium,
3192 1248 3363 1327 quod
3416 1244 3583 1326 apud
3632 1244 3907 1305 Marcum

2424 1347 2655 1426 legitur
2706 1364 2720 1407 :
2771 1345 2835 1406 ln
2887 1345 3005 1406 hac
3053 1351 3258 1423 nocte,
3308 1351 3645 1424 antequam
3702 1342 3909 1424 gallus

2423 1445 2521 1507 bis
2580 1427 2802 1506 vocem
2869 1441 3135 1515 dederit,
3198 1449 3295 1504 ter
3350 1460 3453 1503 me
3516 1460 3584 1503 es
3646 1451 3907 1522 negatu-

2426 1563 2553 1605 rus.
2616 1541 2986 1614 Dicendum,
3046 1542 3215 1622 quod
3276 1559 3388 1622 per
3441 1540 3589 1621 galli
3650 1550 3909 1604 cantum

2424 1640 2801 1721 intelligitur
2830 1648 3029 1702 totum
3070 1639 3443 1701 exercitium
3478 1639 3627 1720 galli
3660 1641 3725 1701 in
3768 1659 3914 1702 can-

2424 1743 2631 1814 tando,
2658 1740 2955 1802 videlicet
2988 1747 3210 1802 cantus
3248 1737 3387 1818 ejus
3428 1755 3631 1819 usque
3662 1739 3741 1800 ad
3772 1758 3915 1800 con·

819 1846 1352 1918 comminationiS,
1387 1863 1531 1926 quae
1559 1843 1900 1925 aliquando
1933 1861 2057 1905 non
2090 1842 2316 1924 imple—
2354 1841 2399 1902 B
2425 1839 2936 1912 summationem,
2998 1855 3109 1899 seu
3169 1845 3388 1899 cantus
3450 1837 3549 1897 sui
3613 1838 3914 1898 termina-

819 1955 943 2010 tur.
978 1947 1331 2024 Respondit
1359 1947 1540 2004 ,Iesus
1570 1965 1593 2003 .·
1623 1945 1938 2004 Animam
1973 1952 2150 2002 tuam
2190 1961 2314 2019 pro

2426 1940 2685 2002 tionem.

1845 2372 2494 2460 ARTICULUS
2570 2371 2885 2456 XXXV

1053 2651 1431 2698 DECLARATlo
1475 2649 1748 2697 currum
1791 2648 2225 2704 QnAn‘rmncuss
2270 2647 2283 2690 :
2330 2647 2404 2692 m·
2450 2646 2552 2692 Au·
2594 2645 2922 2692 mscu’uus
2966 2645 3097 2690 suls
3142 2644 3156 2689 t
3202 2642 3327 2689 NON
3368 2643 3680 2689 'runnss‘run

2141 2745 2259 2792 COR
2298 2745 2595 2792 vsssmmt.

949 3031 972 3092 l
983 3029 1140 3091 DEN
1149 3029 1189 3091 S
1231 3030 1494 3110 insuper
1522 3028 1808 3091 Christus
1846 3026 2090 3088 animas
2121 3025 2311 3088 disci-
2346 3024 2390 3089 C
2420 3023 2615 3106 partis
2643 3022 2952 3097 obfuscat,
2977 3041 3095 3085 nec
3127 3023 3355 3085 mentis
3385 3024 3913 3104 tranquillitatem

972 3129 1270 3211 pulcrum
1321 3127 1728 3190 vehementer
1774 3125 2082 3188 desolatas
2123 3143 2136 3186 ε
2184 3122 2309 3205 pri-

815 3247 942 3302 m0,
977 3226 1282 3310 quoniam
1311 3243 1378 3287 se
1410 3243 1556 3286 mox
1589 3224 1967 3287 moriturum
2000 3223 2306 3296 asseruit;

817 3326 1117 3399 secund0,
1171 3322 1323 3404 quia
1381 3322 1460 3384 ab
1513 3340 1640 3383 uno
1689 3321 1974 3403 ipsorum
2034 3339 2102 3382 se
2149 3320 2311 3383 dixit

813 3424 1228 3502 tradendum3
1264 3421 1468 3495 tertio,
1503 3420 1657 3503 quia
1703 3419 1862 3482 Petri
1909 3420 2305 3500 negationem

816 3522 1128 3603 praedixit.
1173 3521 1323 3594 lmo,
1371 3525 1442 3580 ut
1489 3519 1594 3581 alii
1649 3517 1933 3580 referunt
1983 3517 2313 3598 Evangeli-

815 3628 944 3696 stae,
967 3619 1224 3702 quando
1255 3618 1429 3681 Petro
1458 3617 1575 3680 hoc
1605 3617 1778 3690 dixit,
1803 3617 2028 3678 ceteris
2059 3633 2314 3697 quoquc

817 3716 1148 3800 discipulis
1197 3715 1597 3797 loquebatur,
1631 3713 1860 3776 Omnes
1901 3733 2010 3776 vos
2051 3713 2313 3776 scanda-

747 3830 787 3912 '‚
817 3815 950 3878 lum
984 3813 1313 3898 patiemini
1355 3821 1538 3876 nocte
1578 3813 1696 3874 ista
1736 3813 1800 3874 in
1843 3831 1965 3875 me.
1999 3812 2159 3874 Hinc
2201 3812 2313 3893 igi—

819 3921 922 3974 tur
975 3912 1391 3977 turbabantur
1440 3911 2018 3986 vehementissime,
2059 3911 2314 3972 intime—

819 4029 946 4093 que
987 4011 1304 4084 dolebant,
1341 4008 1688 4092 praesertim
1736 4009 2039 4091 quoniam
2081 4008 2313 4071 Christi

821 4129 965 4173 mox
996 4109 1275 4171 futuram
1308 4109 1857 4181 resurrectionem,
1893 4126 2206 4189 suamque
2234 4106 2313 4169 ab

2421 3123 2739 3186 diminuit.
2774 3121 3058 3185 Christus
3099 3140 3248 3185 vero
3289 3141 3460 3184 nunc
3497 3123 3794 3186 admonet
3832 3124 3915 3186 de

2418 3221 2779 3285 turbatione
2826 3221 3202 3296 inordinata,
3247 3221 3553 3284 rationem
3605 3223 3917 3304 pra-,veni-

2419 3328 2565 3382 ente
2602 3327 2663 3382 et
2697 3320 3106 3401 impediente,
3140 3337 3285 3401 quae
3324 3320 3461 3401 paci
3505 3327 3569 3381 et
3605 3321 3913 3402 tranquil-

2421 3418 2579 3481 litati
2627 3419 2974 3500 opponitur
3014 3437 3028 3481 :
3072 3437 3215 3500 quae
3260 3418 3538 3482 turbatio
3586 3420 3913 3500 consurgit

2420 3535 2497 3579 ex
2549 3517 2837 3599 passione
2884 3517 3081 3579 animi
3132 3517 3561 3591 immoderata,
3602 3525 3755 3599 puta
3800 3518 3915 3579 tri-

2422 3616 2612 3688 stitia,
2646 3616 2881 3689 dolore,
2924 3615 3037 3677 ira.
3072 3615 3238 3678 Talis
3278 3615 3471 3695 igitur
3506 3615 3783 3679 turbatio
3818 3623 3917 3677 est

2420 3711 2776 3793 abjicienda
2807 3713 2871 3774 in
2908 3714 3078 3776 omni
3118 3713 3517 3787 adversitate,
3554 3731 3669 3795 per
3698 3732 3912 3776 veram

2422 3831 2494 3873 ac
2532 3811 2823 3873 stabilem
2864 3811 3253 3896 patientiam,
3287 3820 3348 3873 et
3388 3812 3769 3874 studendum
3819 3821 3921 3875 est

2425 3911 2563 3992 paci
2608 3910 2896 3972 internae.

2506 4011 2778 4070 Creditis
2808 4011 2883 4068 in
2914 4012 3117 4069 Deum
3150 4026 3371 4071 verum
3409 4015 3473 4070 et
3504 4008 3747 4079 vivum,
3780 4027 3917 4072 om-

2424 4108 2603 4169 nium
2642 4107 3017 4170 Creatorem.
3051 4105 3233 4169 Forte
3279 4106 3577 4188 discipuli
3628 4108 3913 4170 nondum

823 4206 933 4270 illo
983 4207 1476 4270 consolationem
1528 4224 1653 4268 non
1702 4205 2128 4267 attenderunt.
2165 4205 2317 4266 Miti-
2346 4207 2396 4268 D
2423 4205 2780 4267 habuerunt
2808 4203 3173 4286 explicitam
3206 4205 3677 4287 resolutamque
3710 4205 3909 4269 fidem

818 4324 974 4387 gans
1023 4323 1173 4386 ergo
1222 4304 1505 4366 Christus
1553 4321 1770 4366 corum
1825 4321 2185 4376 memorem,
2218 4304 2315 4362 ait

820 4407 1163 4480 discipulis
1190 4406 1326 4464 suis
1347 4424 1371 4462 .·
1391 4405 1535 4465 Non
1569 4405 1862 4463 turbetur
1884 4421 1992 4461 cor
2017 4411 2311 4462 vestrum.

779 4547 792 4566 .
822 4501 1025 4584 Supra
1053 4503 1214 4564 dixit
1243 4501 1550 4575 ChristuS,
1574 4500 1754 4562 Nunc
1782 4499 1993 4561 anima
2025 4517 2165 4561 mea
2193 4506 2317 4560 tur-

822 4601 966 4663 bata
1005 4609 1135 4682 est;
1168 4608 1230 4662 et
1269 4601 1334 4662 in
1367 4600 1557 4662 Coena
1592 4597 1882 4660 turbatus
1923 4605 2018 4660 est
2057 4599 2311 4679 spiritu.

822 4698 1145 4771 Quomodo
1201 4716 1350 4778 ergo
1408 4715 1580 4758 nunc
1638 4695 1728 4758 ait
1775 4696 2131 4777 discipulis,
2180 4696 2314 4760 Non

823 4797 1116 4860 turbetur
1173 4815 1281 4860 cor
1335 4803 1637 4869 vestrum,
1701 4795 2054 4876 praesertim
2111 4814 2313 4876 quum

822 4896 962 4977 ejus
1020 4896 1183 4958 actio
1240 4894 1322 4956 sit
1379 4903 1592 4958 nostra
1649 4894 2006 4966 instructio,
2056 4901 2120 4955 et
2180 4894 2317 4975 ipse

823 4993 1018 5075 coepit
1067 4993 1274 5056 facere
1323 5001 1386 5054 et
1433 4993 1700 5055 docere?
1733 4991 2105 5063 Dicendum,
2146 4992 2317 5071 quod

823 5093 913 5154 ibi
972 5093 1212 5155 dictum
1278 5099 1374 5153 est
1435 5090 1514 5152 de
1570 5088 1930 5152 turbatione
1995 5087 2318 5152 inferioris

825 5191 1020 5273 partis
1068 5189 1298 5253 animae
1353 5197 1577 5271 sponte
1623 5196 1969 5268 assumpta,
2023 5207 2167 5269 quae
2226 5205 2321 5249 se-

822 5289 1043 5374 quitur
1091 5289 1422 5362 rationem,
1474 5306 1592 5350 nec
1647 5296 1859 5351 actum
1912 5287 2319 5349 intellectivae

2424 4305 2504 4364 de
2540 4303 2861 4375 Trinitate,
2896 4303 3059 4364 sicut
3100 4321 3216 4365 nec
3254 4305 3332 4365 de
3371 4304 3703 4367 divinitate
3736 4305 3919 4368 Chri-

2425 4402 2527 4475 sti,
2568 4401 2859 4483 quamvis
2898 4400 3185 4464 Christus
3236 4410 3580 4484 utrumque
3620 4403 3921 4485 frequen-

2424 4507 2519 4561 ter
2576 4498 2994 4562 insinuaverit
3048 4499 3141 4561 eis
3196 4517 3209 4562 :
3264 4501 3451 4562 rudes
3513 4501 3762 4583 quippe
3816 4500 3921 4563 fu-

2425 4605 2631 4672 erunt,
2676 4616 2799 4660 non
2850 4596 3275 4678 intelligentes
3322 4617 3467 4680 quae
3512 4598 3911 4662 dicebantur.

2428 4699 2511 4758 Et
2541 4699 2614 4757 in
2644 4717 2741 4758 me
2768 4699 3025 4770 credite,
3058 4697 3360 4778 quoniam
3400 4714 3513 4777 ego
3544 4716 3687 4760 sum
3728 4698 3915 4760 Deus.

2427 4795 2830 4876 Consequens
2878 4795 3049 4857 enim
3096 4803 3211 4866 est,
3258 4803 3326 4856 ut
3372 4795 3483 4876 qui
3532 4797 3803 4858 credunt
3848 4797 3917 4859 in

2426 4892 2644 4965 Deum,
2678 4893 2936 4954 credant
2984 4893 3049 4954 in
3100 4911 3223 4954 me.
3267 4893 3398 4955 lmo
3444 4893 3555 4973 qui
3608 4913 3735 4957 non
3786 4913 3925 4958 cre-

2424 4991 2585 5053 dunt
2623 4989 2685 5051 in
2726 4990 3066 5063 Christum,
3102 5010 3227 5054 non
3270 4990 3505 5053 habent
3542 4991 3742 5054 fidem
3791 4992 3925 5055 sor-

2426 5095 2680 5162 matam,
2734 5107 2849 5151 nec
2906 5089 3173 5150 credunt
3219 5089 3283 5150 in
3332 5087 3551 5164 Deum,
3608 5091 3719 5151 sed
3770 5090 3921 5152 inri-

2425 5187 2598 5249 deles
2638 5194 2995 5250 censentur.
3030 5186 3138 5250 His
3170 5187 3383 5251 verbis
3414 5188 3700 5251 Christus
3734 5207 3919 5252 suam

2426 5285 2821 5349 divinitatem
2861 5288 3268 5361 demonstrat,
3302 5287 3606 5368 quoniam
3648 5307 3776 5352 non
3820 5299 3923 5352 est

3996 1163 4167 1207 Μιευι.

3936 1242 4057 1273 xxvi,
4088 1231 4143 1268 ³5
4160 1243 4175 1274 ς

3938 1291 4055 1332 Luc.
4088 1304 4189 1336 1112.

3938 1355 4011 1394 ³4.

3936 1415 4097 1458 Herc.
4126 1429 4209 1461 ιη.

3938 1481 4010 1520 ³0.
