4300 6259
1103 509 1458 558 mammo
1499 508 1565 555 m
1604 507 1744 556 cu’.
1790 507 1940 556 xvm
1983 507 2173 556 LUGAE.
2222 526 2301 538 -·-
2341 509 2483 555 ΛΒΤ.
2556 508 2657 555 xu

3306 490 3424 555 143

309 680 648 761 sequentia
676 700 804 743 non
833 682 912 742 ad
951 681 1372 762 quaestionem
1403 681 1685 762 aliquam
1719 697 1818 742 re-
1847 678 1900 740 Α
1927 679 2182 761 aquilae,
2226 679 2551 754 volabunt,
2592 687 2655 742 et
2698 699 2823 744 non
2873 679 3199 743 deficient.
3245 680 3423 743 Tales

309 780 632 860 sponsiva‚
654 780 765 842 sed
797 779 1279 860 interrogatoria
1308 785 1494 842 sunt?
1523 780 1613 841 Ad
1647 780 1820 861 quod

308 877 684 952 dicendum,
735 879 907 960 quod
967 878 1292 941 multoties
1351 879 1424 948 in
1473 878 1819 960 Scripturis

310 975 722 1058 Respondere
769 977 1049 1040 sumitur
1091 996 1207 1058 pro
1251 978 1821 1059 correspondente:-

308 1093 424 1136 seu
455 1082 606 1156 apte
645 1075 1250 1157 proportionateque
1291 1075 1466 1157 loqui
1506 1076 1584 1137 ad
1626 1075 1822 1138 verba

309 1189 426 1234 seu
467 1172 636 1236 facta
671 1173 934 1235 alterius
978 1192 994 1236 :
1037 1174 1260 1255 sicque
1303 1193 1474 1236 nunc
1519 1174 1816 1236 sumitur.

325 1273 469 1339 Ubi,
501 1273 831 1333 Domine?
873 1271 937 1333 id
987 1279 1104 1346 cst,
1146 1291 1278 1353 quo
1327 1290 1494 1334 unus
1542 1290 1824 1334 assume-

121 1373 182 1427 37
315 1377 442 1442 tur,
485 1377 552 1432 et
588 1369 754 1432 alius
799 1369 1247 1451 relinquetur?
1291 1372 1418 1439 Qui
1445 1372 1624 1432 dixit
1653 1372 1819 1439 illis,

310 1468 391 1529 ad
443 1487 652 1530 unum
707 1467 980 1532 istorum
1029 1469 1238 1532 dando
1286 1486 1690 1550 responsum,
1742 1487 1820 1531 ex

309 1585 446 1647 quo
499 1573 672 1648 patet
716 1566 980 1628 alterius
1028 1583 1290 1648 quoque
1336 1567 1570 1630 solutio
1612 1585 1626 1629 :
1679 1569 1823 1629 Ubi-

310 1685 592 1744 cumque
640 1667 850 1744 fuerit
895 1684 1147 1742 corpu-³,
1201 1664 1322 1728 hoc
1379 1673 1476 1728 est
1532 1664 1819 1729 Christus

313 1762 508 1825 homo
539 1780 688 1824 vere
719 1780 1088 1845 corporeuS,
1119 1762 1232 1844 qui
1265 1763 1332 1824 in
1362 1762 1570 1827 forma
1599 1764 1822 1825 huma-

1929 797 2188 861 quoque
2228 779 2429 840 instar
2465 779 2827 861 aquilarum
2868 778 3286 861 spiritualiter
3330 797 3427 840 re-

1931 885 2269 950 novantur,
2324 877 2723 959 proficiendo
2778 879 2844 939 in
2904 895 3043 940 esse
3088 877 3307 958 gratiae
3354 896 3427 939 ac

1931 976 2266 1055 virtutum,
2298 993 2413 1058 per
2442 976 2613 1058 quod
2644 975 2947 1039 vitiorum
2976 974 3292 1056 abjiciunt
3322 993 3429 1037 ve-

1930 1082 2251 1148 tustatem,
2297 1083 2486 1156 prout
2532 1075 2611 1136 ad
2654 1074 2959 1156 Ephesios
3005 1082 3222 1138 monet
3264 1074 3432 1156 Apo-

1929 1172 2128 1236 stolus
2165 1191 2179 1234 :
2212 1172 2627 1235 Renovamini
2660 1172 2891 1255 spiritu
2922 1172 3155 1234 mentis
3182 1181 3423 1247 vestm,
3482 1191 3720 1248 κριιων.

1929 1279 1993 1332 et
2031 1270 2279 1333 induite
2322 1289 2561 1334 novum
2610 1271 2959 1334 hominem.
3014 1269 3118 1332 Sic
3167 1289 3430 1334 renova·
3456 1255 3613 1305 ²³³⁴·

1931 1375 2057 1442 tur,
2117 1369 2233 1451 qui
2295 1387 2411 1450 pro
2468 1368 2913 1452 spiritualibus
2970 1368 3155 1432 bonis
3212 1388 3423 1444 oram,

1930 1467 2241 1530 divinitus
2300 1468 2655 1530 exauditur.
2716 1465 2978 1549 Propter
3033 1468 3204 1549 quod
3269 1467 3430 1529 dixit

1930 1565 2279 1642 psalmista,
2333 1568 2411 1629 de
2459 1566 2585 1630 Deo
2642 1567 2913 1647 loquens
2960 1566 3190 1630 animae
3241 1584 3255 1629 :
3309 1565 3427 1639 Qui
3480 1586 3707 1638 panta.

1931 1663 2136 1746 replet
2184 1664 2251 1726 in
2300 1663 2487 1727 bonis
2536 1664 2923 1730 desiderium
2970 1671 3197 1743 tuum;
3247 1681 3434 1727 reno-

1930 1761 2186 1824 vabitur
2240 1771 2310 1824 ut
2356 1762 2589 1844 aquilae
2635 1761 2941 1842 juventus
2988 1770 3117 1824 tua.
3170 1762 3426 1838 lterum,

313 1859 535 1922 nitatis
581 1859 940 1940 glorificata
978 1859 1316 1941 judicabit,
1355 1863 1518 1922 illuc
1561 1880 1821 1940 conyre-
1854 1860 1902 1923 B
1929 1861 2088 1923 sicut
2118 1861 2363 1925 volatus
2390 1861 2621 1942 aquilae
2651 1861 2715 1922 in
2748 1860 2909 1924 coelo
2939 1860 3217 1922 incertus
3246 1861 3435 1924 celer-

301 1959 650 2034 9abuntur
694 1968 754 2019 et
802 1959 1068 2038 aquiloe,
1115 1958 1236 2021 hoc
1283 1967 1380 2020 est
1425 1958 1661 2034 Sancti,
1705 1959 1818 2040 qui

311 2073 599 2137 superna
641 2064 792 2118 sunt
835 2057 1272 2139 contemplati,
1315 2066 1380 2120 et
1421 2074 1536 2140 per
1577 2057 1825 2120 deside-

315 2153 410 2215 ria
451 2161 672 2217 sancta
710 2157 792 2217 ad
833 2155 1118 2218 coelestia
1160 2155 1228 2218 in
1265 2157 1454 2218 terris
1493 2157 1683 2238 positi
1724 2174 1824 2220 vo-

315 2251 638 2314 laverunt.
687 2251 969 2316 Membra
1020 2271 1298 2335 namque
1353 2262 1418 2316 et
1463 2254 1655 2330 servi,
1709 2273 1826 2318 suo

315 2351 516 2432 capiti
565 2369 641 2414 ac
688 2351 956 2414 Domino
1003 2351 1496 2433 conjungentur.
1547 2353 1708 2415 Hinc
1757 2353 1824 2414 in

55 2465 290 2518 smum,
313 2447 561 2512 Joanne
589 2449 680 2511 ait
713 2467 728 2512 :
758 2449 962 2524 Pater,
996 2468 1159 2531 quos
1199 2450 1430 2514 dedisti
1463 2450 1648 2526 mihi,
1683 2452 1826 2515 volo

57 2529 112 2572 ²⁴·
319 2555 392 2608 ut
445 2546 560 2608 ubi
611 2565 755 2609 sum
803 2565 942 2628 ego,
995 2554 1058 2609 et
1106 2547 1202 2610 illi
1251 2546 1380 2610 sint
1429 2567 1704 2624 mecum,
1759 2557 1828 2611 ut

321 2644 588 2708 videant
631 2645 985 2708 claritatem
1035 2663 1267 2708 meam.
1318 2646 1394 2709 Et
1449 2647 1682 2710 iterum
1740 2647 1829 2710 ait

1931 1960 2263 2041 rimusque
2301 1959 2613 2033 consistit,
2648 1959 2741 2021 sic
2779 1958 3029 2021 interna
3058 1957 3427 2022 Sanctorum

1932 2058 2063 2121 vita
2097 2057 2461 2120 carnalibus
2502 2065 2598 2119 est
2634 2056 2867 2138 ignota,
2894 2056 3432 2139 vehementerque

1934 2163 2229 2238 properat
2280 2156 2361 2218 ad
2408 2173 2709 2236 superna.
2763 2153 3043 2217 carnalis
3097 2153 3270 2216 enim
3320 2154 3721 2224 ho—wor.n‚u.

1933 2271 2060 2329 mo,
2114 2272 2242 2317 non
2304 2253 2581 2335 percipit
2638 2270 2713 2315 ea
2760 2271 2905 2334 quae
2962 2259 3111 2314 sunt
3158 2251 3433 2334 Spiritus

1936 2353 2065 2426 Dei,
2108 2353 2464 2415 secundum
2507 2351 2923 2434 Apostolum3
2970 2359 3033 2412 et
3076 2357 3249 2414 tanto
3288 2351 3433 2433 plus

1933 2453 2012 2514 ad
2053 2451 2320 2533 patriam
2372 2450 2771 2524 festinamuS,
2813 2456 3054 2531 quanto
3108 2450 3433 2513 ardentius

1937 2549 2133 2611 Deum
2166 2549 2517 2630 diligimus.
2553 2547 2622 2609 In
2652 2546 3011 2611 Proverbiis
3040 2566 3299 2629 quoque
3329 2547 3437 2611 Sa-

1936 2649 2150 2712 lomon
2182 2647 2469 2729 loquitur
2500 2665 2514 2708 t
2549 2646 2695 2709 Tria
2732 2652 2882 2708 sunt
2919 2644 3215 2708 difficilia
3246 2647 3430 2722 mihi,
3484 2672 3735 2726 mmm,

87 2760 290 2812 mam,
317 2742 648 2824 Apostolis
695 2744 1131 2825 omnibusque
1175 2744 1397 2807 electis
1444 2763 1458 2808 :
1501 2745 1671 2810 Vado
1722 2764 1832 2828 pa·
1938 2753 2000 2808 et
2039 2752 2344 2826 quartum
2387 2743 2642 2826 penitus
2684 2744 2907 2825 ignoro
2942 2743 3167 2806 :Viam
3202 2737 3617 2826 aqui1ae¹⁸·¹⁹·

59 2823 94 2870 2,
109 2825 142 2866 2.

317 2958 650 3002 assumam
697 2959 812 3005 vos
857 2941 938 3004 ad
987 2959 1090 3003 me
1139 2941 1376 3024 ipsum,
1419 2948 1490 3004 ut
1531 2941 1641 3004 ubi
1687 2961 1831 3004 sum

317 3055 460 3119 ego,
509 3046 577 3100 et
621 3057 734 3102 vos
777 3039 942 3101 sitis.

411 3137 708 3219 Denique
757 3139 836 3200 de
884 3136 1166 3220 praefatis
1221 3138 1479 3220 aquiliS,
1531 3140 1644 3221 qui
1701 3137 1830 3203 Soli

317 2859 464 2903 rare
514 2841 701 2905 vobis
749 2842 1004 2923 locum3
1055 2850 1118 2904 et
1163 2843 1398 2905 iterum
1449 2844 1726 2918 veniam,
1767 2850 1832 2906 et
1940 2843 2006 2904 in
2039 2842 2223 2918 coe10,
2256 2843 2425 2905 viam
2457 2841 2705 2906 colubri
2738 2860 2934 2924 super
2964 2848 3229 2924 petram,
3265 2843 3435 2905 viam

1941 2943 2121 3006 navis
2152 2942 2218 3004 in
2252 2942 2461 3005 medio
2492 2941 2709 3016 mariS,
2743 2949 2807 3004 et
2837 2941 3008 3005 viam
3039 2941 3161 3005 viri
3193 2941 3260 3004 in
3288 2943 3437 3006 ado-

1866 3049 1909 3113 C
1941 3041 2245 3104 lescentia
2281 3060 2417 3103 sua.
2450 3041 2740 3123 Insuper,
2776 3040 2941 3102 sicut
2976 3039 3193 3122 aquila
3235 3039 3301 3102 in
3338 3059 3437 3102 ar-

1941 3140 2084 3202 duis
2133 3139 2257 3202 sibi
2302 3138 2612 3212 nidificat,
2647 3139 2987 3221 pullosque
3024 3157 3173 3201 suos
3215 3157 3440 3221 provo·
3466 3165 3729 3220 Deuaxxxn,

317 3235 595 3317 justitiae
641 3234 904 3318 Solique
951 3236 1281 3319 sapientias
1330 3236 1540 3300 visum
1600 3238 1832 3300 mentis
1941 3245 2041 3301 cat
2099 3239 2179 3300 ad
2228 3237 2620 3318 volandum3
2683 3237 2775 3300 sic
2833 3236 3311 3320 contemplativi
3369 3237 3437 3299 in
3469 3231 3535 3271 ¹¹·

320 3352 460 3397 suae
533 3352 652 3416 per
719 3334 1328 3416 contemplationem
1401 3334 1704 3416 infigunt,
1766 3336 1834 3399 in
1939 3336 2271 3400 altissimis
2316 3335 2439 3398 sibi
2488 3336 2699 3399 locum
2750 3343 2813 3398 et
2861 3334 3143 3417 quietem
3195 3335 3443 3416 praeeli-

77 3432 486 3495 1·.12.22.lsaia
515 3432 754 3514 legitur
784 3451 800 3496 ε
833 3431 952 3506 Qui
993 3440 1254 3514 sperant
1293 3433 1358 3495 in
1399 3433 1666 3496 Domino
1696 3452 1837 3495 mu·
1938 3443 2120 3517 gunt,
2158 3441 2376 3516 utpote
2404 3434 2473 3496 in
2512 3434 2831 3517 superniS‚
2864 3432 3035 3496 etad
3076 3441 3255 3495 actus
3294 3452 3443 3496 con-

323 3531 560 3594 tabunt
598 3530 1066 3606 fortitudinem,
1107 3538 1436 3594 assument
1483 3548 1725 3612 pennas
1767 3541 1835 3595 ut
1941 3533 2349 3616 templativos
2391 3541 2739 3615 provocant
2780 3533 2962 3596 alios

1418 3955 2075 4043 ARTICULUS
2160 3957 2353 4043 XLI

559 4227 921 4274 auctuum
966 4225 1249 4273 camum
1289 4224 1720 4274 ocwavmsscffll
1766 4226 1780 4271 :
1827 4225 2089 4272 munem·
2131 4227 2337 4275 Auum
2382 4227 2454 4273 m·
2494 4227 2866 4276 Pmoun
2909 4231 2993 4276 An
3036 4231 3226 4292 moa,

1318 4324 1598 4380 Quomm
1639 4324 1910 4371 omnm
1952 4325 2191 4372 suumn
2231 4327 2458 4373 ORARE.

505 4725 614 4769 um
647 4704 956 4770 evadendi
989 4719 1180 4766 omne
1222 4701 1582 4783 periculum
1623 4711 1685 4764 et
1724 4702 1838 4765 im-

1946 4704 2192 4766 scilicet
2228 4705 2580 4788 discipulos
2620 4724 2791 4782 suOS,
2833 4715 2895 4770 et
2934 4709 2999 4770 in
3040 4726 3259 4772 eorum
3303 4728 3445 4792 per-

331 4605 622 4808 QUIA
670 4605 873 4672 oratio
922 4613 1020 4667 est
1065 4602 1590 4666 efficacissimum
1637 4604 1839 4666 medi·
1868 4604 1917 4665 D
2025 4607 2292 4668 Dicebat
2339 4616 2558 4668 autem
2603 4617 2664 4670 et
2698 4612 3079 4686 parabolam
3133 4614 3223 4673 ad
3269 4613 3443 4683 illos,
3590 4634 3617 4688 1

325 4805 626 4888 petr-andi
680 4820 872 4867 omne
918 4801 1185 4875 bonum,
1239 4799 1381 4862 ideo
1431 4798 1718 4862 Christus
1767 4800 1833 4861 in

1945 4821 2100 4865 sona
2125 4804 2207 4866 ad
2238 4805 2570 4868 universos
2602 4804 3175 4884 fideles,quoniam
3202 4818 3443 4885 oportet

327 4905 452 4968 isto
502 4901 790 4985 capitulo
847 4901 926 4964 de
981 4917 1057 4961 ea
1105 4905 1466 4980 pertractat,
1519 4904 1582 4960 et
1627 4898 1837 4978 qualis
1943 4920 2191 4977 semper
2221 4921 2431 4974 orare,
2460 4912 2521 4963 et
2548 4922 2677 4964 non
2710 4905 2977 4981 deficere
3012 4903 3092 4966 ab
3134 4905 3439 4968 oratione.

328 5021 470 5064 esse
499 5000 755 5072 debeat,
781 4998 1024 5081 pandit,
1049 4996 1347 5060 videlicet
1377 4996 1698 5070 continua,
1724 5013 1836 5058 seu
1945 4996 2120 5070 Quod
2169 4998 2278 5072 ait,
2325 4997 2609 5080 Semper,
2654 5019 2781 5064 non
2831 5002 3086 5064 denotat
3130 5003 3448 5067 omnimo-

331 5102 604 5174 instans,
639 5106 705 5161 et
741 5095 1068 5178 frequens,
1099 5113 1174 5158 ac
1214 5093 1502 5156 humilis.
1534 5093 1629 5156 Ad
1667 5095 1838 5176 quod
1946 5096 2091 5157 dam
2122 5097 2430 5178 temporis
2461 5098 3019 5174 continuationem,
3048 5101 3159 5162 sed
3188 5119 3445 5164 omnem

332 5198 744 5282 apertissime
803 5193 1278 5268 declarandum,
1344 5190 1591 5255 inducit
1652 5211 1841 5274 quas·

335 5300 508 5373 dam,
549 5304 622 5360 ut
666 5294 930 5378 patebit,
971 5291 1322 5376 parabolas.

1949 5195 2170 5257 boram
2216 5201 2641 5276 opportunam
2690 5204 2755 5258 et
2800 5196 3101 5272 debitam,
3141 5217 3255 5260 seu
3298 5216 3447 5262 con-

1942 5311 2167 5374 gruam
2205 5292 2283 5355 ad
2322 5292 2657 5356 orandum.
2690 5292 2793 5357 Sic
2831 5302 2894 5357 et
2921 5294 3263 5378 Apostolus
3302 5297 3392 5360 ait
3424 5316 3440 5362 ε
