4300 6259
1104 511 1455 560 manuue
1496 510 1561 557 m
1602 509 1741 558 cn.
1788 509 1942 557 xxm
1983 510 2172 559 LUGAE.
2217 530 2298 541 —
2338 512 2482 559 Am.
2527 512 2672 558 xm(

3319 487 3437 553 241

82 699 131 743 ιι
145 700 298 749 umis.
332 684 474 743 me?
508 681 585 745 Et
612 682 803 746 Isaias
828 684 1148 747 :Tradidit
1174 683 1442 765 (inquit)
1471 683 1538 744 in
1570 688 1839 746 mortem
1869 680 1919 741 A
1948 690 2011 743 et
2060 682 2371 744 dederunt
2416 681 2474 743 ei
2525 682 2746 745 vinum
2803 679 3024 742 bibere
3071 676 3222 739 felle
3275 676 3441 738 mix-

74 798 301 845 οωιασ.
332 780 617 843 animam
648 802 863 863 suam;
888 782 1106 845 Daniel
1130 801 1411 865 quoque,
1434 781 1578 844 Post
1608 780 1841 843 hebdo-

333 880 551 942 madas
595 881 918 962 sexaginta
964 883 1119 944 duas
1162 882 1485 945 occidetur
1528 878 1833 942 ChristuS.

142 992 201 1046 36
412 980 793 1041 Illudebcmt
830 990 1047 1040 aulem
1074 982 1137 1039 ei
1165 989 1225 1040 et
1263 980 1501 1039 milites
1538 980 1837 1037 acceden—

334 1086 423 1136 tes
470 1077 551 1138 ad
602 1095 881 1153 crucem,
927 1087 987 1138 et
1033 1088 1286 1139 acetum
1328 1082 1653 1155 offerentes
1702 1076 1837 1145 ilci,

142 1172 201 1227 37
332 1177 619 1235 dicentes
648 1197 670 1235 .·
702 1178 781 1237 Si
813 1186 881 1237 tu
910 1197 974 1237 es
1002 1196 1122 1236 reoe
1146 1178 1550 1242 Judoeorum,
1578 1177 1835 1234 salvum

334 1282 392 1333 te
437 1276 571 1361 fac.
624 1273 731 1335 lsti
778 1274 1049 1355 gentiles
1099 1271 1582 1336 conformabant
1630 1288 1698 1333 se
1746 1271 1840 1353 lo-‚

331 1372 578 1435 cutioni
641 1373 1055 1455 irrisionique
1107 1372 1487 1435 Judaeorum.
1540 1369 1587 1433 Ο
1642 1389 1837 1452 quam

331 1470 683 1533 durissima
718 1470 844 1532 fuit
879 1470 1167 1535 omnium
1209 1471 1436 1533 horum
1472 1467 1834 1543 crudelitaS,

330 1571 507 1652 quod
556 1570 802 1634 homini
852 1570 919 1633 in
966 1578 1097 1631 tam
1154 1568 1639 1651 incomparabili
1690 1586 1840 1649 sup-
1896 1584 1901 1589 ·

332 1669 533 1751 plicio
578 1670 944 1753 constituto,
988 1688 1116 1732 non
1175 1668 1383 1731 solum
1432 1686 1559 1730 non
1610 1667 1841 1729 condo-

332 1769 617 1843 luerunt,
661 1769 771 1831 sed
808 1776 872 1829 et
912 1776 1041 1830 tam
1087 1766 1653 1849 contemptibiliter
1694 1765 1840 1829 illu-

1948 785 2126 860 tum3
2179 788 2240 843 et
2296 799 2495 862 quum
2553 786 2886 860 gustasset,
2937 777 3140 840 noluit
3195 775 3438 837 bibere.

1950 877 2184 940 Deinde
2239 880 2326 940 ait
2381 878 2703 941 Matthaeus
2762 896 2775 939 ε
2839 877 3172 957 Postquam
3231 882 3442 935 autem

1948 977 2407 1038 crucifixerunt
2447 996 2616 1038 eum.
2650 976 2982 1058 Deinceps,
3016 972 3310 1056 pluribus
3350 972 3445 1034 in-

1947 1075 2268 1155 terpositis
2313 1075 2547 1149 verbiS‚
2582 1075 2804 1137 addit:
2840 1074 3016 1137 Circa
3064 1073 3279 1134 horam
3334 1088 3444 1133 no-
3523 1095 3694 1139 Masta.

1949 1193 2095 1236 nam
2142 1174 2519 1238 exclamavit
2562 1174 2740 1237 lesus
2790 1192 2804 1237 ε
2852 1172 2971 1247 Ε11,
3022 1171 3140 1245 Ε11,
3193 1176 3313 1232 etc.
3367 1168 3440 1232 Et
3467 1162 3732 1213 ⁸¹⁹¹'’⁴⁶’⁴⁸·

1947 1274 2250 1338 continuo
2299 1291 2562 1335 currens
2612 1292 2776 1335 unus
2825 1290 2900 1334 ex
2954 1270 3067 1345 eiS,
3120 1276 3442 1351 acceptam

1947 1372 2276 1453 spongiam
2311 1372 2602 1454 implevit
2628 1379 2816 1443 aceto,
2841 1378 2904 1433 et
2932 1369 3237 1451 imposuit
3265 1386 3446 1430 arun·

1948 1471 2105 1545 dini,
2140 1478 2204 1533 et
2246 1470 2432 1533 dabat
2468 1470 2527 1531 ei
2568 1470 2810 1532 bibere.
2845 1468 2989 1532 Post
3028 1467 3191 1530 hanc
3227 1474 3440 1529 autem

1948 1569 2335 1652 potationem
2393 1568 2676 1633 Christus
2735 1586 2882 1631 mox
2944 1567 3201 1630 tradidit
3255 1565 3446 1647 spiri-

1947 1676 2106 1730 tum.
2140 1667 2368 1731 Subdit
2397 1667 2568 1730 enim
2609 1667 2929 1729 Matthaeus
2965 1684 2978 1729 :
3011 1665 3188 1728 Jesus
3227 1672 3440 1727 autem
3498 1681 3620 1725 [aaz.
3641 1684 3711 1726 50.

1949 1767 2182 1829 iterum
2232 1768 2512 1830 clamans
2559 1784 2713 1829 voce
2758 1783 3005 1845 magna,
3056 1763 3270 1826 emisit
3317 1763 3444 1845 spi·

330 1871 607 1927 serunt!
663 1866 828 1928 sicut
872 1865 938 1927 in
983 1864 1229 1928 Psalmo
1272 1864 1395 1926 fuit
1435 1863 1833 1946 preadictum,
1873 1861 1920 1923 B
1950 1866 2166 1927 ritum.
2216 1865 2484 1929 Ioannes
2534 1882 2683 1928 vero
2731 1864 2962 1926 clarius
3013 1863 3237 1925 scribit
3283 1863 3439 1938 haec,

90 1977 143 2018 Pe
147 1990 297 2027 .....
331 1964 585 2027 Christo
650 1965 730 2027 ad
794 1964 1040 2027 Patrem
1103 1963 1403 2045 loquente
1458 1982 1471 2025 :
1528 1961 1837 2035 Quoniam

66 2043 119 2083 Ξῖ·
330 2081 531 2144 quem
589 2070 661 2125 tu
720 2061 1116 2144 percussisti,
1174 2061 1491 2144 persecuti
1549 2066 1719 2134 sunt,
1776 2065 1839 2120 et

332 2179 531 2243 super
578 2160 863 2223 dolorem
913 2160 1255 2223 vulnerum
1314 2176 1601 2221 meorum
1658 2156 1837 2218 addi-

332 2262 588 2323 derunt.
624 2259 710 2321 De
753 2259 872 2321 bac
912 2258 1143 2322 Christi
1185 2258 1477 2320 irrisione
1512 2255 1837 2317 Matthaeus

331 2357 573 2420 effatur
614 2376 629 2421 :
673 2358 1127 2420 Praetereuntes
1175 2362 1409 2431 autem,
1454 2356 1515 2417 id
1564 2362 1695 2431 est„
1723 2372 1839 2437 per

334 2456 504 2520 viam
536 2457 715 2519 illam
746 2464 1099 2539 pergenteS‚
1116 2454 1643 2536 blasphemabant
1672 2472 1833 2527 eum,

328 2564 664 2620 moventes
712 2556 921 2636 capita
970 2574 1105 2629 sua,
1160 2562 1221 2617 et
1269 2554 1549 2617 dicentes
1592 2572 1607 2615 ε
1650 2552 1831 2615 Vah!

328 2656 446 2737 qui
497 2654 775 2718 destruis
834 2654 1151 2736 templum
1209 2653 1341 2727 Dei,
1392 2659 1455 2714 et
1502 2653 1569 2714 in
1627 2652 1839 2713 triduo

328 2754 491 2816 illud
534 2754 911 2828 reaedificaS,
950 2753 1125 2815 salva
1161 2760 1223 2814 te
1260 2751 1510 2833 ipsum3
1545 2750 1596 2812 si
1638 2749 1836 2812 Filius

326 2852 440 2915 Dei
480 2870 572 2926 es,
606 2854 923 2915 descende
962 2870 1134 2913 nunc
1171 2851 1249 2911 de
1287 2867 1495 2911 cruce.
1531 2848 1837 2911 Similiter

330 2951 663 3034 principes
694 2951 1094 3014 sacerdotum
1125 2948 1463 3010 illudentes
1498 2966 1645 3010 cum
1675 2946 1839 3009 Scri-

110 2374 264 2417 Meua.

63 2439 303 2488 nm,3943.

1948 1964 2166 2026 dicens
2201 1982 2215 2027 :
2248 1964 2465 2027 Postea
2494 1964 2700 2026 sciens
2732 1963 2912 2024 Jesus
2941 1962 3112 2042 quod
3149 1962 3280 2042 jam
3311 1980 3444 2025 om·
3471 1979 3734 2034 Joannaix,

1948 2063 2055 2124 nia
2092 2069 2527 2125 consummata
2573 2070 2743 2136 sunt,
2789 2069 2860 2123 ut
2897 2068 3446 2123 consummaretur
3473 2045 3611 2087 ²4³⁰·

1948 2160 2294 2244 Scriptura,
2339 2159 2499 2222 dixit
2541 2178 2554 2222 :
2598 2158 2774 2223 Sitio.
2809 2159 2928 2221 Vas
2977 2177 3126 2239 ergo
3167 2158 3446 2240 positum

1948 2267 2082 2321 erat
2121 2260 2383 2341 plenum
2422 2266 2618 2322 aceto.
2652 2257 2747 2320 llli
2777 2265 2988 2319 autem
3031 2258 3286 2339 plenam
3315 2275 3448 2319 ace-

1948 2366 2012 2420 to
2052 2358 2382 2440 spongiam
2425 2358 2719 2439 hyssopo,
2755 2356 2818 2418 id
2861 2363 2957 2417 est
2993 2355 3291 2417 arundini
3333 2374 3444 2418 seu

1949 2458 2211 2531 calamo,
2275 2456 2851 2538 circumponenteS,
2912 2455 3286 2518 obtulerunt
3349 2454 3445 2517 ori

1949 2558 2110 2638 ejus.
2145 2555 2360 2629 Quum‘
2391 2573 2540 2636 ergo
2577 2556 2928 2636 accepisset
2952 2554 3131 2615 Jesus
3170 2561 3442 2629 acetum,

1948 2656 2109 2717 dixit
2150 2674 2164 2717 :
2210 2655 2727 2718 consummatum
2771 2659 2888 2716 est.
2923 2652 3096 2715 Unde
3147 2653 3224 2714 de
3275 2660 3448 2735 pota-

1947 2755 2120 2817 tione
2165 2753 2282 2816 hac
2323 2752 2518 2814 Lucas
2564 2770 2734 2813 nunc
2778 2750 3080 2832 loquitur.
3123 2750 3448 2814 Verumta-

1950 2872 2095 2914 men
2124 2853 2366 2914 Marcus
2399 2851 2572 2926 dicit,
2591 2852 2762 2932 quod
2792 2869 2919 2913 non
2949 2850 3197 2933 accepit
3225 2858 3444 2932 potum
3491 2873 3644 2917 Mare.
3667 2888 3738 2925 xv,

1950 2952 2162 3031 hunc3
2205 2951 2314 3012 sed
2362 2950 2482 3013 hoc
2532 2948 2716 3011 facile
2763 2950 3202 3012 concordatur.
3254 2949 3447 3013 Modi-
3474 2938 3543 2980 ²³·

327 3050 431 3113 bis
479 3058 547 3113 et
594 3049 978 3123 senioribuS,
1032 3046 1328 3111 dicebant
1362 3064 1375 3108 :
1410 3046 1581 3109 Alios
1632 3047 1837 3110 salvos
1875 3051 1918 3114 C
1950 3070 2097 3113 cum
2157 3049 2328 3111 enim
2387 3048 2652 3130 accepit,
2720 3054 2786 3109 ut
2844 3048 3221 3129 impleretur
3278 3047 3444 3111 Scri-

328 3147 507 3223 fecit,
546 3166 613 3209 se
646 3148 862 3230 ipsum
902 3164 1029 3209 non
1071 3152 1277 3228 potest
1316 3144 1563 3207 salvum
1602 3143 1831 3207 facere.

327 3247 393 3310 Si
442 3265 554 3308 rex
593 3245 783 3309 Israel
827 3253 943 3319 est,
987 3245 1327 3307 descendat
1370 3262 1541 3306 nunc
1585 3244 1662 3306 de
1702 3263 1838 3306 cru-

328 3364 423 3419 ce,
468 3354 535 3408 et
580 3344 905 3407 credimus
948 3342 1028 3405 ei.
1072 3341 1349 3405 Confidit
1388 3342 1454 3403 in
1505 3340 1723 3416 Deum,
1766 3342 1840 3404 li-

328 3442 512 3505 beret
550 3462 701 3505 eum
742 3460 937 3517 nunc,
972 3441 1026 3503 si
1061 3439 1217 3503 vult.
1252 3439 1420 3501 Dixit
1458 3440 1651 3514 enim,
1687 3440 1839 3522 quia

328 3542 531 3605 Filius
580 3541 690 3603 Dei
750 3560 917 3603 sum.
973 3539 1114 3602 Haec
1162 3538 1375 3602 omnia
1432 3537 1839 3601 beatissimus

332 3648 727 3704 secretorum
774 3638 881 3701 Dei
923 3636 1404 3718 contemplator,
1437 3643 1692 3699 sanctus
1731 3636 1840 3698 Da-

334 3740 467 3813 vid,
503 3737 571 3800 in
604 3738 838 3820 spiritu
869 3735 1221 3799 clarissime
1260 3734 1573 3816 praevidit,
1606 3742 1669 3796 et
1700 3734 1842 3817 pul-

333 3837 657 3900 cherrime
695 3834 1168 3918 praenuntiavit,
1203 3833 1471 3914 loquens
1511 3833 1577 3894 in
1609 3833 1838 3897 Christi

166 3974 189 4002 ι
292 3991 303 4001 .
336 3955 615 4019 persona
656 3955 672 3997 :
714 3934 945 3997 Omnes
995 3933 1283 3996 videntes
1334 3948 1437 4019 me
1482 3932 1841 3995 deriserunt

334 4054 481 4116 me;
535 4034 734 4098 locuti
780 4040 931 4095 sunt
987 4031 1194 4105 labiis,
1246 4036 1308 4091 et
1356 4038 1694 4093 moverunt
1741 4050 1840 4093 ca-

334 4141 473 4216 put.
508 4131 802 4214 Speravit
830 4131 896 4193 in
929 4130 1217 4203 Domino,
1242 4128 1472 4210 eripiat
1504 4147 1685 4208 eum;
1719 4130 1841 4191 sal-

1950 3158 2137 3231 ptura
2198 3166 2212 3211 :
2274 3148 2446 3229 quod
2501 3155 2712 3208 autem
2773 3147 3093 3210 modicum
3151 3155 3268 3227 est,
3331 3168 3446 3230 pro

1947 3248 2152 3310 nihilo
2182 3252 2532 3327 reputatur.
2567 3244 2709 3308 Ideo
2737 3245 2824 3307 ait
2859 3244 3204 3319 MattbaeuS,
3239 3244 3444 3318 Quum
3525 3278 3696 3322 gam,-

1945 3353 2280 3428 gustasset,
2334 3344 2540 3407 noluit
2594 3343 2816 3405 bibere
2868 3362 2882 3405 ε
2934 3361 3010 3404 ex
3067 3363 3196 3425 quo
3251 3352 3440 3425 patet,
3474 3346 3690 3394 must*-

1948 3446 2119 3527 quod
2168 3443 2489 3507 modicum
2537 3441 2831 3524 sumpsit.
2867 3442 3171 3524 Tuncque
3222 3442 3445 3526 imple-

1950 3551 2084 3606 tum
2128 3551 2226 3605 est
2261 3542 2421 3603 illud
2471 3541 2536 3602 iu
2578 3539 2822 3604 Psalmo
2856 3560 2870 3603 :
2906 3539 2980 3601 Et
3026 3542 3339 3604 dederunt
3376 3544 3442 3605 in
3477 3578 3734 3630 remmus.

1948 3661 2158 3705 escam
2188 3660 2391 3704 meam
2422 3639 2530 3715 sel,
2565 3648 2629 3702 et
2656 3640 2722 3702 in
2761 3640 2866 3701 siti
2896 3658 3037 3703 mea
3066 3649 3446 3723 potaverunt
3474 3642 3540 3684 ²²·

1950 3759 2051 3803 me
2092 3748 2289 3804 aceto.

2028 3837 2149 3900 Sed
2195 3837 2522 3919 quaeritur,
2557 3836 2875 3917 quomodo
2914 3835 3182 3900 Joannes
3221 3845 3282 3899 et
3324 3837 3444 3901 Lu-

1948 3956 2051 4000 cas
2103 3943 2330 4000 vocant
2378 3942 2599 4017 potum
2637 3941 2908 4008 acetum,
2951 3953 3152 4016 quum
3204 3936 3442 4000 Marcus

1947 4034 2230 4099 nominet
2261 4052 2408 4095 eum
2440 4033 2661 4096 vinum
2690 4032 3098 4113 myrrhatum,
3125 4033 3445 4098 Matthaeus

1949 4151 2099 4196 vero
2148 4133 2356 4214 primo
2397 4138 2578 4195 vocat
2626 4148 2775 4192 eum
2814 4130 3036 4193 vinum
3087 4131 3237 4195 felle
3285 4134 3448 4196 mix-

332 4252 489 4296 vum
520 4229 713 4293 faciat
738 4246 911 4303 eum,
946 4227 1250 4310 quoniam
1282 4226 1617 4289 vulteum.
1653 4227 1841 4289 Item·
1871 4239 1921 4300 D
1950 4241 2107 4294 tum.
2150 4230 2225 4292 Et
2263 4231 2801 4313 respondendum,
2846 4231 3018 4310 quod
3067 4238 3252 4313 potus
3301 4233 3440 4307 iste,

60 4350 301 4407 raes-mas.
330 4350 463 4413 que
504 4345 521 4389 ε
579 4328 710 4410 Ego
758 4326 962 4390 factus
1013 4345 1155 4388 sum
1204 4325 1623 4408 opprobrium
1667 4326 1835 4415 illis3

332 4432 638 4493 viderunt
681 4445 807 4500 me,
848 4434 912 4489 et
953 4431 1292 4489 moverunt
1335 4425 1542 4506 capita
1584 4444 1718 4487 sua.

440 4528 753 4591 Praeterea
809 4526 887 4587 de
943 4524 1263 4589 oblatione
1320 4522 1481 4585 aceti
1544 4532 1840 4606 praetacta

328 4628 693 4700 sciendum,
745 4625 918 4706 quod
976 4622 1161 4704 impii
1219 4622 1315 4684 illi
1375 4622 1688 4684 dederunt
1736 4624 1837 4685 bis

328 4726 582 4790 Christo
615 4730 839 4806 potum
869 4718 1517 4796 acetosum,felleum‚
1539 4738 1650 4782 seu
1680 4740 1839 4783 ama-

328 4844 476 4887 rum
511 4843 527 4886 z
562 4823 797 4897 Primo,
828 4821 997 4883 circa
1025 4817 1534 4893 crucifixionem,
1572 4819 1835 4895 scilicet,

328 4932 681 5004 antequam
721 4918 1229 4999 crucifigeretur,
1265 4916 1366 4979 vel
1395 4917 1607 4979 statim
1638 4937 1841 4999 quum

329 5021 545 5085 fuerat
574 5017 948 5083 crucifixus.
983 5016 1195 5082 Potius
1224 5024 1435 5077 tamen
1476 5034 1636 5091 reor,
1672 5018 1842 5098 quod

330 5128 481 5184 ante
532 5116 1043 5191 crucifixionem,
1098 5134 1302 5197 quum
1359 5114 1528 5177 dicat
1576 5114 1846 5179 Matthae—

104 5228 259 5274 flaua.
334 5240 411 5283 us
457 5240 471 5282 :
516 5218 845 5281 Venerunt
891 5216 959 5277 in
1008 5214 1220 5278 locum
1268 5213 1379 5295 qui
1431 5212 1667 5276 dicitur
1706 5213 1847 5278 Gol-

60 5296 300 5341 ¹¹⁷¹²³³'³⁵'
326 5321 547 5404 gotha,
578 5318 756 5402 quod
798 5317 1250 5398 interpretatur
1290 5314 1589 5379 Calvariae
1626 5314 1843 5397 locus3

586 5452 657 5506 Τ.
690 5451 773 5505 12.

1950 4330 2299 4392 secundum
2336 4327 2784 4407 Augustiuum,
2818 4326 2941 4388 fuit
2975 4330 3446 4392 amarissimum

1949 4428 2195 4501 vinum,
2249 4426 2334 4489 ita
2381 4427 2552 4507 quod
2610 4426 2734 4487 fuit
2788 4433 3133 4503 acetosum,
3188 4436 3448 4511 propter

1949 4528 2119 4609 quod
2171 4532 2431 4589 vocatur
2484 4533 2777 4605 acetum3
2831 4533 2892 4588 et
2939 4527 3218 4590 admixta
3266 4536 3447 4591 erant

1949 4628 2006 4689 ei
2056 4626 2316 4710 myrrha
2361 4634 2424 4688 et
2469 4624 2579 4688 fel.
2631 4626 2898 4707 Insuper
2942 4626 3143 4708 aliqui
3202 4627 3442 4703 dicunt,

1949 4726 2119 4807 quod
2169 4724 2445 4787 ministri
2495 4724 2782 4807 praesidis
2830 4724 3020 4787 talem
3072 4732 3292 4808 potum
3341 4727 3448 4789 da-

1949 4823 2102 4886 bant
2150 4823 2462 4885 damnatis
2510 4823 2587 4884 ad
2635 4830 2928 4897 mortem,
2974 4831 3043 4885 ut
3079 4824 3268 4886 citius
3315 4843 3449 4888 mo-

1952 4929 2263 4995 rerentur,
2302 4928 2365 4982 et
2395 4920 2486 4983 sic
2518 4920 2640 5001 ipsi
2671 4922 2750 4983 de
2781 4921 3039 4984 illorum
3069 4924 3447 5005 expediren-

1954 5029 2055 5083 tur
2097 5020 2404 5081 custodia.
2436 5018 2560 5079 Alii
2607 5017 2911 5093 referunt,
2947 5021 3117 5101 quod
3162 5022 3445 5085 seniores

1949 5118 2310 5181 Judaeorum
2351 5116 2796 5181 ordinaverant
2833 5117 3209 5198 adjudicatis
3257 5121 3447 5183 morti

1954 5216 2087 5279 dari
2129 5215 2352 5279 vinum
2389 5214 2630 5278 bonum
2672 5233 2747 5277 ac
2783 5216 3198 5278 aromaticum
3236 5219 3315 5281 ad
3353 5218 3450 5281 bi-

1955 5314 2261 5389 bendum,
2293 5322 2608 5396 quatenus
2641 5332 2718 5376 ex
2752 5321 2908 5397 potu
2941 5314 3312 5395 hujusmodi
3341 5335 3450 5380 ex—

3134 5450 3200 5507 16
