4300 6259
570 2942 708 2986 Prov.
726 2956 779 2989 ιι.
792 2943 835 2986 2.

664 3023 732 3080 10

576 4123 591 4167 l
612 4124 718 4169 Cor.
734 4139 776 4178 x,
792 4126 836 4170 2.

575 4505 734 4613 ιΖιιοΙι.
746 4521 834 4560 xm,

582 4811 683 4856 1001
696 4825 752 4864 m,
772 4815 837 4857 18.

624 5187 789 5232 Ezech.

569 5263 695 5326 xtvn,
731 5264 831 5307 pu-

568 5326 665 5357 unm.

866 459 989 526 328

1645 484 1998 533 malumno
2039 485 2103 531 m
2144 484 2285 532 GAP.
2330 484 2399 532 111
2439 484 2716 534 mamus.
2763 505 2844 518 ·-
2881 488 3024 535 ΛΒΤ.
3070 489 3178 534 vul

868 651 1101 714 dantia.
1134 653 1289 717 Item
1318 656 1638 719 nescimus
1669 657 2160 719 determinatum
2196 656 2361 739 prin·
2389 655 2440 718 A
2469 667 2895 739 exponuntur.
2943 658 3117 732 Quod
3175 678 3323 742 ergo
3375 660 3466 723 ait
3519 658 3820 734 Salvator,
3861 659 3942 721 Tu

868 748 1111 832 cipium
1151 762 1524 836 certumque
1566 755 1788 831 finem,
1824 757 1994 818 unde
2034 756 2262 838 incipit
2299 764 2362 817 et

868 849 977 911 ubi
1036 851 1268 914 desinit
1327 862 1550 916 ventus
1609 853 1789 932 flare,
1845 855 2139 936 quamvis
2199 855 2358 917 scia-

868 965 1009 1009 mus
1070 949 1135 1011 in
1190 952 1469 1031 generali
1544 953 1713 1034 quod
1770 953 1849 1015 ab
1908 953 2122 1035 aliqua
2185 961 2360 1034 parte

869 1045 1069 1126 plagae
1107 1050 1400 1112 australis
1444 1051 1543 1112 vel
1586 1050 1845 1113 alterius
1889 1051 2243 1114 inchoetur.

949 1148 1301 1223 Respondit
1330 1150 1739 1220 Nicodemus·‚
1766 1159 1825 1211 et
1853 1151 2031 1210 dixit
2057 1151 2121 1209 ei
2150 1171 2174 1209 .·
2205 1152 2363 1218 Quo-

871 1245 1053 1304 modo
1082 1256 1351 1322 possunt
1388 1249 1543 1315 }toec,
1584 1266 1727 1328 quae
1771 1249 1847 1309 de
1896 1247 2214 1330 spirituali
2264 1265 2362 1308 re·

864 1343 1269 1421 generatione
1316 1354 1377 1406 et
1427 1344 1699 1427 Spiritus
1758 1346 1958 1408 libera
2015 1345 2360 1428 spiratione

864 1439 1244 1517 disseruisti,
1283 1446 1459 1520 fieri,
1501 1444 1562 1506 id
1606 1452 1722 1519 est,
1768 1445 1974 1506 taliter
2016 1463 2083 1506 se
2127 1443 2362 1506 hahere

864 1546 933 1599 ut
988 1541 1261 1602 asseris?
1310 1541 1689 1605 Nicodamus
1739 1542 1804 1604 in
1854 1543 2107 1605 litterali
2169 1559 2360 1603 sensu

863 1636 1018 1718 legis
1058 1658 1131 1701 ac
1172 1638 1630 1722 Prophetarum
1673 1641 2019 1704 instructus
2064 1649 2128 1702 et
2171 1641 2362 1703 usita-

862 1744 987 1817 tuS,
1038 1738 1118 1801 ad
1159 1739 1555 1821 spiritualem
1603 1759 1677 1802 ac
1726 1741 2059 1823 mysticum
2113 1739 2362 1802 intelle-

2468 773 2535 817 es
2596 757 2894 838 magister
2944 759 3009 821 in
3068 759 3280 834 Israel,
3329 767 3393 822 et
3448 760 3584 822 haec
3641 758 3944 839 ignoras!

2469 873 2594 917 non
2637 855 2792 918 dicit
2838 857 3220 932 insultando,
3255 858 3366 920 sed
3405 857 3614 939 potius
3653 858 3949 918 miseren-

2471 954 2571 1027 do,
2632 972 2911 1035 eumque
2967 955 3385 1036 humiliando,
3445 963 3508 1018 et
3561 956 3642 1018 ad
3695 954 3950 1018 meliora

2470 1054 2889 1133 provocando.

2569 1151 2876 1234 Deinceps
2938 1152 3158 1234 pandit
3211 1151 3494 1216 Salvator
3543 1171 3733 1235 quam
3789 1160 3950 1214 certa

2469 1250 2554 1312 sit
2600 1269 2715 1311 sua
2761 1250 3045 1314 doctrina
3083 1269 3096 1313 :
3140 1260 3398 1333 propter
3439 1252 3609 1332 quod
3652 1250 3708 1312 ei
3751 1250 3952 1312 humi-

2469 1349 2614 1410 liter
2651 1356 2746 1411 est
2785 1350 3192 1412 credendum.
3225 1351 3460 1420 Amen,
3488 1369 3676 1410 amen
3701 1351 3847 1410 dico
3877 1351 3950 1408 ti-

2469 1449 2560 1518 bi,
2609 1449 2768 1526 quia
2827 1451 3000 1527 quod
3052 1449 3290 1509 scimus
3345 1466 3458 1511 nos
3517 1465 3625 1510 rex
3679 1446 3946 1521 Messias,

2472 1546 2836 1627 unigenitus
2880 1545 3078 1608 Filius
3117 1546 3247 1621 Dei,
3291 1546 3592 1610 Dominus
3639 1545 3956 1608 universo-

2471 1664 2612 1707 rum
2649 1663 2662 1706 :
2697 1645 2890 1726 quod,
2925 1645 3210 1726 inquam,
3250 1645 3508 1720 scimus,
3544 1644 3607 1706 id
3647 1652 3763 1718 est,
3797 1644 3956 1706 clare

2471 1743 2881 1823 cognovimus
2939 1743 3018 1804 ab
3083 1751 3317 1805 aeterno
3385 1743 3732 1805 secundum
3791 1743 3958 1824 quod

862 1841 1037 1896 ctum
1084 1837 1240 1918 erigi
1288 1836 1475 1900 facile
1524 1857 1649 1901 non
1700 1838 1949 1902 valebat
1992 1856 2005 1899 ε
2056 1836 2357 1918 quoniam
2397 1835 2444 1898 B
2473 1841 2632 1903 Deus
2669 1860 2682 1903 :
2717 1842 2933 1903 eadem
2975 1841 3148 1903 enim
3187 1849 3283 1904 est
3321 1840 3632 1922 sapientia
3669 1841 3958 1922 idemque

862 1951 1017 1995 usus
1074 1943 1171 1998 est
1228 1935 1402 1997 velut
1455 1935 1653 1998 altera
1708 1944 1955 1998 natura.
2008 1935 2154 1998 Ideo
2208 1934 2358 1997 satis

862 2032 1159 2094 audacter
1203 2032 1557 2096 sciscitatur
1594 2036 1914 2116 quomodo
1954 2040 2191 2116 queant
2228 2034 2362 2096 haec

861 2128 1032 2192 fieri.

942 2228 1228 2292 Christus
1268 2248 1416 2294 vero
1459 2231 1573 2312 qui
1617 2233 1805 2295 corda
1847 2231 2190 2312 cognoscit,
2234 2249 2365 2294 cer-

863 2345 1021 2390 nens
1061 2329 1377 2392 doctorem
1418 2331 1495 2392 de
1526 2349 1641 2394 suo
1681 2330 2041 2411 magisterio
2078 2330 2366 2411 aliquali—

861 2434 957 2489 ter
988 2427 1325 2502 tumidum,
1356 2429 1434 2490 ad
1464 2429 1889 2492 humilitatem
1921 2447 2068 2491 eum
2100 2429 2360 2504 reducit,

860 2533 1175 2607 quatenus
1205 2525 1435 2588 instrui
1468 2535 1801 2589 mereatur.
1822 2526 2362 2600 Quemadmodum

862 2623 1034 2687 enim
1084 2624 1386 2707 superbia
1430 2625 1912 2689 excaecationem
1958 2625 2360 2700 diabolicam,

864 2723 956 2785 sic
984 2723 1310 2786 humilitas
1350 2724 1886 2788 illuminationem
1917 2724 2200 2786 divinam
2242 2742 2366 2786 me-

864 2830 1059 2884 retur.
1126 2821 1386 2904 Propter
1450 2825 1621 2904 quod
1692 2822 1985 2886 Salomon
2055 2831 2363 2904 protesta-

863 2929 969 2983 tur
1012 2939 1024 2984 :
1070 2920 1184 2982 Ubi
1233 2921 1428 2984 fuerit
1474 2922 1822 2996 bumilitaS,
1866 2922 1953 2984 ibi
2005 2930 2068 2984 et
2114 2923 2366 3004 sapien-

2473 1958 2739 2003 numero
2782 1939 3142 2002 intellectus
3185 1939 3383 2002 Patris
3422 1947 3488 2002 et
3525 1939 3710 2015 Filii;
3764 1943 3961 2019 loqui-

2471 2059 2620 2099 mur
2668 2057 2841 2101 nunc
2899 2037 3079 2101 vobis
3128 2037 3381 2112 Judaeis,
3433 2038 3512 2100 de
3559 2037 3961 2100 sacramentis

2471 2143 2534 2198 et
2581 2137 2980 2200 documentis
3030 2136 3412 2217 evangelicae
3459 2136 3632 2217 legis.
3667 2139 3750 2199 E't
3795 2139 3962 2216 quod

2471 2237 2760 2296 vidimus
2808 2235 2992 2299 oculo
3044 2235 3300 2309 mentia,
3343 2234 3407 2296 id
3455 2243 3572 2308 est,
3617 2235 3962 2296 certissime

2471 2333 2791 2408 novimuS,
2851 2343 3182 2406 testamur,
3243 2332 3306 2396 id
3367 2340 3485 2406 est,
3545 2331 3817 2394 firmiter
3873 2331 3962 2394 af-

2471 2430 2828 2505 firmamuS,
2871 2431 3244 2494 hominibus
3295 2431 3715 2513 praedicando.
3762 2430 3962 2494 Potest

2471 2549 2728 2612 quoque
2777 2529 3045 2611 intelligi
3091 2531 3169 2593 de
3215 2528 3478 2592 scientia
3525 2528 3758 2592 Christi
3796 2547 3964 2591 crea·

2470 2637 2552 2703 ta,
2591 2646 2703 2711 per
2742 2648 2933 2710 quam
2977 2628 3192 2692 omnia
3230 2627 3419 2690 scivit
3453 2628 3532 2690 ab
3574 2628 3832 2690 instanti
3875 2629 3963 2689 in-

2471 2727 2874 2800 carnationis,
2925 2747 3070 2809 quae
3127 2727 3247 2789 scit
3295 2725 3459 2789 Deus
3508 2726 3772 2789 scientia
3819 2726 3964 2788 visi-

2470 2827 2610 2891 onis
2673 2845 2686 2890 :
2749 2827 2969 2907 sicque
3029 2825 3314 2889 Christus
3381 2825 3732 2887 secundum
3794 2825 3960 2906 quod

2473 2926 2684 2998 homo,
2721 2925 2880 2987 vidit
2920 2924 2986 2986 in
3017 2923 3243 2998 Verbo,
3277 2931 3340 2985 et
3377 2924 3528 2986 item
3568 2941 3682 3005 per
3719 2924 3959 3005 species

865 3019 973 3081 tia.
1006 3023 1102 3082 Tu
1128 3040 1191 3080 es
1222 3021 1525 3098 mayt‘ster
1558 3023 1631 3081 in
1665 3024 1893 3091 Israel,
1927 3020 1989 3082 id
2020 3028 2115 3082 est
2145 3021 2363 3084 doctor
2399 3020 2443 3084 C
2473 3031 2856 3097 concreataS‚
2889 3023 3104 3086 omnia
3146 3040 3289 3103 quae
3331 3022 3717 3103 praedicavit.
3751 3025 3838 3083 Et
3881 3032 3961 3082 te-

862 3117 1242 3192 Judaeorum,
1303 3127 1365 3178 et
1419 3121 1552 3180 Izoec
1609 3120 1687 3181 de
1748 3119 2063 3201 Baptismo
2121 3119 2364 3201 prolata

862 3217 1177 3294 ignoras?
1223 3215 1369 3289 Quae
1418 3223 1626 3279 tamen
1678 3217 1745 3278 in
1796 3216 1977 3280 libris
2027 3217 2252 3300 Moysis
2301 3225 2366 3280 et

865 3314 1317 3396 Prophetarum
1362 3314 1721 3396 figuraliter
1760 3326 1822 3379 et
1863 3315 2220 3378 litteraliter
2263 3317 2364 3379 de-

864 3413 1235 3476 scribuntur
1276 3431 1289 3476 :
1332 3413 1622 3496 ideoque,
1664 3433 1866 3496 quum
1917 3415 2003 3476 sis
2053 3415 2210 3496 legis
2259 3417 2367 3478 do-

864 3521 1020 3588 ctor,
1062 3513 1325 3577 deberes
1369 3515 1503 3578 haec
1548 3514 1731 3590 scire,
1770 3514 1868 3578 vel
1912 3515 2133 3577 saltem
2178 3515 2364 3578 facile

864 3612 1239 3694 intelligere.
1293 3612 1572 3677 Doctoris
1631 3613 1874 3695 quippe
1922 3621 2017 3675 est
2064 3614 2366 3695 mysteria

863 3717 928 3773 et
964 3710 1201 3792 figuras
1245 3718 1436 3793 atque
1477 3710 1865 3773 difficillima
1908 3711 2044 3774 loca
2080 3710 2365 3794 Scriptu-

864 3827 1078 3871 rarum
1137 3817 1495 3872 sanctarum
1554 3827 1951 3890 cognoscere.
2003 3809 2362 3892 Baptismus

864 3913 1075 3969 autem
1116 3907 1371 3988 Christi,
1407 3925 1523 3990 per
1558 3907 1895 3970 transitum
1936 3907 2129 3969 maris
2162 3907 2360 3970 Rubri

866 4013 930 4066 et
972 4023 1083 4087 per
1123 4006 1480 4069 ablutiones
1529 4006 1760 4086 legales
1807 4005 2356 4087 praefigurabatur,

866 4103 1116 4166 dicente
1165 4103 1461 4186 Apostolo
1514 4122 1527 4166 z
1580 4103 1809 4166 Omnes
1868 4103 1931 4166 in
1986 4103 2192 4187 Moyse
2249 4103 2361 4166 ba-

2469 3123 2850 3183 stimom'um
2901 3129 3190 3181 nostrum
3239 3139 3370 3180 non
3428 3121 3748 3197 accipitis,
3795 3127 3960 3182 recte

2472 3219 2785 3282 credendo
2829 3225 3021 3299 atque
3070 3217 3397 3280 humiliter
3444 3217 3602 3278 meis
3659 3217 3962 3280 sermoni·

2471 3316 2592 3379 bus
2636 3316 3108 3380 consentiendo.
3152 3314 3446 3388 Quamvis
3488 3315 3661 3376 enim
3702 3315 3958 3396 quidam

2467 3415 2828 3478 Judaeorum
2869 3415 3274 3477 crediderunt
3310 3412 3428 3488 illi,
3461 3420 3671 3475 tamen
3713 3432 3962 3496 compa-

2472 3515 2713 3577 ratione
2757 3513 3230 3576 incredulorum
3273 3510 3526 3574 fuerunt
3572 3512 3956 3595 paucissimi.

4065 1357 4116 1412 u

2469 3613 2646 3675 Unde
2690 3631 2804 3694 per
2847 3611 2999 3674 Osee
3045 3611 3328 3674 Christus
3374 3611 3663 3692 praedixit
3694 3629 3709 3674 :
3741 3610 3960 3674 Reces-
3985 3637 4190 3683 cmv-³³.

2471 3719 2691 3774 serunt
2720 3730 2757 3772 a
2787 3729 2890 3772 me
2919 3730 2934 3788 ;
2977 3718 3041 3772 et
3079 3728 3192 3790 ego
3233 3709 3477 3772 erudivi
3509 3727 3638 3785 θος,
3672 3717 3735 3771 et
3762 3709 3828 3771 in
3861 3727 3958 3772 me
3985 3705 4043 3743 ¹³·

2471 3810 2904 3891 cogitaverunt
2947 3809 3279 3871 malitiam.

2549 3911 2630 3971 Si
2674 3919 2926 3970 terrena
2964 3909 3114 3968 dioei
3157 3910 3350 3982 vobis,
3383 3917 3441 3968 et
3481 3927 3612 3968 non
3649 3909 3912 3968 creditis
3936 3927 3957 3966 .·

2469 4009 2780 4087 quomodo
2827 4008 2887 4066 si
2931 4007 3161 4066 dixero
3205 4007 3378 4066 vobis
3421 4005 3722 4075 coelestia,
3757 4007 3962 4066 crede-

2472 4106 2603 4166 tis?
2642 4103 2790 4177 Quae
2838 4111 2990 4166 sunt
3037 4104 3156 4165 ista
3202 4111 3452 4165 terrena
3487 4121 3633 4184 quae
3678 4101 3958 4166 Christus

865 4201 1079 4283 ptizati
1128 4209 1275 4264 sunt
1324 4201 1392 4263 in
1431 4201 1601 4264 nube
1648 4208 1711 4264 et
1748 4203 1815 4264 in
1865 4202 2045 4263 mari.
2088 4202 2364 4284 Prophe-
2394 4204 2442 4265 D
2472 4203 2630 4264 dixit
2667 4202 3008 4266 Nicodemo
3056 4209 3250 4283 atque
3292 4201 3563 4264 Judaeist
3603 4199 3956 4263 Secundum

861 4307 942 4362 tae
972 4319 1120 4364 vero
1158 4302 1236 4363 ad
1277 4301 1549 4363 litteram
1589 4301 1781 4364 locuti
1822 4309 1972 4363 sunt
2008 4301 2087 4362 de
2129 4301 2360 4365 Christi

862 4397 1263 4481 Baptismate,
1318 4407 1388 4462 ut
1443 4419 1644 4482 quum
1699 4417 1813 4482 per
1860 4399 2219 4462 Zachariam
2271 4401 2363 4463 di-

865 4497 1031 4561 citur
1064 4517 1077 4561 :
1110 4498 1179 4560 In
1224 4497 1328 4561 die
1369 4497 1481 4561 illa
1522 4498 1644 4560 erit
1684 4497 1828 4560 fons
1873 4505 2097 4579 patens
2142 4499 2357 4561 domui

864 4596 1060 4660 David
1099 4604 1161 4659 et
1203 4596 1636 4659 habitantibus
1677 4595 2044 4670 Jerusalem,
2080 4597 2146 4658 in
2184 4596 2364 4660 ablu-

860 4695 1103 4758 tionem
1164 4695 1533 4777 peccatoris.
1588 4695 1671 4757 De
1718 4713 1847 4776 quo
1893 4694 2099 4777 accipi
2160 4703 2364 4777 potest

866 4802 930 4856 et
985 4793 1144 4856 illud
1201 4793 1390 4857 Joelis
1444 4813 1457 4856 :
1510 4792 1673 4857 Fons
1732 4794 1810 4855 de
1866 4794 2053 4856 domo
2112 4791 2362 4856 Domini

866 4892 1243 4974 egredietur,
1296 4900 1359 4954 et
1410 4890 1697 4973 irrigabit
1754 4899 2096 4955 torrentem
2150 4892 2364 4974 spina-

866 5011 1030 5066 rum,
1095 4991 1391 5054 videlicet
1454 4991 1643 5054 corda
1706 4990 1950 5066 vitiosa,
2018 4989 2224 5072 spinis
2289 5011 2363 5054 ac

863 5090 1117 5153 tribulis
1156 5089 1595 5173 spiritualibus
1639 5088 1845 5170 plena.
1879 5087 2039 5151 Hinc
2073 5107 2186 5170 per
2217 5088 2365 5152 Eze—

865 5189 1135 5252 chielem
1183 5189 1383 5252 multa
1430 5189 1733 5252 dicuntur
1774 5188 1852 5249 de
1892 5186 2079 5269 aquis
2130 5188 2363 5250 redun-

862 5287 1160 5351 dantibus
1190 5287 1433 5369 templi,
1465 5305 1609 5368 quae
1638 5287 1715 5349 de
1746 5286 1929 5368 aquis
1958 5284 2359 5367 Baptismatis

2471 4300 2893 4382 Augustinum
2944 4307 3006 4361 et
3053 4299 3302 4374 Bedam‚
3357 4299 3476 4361 ista
3533 4306 3783 4361 terrena
3835 4317 3956 4362 non

2471 4405 2621 4460 sunt
2679 4397 2896 4480 aliqua
2957 4397 3124 4460 dicta
3181 4397 3246 4459 in
3311 4397 3430 4460 isto
3491 4395 3790 4478 capitulo,
3851 4397 3954 4458 sed

2472 4498 2641 4578 quod
2681 4514 2874 4579 supra
2914 4496 2978 4558 in
3022 4495 3400 4578 praecedenti
3440 4495 3718 4577 capitulo
3758 4494 3956 4558 fertur

4075 3915 4128 3970 {2

2471 4595 2758 4659 Christus
2799 4594 3034 4656 dixisse
3068 4592 3297 4657 Judaeis
3331 4613 3345 4657 :
3379 4593 3615 4658 Solvite
3653 4593 3954 4676 templum
4015 4611 4188 4654 1m.1‹.

2473 4696 2612 4770 hoc,
2665 4702 2728 4757 et
2785 4694 2851 4755 in
2901 4693 3106 4756 trihus
3164 4692 3388 4756 diebus
3437 4692 3723 4756 excitabo
3775 4692 3949 4754 illud.
3983 4677 4039 4718 ¹⁹·

2471 4793 2601 4857 Hoc
2654 4793 2825 4856 enim
2892 4791 3192 4855 disseruit
3250 4792 3326 4854 de
3387 4791 3644 4874 proprio
3700 4807 3956 4873 corpore

2470 4893 2678 4954 adhuc
2709 4891 3134 4973 corruptibili,
3171 4898 3423 4955 terreno
3453 4909 3526 4953 ac
3555 4890 3773 4954 mixto.
3807 4889 3958 4951 Tan-

2471 5010 2662 5073 quam
2705 4991 2870 5053 dicat
2905 5009 2918 5052 :
2953 4989 3016 5052 Si
3054 5009 3178 5052 non
3221 4989 3475 5051 creditis
3514 4990 3683 5070 quod
3724 4989 3954 5070 possim

2472 5089 2804 5172 proprium
2855 5107 3084 5170 corpus
3125 5087 3342 5150 divina
3379 5089 3612 5150 virtute
3659 5086 3956 5148 suscitare

2469 5208 2506 5250 a
2542 5194 2764 5262 morte,
2799 5187 3119 5269 quomodo
3159 5186 3426 5248 credetis
3462 5186 3632 5268 quod
3671 5185 3955 5248 homines

2473 5286 2712 5350 valeam
2766 5303 2842 5347 ex
2893 5303 3057 5367 aqua
3104 5291 3167 5346 et
3217 5281 3456 5366 Spiritu
3509 5283 3733 5346 Sancto
3789 5300 3956 5364 rege-
