4300 6259
861 496 983 565 290
1708 520 2055 567 numano
2097 519 2162 565 m
2203 518 2342 566 cn.
2388 518 2410 564 1
2450 517 2726 566 sommis.
2771 538 2852 549 —
2893 520 3034 566 aar.
3080 519 3120 563 v

861 708 1139 772 namque
1168 690 1438 753 includit
1466 690 1786 755 defectum
1817 701 1880 754 et
1906 690 2358 755 obscuritatem
2389 688 2440 749 A
2467 688 2738 770 profecit
2778 690 2844 751 in
2889 690 3090 771 gratia
3138 689 3469 763 habituali,
3509 687 3675 751 sicut
3724 705 3848 749 nec
3898 686 3960 747 in

863 789 1123 862 notitiae,
1158 808 1301 871 spes
1344 808 1491 853 vero
1539 791 1890 853 absentiam
1936 798 1997 852 et
2040 796 2360 871 exspecta-

862 886 1099 949 tionem
1139 886 1289 951 boni
1330 889 1550 971 optati.
1596 888 1698 951 11ae
1737 907 1886 970 ergo
1925 890 2191 951 virtutes
2231 906 2357 950 non

861 982 1123 1047 fuerunt
1181 985 1245 1046 in
1306 986 1574 1061 Christ0‚
1628 987 1812 1068 cujus
1870 987 2081 1049 anima
2137 1006 2174 1047 a
2230 1003 2360 1047 suae

862 1084 1198 1147 creationis
1248 1085 1568 1167 principio
1606 1086 1765 1149 vidit
1813 1086 2006 1148 Deum
2062 1104 2178 1167 per
2216 1102 2362 1166 spe-

862 1181 1049 1257 ciem,
1096 1183 1481 1265 plenamque
1538 1186 1758 1247 sortita
1809 1191 1904 1247 est
1960 1183 2354 1246 felicitatem.

942 1283 1028 1341 Ec
1076 1284 1391 1342 veritatis,
1439 1281 1715 1345 Verbum
1767 1282 2168 1345 incarnatum
2228 1281 2360 1364 ple-

864 1398 1019 1440 num
1068 1379 1191 1441 fuit
1239 1381 1523 1455 veritate,
1578 1382 1641 1444 id
1700 1390 1795 1443 est
1843 1381 2205 1455 Divinitate,
2263 1399 2362 1443 se-

863 1478 1145 1539 cundum
1193 1477 1617 1559 Augustinum
1666 1488 1727 1541 et
1784 1479 2035 1554 Bedam,
2088 1480 2242 1561 quia
2293 1478 2359 1540 in

601 1574 1003 1657 Colman-,ipso
1062 1575 1301 1639 habitat
1358 1578 1566 1639 omnis
1625 1578 1953 1659 plenitudo
2002 1577 2358 1640 Divinitatis

864 1673 1296 1755 corporaliter,
1342 1676 1694 1737 secundum
1742 1675 2137 1757 Apostolum.
2189 1675 2362 1737 Veri—

864 1779 958 1833 tas
996 1790 1255 1853 quoque
1294 1772 1572 1835 increata
1607 1774 2056 1856 appropriatur
2087 1774 2246 1838 Filio
2278 1774 2359 1836 ab

2466 786 2796 868 sapientia,
2831 787 2951 849 nisi
3004 806 3316 869 ponamus
3358 787 3422 849 in
3467 804 3541 850 eo
3580 784 3962 868 sapientiam

2465 886 2862 968 acquisitam.
2905 886 3082 948 Unde
3127 887 3300 968 quod
3347 885 3544 948 Lucas
3592 884 3768 958 dicit,
3823 902 3966 966 pro-
3991 898 4202 943 amma.

2467 982 2696 1045 fecisse
2740 985 2943 1065 gratia
2983 992 3047 1047 et
3095 984 3406 1067 sapientia
3443 984 3611 1066 apud
3653 982 3855 1045 Deum
3905 989 3966 1043 et

2470 1083 2781 1158 homineS,
2835 1084 3320 1165 intelligendum
3377 1091 3474 1145 est
3521 1088 3836 1164 quantum
3887 1081 3962 1142 ad

2470 1182 3064 1257 manifestationem,
3127 1182 3294 1243 sicut
3352 1187 3493 1262 post
3550 1178 3962 1242 resurrectio-

2469 1300 2616 1343 nem
2648 1282 2882 1343 dicitur
2911 1281 2967 1343 ei
3009 1282 3148 1343 data
3186 1280 3394 1344 omnis
3436 1286 3710 1361 potestas
3745 1278 3814 1340 in
3846 1296 3965 1340 coe-
4039 1296 4174 1338 κιαι..

2471 1380 2532 1443 lo
2578 1387 2642 1442 et
2688 1380 2755 1441 in
2801 1387 3002 1459 terra3
3038 1379 3138 1442 vel
3177 1386 3487 1459 quantum
3517 1378 3596 1439 ad
3638 1396 3854 1439 usum.
3885 1410 3966 1420 —
3991 1371 4116 1408 *Μ’
4141 1360 4189 1398 ¹⁸·

2468 1478 2790 1542 Postremo
2828 1478 3062 1541 dicitur
3092 1477 3376 1540 Christus
3416 1476 3645 1558 plenus
3675 1475 3961 1549 veritate,

2469 1577 2773 1657 quoniam
2823 1576 3115 1658 implevit
3173 1584 3236 1638 et
3281 1574 3637 1639 verificavit
3692 1592 3770 1636 ea
3823 1592 3966 1655 quae

2469 1676 2709 1757 scripta
2751 1684 2932 1737 erant
2972 1676 3050 1737 de
3094 1676 3256 1757 ipso.

2549 1773 2856 1855 Deinceps
2889 1772 3288 1853 Evangelista
3325 1771 3662 1835 confirmat
3699 1790 3848 1853 quae
3875 1771 3968 1833 di-

864 1870 1190 1933 intellectu
1222 1870 1419 1933 Patris
1451 1872 1814 1953 profluenti.
1841 1873 1982 1935 Fuit
2011 1873 2203 1935 etiam
2234 1874 2360 1955 ple-
2396 1872 2444 1933 B
2471 1872 2562 1933 xit
2609 1873 2686 1934 de
2741 1872 3114 1934 excellentia
3163 1871 3350 1934 Verbi
3409 1870 3741 1943 incarnati,
3797 1870 3968 1932 testi-

866 1988 1019 2030 num
1072 1971 1355 2041 veritate,
1410 1970 1471 2032 id
1521 1980 1617 2033 est
1664 1972 1836 2033 omni
1890 1972 2250 2053 cognitione
2299 1979 2361 2033 et

612 2084 796 2129 maa
866 2068 1197 2149 sapientia,
1251 2068 1405 2148 quia
1450 2068 1513 2130 in
1569 2070 1704 2151 ipso
1758 2078 1907 2132 sunt
1956 2088 2176 2133 omnes
2227 2071 2362 2132 the-

865 2166 1035 2227 sauri
1066 2166 1391 2247 sapientiae
1420 2174 1481 2229 et
1512 2167 1793 2231 scientiae
1823 2169 2197 2231 absconditi.
2221 2170 2361 2231 Fuit

864 2264 1055 2327 etiam
1096 2272 1160 2326 et
1196 2271 1292 2325 est
1328 2265 1393 2326 in
1425 2264 1672 2329 Christo
1710 2267 2021 2348 sapientia
2056 2268 2356 2341 increata,

862 2381 1009 2443 quae
1065 2362 1317 2425 realiter
1365 2363 1532 2425 idem
1591 2372 1688 2426 est
1738 2366 1908 2446 quod
1958 2366 2235 2428 Verbum
2288 2386 2361 2428 ac

864 2460 1083 2523 divina
1118 2463 1421 2542 essentia3
1462 2463 1635 2537 item,
1679 2464 1991 2545 sapientia
2028 2464 2359 2528 Beatorum

865 2577 978 2621 seu
1009 2559 1245 2641 patriae,
1270 2560 1574 2642 quoniam
1604 2562 1816 2624 anima
1844 2562 1983 2643 ejus
2016 2563 2178 2627 vidit
2208 2582 2364 2626 sem-

866 2675 981 2739 per
1020 2657 1217 2720 Deum
1265 2676 1380 2739 per
1423 2659 1724 2740 speciem,
1760 2662 2184 2742 cognovitque
2227 2682 2363 2725 om-

866 2757 971 2819 nia
1020 2758 1083 2819 in
1123 2758 1350 2832 Verb0,
1380 2778 1524 2839 quae
1564 2758 1725 2820 Deus
1777 2760 2099 2840 cognoscit
2137 2760 2363 2823 notitia

866 2856 1152 2932 visioniS,
1180 2856 1475 2920 videlicet
1506 2857 1803 2919 universa
1834 2860 2172 2939 praeterita,
2209 2878 2366 2940 prae-

866 2956 1089 3031 sentia,
1143 2965 1207 3019 et
1251 2954 1487 3017 futura.
1540 2955 1649 3017 Est
1694 2974 1952 3038 quoque
2002 2958 2065 3018 in
2116 2956 2364 3021 Christo

2470 1970 2685 2033 monio
2723 1970 3153 2033 PraecursoriS.
3185 1973 3463 2031 Joannes
3495 1969 3768 2051 Baptista
3797 1972 3968 2031 testi·
4089 1982 4146 2035 15

2469 2072 2762 2130 monium
2783 2070 3077 2146 perhibet
3104 2072 3185 2128 de
3213 2071 3349 2147 ipso
3373 2088 3396 2128 .·
3425 2067 3964 2149 quemadmodum

2470 2167 2709 2230 dictum
2748 2176 2938 2249 atque
2978 2166 3336 2249 expositum
3377 2175 3492 2241 est,
3525 2165 3638 2228 Hic
3676 2166 3854 2229 venit
3900 2166 3963 2226 in
4040 2178 4178 2219 *⁶2⁷-

2470 2265 2926 2342 testimonium,
2983 2272 3050 2327 ut
3106 2264 3540 2328 testimonium
3599 2264 3968 2347 perhiberet

2471 2364 2550 2425 de
2597 2364 2862 2425 lumine.
2897 2366 2983 2424 Ec
3019 2368 3259 2424 clamat
3299 2381 3524 2444 magno
3565 2362 3830 2437 affectu,
3864 2382 3969 2424 su-

2471 2461 2784 2543 blimique
2832 2479 3008 2535 voce,
3060 2469 3363 2542 tanquam
3421 2469 3628 2523 certus
3677 2462 3757 2523 de
3805 2460 3969 2524 veri-

2470 2567 2614 2635 tate,
2659 2578 2776 2623 nec
2824 2567 3112 2622 metuens
3165 2560 3506 2641 praedicare
3552 2559 3966 2621 eminentiam

2469 2658 2609 2720 Filii
2641 2658 2772 2721 Dei.
2809 2658 2967 2721 Dicit
3006 2668 3219 2721 autem
3257 2657 3655 2739 Evangelista
3691 2659 3772 2720 de
3811 2658 3972 2721 Prte-

2472 2775 2731 2820 cursore
2796 2756 3256 2839 principaliter,
3313 2755 3626 2832 Perhibet,
3687 2764 3772 2831 et,
3832 2756 3968 2820 Cla-

2473 2863 2601 2917 mat
2664 2874 2678 2917 :
2742 2875 2887 2917 nam
2946 2854 3240 2937 quamvis
3300 2854 3492 2917 verba
3545 2872 3654 2917 ore
3710 2855 3970 2917 Joannis

2475 2954 2765 3036 Baptistae
2833 2954 3073 3037 prolata
3135 2953 3246 3015 diu
3307 2954 3694 3028 transierint,
3757 2962 3968 3016 tamen

866 3054 1131 3117 scientia
1163 3055 1363 3117 indita
1392 3072 1505 3116 seu
1545 3053 1777 3130 infusa,
1812 3074 1939 3135 qua
1976 3074 2088 3137 per
2118 3057 2363 3137 species
2404 3052 2449 3116 C
2479 3053 2672 3116 verba
2730 3054 2869 3134 ejus
2935 3052 3395 3115 incessabiliter
3453 3060 3852 3135 repetuntur,
3911 3062 3976 3116 et

866 3153 991 3215 sibi
1051 3161 1412 3216 concreatas
1460 3153 1744 3234 agnoscit
1802 3172 1901 3215 res
1959 3154 2023 3215 in
2087 3155 2364 3237 propriis

868 3252 1131 3327 naturiS,
1165 3251 1496 3314 ordinibus
1526 3262 1716 3332 atque
1742 3252 2083 3333 generibus
2109 3272 2122 3315 :
2148 3272 2367 3334 quem-

866 3350 1206 3413 admodum
1255 3348 1484 3430 angeli,
1519 3350 1867 3411 secundum
1913 3351 2362 3431 Augustinum‚

870 3456 1258 3529 cognoscunt
1317 3465 1413 3509 res
1463 3448 1821 3528 cognitione
1872 3450 2251 3531 vespertina,
2305 3458 2367 3511 et

592 3546 1065 3621 Gen.11‚19‚Adam
1125 3546 1418 3627 cognovit
1475 3554 1682 3609 creata
1740 3546 1805 3607 in
1874 3548 2166 3629 paradiso
2223 3556 2367 3610 ante

576 3638 644 3680 ²⁰·
872 3645 1145 3706 ruinam.
1178 3644 1406 3707 Praeter
1438 3645 1586 3706 istas
1628 3646 1921 3707 scientias
1952 3654 2201 3727 ponunt
2231 3647 2368 3729 qui-

870 3745 1014 3805 dam
1065 3742 1128 3804 in
1175 3742 1421 3805 Christo
1470 3743 1800 3805 scientiam
1850 3744 2253 3825 acquisitam,
2284 3747 2370 3807 ita

867 3842 1038 3923 quod
1089 3841 1447 3903 intellectus
1494 3842 1817 3923 possibilis
1865 3842 2095 3905 animae
2135 3842 2365 3906 Christi

869 3939 1174 4001 abstraxit
1210 3940 1288 4001 ab
1340 3939 1665 4001 intellectu
1708 3959 1821 4003 suo
1860 3949 2083 4021 agente
2123 3942 2368 4023 species

872 4056 1087 4099 rerum
1136 4046 1549 4099 sensatarum.
1602 4037 1786 4100 Nulla
1843 4039 2013 4099 enim
2066 4040 2369 4102 naturalis

876 4134 1181 4217 perfectio
1240 4134 1441 4197 defuit
1494 4135 1742 4199 Christo
1796 4155 1809 4199 :
1871 4138 2037 4198 unde
2094 4140 2173 4200 ad
2231 4140 2370 4220 ejus

2479 3154 2614 3235 ipse
2662 3153 2728 3214 in
2773 3152 3112 3233 Evangelio
3154 3152 3590 3215 indesinenter
3629 3152 3977 3215 testimoni-

2478 3272 2586 3314 um
2628 3251 2921 3334 perhibet
2959 3250 3206 3315 Christo
3243 3258 3304 3312 et
3343 3250 3589 3313 clamat.
3623 3249 3786 3322 Quid
3827 3268 3974 3332 ergo

2476 3351 2553 3412 de
2596 3349 2844 3412 Christo
2888 3356 3173 3423 testetur,
3221 3348 3655 3430 subjungitur.

2556 3452 2686 3511 Hic
2721 3448 3093 3528 Unigenitus
3139 3448 3334 3510 Patris
3386 3448 3612 3530 plenus
3661 3448 3866 3528 gratia
3909 3456 3972 3509 et

2479 3547 2760 3622 veritate,
2801 3556 2940 3608 erat
2987 3546 3067 3608 ab
3116 3555 3372 3621 aeterno,
3415 3546 3568 3627 quia
3617 3546 3680 3607 in
3735 3546 3972 3628 princi-

2478 3647 2584 3727 pio
2623 3654 2756 3707 erat
2785 3644 3082 3719 Verbum,
3117 3652 3180 3707 et
3210 3646 3401 3708 etiam
3441 3663 3613 3707 nunc
3651 3653 3772 3719 est,
3809 3664 3974 3707 sem-

2479 3762 2721 3827 perque
2779 3744 2900 3806 erit
2947 3743 3077 3824 ille,
3129 3765 3318 3823 quem
3365 3745 3515 3805 dimi
3561 3760 3700 3805 esse
3761 3763 3970 3826 regem

2477 3844 2784 3916 Messiam,
2837 3841 3221 3905 Salvatorem
3273 3842 3547 3915 mundi;
3598 3842 3723 3916 vel,
3776 3841 3971 3914 Quem

2480 3942 2633 4016 dixi,
2677 3942 2740 4003 id
2790 3948 2906 4015 est,
2949 3939 3240 4003 futurum
3293 3940 3738 4022 praenuntiavi,
3785 3950 3848 4003 et
3894 3943 3972 4004 de

2479 4060 2606 4123 quo
2638 4040 3012 4103 testificatus
3043 4060 3184 4101 sum
3217 4041 3410 4103 verba
3439 4040 3772 4121 sequentia
3805 4058 3819 4102 :
3845 4042 3972 4108 Qui

2471 4151 2614 4218 post
2643 4160 2769 4209 me,
2801 4140 2864 4201 id
2905 4147 3000 4200 est
3032 4146 3172 4220 post
3213 4158 3416 4201 meam
3459 4138 3968 4220 praedicationem

877 4233 1327 4315 perfectionem
1385 4235 1710 4315 pertinuit,
1754 4236 1924 4315 quod
1973 4237 2225 4299 easdem
2273 4256 2372 4299 res
2401 4238 2450 4299 D
2480 4258 2552 4300 ac
2601 4237 3112 4319 baptizationem,
3149 4246 3460 4299 venturus
3502 4247 3593 4298 est
3640 4237 3706 4297 in
3760 4235 3970 4319 publi-

876 4330 1147 4393 diversis
1195 4332 1399 4394 modis
1456 4341 1647 4413 atque
1694 4333 1976 4395 scientiis
2037 4335 2233 4398 novit.
2289 4335 2372 4397 De

878 4430 995 4491 hac
1052 4429 1315 4491 scientia
1364 4429 1583 4492 dicunt
1640 4430 1815 4513 loqui
1866 4432 2237 4513 Apostolum
2295 4436 2370 4496 ad

584 4546 845 4597 uetans.
880 4527 1167 4591 Hebraeos
1203 4547 1216 4590 ε
1252 4528 1480 4591 Didicit
1526 4547 1602 4591 ex
1648 4530 1747 4591 his
1791 4548 1935 4610 quae
1986 4549 2208 4612 passus
2253 4540 2368 4607 est,

876 4625 1321 4690 obedientiam.
1354 4626 1619 4709 Insuper
1649 4627 1937 4691 Christus
1979 4630 2206 4711 plenus
2252 4630 2374 4693 fuit

878 4724 1140 4787 veritate
1173 4725 1335 4798 vitae,
1370 4726 1630 4789 veritate
1662 4726 1984 4802 doctrinae,
2019 4735 2080 4789 et
2112 4729 2374 4792 veritate

873 4822 1157 4904 justitiae.

956 4920 1117 4983 Huic
1154 4928 1365 4982 autem
1408 4920 1602 4984 verbo
1636 4922 1915 4997 JoanniS,
1952 4933 2257 4987 consonat
2300 4925 2376 4986 il-

598 5040 849 5093 Lue.u,⁴o.
878 5019 989 5083 lud
1038 5020 1219 5083 Lucae
1275 5040 1287 5082 :
1341 5019 1501 5083 Puer
1544 5021 1723 5083 Jesus
1774 5022 2095 5084 crescebat
2144 5024 2373 5104 plenus

880 5116 1209 5198 sapientia,
1262 5126 1325 5179 et
1370 5120 1569 5198 gratia
1628 5120 1732 5181 Dei
1792 5129 1925 5182 erat
1973 5122 2038 5182 in
2096 5139 2192 5184 eo.
2245 5122 2375 5185 Imo

880 5224 1009 5277 tam
1070 5215 1295 5297 plenus
1355 5216 1477 5279 fuit
1530 5218 1727 5298 gratia
1780 5238 1815 5281 a
1870 5219 2190 5301 principio
2247 5240 2376 5284 suae

880 5311 1311 5393 conceptionis
1369 5312 1434 5375 in
1485 5314 1761 5395 Virgine,
1814 5318 1987 5397 quod
2041 5336 2373 5398 nunquam

2481 4356 2650 4405 eum,
2684 4336 3019 4399 manifeste
3058 4336 3360 4410 docendo,
3396 4335 3700 4398 miracula
3739 4336 3970 4399 facien-

2482 4435 2582 4509 do,
2617 4442 2808 4515 atque
2849 4453 2962 4516 per
2996 4453 3144 4496 suos
3184 4434 3530 4515 discipulos
3569 4433 3963 4516 baptizando.

2479 4534 2614 4596 Non
2666 4533 2887 4615 utique
2935 4532 3220 4613 loquitur
3255 4532 3522 4595 Ioannes
3572 4532 3649 4594 de
3694 4533 3966 4595 adventu

2482 4630 2711 4694 Christi
2762 4632 2827 4692 in
2885 4631 3220 4705 mundum,
3271 4630 3572 4712 quoniam
3625 4630 3968 4693 incarnatio

2483 4738 2544 4791 et
2593 4730 2886 4792 nativitas
2935 4730 3165 4793 Christi
3217 4730 3493 4791 humana
3538 4729 3669 4811 jam
3718 4730 3826 4792 diu
3873 4728 3969 4791 fu-

2481 4835 2668 4889 erunt
2717 4828 3082 4910 praeteritae3
3117 4828 3225 4889 sed
3267 4827 3572 4902 ChristuS,
3606 4828 3719 4908 qui
3773 4844 3968 4909 usque

2480 4928 2558 4988 ad
2605 4926 3002 4989 tricesimum
3054 4946 3184 4989 suae
3229 4926 3430 4989 aetatis
3477 4944 3714 4989 annum
3767 4926 3964 4995 latuit,

2484 5032 2628 5106 post
2672 5024 3184 5106 praedicationem
3227 5024 3482 5088 Ioannis
3523 5024 3696 5087 venit
3746 5025 3810 5087 in
3859 5043 3972 5106 pu-

2483 5122 2748 5184 blicum.
2783 5126 2952 5183 Ante
3001 5142 3096 5182 me
3139 5124 3352 5199 factus
3399 5134 3516 5193 est,
3559 5123 3624 5185 id
3673 5130 3770 5185 est
3815 5122 3968 5185 mihi

2486 5220 2864 5303 praepositus
2895 5229 2958 5282 et
2988 5221 3284 5303 praelatus
3317 5238 3430 5283 seu
3465 5220 3716 5301 dignior
3745 5220 3965 5294 factuS,

2487 5318 2678 5381 etiam
2709 5320 3063 5381 secundum
3100 5327 3388 5381 naturam
3425 5328 3838 5401 assumptam,
3873 5336 3970 5381 cu-
