4300 6259
660 881 726 937 12

671 2480 833 2517 ιιιιιιιι

861 493 980 558 122

1634 511 1986 558 mutuno
2028 509 2093 556 m
2134 510 2274 556 CAP-
2320 509 2424 555 xvl
2465 509 2656 556 LUCAE.
2699 529 2780 540 -
2817 513 2960 558 ΛΒΤ.
3005 513 3198 558 mlx

862 692 961 747 cat
1002 703 1015 746 :
1060 685 1307 766 lndigni
1356 685 1507 748 estis
1555 683 1925 764 hujusmodi
1974 681 2182 754 bonis,
2233 681 2362 743 imo
2389 679 2440 740 Α
2469 687 2594 752 tur,
2637 680 2880 744 scilicet
2928 683 3147 763 gratia.
3190 682 3254 745 Si
3301 691 3512 746 autem
3563 691 3966 764 comparetur

860 791 924 846 et
964 784 1317 866 praelatura‚
1352 782 1913 866 spiritualiumque
1945 779 2362 862 dispensatio·

861 900 963 944 ne.
999 885 1085 943 Ec
1120 885 1181 943 si
1220 885 1291 942 in
1324 885 1540 943 alieno
1578 883 1801 959 fideles
1840 901 1969 940 non
2010 881 2260 956 fuistis,
2297 879 2360 940 id

860 989 956 1042 est
992 981 1058 1043 in
1098 981 1484 1043 exteriorum
1522 999 1595 1042 ac
1626 978 2073 1061 temporalium
2116 995 2362 1059 posses-

858 1080 1037 1142 sione
1094 1086 1159 1140 et
1220 1098 1384 1151 usu;
1434 1081 1606 1158 quod
1654 1088 1937 1140 vestrum
1984 1087 2099 1146 est,
2150 1076 2214 1137 id
2267 1083 2361 1136 est

858 1178 1021 1240 dona
1057 1177 1275 1257 gloriae
1314 1176 1737 1257 sempiternae,
1778 1175 1857 1236 ad
1896 1193 2040 1255 quae
2080 1173 2362 1236 finaliter

856 1275 1093 1338 conditi
1126 1275 1299 1348 estiS‚
1324 1282 1386 1336 et
1415 1293 1560 1356 quae
1592 1273 1795 1355 pretio
1826 1273 2153 1354 sanguinis
2187 1271 2364 1334 Chri-

858 1373 937 1435 sti
986 1381 1356 1454 recuperata
1402 1391 1475 1434 ac
1520 1379 1733 1453 empta
1780 1380 1930 1432 sunt
1968 1371 2173 1445 vobis,
2215 1372 2361 1450 quis

856 1473 1037 1532 dabit
1076 1473 1298 1532 vobis?
1341 1470 1565 1532 Nullus
1612 1470 1857 1551 utique.
1904 1469 2091 1532 Porro
2135 1468 2363 1531 exteri-

857 1589 967 1634 ora
1002 1589 1075 1632 ac
1106 1570 1479 1652 temporalia
1508 1569 1809 1632 dicuntur
1849 1567 2093 1632 homini
2134 1568 2357 1641 aliena,

858 1678 1159 1750 tanquam
1220 1669 1595 1742 extrinseca,
1650 1676 1712 1730 et
1766 1686 1983 1730 secum
2042 1686 2168 1730 non
2224 1685 2364 1748 per-

860 1785 1178 1838 mansura,
1230 1775 1422 1847 atque
1478 1766 1558 1828 ab
1610 1783 1685 1829 eo
1743 1766 1917 1846 quod
1977 1764 2041 1826 in
2104 1765 2364 1828 homine

2469 781 2544 840 ad
2583 779 2721 861 ipsa
2759 799 2952 862 opera
2990 782 3334 857 meritoria,
3368 790 3522 844 tunc
3561 781 3791 844 dicitur
3827 783 3971 843 red-

2471 879 2751 941 dendum
2791 881 2956 941 sicut
2995 899 3240 943 merces
3281 900 3398 963 pro
3437 880 3672 954 labore,
3703 889 3765 942 et
3801 881 3974 943 sicut

2473 977 2806 1059 praemium
2840 998 2956 1060 pro
2986 980 3213 1043 merito
3241 980 3556 1059 condigno
3588 998 3602 1042 t
3631 980 3971 1060 condigno,

2473 1076 2760 1157 inquam,
2809 1097 2936 1140 non
2987 1078 3415 1158 condignitate
3463 1077 3715 1152 valoris,
3767 1097 3974 1158 quum

2475 1173 2806 1255 praemium
2853 1176 2936 1236 sit
2985 1175 3224 1238 bonum
3274 1175 3625 1249 infinitum,
3672 1176 3977 1237 meritum

2471 1281 2682 1335 autem
2746 1273 2984 1337 bonum
3044 1272 3326 1348 finitum,
3381 1276 3491 1337 sed
3549 1275 3978 1356 condignitate

2473 1371 2929 1434 conventionis.
2956 1369 3058 1434 Sic
3090 1373 3262 1434 enim
3295 1373 3456 1434 Deus
3487 1374 3973 1436 conventionem

2473 1469 2625 1531 fecit
2665 1488 2811 1532 cum
2851 1470 3129 1543 homine,
3167 1479 3233 1531 ut
3265 1471 3317 1532 si.
3357 1470 3636 1534 finaliter
3675 1471 3978 1535 laborarit

2475 1569 2542 1630 in
2582 1567 2768 1630 vinea
2814 1587 2948 1636 sua,
2993 1567 3056 1630 id
3100 1577 3196 1630 est
3235 1569 3300 1630 in
3347 1567 3644 1642 Ecclesia,
3691 1570 3862 1632 dabit
3912 1570 3973 1631 ei

2477 1688 2592 1751 pro
2631 1668 2932 1750 operibus
2972 1668 3313 1732 meritoriis
3351 1668 3684 1732 denarium
3722 1678 3976 1732 aeternae

2475 1767 2910 1830 beatitudinis,

860 1865 1216 1947 principale
1262 1873 1379 1939 est,
1434 1871 1587 1947 puta
1632 1883 1669 1925 a
1719 1871 1897 1946 parte
1949 1863 2360 1934 intellectiva,
2401 1866 2448 1928 B
2537 1865 3010 1946 Consequenter
3039 1866 3360 1928 dissuadet
3389 1873 3454 1928 et
3484 1865 3779 1948 prohibet
3803 1866 3982 1930 Chri·

862 1983 1122 2045 prorsus
1158 1971 1455 2026 extranea
1500 1982 1514 2025 ε
1559 1963 1701 2026 ideo
1742 1981 1867 2025 non
1913 1969 2064 2023 sunt
2108 1962 2365 2044 proprie

862 2061 1027 2125 bona
1065 2062 1227 2142 ejus,
1259 2061 1437 2124 Unde
1480 2069 1545 2123 et
1585 2061 1968 2141 emigrantes
2012 2061 2089 2122 de
2133 2059 2366 2122 saeculo

864 2162 1004 2235 isto,
1058 2161 1227 2222 ferre
1285 2179 1359 2222 ea
1418 2160 1749 2224 nobiscum
1812 2178 1936 2222 non
1999 2177 2360 2240 possumuS,

864 2261 1114 2323 dicente
1144 2259 1442 2341 Apostolo
1478 2278 1491 2322 :
1525 2257 1694 2320 Nihil
1726 2257 2063 2320 intulimus
2094 2259 2160 2320 in
2194 2257 2365 2320 hunc

867 2359 1221 2428 mundum:
1264 2358 1432 2419 haud
1477 2357 1745 2420 dubium
1793 2356 1945 2436 quia
1992 2374 2111 2418 nec
2159 2355 2366 2418 aufer-

868 2475 934 2518 re
982 2457 1135 2537 quid
1186 2475 1548 2538 possumuS.
1598 2454 1672 2516 Et
1718 2454 2048 2516 Psalmista
2099 2473 2113 2516 ε
2165 2454 2365 2518 Homo

865 2574 1065 2636 quum
1116 2553 1449 2628 interierit,
1497 2572 1623 2616 non
1676 2560 1885 2614 sumet
1928 2553 2165 2616 omnia.
2211 2553 2366 2614 Vera

868 2654 1059 2734 igitur
1097 2653 1375 2718 hominis
1409 2653 1575 2716 bona
1608 2659 1757 2714 sunt
1792 2670 1865 2714 ac
1896 2671 2059 2714 verae
2100 2652 2360 2728 divitiae,

864 2771 1010 2834 quae
1040 2752 1161 2836 sibi
1204 2751 1442 2814 nolenti
1483 2750 1719 2813 auferri
1754 2769 1879 2813 non
1918 2758 2186 2831 queunt,
2219 2770 2364 2832 quae

865 2870 1009 2913 eum
1058 2851 1229 2912 intus
1274 2849 1641 2932 perficiunt,
1676 2856 1738 2910 et
1781 2850 2134 2911 secundum
2179 2849 2364 2911 intel-

865 2949 1157 3012 lectivam
1206 2950 1435 3011 animae
1483 2948 1839 3030 portionem
1893 2947 2011 3010 sibi
2066 2947 2365 3010 conveni-

2475 1973 2612 2027 stus
2661 1965 2900 2027 servire
2947 1965 3303 2047 cupiditati,
3347 1965 3477 2028 imo
3525 1973 3587 2028 et
3633 1965 3803 2028 omni
3853 1966 3984 2028 ini-

2475 2064 2727 2144 quitati,
2773 2081 2847 2126 eo
2894 2065 3066 2144 quod
3119 2071 3374 2145 peccato
3422 2065 3808 2137 deservienS,
3849 2065 3982 2127 Deo

2475 2161 2804 2242 subjectus
2835 2181 2960 2224 non
2993 2161 3096 2234 sit,
3125 2162 3348 2244 sicque
3379 2181 3723 2236 summum,
3747 2163 3986 2226 incom-

2476 2259 2782 2322 mutabile
2829 2269 2896 2322 et
2942 2261 3327 2323 immensum
3383 2261 3626 2324 bonum
3675 2261 3906 2324 amittit
3963 2281 3978 2324 :

2475 2359 2556 2420 ob
2589 2359 2773 2439 cujus
2811 2359 3221 2421 amissionem
3266 2359 3610 2432 vitandam,
3645 2360 3830 2422 debet
3868 2360 3984 2422 ho—

2475 2476 2580 2519 mo
2627 2475 2817 2519 omne
2869 2463 3201 2538 peccatum
3260 2475 3513 2520 summo
3562 2476 3708 2520 cum
3766 2458 3982 2521 studio

2475 2555 2776 2627 devitare,
2817 2563 3010 2636 atque
3050 2553 3132 2617 ob
3171 2555 3356 2634 cujus
3400 2573 3680 2619 amorem
3725 2563 3788 2618 et
3825 2557 3980 2618 ade-

2477 2654 2758 2735 ptionem
2809 2653 2996 2715 debet
3042 2671 3232 2716 omne
3271 2671 3432 2734 opus
3479 2653 3716 2716 bonum
3757 2652 3976 2716 infati-

2473 2750 2768 2832 gabiliter
2815 2751 3204 2814 continuare.
3261 2754 3461 2814 Nemo
3507 2772 3728 2812 servus
3764 2762 3976 2829 potest

2473 2852 2720 2911 duobus
2747 2851 3034 2910 domi-nis
3061 2851 3303 2910 servire
3335 2849 3640 2910 servitute
3679 2850 3878 2930 utrisq
3891 2869 3974 2910 ue

2475 2949 2763 3030 placente
2797 2965 2811 3010 ε
2847 2946 3138 3020 dominiS,
3165 2947 3448 3028 inquam,
3473 2947 3794 3011 voluntate
3821 2967 3976 3012 con-

867 3056 1003 3120 unt,
1036 3056 1226 3129 atque
1267 3048 1329 3109 in
1373 3047 1590 3109 divino
1628 3053 1974 3128 conspectu
2014 3063 2160 3107 eum
2201 3046 2364 3108 divi-
2398 3045 2440 3106 C
2473 3047 2704 3120 trariiS,
2749 3047 2814 3107 in
2857 3053 3168 3126 quantum
3215 3041 3568 3118 contrariiS,
3605 3046 3724 3108 hoc
3765 3053 3859 3108 est
3903 3047 3972 3108 in

867 3154 992 3207 tem
1054 3146 1345 3208 reddunt.
1407 3144 1567 3206 Hinc
1623 3144 1883 3224 quidam
1946 3142 2364 3225 philosophus

868 3243 1067 3306 dixit:
1104 3242 1496 3305 Thesaurum
1541 3260 1756 3304 meum
1798 3240 1956 3303 mihi
2000 3240 2216 3302 nullus
2257 3260 2366 3302 au-

868 3342 1033 3405 ferre
1085 3349 1290 3423 potest
1334 3360 1349 3404 :
1405 3359 1519 3422 per
1566 3341 1938 3401 thesaurum
1985 3340 2364 3422 sapientiam

867 3461 1046 3503 suam
1092 3439 1473 3520 intelligens.

958 3539 1261 3601 Praeterea
1313 3537 1795 3610 advertendum,
1846 3536 2017 3616 quod
2074 3534 2361 3598 Christus

866 3638 1135 3717 loquens
1177 3638 1256 3698 de
1299 3635 1483 3698 bonis
1528 3634 1647 3697 viae
1686 3634 1795 3707 ait,
1828 3632 1977 3705 Quis
2027 3635 2261 3706 credet,
2299 3634 2361 3696 id

868 3745 963 3798 est
1012 3735 1386 3806 committet,
1441 3733 1642 3805 vobiS,
1686 3733 1839 3814 quia
1886 3734 1963 3794 de
2013 3732 2106 3795 eis
2157 3734 2364 3795 reddi-

869 3842 1049 3897 turus
1088 3843 1184 3896 est
1233 3833 1583 3902 rationem:
1637 3832 1747 3893 sed
1791 3832 1868 3892 de
1911 3831 2096 3894 bonis
2146 3832 2365 3912 patriae

868 3933 1042 4004 dicit,
1076 3931 1225 4004 Quis
1267 3931 1440 3992 dabit
1471 3929 1676 4002 vobiS,
1708 3929 2013 4009 quoniam
2051 3929 2218 3992 bona
2264 3949 2365 4011 pa-

869 4032 1006 4094 triae
1063 4029 1195 4092 dari
1258 4029 1579 4099 dicuntur,
1634 4045 1708 4090 eo
1765 4029 1935 4108 quod
1985 4028 2226 4089 donum
2285 4028 2366 4090 sit

869 4129 1037 4192 datio
1067 4126 1471 4198 irreddibilis,
1492 4126 1841 4188 secundum
1874 4124 2360 4207 Philosophum:

2472 3163 2546 3208 eo
2586 3145 2649 3207 in
2691 3163 2820 3226 quo
2867 3143 2989 3206 sibi
3037 3143 3316 3206 invicem
3364 3143 3850 3207 contrariantur.
3900 3144 3976 3207 Et

2474 3261 2588 3325 per
2638 3243 2753 3305 hos
2807 3242 2962 3305 duos
3012 3241 3301 3304 dominos
3360 3241 3802 3322 intelliguntur
3847 3242 3974 3305 hoc

2474 3343 2611 3404 loco
2642 3341 2804 3403 Deus
2843 3340 3268 3421 omnipotenS,
3303 3347 3366 3402 et
3393 3340 3704 3414 diaboluS‚
3735 3341 3813 3403 de
3839 3360 3976 3422 quo

2477 3440 2762 3503 Christus
2811 3444 3200 3502 contestatur
3241 3457 3255 3501 :
3297 3437 3482 3500 Venit
3523 3439 3602 3501 ad
3651 3456 3752 3500 me
3795 3440 3978 3521 prin·
4015 3467 4226 3509 amm.

4005 3533 4056 3570 30

4003 3590 4084 3634 10⁶
4097 3603 4164 3637 ω,
4177 3589 4226 3628 2⁵.

2479 3557 2629 3620 ceps
2669 3537 2890 3598 mundi
2934 3536 3151 3617 hujus.
3184 3536 3327 3618 lpse
3365 3537 3536 3599 enim
3567 3545 3666 3598 est
3702 3555 3809 3598 rex
3835 3556 3978 3600 om-

2481 3636 2660 3698 nium
2706 3634 2992 3699 filiorum
3053 3634 3393 3716 superbioe.
3449 3635 3556 3697 His
3605 3635 3796 3696 simul
3845 3654 3979 3697 ser-

2479 3735 2612 3798 vire
2651 3733 3017 3814 nequimuS‚
3051 3733 3354 3813 quoniam
3399 3733 3562 3795 sicut
3600 3733 3724 3796 Deo
3769 3733 3979 3815 placet

2475 3851 2664 3898 omne
2711 3831 2950 3895 bonum
3002 3849 3150 3892 vere
3209 3831 3568 3905 honestum,
3620 3831 3974 3894 virtuosum

2477 3939 2539 3992 et
2580 3929 3005 4000 caritativum,
3050 3947 3237 3991 omne
3279 3947 3539 4011 quoque
3585 3929 3822 3991 malum
3861 3949 3982 4011 op—

2478 4029 2757 4111 positum
2799 4025 3098 4108 displicet
3135 4027 3226 4106 ei3
3261 4027 3346 4088 ita
3385 4027 3674 4091 diabolus
3713 4029 3980 4089 detesta-

2477 4135 2582 4189 tur
2628 4143 2818 4188 omne
2875 4125 2999 4187 tale
3050 4125 3408 4198 honestum,
3461 4133 3522 4186 et
3575 4132 3743 4187 amat
3785 4143 3978 4188 omne

869 4228 947 4289 de
986 4225 1169 4289 bonis
1212 4232 1421 4286 autem
1471 4222 1689 4303 gloriae
1734 4223 2049 4304 perceptis
2100 4243 2226 4286 non
2272 4232 2368 4286 est
2399 4227 2448 4289 D
2479 4225 3118 4305 inhonestum‚turpe
3148 4241 3223 4285 ac
3252 4221 3568 4285 vitiosum.
3589 4222 3777 4286 Porro
3804 4222 3974 4284 idem

869 4323 1146 4406 amplius
1187 4323 1341 4386 ratio
1382 4322 1707 4401 exigenda.
1743 4320 1863 4382 Sed
1901 4320 2093 4401 objici
2135 4331 2363 4403 potest,

869 4423 1039 4504 quod
1099 4421 1267 4484 bona
1320 4419 1539 4500 gloriae
1598 4426 1746 4480 sunt
1803 4419 2136 4501 praemium
2196 4421 2368 4501 quod

872 4519 1037 4583 cadit
1093 4519 1214 4580 sub
1263 4518 1500 4594 debito,
1552 4535 1677 4578 non
1734 4516 1854 4578 sub
1906 4517 2091 4590 don0,
2145 4518 2367 4599 sicque

874 4618 1157 4680 redditur
1196 4617 1395 4697 magis
1431 4634 1625 4696 quam
1657 4616 1860 4677 datur.
1895 4615 1986 4678 Ad
2027 4616 2148 4679 hoc
2176 4615 2370 4680 Gerra

874 4716 1257 4798 respondet:
1294 4713 1495 4786 Quum
1551 4713 1885 4794 praemium
1927 4723 2236 4776 aeternum
2278 4733 2370 4776 re-

872 4822 1173 4895 cepturus
1219 4812 1300 4874 sit
1341 4811 1531 4874 homo
1578 4818 1836 4893 propter
1878 4811 2178 4874 meritum
2223 4831 2371 4894 ope-

873 4931 1013 4973 rum
1074 4911 1410 4983 bonorum,
1464 4909 1517 4971 si
1575 4917 1975 4991 comparetur
2034 4911 2370 4991 praemium

873 5012 950 5073 ad
994 5009 1269 5072 radicem
1308 5007 1543 5082 meriti,
1578 5016 1731 5089 puta
1766 5009 1843 5070 ad
1872 5009 2137 5088 gratiam
2177 5027 2370 5090 quam

877 5108 1039 5170 Deus
1067 5107 1262 5188 gratis
1294 5106 1563 5170 contulit
1593 5106 1833 5170 homini
1866 5108 1943 5168 ad
1974 5108 2368 5181 merendum,

878 5215 1031 5268 tunc
1074 5205 1307 5268 dicitur
1351 5203 1683 5286 praemium
1730 5204 2030 5278 dandum,
2070 5207 2372 5286 quoniam

882 5307 1099 5367 datum
1134 5310 1229 5366 est
1268 5303 1426 5365 illud
1464 5321 1593 5384 quo
1623 5311 1921 5385 operatur
1949 5323 2023 5366 ac
2057 5322 2377 5388 promere-

2479 4331 2574 4385 est
2603 4321 2843 4384 servire
2876 4321 3151 4386 diabolo.
3170 4329 3233 4384 et
3263 4321 3523 4392 mundo,
3547 4341 3621 4383 ac
3649 4321 3820 4384 carni
3859 4339 3976 4382 seu

2481 4418 3016 4501 concupiscentiis
3066 4419 3229 4499 ejus.
3285 4418 3442 4481 Hinc
3489 4420 3698 4482 omnis
3753 4437 3978 4481 servus

2482 4518 2745 4602 peccati,
2805 4525 2902 4580 est
2957 4536 3180 4580 servus
3237 4517 3492 4590 diaboli,
3553 4526 3614 4579 et
3669 4526 3976 4596 econtra3

2481 4616 2819 4698 omnisque
2867 4623 3109 4678 amator
3155 4613 3400 4684 mundi.
3445 4615 3564 4678 hoc
3601 4623 3698 4678 cst
3741 4616 3982 4678 vanita-

2483 4723 2616 4777 tum
2649 4722 2710 4776 et
2739 4713 3141 4794 impietatum
3183 4712 3395 4775 saeculi
3427 4712 3642 4793 hujuS,
3677 4713 3980 4774 inimicus

2483 4821 2578 4875 est
2635 4812 2766 4874 Dei.
2821 4811 3219 4892 Quicumque
3273 4820 3486 4872 autem
3542 4829 3579 4872 a
3635 4811 3979 4874 tentatione

2485 4929 2596 4972 seu
2637 4909 3172 4992 concupiscentia,
3209 4909 3501 4990 passione
3537 4915 3646 4971 aut
3684 4909 3836 4972 vitio
3873 4929 3984 4970 su-

2487 5015 2764 5091 peratur,
2799 5007 2996 5071 servit
3033 5007 3189 5070 vitio
3225 5015 3417 5088 atque
3453 5006 3724 5082 diabolo,
3755 5025 3984 5088 quem-

2485 5108 2828 5170 admodum
2869 5106 3086 5168 Petrus
3127 5105 3282 5167 dicit
3314 5124 3327 5167 :
3361 5103 3413 5166 A
3442 5123 3572 5186 quo
3604 5105 3751 5186 quis
3789 5124 3984 5188 supe-
4030 5135 4066 5178 ῃ
4085 5135 4230 5177 pem„

2491 5214 2660 5268 ratus
2701 5213 2816 5279 est,
2853 5204 3045 5285 hujus
3075 5211 3138 5266 et
3176 5221 3396 5267 servus
3427 5212 3542 5266 est.
3575 5203 3734 5266 Hinc
3772 5203 3980 5285 iniqui
4013 5202 4073 5240 ¹⁹·

2497 5312 2646 5369 sunt
2693 5303 2861 5366 servi
2911 5302 3359 5385 corruptionis.
3408 5301 3513 5364 His
3560 5310 3860 5367 consonat
3909 5303 3984 5366 il-

4103 2765 4158 2818 13

4243 3261 4245 3290 l
