<?xml version="1.0" encoding="UTF-8"?>
<!DOCTYPE html PUBLIC "-//W3C//DTD XHTML 1.0 Transitional//EN"
    "http://www.w3.org/TR/xhtml1/DTD/xhtml1-transitional.dtd">
<html xmlns="http://www.w3.org/1999/xhtml" xml:lang="en" lang="en">
 <head>
  <title>
</title>
<meta http-equiv="Content-Type" content="text/html;charset=utf-8" />
  <meta name='ocr-system' content='tesseract 3.04.00' />
  <meta name='ocr-capabilities' content='ocr_page ocr_carea ocr_par ocr_line ocrx_word'/>
</head>
<body>
  <div class='ocr_page' id='page_1' title='image "./doctorisecstati09unkngoog_0239.png"; bbox 0 0 4300 6259; ppageno 0'>
   <div class='ocr_carea' id='block_1_1' title="bbox 74 1350 289 1402">
    <p class='ocr_par' dir='ltr' id='par_1_1' title="bbox 74 1350 289 1402">
     <span class='ocr_line' id='line_1_1' title="bbox 74 1350 289 1402; baseline 0 -10"><span class='ocrx_word' id='word_1_1' title='bbox 74 1350 134 1394; x_wconf 76' lang='lat' dir='ltr'><strong>Jer</strong></span> <span class='ocrx_word' id='word_1_2' title='bbox 132 1365 226 1402; x_wconf 67' lang='lat'>.....</span> <span class='ocrx_word' id='word_1_3' title='bbox 233 1353 289 1392; x_wconf 75' lang='lat'><strong>¹8.</strong></span> 
     </span>
    </p>
   </div>
   <div class='ocr_carea' id='block_1_2' title="bbox 73 2236 292 2288">
    <p class='ocr_par' dir='ltr' id='par_1_2' title="bbox 73 2236 292 2288">
     <span class='ocr_line' id='line_1_2' title="bbox 73 2236 292 2288; baseline 0.009 -8"><span class='ocrx_word' id='word_1_4' title='bbox 73 2236 292 2288; x_wconf 59' lang='lat' dir='ltr'><strong>lTiatss.</strong></span> 
     </span>
    </p>
   </div>
   <div class='ocr_carea' id='block_1_3' title="bbox 1125 478 2628 530">
    <p class='ocr_par' dir='ltr' id='par_1_3' title="bbox 1125 478 2628 530">
     <span class='ocr_line' id='line_1_3' title="bbox 1125 478 2628 530; baseline -0.001 -1"><span class='ocrx_word' id='word_1_5' title='bbox 1125 482 1477 530; x_wconf 74' lang='lat' dir='ltr'><strong>ENARRATto</strong></span> <span class='ocrx_word' id='word_1_6' title='bbox 1521 483 1584 529; x_wconf 82' lang='lat' dir='ltr'><strong>IN</strong></span> <span class='ocrx_word' id='word_1_7' title='bbox 1626 481 1764 530; x_wconf 76' lang='lat' dir='ltr'><strong>cAP.</strong></span> <span class='ocrx_word' id='word_1_8' title='bbox 1812 480 1896 528; x_wconf 83' lang='lat' dir='ltr'><strong>XX</strong></span> <span class='ocrx_word' id='word_1_9' title='bbox 1939 478 2124 528; x_wconf 74' lang='lat' dir='ltr'><strong>mcAE.</strong></span> <span class='ocrx_word' id='word_1_10' title='bbox 2173 502 2253 511; x_wconf 93' lang='lat'><strong>—</strong></span> <span class='ocrx_word' id='word_1_11' title='bbox 2294 481 2435 530; x_wconf 71' lang='grc' dir='ltr'><strong>ΛΒΤ.</strong></span> <span class='ocrx_word' id='word_1_12' title='bbox 2482 480 2628 528; x_wconf 75' lang='lat' dir='ltr'><strong>xun</strong></span> 
     </span>
    </p>
   </div>
   <div class='ocr_carea' id='block_1_4' title="bbox 3310 455 3428 529">
    <p class='ocr_par' dir='ltr' id='par_1_4' title="bbox 3310 455 3428 529">
     <span class='ocr_line' id='line_1_4' title="bbox 3310 455 3428 529; baseline 0.008 -1"><span class='ocrx_word' id='word_1_13' title='bbox 3310 455 3428 529; x_wconf 72' lang='lat'><strong>179</strong></span> 
     </span>
    </p>
   </div>
   <div class='ocr_carea' id='block_1_5' title="bbox 323 647 3431 736">
    <p class='ocr_par' dir='ltr' id='par_1_5' title="bbox 323 647 3431 736">
     <span class='ocr_line' id='line_1_5' title="bbox 323 647 3431 736; baseline 0.002 -27"><span class='ocrx_word' id='word_1_14' title='bbox 323 647 471 710; x_wconf 90' lang='lat' dir='ltr'><strong>boni</strong></span> <span class='ocrx_word' id='word_1_15' title='bbox 531 649 745 726; x_wconf 89' lang='lat' dir='ltr'><strong>habet,</strong></span> <span class='ocrx_word' id='word_1_16' title='bbox 805 653 1366 736; x_wconf 88' lang='lat' dir='ltr'><strong>aptitudinemque</strong></span> <span class='ocrx_word' id='word_1_17' title='bbox 1424 655 1685 718; x_wconf 90' lang='lat' dir='ltr'><strong>sortitur</strong></span> <span class='ocrx_word' id='word_1_18' title='bbox 1741 653 1818 714; x_wconf 90' lang='lat' dir='ltr'><strong>ad</strong></span> <span class='ocrx_word' id='word_1_19' title='bbox 1851 652 1901 713; x_wconf 92' lang='lat' dir='ltr'>A</span> <span class='ocrx_word' id='word_1_20' title='bbox 1930 652 2266 717; x_wconf 81' lang='lat' dir='ltr'><strong>verificare</strong></span> <span class='ocrx_word' id='word_1_21' title='bbox 2311 655 2503 719; x_wconf 89' lang='lat' dir='ltr'><strong>verba</strong></span> <span class='ocrx_word' id='word_1_22' title='bbox 2551 655 2805 730; x_wconf 81' lang='lat' dir='ltr'>Christi,</span> <span class='ocrx_word' id='word_1_23' title='bbox 2857 655 3202 719; x_wconf 90' lang='lat' dir='ltr'><strong>occidendo</strong></span> <span class='ocrx_word' id='word_1_24' title='bbox 3250 655 3431 717; x_wconf 91' lang='lat' dir='ltr'><strong>here-</strong></span> 
     </span>
    </p>
   </div>
   <div class='ocr_carea' id='block_1_6' title="bbox 316 748 1823 1818">
    <p class='ocr_par' dir='ltr' id='par_1_6' title="bbox 317 748 1823 1510">
     <span class='ocr_line' id='line_1_6' title="bbox 320 748 1823 834; baseline 0.001 -24"><span class='ocrx_word' id='word_1_25' title='bbox 320 748 783 827; x_wconf 86' lang='lat' dir='ltr'><strong>poenitendum.</strong></span> <span class='ocrx_word' id='word_1_26' title='bbox 827 755 1044 830; x_wconf 81' lang='lat' dir='ltr'><strong><em>Super</em></strong></span> <span class='ocrx_word' id='word_1_27' title='bbox 1085 774 1276 834; x_wconf 82' lang='lat' dir='ltr'><strong>quem</strong></span> <span class='ocrx_word' id='word_1_28' title='bbox 1324 763 1540 814; x_wconf 84' lang='lat' dir='ltr'><strong>autem</strong></span> <span class='ocrx_word' id='word_1_29' title='bbox 1586 754 1823 813; x_wconf 85' lang='lat' dir='ltr'><strong>cecide-</strong></span> 
     </span>
     <span class='ocr_line' id='line_1_7' title="bbox 317 847 1817 929; baseline 0.005 -25"><span class='ocrx_word' id='word_1_30' title='bbox 317 848 405 904; x_wconf 83' lang='lat' dir='ltr'><strong>rit</strong></span> <span class='ocrx_word' id='word_1_31' title='bbox 443 847 605 929; x_wconf 90' lang='lat' dir='ltr'><strong>lapis</strong></span> <span class='ocrx_word' id='word_1_32' title='bbox 647 848 766 910; x_wconf 86' lang='lat' dir='ltr'><strong>iste</strong></span> <span class='ocrx_word' id='word_1_33' title='bbox 816 868 928 912; x_wconf 87' lang='lat' dir='ltr'><strong>seu</strong></span> <span class='ocrx_word' id='word_1_34' title='bbox 974 851 1284 926; x_wconf 83' lang='lat' dir='ltr'><strong>ChristuS,</strong></span> <span class='ocrx_word' id='word_1_35' title='bbox 1328 851 1393 913; x_wconf 90' lang='lat' dir='ltr'><strong>id</strong></span> <span class='ocrx_word' id='word_1_36' title='bbox 1439 860 1536 913; x_wconf 91' lang='lat' dir='ltr'><strong>est</strong></span> <span class='ocrx_word' id='word_1_37' title='bbox 1585 849 1817 912; x_wconf 86' lang='lat' dir='ltr'><strong>infide-</strong></span> 
     </span>
     <span class='ocr_line' id='line_1_8' title="bbox 317 943 1819 1032; baseline 0.003 -28"><span class='ocrx_word' id='word_1_38' title='bbox 317 943 393 1004; x_wconf 90' lang='lat' dir='ltr'><strong>lis</strong></span> <span class='ocrx_word' id='word_1_39' title='bbox 433 947 782 1009; x_wconf 79' lang='lat' dir='ltr'><strong>mortaliter</strong></span> <span class='ocrx_word' id='word_1_40' title='bbox 821 967 1117 1030; x_wconf 88' lang='lat' dir='ltr'><strong>peccans,</strong></span> <span class='ocrx_word' id='word_1_41' title='bbox 1149 969 1344 1032; x_wconf 91' lang='lat' dir='ltr'><strong>super</strong></span> <span class='ocrx_word' id='word_1_42' title='bbox 1381 968 1576 1031; x_wconf 90' lang='lat' dir='ltr'><strong>quem</strong></span> <span class='ocrx_word' id='word_1_43' title='bbox 1619 949 1819 1010; x_wconf 89' lang='lat' dir='ltr'><strong>irruet</strong></span> 
     </span>
     <span class='ocr_line' id='line_1_9' title="bbox 319 1034 1816 1130; baseline 0.005 -28"><span class='ocrx_word' id='word_1_44' title='bbox 319 1040 600 1106; x_wconf 86' lang='lat' dir='ltr'><strong>Christus</strong></span> <span class='ocrx_word' id='word_1_45' title='bbox 647 1044 842 1124; x_wconf 89' lang='lat' dir='ltr'><strong>judex</strong></span> <span class='ocrx_word' id='word_1_46' title='bbox 903 1065 1018 1130; x_wconf 91' lang='lat' dir='ltr'><strong>per</strong></span> <span class='ocrx_word' id='word_1_47' title='bbox 1070 1034 1328 1128; x_wconf 85' lang='lat' dir='ltr'><strong>judicii&#39;</strong></span> <span class='ocrx_word' id='word_1_48' title='bbox 1359 1049 1456 1110; x_wconf 91' lang='lat' dir='ltr'><strong>sui</strong></span> <span class='ocrx_word' id='word_1_49' title='bbox 1519 1047 1816 1127; x_wconf 86' lang='lat' dir='ltr'><strong>rigorem,</strong></span> 
     </span>
     <span class='ocr_line' id='line_1_10' title="bbox 317 1144 1814 1228; baseline 0.004 -28"><span class='ocrx_word' id='word_1_50' title='bbox 317 1150 590 1204; x_wconf 79' lang='lat' dir='ltr'><strong>conteret</strong></span> <span class='ocrx_word' id='word_1_51' title='bbox 619 1146 812 1206; x_wconf 83' lang='lat' dir='ltr'><strong>illum</strong></span> <span class='ocrx_word' id='word_1_52' title='bbox 845 1164 960 1228; x_wconf 90' lang='lat' dir='ltr'><strong>per</strong></span> <span class='ocrx_word' id='word_1_53' title='bbox 989 1144 1254 1209; x_wconf 84' lang='lat' dir='ltr'><strong>finalem</strong></span> <span class='ocrx_word' id='word_1_54' title='bbox 1294 1146 1766 1210; x_wconf 80' lang='lat' dir='ltr'><strong>damnationem</strong></span> <span class='ocrx_word' id='word_1_55' title='bbox 1802 1164 1814 1206; x_wconf 78' lang='grc' dir='ltr'>ε</span> 
     </span>
     <span class='ocr_line' id='line_1_11' title="bbox 318 1242 1823 1320; baseline 0.003 -20"><span class='ocrx_word' id='word_1_56' title='bbox 318 1242 854 1320; x_wconf 88' lang='lat' dir='ltr'><strong>quemadmodum</strong></span> <span class='ocrx_word' id='word_1_57' title='bbox 885 1245 964 1306; x_wconf 94' lang='lat' dir='ltr'><strong>de</strong></span> <span class='ocrx_word' id='word_1_58' title='bbox 991 1244 1223 1308; x_wconf 80' lang='lat' dir='ltr'><strong>Judaeis</strong></span> <span class='ocrx_word' id='word_1_59' title='bbox 1253 1245 1600 1307; x_wconf 84' lang='lat' dir='ltr'><strong>incredulis</strong></span> <span class='ocrx_word' id='word_1_60' title='bbox 1631 1244 1695 1306; x_wconf 93' lang='lat' dir='ltr'><strong>in</strong></span> <span class='ocrx_word' id='word_1_61' title='bbox 1724 1242 1823 1305; x_wconf 85' lang='lat' dir='ltr'><strong>Je-</strong></span> 
     </span>
     <span class='ocr_line' id='line_1_12' title="bbox 319 1338 1822 1424; baseline 0.002 -25"><span class='ocrx_word' id='word_1_62' title='bbox 319 1338 518 1400; x_wconf 86' lang='lat' dir='ltr'><strong>remia</strong></span> <span class='ocrx_word' id='word_1_63' title='bbox 559 1339 812 1420; x_wconf 86' lang='lat' dir='ltr'><strong>legitur,</strong></span> <span class='ocrx_word' id='word_1_64' title='bbox 848 1340 1100 1424; x_wconf 86' lang='lat' dir='ltr'><strong>Duplici</strong></span> <span class='ocrx_word' id='word_1_65' title='bbox 1141 1342 1524 1406; x_wconf 87' lang='lat' dir='ltr'><strong>contritione</strong></span> <span class='ocrx_word' id='word_1_66' title='bbox 1566 1350 1822 1405; x_wconf 89' lang='lat' dir='ltr'><strong>contere</strong></span> 
     </span>
     <span class='ocr_line' id='line_1_13' title="bbox 319 1436 1234 1510; baseline 0.005 -13"><span class='ocrx_word' id='word_1_67' title='bbox 319 1454 447 1510; x_wconf 75' lang='lat' dir='ltr'><strong>e03,</strong></span> <span class='ocrx_word' id='word_1_68' title='bbox 481 1436 748 1501; x_wconf 90' lang='lat' dir='ltr'><strong>Domine</strong></span> <span class='ocrx_word' id='word_1_69' title='bbox 790 1439 954 1502; x_wconf 92' lang='lat' dir='ltr'><strong>Deus</strong></span> <span class='ocrx_word' id='word_1_70' title='bbox 997 1447 1234 1504; x_wconf 89' lang='lat' dir='ltr'><strong>noster.</strong></span> 
     </span>
    </p>

    <p class='ocr_par' dir='ltr' id='par_1_7' title="bbox 316 1534 1823 1818">
     <span class='ocr_line' id='line_1_14' title="bbox 395 1534 1821 1620; baseline 0.002 -24"><span class='ocrx_word' id='word_1_71' title='bbox 395 1534 517 1597; x_wconf 89' lang='lat' dir='ltr'><strong>Sed</strong></span> <span class='ocrx_word' id='word_1_72' title='bbox 547 1553 625 1598; x_wconf 88' lang='lat' dir='ltr'><strong>ex</strong></span> <span class='ocrx_word' id='word_1_73' title='bbox 663 1537 763 1599; x_wconf 93' lang='lat' dir='ltr'><strong>his</strong></span> <span class='ocrx_word' id='word_1_74' title='bbox 794 1538 978 1619; x_wconf 86' lang='lat' dir='ltr'><strong>sequi</strong></span> <span class='ocrx_word' id='word_1_75' title='bbox 1010 1539 1284 1613; x_wconf 91' lang='lat' dir='ltr'><strong>videtur,</strong></span> <span class='ocrx_word' id='word_1_76' title='bbox 1319 1540 1490 1620; x_wconf 91' lang='lat' dir='ltr'><strong>quod</strong></span> <span class='ocrx_word' id='word_1_77' title='bbox 1529 1538 1821 1619; x_wconf 87' lang='lat' dir='ltr'><strong>graviora</strong></span> 
     </span>
     <span class='ocr_line' id='line_1_15' title="bbox 317 1632 1823 1720; baseline 0.003 -26"><span class='ocrx_word' id='word_1_78' title='bbox 317 1633 442 1696; x_wconf 89' lang='lat' dir='ltr'><strong>sint</strong></span> <span class='ocrx_word' id='word_1_79' title='bbox 486 1632 853 1698; x_wconf 79' lang='lat' dir='ltr'><strong>infidelium</strong></span> <span class='ocrx_word' id='word_1_80' title='bbox 896 1655 1092 1717; x_wconf 88' lang='lat' dir='ltr'><strong>quam</strong></span> <span class='ocrx_word' id='word_1_81' title='bbox 1135 1637 1482 1720; x_wconf 89' lang='lat' dir='ltr'><strong>impiorum</strong></span> <span class='ocrx_word' id='word_1_82' title='bbox 1527 1636 1823 1700; x_wconf 91' lang='lat' dir='ltr'><strong>Christia-</strong></span> 
     </span>
     <span class='ocr_line' id='line_1_16' title="bbox 316 1735 1818 1818; baseline 0.002 -25"><span class='ocrx_word' id='word_1_83' title='bbox 316 1750 546 1794; x_wconf 90' lang='lat' dir='ltr'><strong>norum</strong></span> <span class='ocrx_word' id='word_1_84' title='bbox 590 1742 848 1815; x_wconf 81' lang='lat' dir='ltr'><strong>peccata</strong></span> <span class='ocrx_word' id='word_1_85' title='bbox 893 1743 1088 1816; x_wconf 83' lang='lat' dir='ltr'><strong>atque</strong></span> <span class='ocrx_word' id='word_1_86' title='bbox 1135 1735 1474 1818; x_wconf 88' lang='lat' dir='ltr'><strong>supplicia,</strong></span> <span class='ocrx_word' id='word_1_87' title='bbox 1515 1735 1818 1816; x_wconf 91' lang='lat' dir='ltr'><strong>quoniam</strong></span> 
     </span>
    </p>
   </div>
   <div class='ocr_carea' id='block_1_7' title="bbox 1930 751 3724 1817">
    <p class='ocr_par' dir='ltr' id='par_1_8' title="bbox 1930 751 3724 1817">
     <span class='ocr_line' id='line_1_17' title="bbox 1930 751 3427 834; baseline 0.001 -22"><span class='ocrx_word' id='word_1_88' title='bbox 1930 751 2096 825; x_wconf 90' lang='lat' dir='ltr'><strong>dem,</strong></span> <span class='ocrx_word' id='word_1_89' title='bbox 2145 760 2211 815; x_wconf 92' lang='lat' dir='ltr'><strong>et</strong></span> <span class='ocrx_word' id='word_1_90' title='bbox 2258 754 2647 817; x_wconf 90' lang='lat' dir='ltr'><strong>ostendendo</strong></span> <span class='ocrx_word' id='word_1_91' title='bbox 2704 772 2773 816; x_wconf 91' lang='lat' dir='ltr'><strong>se</strong></span> <span class='ocrx_word' id='word_1_92' title='bbox 2820 771 2961 815; x_wconf 88' lang='lat' dir='ltr'><strong>esse</strong></span> <span class='ocrx_word' id='word_1_93' title='bbox 3016 753 3427 834; x_wconf 90' lang='lat' dir='ltr'><strong>pravissimos</strong></span> 
     </span>
     <span class='ocr_line' id='line_1_18' title="bbox 1930 849 3431 934; baseline 0.001 -25"><span class='ocrx_word' id='word_1_94' title='bbox 1930 849 2236 928; x_wconf 87' lang='lat' dir='ltr'><strong>agricolas</strong></span> <span class='ocrx_word' id='word_1_95' title='bbox 2274 869 2347 913; x_wconf 90' lang='lat' dir='ltr'><strong>ac</strong></span> <span class='ocrx_word' id='word_1_96' title='bbox 2386 851 2664 926; x_wconf 83' lang='lat' dir='ltr'><strong>colonos,</strong></span> <span class='ocrx_word' id='word_1_97' title='bbox 2696 852 2809 934; x_wconf 91' lang='lat' dir='ltr'><strong>qui</strong></span> <span class='ocrx_word' id='word_1_98' title='bbox 2850 853 2928 914; x_wconf 89' lang='lat' dir='ltr'><strong>de</strong></span> <span class='ocrx_word' id='word_1_99' title='bbox 2966 851 3292 914; x_wconf 87' lang='lat' dir='ltr'><strong>caritativa</strong></span> <span class='ocrx_word' id='word_1_100' title='bbox 3336 850 3431 911; x_wconf 91' lang='lat' dir='ltr'><strong>in-</strong></span> 
     </span>
     <span class='ocr_line' id='line_1_19' title="bbox 1932 949 3431 1030; baseline 0.001 -22"><span class='ocrx_word' id='word_1_101' title='bbox 1932 950 2302 1023; x_wconf 89' lang='lat' dir='ltr'><strong>structione,</strong></span> <span class='ocrx_word' id='word_1_102' title='bbox 2356 950 2461 1030; x_wconf 90' lang='lat' dir='ltr'><strong>pia</strong></span> <span class='ocrx_word' id='word_1_103' title='bbox 2520 949 3035 1024; x_wconf 88' lang='lat' dir='ltr'><strong>comminatione,</strong></span> <span class='ocrx_word' id='word_1_104' title='bbox 3089 967 3237 1011; x_wconf 89' lang='lat' dir='ltr'><strong>vera</strong></span> <span class='ocrx_word' id='word_1_105' title='bbox 3285 967 3431 1011; x_wconf 89' lang='lat' dir='ltr'><strong>con-</strong></span> 
     </span>
     <span class='ocr_line' id='line_1_20' title="bbox 1932 1045 3429 1122; baseline 0.001 -15"><span class='ocrx_word' id='word_1_106' title='bbox 1932 1045 2240 1122; x_wconf 88' lang='lat' dir='ltr'><strong>clusione,</strong></span> <span class='ocrx_word' id='word_1_107' title='bbox 2295 1048 2635 1112; x_wconf 88' lang='lat' dir='ltr'><strong>deteriores</strong></span> <span class='ocrx_word' id='word_1_108' title='bbox 2693 1047 2909 1110; x_wconf 81' lang='lat' dir='ltr'><strong>effecti</strong></span> <span class='ocrx_word' id='word_1_109' title='bbox 2968 1055 3138 1110; x_wconf 89' lang='lat' dir='ltr'><strong>sunt.</strong></span> <span class='ocrx_word' id='word_1_110' title='bbox 3190 1046 3429 1120; x_wconf 88' lang='lat' dir='ltr'><strong>Quibus</strong></span> 
     </span>
     <span class='ocr_line' id='line_1_21' title="bbox 1930 1144 3431 1228; baseline 0 -23"><span class='ocrx_word' id='word_1_111' title='bbox 1930 1144 2367 1207; x_wconf 85' lang='lat' dir='ltr'><strong>assimilantur</strong></span> <span class='ocrx_word' id='word_1_112' title='bbox 2406 1146 2833 1228; x_wconf 81' lang='lat' dir='ltr'><strong>impatienteS,</strong></span> <span class='ocrx_word' id='word_1_113' title='bbox 2868 1154 2931 1208; x_wconf 89' lang='lat' dir='ltr'><strong>et</strong></span> <span class='ocrx_word' id='word_1_114' title='bbox 2958 1163 3179 1209; x_wconf 90' lang='lat' dir='ltr'><strong>omnes</strong></span> <span class='ocrx_word' id='word_1_115' title='bbox 3209 1144 3321 1226; x_wconf 91' lang='lat' dir='ltr'><strong>qui</strong></span> <span class='ocrx_word' id='word_1_116' title='bbox 3354 1145 3431 1206; x_wconf 92' lang='lat' dir='ltr'><strong>de</strong></span> 
     </span>
     <span class='ocr_line' id='line_1_22' title="bbox 1931 1241 3434 1326; baseline 0 -23"><span class='ocrx_word' id='word_1_117' title='bbox 1931 1242 2172 1304; x_wconf 86' lang='lat' dir='ltr'><strong>salubri</strong></span> <span class='ocrx_word' id='word_1_118' title='bbox 2202 1243 2602 1326; x_wconf 84' lang='lat' dir='ltr'><strong>correptione</strong></span> <span class='ocrx_word' id='word_1_119' title='bbox 2632 1251 2695 1306; x_wconf 90' lang='lat' dir='ltr'><strong>et</strong></span> <span class='ocrx_word' id='word_1_120' title='bbox 2722 1244 2892 1324; x_wconf 87' lang='lat' dir='ltr'><strong>justa</strong></span> <span class='ocrx_word' id='word_1_121' title='bbox 2922 1242 3311 1306; x_wconf 86' lang='lat' dir='ltr'><strong>correctione</strong></span> <span class='ocrx_word' id='word_1_122' title='bbox 3340 1241 3434 1304; x_wconf 82' lang='lat' dir='ltr'><strong>ef-</strong></span> 
     </span>
     <span class='ocr_line' id='line_1_23' title="bbox 1930 1340 3435 1424; baseline 0.001 -23"><span class='ocrx_word' id='word_1_123' title='bbox 1930 1340 2242 1404; x_wconf 82' lang='lat' dir='ltr'><strong>ficiuntur</strong></span> <span class='ocrx_word' id='word_1_124' title='bbox 2285 1341 2557 1424; x_wconf 82' lang='lat' dir='ltr'><strong>pej0reS,</strong></span> <span class='ocrx_word' id='word_1_125' title='bbox 2592 1361 2661 1404; x_wconf 91' lang='lat' dir='ltr'><strong>se</strong></span> <span class='ocrx_word' id='word_1_126' title='bbox 2703 1342 3091 1404; x_wconf 88' lang='lat' dir='ltr'><strong>mendaciter</strong></span> <span class='ocrx_word' id='word_1_127' title='bbox 3130 1360 3435 1404; x_wconf 85' lang='lat' dir='ltr'><strong>excusan-</strong></span> 
     </span>
     <span class='ocr_line' id='line_1_24' title="bbox 1933 1440 3435 1522; baseline 0 -21"><span class='ocrx_word' id='word_1_128' title='bbox 1933 1440 2034 1520; x_wconf 89' lang='lat' dir='ltr'><strong>do,</strong></span> <span class='ocrx_word' id='word_1_129' title='bbox 2067 1448 2179 1502; x_wconf 90' lang='lat' dir='ltr'><strong>aut</strong></span> <span class='ocrx_word' id='word_1_130' title='bbox 2219 1440 2629 1521; x_wconf 84' lang='lat' dir='ltr'><strong>indignandO,</strong></span> <span class='ocrx_word' id='word_1_131' title='bbox 2663 1440 3090 1522; x_wconf 90' lang='lat' dir='ltr'><strong>obloquendo,</strong></span> <span class='ocrx_word' id='word_1_132' title='bbox 3124 1457 3235 1502; x_wconf 88' lang='lat' dir='ltr'><strong>seu</strong></span> <span class='ocrx_word' id='word_1_133' title='bbox 3279 1458 3435 1521; x_wconf 88' lang='lat' dir='ltr'><strong>qua-</strong></span> 
     </span>
     <span class='ocr_line' id='line_1_25' title="bbox 1933 1538 3434 1620; baseline -0.001 -20"><span class='ocrx_word' id='word_1_134' title='bbox 1933 1538 2358 1620; x_wconf 89' lang='lat' dir='ltr'><strong>litercumque</strong></span> <span class='ocrx_word' id='word_1_135' title='bbox 2418 1539 2703 1602; x_wconf 90' lang='lat' dir='ltr'><strong>nocendo</strong></span> <span class='ocrx_word' id='word_1_136' title='bbox 2760 1557 2773 1600; x_wconf 90' lang='lat'>:</span> <span class='ocrx_word' id='word_1_137' title='bbox 2836 1538 3073 1620; x_wconf 89' lang='lat' dir='ltr'><strong>quibus</strong></span> <span class='ocrx_word' id='word_1_138' title='bbox 3132 1538 3434 1620; x_wconf 91' lang='lat' dir='ltr'><strong>competit</strong></span> 
     </span>
     <span class='ocr_line' id='line_1_26' title="bbox 1933 1635 3724 1719; baseline 0.003 -22"><span class='ocrx_word' id='word_1_139' title='bbox 1933 1636 2090 1698; x_wconf 89' lang='lat' dir='ltr'><strong>illud</strong></span> <span class='ocrx_word' id='word_1_140' title='bbox 2121 1638 2334 1711; x_wconf 81' lang='lat' dir='ltr'><strong>AmoS,</strong></span> <span class='ocrx_word' id='word_1_141' title='bbox 2368 1635 2521 1700; x_wconf 91' lang='lat' dir='ltr'><strong>Odio</strong></span> <span class='ocrx_word' id='word_1_142' title='bbox 2562 1636 2924 1699; x_wconf 88' lang='lat' dir='ltr'><strong>habuerunt</strong></span> <span class='ocrx_word' id='word_1_143' title='bbox 2956 1636 3429 1719; x_wconf 88' lang='lat' dir='ltr'><strong>corripientem,</strong></span> <span class='ocrx_word' id='word_1_144' title='bbox 3460 1659 3597 1702; x_wconf 67' lang='lat' dir='ltr'><strong><em>Amo·</em></strong></span> <span class='ocrx_word' id='word_1_145' title='bbox 3611 1662 3724 1711; x_wconf 62' lang='lat' dir='ltr'><strong>mo.</strong></span> 
     </span>
     <span class='ocr_line' id='line_1_27' title="bbox 1933 1734 3435 1817; baseline 0 -21"><span class='ocrx_word' id='word_1_146' title='bbox 1933 1743 1994 1796; x_wconf 92' lang='lat' dir='ltr'><strong>et</strong></span> <span class='ocrx_word' id='word_1_147' title='bbox 2037 1735 2407 1817; x_wconf 89' lang='lat' dir='ltr'><strong>loquentem</strong></span> <span class='ocrx_word' id='word_1_148' title='bbox 2448 1734 2729 1816; x_wconf 80' lang='lat' dir='ltr'><strong>perfecte</strong></span> <span class='ocrx_word' id='word_1_149' title='bbox 2768 1735 3114 1798; x_wconf 87' lang='lat' dir='ltr'><strong>abominati</strong></span> <span class='ocrx_word' id='word_1_150' title='bbox 3146 1741 3315 1797; x_wconf 88' lang='lat' dir='ltr'><strong>sunt.</strong></span> <span class='ocrx_word' id='word_1_151' title='bbox 3350 1734 3435 1796; x_wconf 91' lang='lat' dir='ltr'><strong>De</strong></span> 
     </span>
    </p>
   </div>
   <div class='ocr_carea' id='block_1_8' title="bbox 319 1830 3727 1915">
    <p class='ocr_par' dir='ltr' id='par_1_9' title="bbox 319 1830 3727 1915">
     <span class='ocr_line' id='line_1_28' title="bbox 319 1830 3727 1915; baseline 0.003 -25"><span class='ocrx_word' id='word_1_152' title='bbox 319 1830 461 1912; x_wconf 92' lang='lat' dir='ltr'><strong>plus</strong></span> <span class='ocrx_word' id='word_1_153' title='bbox 509 1839 606 1893; x_wconf 91' lang='lat' dir='ltr'><strong>est</strong></span> <span class='ocrx_word' id='word_1_154' title='bbox 662 1833 904 1895; x_wconf 88' lang='lat' dir='ltr'><strong>conteri</strong></span> <span class='ocrx_word' id='word_1_155' title='bbox 960 1851 1075 1895; x_wconf 89' lang='lat' dir='ltr'><strong>seu</strong></span> <span class='ocrx_word' id='word_1_156' title='bbox 1124 1852 1386 1915; x_wconf 91' lang='lat' dir='ltr'><strong>prorsus</strong></span> <span class='ocrx_word' id='word_1_157' title='bbox 1445 1833 1817 1907; x_wconf 89' lang='lat' dir='ltr'><strong>comminui,</strong></span> <span class='ocrx_word' id='word_1_158' title='bbox 1857 1833 1905 1896; x_wconf 92' lang='lat' dir='ltr'><strong>B</strong></span> <span class='ocrx_word' id='word_1_159' title='bbox 1936 1832 2167 1895; x_wconf 90' lang='lat' dir='ltr'><strong>talibus</strong></span> <span class='ocrx_word' id='word_1_160' title='bbox 2216 1833 2419 1896; x_wconf 81' lang='lat' dir='ltr'><strong>fertur</strong></span> <span class='ocrx_word' id='word_1_161' title='bbox 2460 1833 2525 1895; x_wconf 91' lang='lat' dir='ltr'><strong>in</strong></span> <span class='ocrx_word' id='word_1_162' title='bbox 2569 1833 2726 1896; x_wconf 87' lang='lat' dir='ltr'><strong>lsaia</strong></span> <span class='ocrx_word' id='word_1_163' title='bbox 2759 1852 2772 1896; x_wconf 91' lang='lat'>:</span> <span class='ocrx_word' id='word_1_164' title='bbox 2806 1832 3038 1896; x_wconf 90' lang='lat' dir='ltr'><strong>Dicunt</strong></span> <span class='ocrx_word' id='word_1_165' title='bbox 3076 1833 3435 1915; x_wconf 87' lang='lat' dir='ltr'><strong>adspicien-</strong></span> <span class='ocrx_word' id='word_1_166' title='bbox 3464 1855 3727 1907; x_wconf 45' lang='lat' dir='ltr'><strong>nando.</strong></span> 
     </span>
    </p>
   </div>
   <div class='ocr_carea' id='block_1_9' title="bbox 315 1932 1823 2504">
    <p class='ocr_par' dir='ltr' id='par_1_10' title="bbox 315 1932 1823 2504">
     <span class='ocr_line' id='line_1_29' title="bbox 315 1932 1821 2014; baseline 0.001 -24"><span class='ocrx_word' id='word_1_167' title='bbox 315 1949 508 2010; x_wconf 89' lang='lat' dir='ltr'><strong>quam</strong></span> <span class='ocrx_word' id='word_1_168' title='bbox 568 1932 980 2012; x_wconf 88' lang='lat' dir='ltr'><strong>conquassari</strong></span> <span class='ocrx_word' id='word_1_169' title='bbox 1033 1950 1048 1994; x_wconf 76' lang='grc' dir='ltr'>ε</span> <span class='ocrx_word' id='word_1_170' title='bbox 1101 1951 1302 2014; x_wconf 89' lang='lat' dir='ltr'><strong>quum</strong></span> <span class='ocrx_word' id='word_1_171' title='bbox 1353 1940 1566 1995; x_wconf 89' lang='lat' dir='ltr'><strong>tamen</strong></span> <span class='ocrx_word' id='word_1_172' title='bbox 1627 1932 1821 2012; x_wconf 89' lang='lat' dir='ltr'><strong>hujus</strong></span> 
     </span>
     <span class='ocr_line' id='line_1_30' title="bbox 319 2029 1819 2110; baseline 0.001 -21"><span class='ocrx_word' id='word_1_173' title='bbox 319 2029 685 2110; x_wconf 89' lang='lat' dir='ltr'><strong>oppositum</strong></span> <span class='ocrx_word' id='word_1_174' title='bbox 750 2031 1180 2092; x_wconf 90' lang='lat' dir='ltr'><strong>communiter</strong></span> <span class='ocrx_word' id='word_1_175' title='bbox 1234 2038 1573 2104; x_wconf 88' lang='lat' dir='ltr'><strong>asseratur,</strong></span> <span class='ocrx_word' id='word_1_176' title='bbox 1635 2037 1698 2092; x_wconf 90' lang='lat' dir='ltr'><strong>et</strong></span> <span class='ocrx_word' id='word_1_177' title='bbox 1755 2030 1819 2092; x_wconf 91' lang='lat' dir='ltr'><strong>in</strong></span> 
     </span>
     <span class='ocr_line' id='line_1_31' title="bbox 318 2127 1823 2214; baseline 0.001 -26"><span class='ocrx_word' id='word_1_178' title='bbox 318 2127 538 2189; x_wconf 90' lang='lat' dir='ltr'><strong>multis</strong></span> <span class='ocrx_word' id='word_1_179' title='bbox 571 2127 884 2210; x_wconf 88' lang='lat' dir='ltr'><strong>exemplis</strong></span> <span class='ocrx_word' id='word_1_180' title='bbox 914 2129 1170 2214; x_wconf 89' lang='lat' dir='ltr'><strong>legatur,</strong></span> <span class='ocrx_word' id='word_1_181' title='bbox 1191 2129 1543 2212; x_wconf 83' lang='lat' dir='ltr'><strong>praesertim</strong></span> <span class='ocrx_word' id='word_1_182' title='bbox 1574 2129 1823 2191; x_wconf 89' lang='lat' dir='ltr'><strong>dicente</strong></span> 
     </span>
     <span class='ocr_line' id='line_1_32' title="bbox 319 2225 1822 2308; baseline 0.001 -22"><span class='ocrx_word' id='word_1_183' title='bbox 319 2225 622 2308; x_wconf 85' lang='lat' dir='ltr'><strong>Apostolo</strong></span> <span class='ocrx_word' id='word_1_184' title='bbox 655 2245 668 2288; x_wconf 75' lang='grc' dir='ltr'>ε</span> <span class='ocrx_word' id='word_1_185' title='bbox 702 2226 848 2290; x_wconf 86' lang='lat' dir='ltr'><strong>Ideo</strong></span> <span class='ocrx_word' id='word_1_186' title='bbox 894 2227 1396 2290; x_wconf 89' lang='lat' dir='ltr'><strong>misericordiam</strong></span> <span class='ocrx_word' id='word_1_187' title='bbox 1446 2235 1822 2291; x_wconf 88' lang='lat' dir='ltr'><strong>consecutus</strong></span> 
     </span>
     <span class='ocr_line' id='line_1_33' title="bbox 319 2325 1818 2406; baseline 0.001 -21"><span class='ocrx_word' id='word_1_188' title='bbox 319 2344 486 2398; x_wconf 90' lang='lat' dir='ltr'><strong>sum,</strong></span> <span class='ocrx_word' id='word_1_189' title='bbox 529 2325 684 2406; x_wconf 89' lang='lat' dir='ltr'><strong>quia</strong></span> <span class='ocrx_word' id='word_1_190' title='bbox 731 2325 1028 2406; x_wconf 87' lang='lat' dir='ltr'><strong>ignorans</strong></span> <span class='ocrx_word' id='word_1_191' title='bbox 1072 2325 1193 2389; x_wconf 81' lang='lat' dir='ltr'><strong>feci</strong></span> <span class='ocrx_word' id='word_1_192' title='bbox 1240 2327 1307 2388; x_wconf 88' lang='lat' dir='ltr'><strong>in</strong></span> <span class='ocrx_word' id='word_1_193' title='bbox 1353 2326 1818 2389; x_wconf 86' lang='lat' dir='ltr'><strong>incredulitate.</strong></span> 
     </span>
     <span class='ocr_line' id='line_1_34' title="bbox 319 2421 1823 2504; baseline 0.001 -21"><span class='ocrx_word' id='word_1_194' title='bbox 319 2421 448 2494; x_wconf 93' lang='lat' dir='ltr'><strong>Quo</strong></span> <span class='ocrx_word' id='word_1_195' title='bbox 479 2430 746 2499; x_wconf 87' lang='lat' dir='ltr'><strong>constat,</strong></span> <span class='ocrx_word' id='word_1_196' title='bbox 769 2424 942 2504; x_wconf 89' lang='lat' dir='ltr'><strong>quod</strong></span> <span class='ocrx_word' id='word_1_197' title='bbox 974 2424 1332 2504; x_wconf 82' lang='lat' dir='ltr'><strong>ignorantia</strong></span> <span class='ocrx_word' id='word_1_198' title='bbox 1363 2423 1823 2486; x_wconf 86' lang='lat' dir='ltr'><strong>incredulitatis</strong></span> 
     </span>
    </p>
   </div>
   <div class='ocr_carea' id='block_1_10' title="bbox 259 2512 1825 2605">
    <p class='ocr_par' dir='ltr' id='par_1_11' title="bbox 259 2512 1825 2605">
     <span class='ocr_line' id='line_1_35' title="bbox 259 2512 1825 2605; baseline 0.001 -23"><span class='ocrx_word' id='word_1_199' title='bbox 259 2512 268 2520; x_wconf 76' lang='grc'><strong><em>’</em></strong></span> <span class='ocrx_word' id='word_1_200' title='bbox 317 2520 536 2602; x_wconf 90' lang='lat' dir='ltr'><strong>aliquo</strong></span> <span class='ocrx_word' id='word_1_201' title='bbox 586 2523 774 2585; x_wconf 92' lang='lat' dir='ltr'><strong>modo</strong></span> <span class='ocrx_word' id='word_1_202' title='bbox 821 2521 1078 2585; x_wconf 88' lang='lat' dir='ltr'><strong>alleviet</strong></span> <span class='ocrx_word' id='word_1_203' title='bbox 1127 2521 1405 2605; x_wconf 90' lang='lat' dir='ltr'><strong>culpam.</strong></span> <span class='ocrx_word' id='word_1_204' title='bbox 1439 2521 1518 2584; x_wconf 88' lang='lat' dir='ltr'><strong>Et</strong></span> <span class='ocrx_word' id='word_1_205' title='bbox 1558 2541 1825 2604; x_wconf 90' lang='lat' dir='ltr'><strong>respon-</strong></span> 
     </span>
    </p>
   </div>
   <div class='ocr_carea' id='block_1_11' title="bbox 151 4784 208 4840">
    <p class='ocr_par' dir='ltr' id='par_1_12' title="bbox 151 4784 208 4840">
     <span class='ocr_line' id='line_1_36' title="bbox 151 4784 208 4840; baseline 0.035 -2"><span class='ocrx_word' id='word_1_206' title='bbox 151 4784 208 4840; x_wconf 80' lang='lat'><strong>19</strong></span> 
     </span>
    </p>
   </div>
   <div class='ocr_carea' id='block_1_12' title="bbox 316 2620 1827 2998">
    <p class='ocr_par' dir='ltr' id='par_1_13' title="bbox 316 2620 1827 2998">
     <span class='ocr_line' id='line_1_37' title="bbox 319 2620 1827 2703; baseline 0.001 -22"><span class='ocrx_word' id='word_1_207' title='bbox 319 2620 619 2694; x_wconf 90' lang='lat' dir='ltr'><strong>dendum,</strong></span> <span class='ocrx_word' id='word_1_208' title='bbox 640 2621 812 2700; x_wconf 90' lang='lat' dir='ltr'><strong>quod</strong></span> <span class='ocrx_word' id='word_1_209' title='bbox 843 2621 1139 2701; x_wconf 91' lang='lat' dir='ltr'><strong>quamvis</strong></span> <span class='ocrx_word' id='word_1_210' title='bbox 1172 2622 1393 2683; x_wconf 89' lang='lat' dir='ltr'><strong>eodem</strong></span> <span class='ocrx_word' id='word_1_211' title='bbox 1422 2638 1656 2701; x_wconf 87' lang='lat' dir='ltr'><strong>genere</strong></span> <span class='ocrx_word' id='word_1_212' title='bbox 1688 2639 1827 2703; x_wconf 90' lang='lat' dir='ltr'><strong>pec-</strong></span> 
     </span>
     <span class='ocr_line' id='line_1_38' title="bbox 317 2717 1824 2800; baseline 0.001 -21"><span class='ocrx_word' id='word_1_213' title='bbox 317 2718 462 2792; x_wconf 89' lang='lat' dir='ltr'><strong>cati,</strong></span> <span class='ocrx_word' id='word_1_214' title='bbox 495 2726 561 2780; x_wconf 90' lang='lat' dir='ltr'><strong>et</strong></span> <span class='ocrx_word' id='word_1_215' title='bbox 601 2718 829 2780; x_wconf 89' lang='lat' dir='ltr'><strong>ceteris</strong></span> <span class='ocrx_word' id='word_1_216' title='bbox 869 2717 1155 2800; x_wconf 89' lang='lat' dir='ltr'><strong>paribus,</strong></span> <span class='ocrx_word' id='word_1_217' title='bbox 1191 2718 1396 2780; x_wconf 92' lang='lat' dir='ltr'><strong>malus</strong></span> <span class='ocrx_word' id='word_1_218' title='bbox 1431 2717 1824 2781; x_wconf 87' lang='lat' dir='ltr'><strong>Christianus</strong></span> 
     </span>
     <span class='ocr_line' id='line_1_39' title="bbox 321 2817 1826 2899; baseline 0 -20"><span class='ocrx_word' id='word_1_219' title='bbox 321 2817 644 2899; x_wconf 88' lang='lat' dir='ltr'><strong>peccando</strong></span> <span class='ocrx_word' id='word_1_220' title='bbox 695 2819 953 2898; x_wconf 89' lang='lat' dir='ltr'><strong>gravius</strong></span> <span class='ocrx_word' id='word_1_221' title='bbox 1013 2825 1234 2899; x_wconf 89' lang='lat' dir='ltr'><strong>peccet</strong></span> <span class='ocrx_word' id='word_1_222' title='bbox 1289 2836 1482 2899; x_wconf 90' lang='lat' dir='ltr'><strong>quam</strong></span> <span class='ocrx_word' id='word_1_223' title='bbox 1542 2817 1826 2879; x_wconf 82' lang='lat' dir='ltr'><strong>infidelis</strong></span> 
     </span>
     <span class='ocr_line' id='line_1_40' title="bbox 316 2914 1826 2998; baseline 0.001 -21"><span class='ocrx_word' id='word_1_224' title='bbox 316 2915 526 2996; x_wconf 83' lang='lat' dir='ltr'><strong>(juxta</strong></span> <span class='ocrx_word' id='word_1_225' title='bbox 563 2917 736 2997; x_wconf 90' lang='lat' dir='ltr'><strong>quod</strong></span> <span class='ocrx_word' id='word_1_226' title='bbox 773 2915 864 2978; x_wconf 88' lang='lat' dir='ltr'><strong>ait</strong></span> <span class='ocrx_word' id='word_1_227' title='bbox 899 2914 1182 2979; x_wconf 86' lang='lat' dir='ltr'><strong>Salvator</strong></span> <span class='ocrx_word' id='word_1_228' title='bbox 1221 2935 1417 2998; x_wconf 91' lang='lat' dir='ltr'><strong>supra</strong></span> <span class='ocrx_word' id='word_1_229' title='bbox 1452 2916 1826 2978; x_wconf 86' lang='lat' dir='ltr'><strong>duodecimo</strong></span> 
     </span>
    </p>
   </div>
   <div class='ocr_carea' id='block_1_13' title="bbox 317 3110 1828 4182">
    <p class='ocr_par' dir='ltr' id='par_1_14' title="bbox 317 3110 1828 4182">
     <span class='ocr_line' id='line_1_41' title="bbox 320 3110 1828 3194; baseline -0.002 -18"><span class='ocrx_word' id='word_1_230' title='bbox 320 3113 567 3176; x_wconf 90' lang='lat' dir='ltr'><strong>domini</strong></span> <span class='ocrx_word' id='word_1_231' title='bbox 611 3113 732 3187; x_wconf 93' lang='lat' dir='ltr'><strong>sui,</strong></span> <span class='ocrx_word' id='word_1_232' title='bbox 769 3119 832 3174; x_wconf 88' lang='lat' dir='ltr'><strong>et</strong></span> <span class='ocrx_word' id='word_1_233' title='bbox 875 3130 1001 3175; x_wconf 88' lang='lat' dir='ltr'><strong>non</strong></span> <span class='ocrx_word' id='word_1_234' title='bbox 1044 3110 1219 3186; x_wconf 86' lang='lat' dir='ltr'><strong>fecit,</strong></span> <span class='ocrx_word' id='word_1_235' title='bbox 1255 3111 1458 3194; x_wconf 89' lang='lat' dir='ltr'><strong>plagis</strong></span> <span class='ocrx_word' id='word_1_236' title='bbox 1499 3111 1828 3194; x_wconf 86' lang='lat' dir='ltr'><strong>vapulabit</strong></span> 
     </span>
     <span class='ocr_line' id='line_1_42' title="bbox 319 3209 1828 3292; baseline -0.001 -18"><span class='ocrx_word' id='word_1_237' title='bbox 319 3212 588 3292; x_wconf 83' lang='lat' dir='ltr'><strong>multis3</strong></span> <span class='ocrx_word' id='word_1_238' title='bbox 628 3210 740 3292; x_wconf 91' lang='lat' dir='ltr'><strong>qui</strong></span> <span class='ocrx_word' id='word_1_239' title='bbox 785 3218 997 3272; x_wconf 89' lang='lat' dir='ltr'><strong>autem</strong></span> <span class='ocrx_word' id='word_1_240' title='bbox 1043 3229 1170 3274; x_wconf 90' lang='lat' dir='ltr'><strong>non</strong></span> <span class='ocrx_word' id='word_1_241' title='bbox 1212 3211 1528 3291; x_wconf 86' lang='lat' dir='ltr'><strong>cognovit,</strong></span> <span class='ocrx_word' id='word_1_242' title='bbox 1571 3217 1634 3273; x_wconf 91' lang='lat' dir='ltr'><strong>et</strong></span> <span class='ocrx_word' id='word_1_243' title='bbox 1673 3209 1828 3272; x_wconf 82' lang='lat' dir='ltr'><strong>fecit</strong></span> 
     </span>
     <span class='ocr_line' id='line_1_43' title="bbox 318 3307 1827 3391; baseline -0.001 -19"><span class='ocrx_word' id='word_1_244' title='bbox 318 3311 510 3391; x_wconf 88' lang='lat' dir='ltr'><strong>digna</strong></span> <span class='ocrx_word' id='word_1_245' title='bbox 541 3309 770 3391; x_wconf 80' lang='lat' dir='ltr'><strong>plagiS,</strong></span> <span class='ocrx_word' id='word_1_246' title='bbox 805 3307 1134 3390; x_wconf 88' lang='lat' dir='ltr'><strong>vapulabit</strong></span> <span class='ocrx_word' id='word_1_247' title='bbox 1165 3308 1448 3390; x_wconf 90' lang='lat' dir='ltr'><strong>paucis);</strong></span> <span class='ocrx_word' id='word_1_248' title='bbox 1483 3309 1686 3372; x_wconf 88' lang='lat' dir='ltr'><strong>nihilo</strong></span> <span class='ocrx_word' id='word_1_249' title='bbox 1716 3309 1827 3372; x_wconf 91' lang='lat' dir='ltr'><strong>mi-</strong></span> 
     </span>
     <span class='ocr_line' id='line_1_44' title="bbox 319 3406 1821 3489; baseline -0.001 -18"><span class='ocrx_word' id='word_1_250' title='bbox 319 3428 438 3471; x_wconf 87' lang='lat' dir='ltr'><strong>nus</strong></span> <span class='ocrx_word' id='word_1_251' title='bbox 485 3406 836 3470; x_wconf 85' lang='lat' dir='ltr'><strong>infidelitas</strong></span> <span class='ocrx_word' id='word_1_252' title='bbox 877 3407 1016 3489; x_wconf 86' lang='lat' dir='ltr'><strong>ipsa</strong></span> <span class='ocrx_word' id='word_1_253' title='bbox 1057 3415 1155 3468; x_wconf 89' lang='lat' dir='ltr'><strong>est</strong></span> <span class='ocrx_word' id='word_1_254' title='bbox 1195 3407 1385 3489; x_wconf 87' lang='lat' dir='ltr'><strong>culpa</strong></span> <span class='ocrx_word' id='word_1_255' title='bbox 1425 3407 1821 3487; x_wconf 87' lang='lat' dir='ltr'><strong>gravissima,</strong></span> 
     </span>
     <span class='ocr_line' id='line_1_45' title="bbox 319 3504 1824 3590; baseline -0.001 -20"><span class='ocrx_word' id='word_1_256' title='bbox 319 3516 380 3570; x_wconf 88' lang='lat' dir='ltr'><strong>et</strong></span> <span class='ocrx_word' id='word_1_257' title='bbox 417 3508 676 3590; x_wconf 89' lang='lat' dir='ltr'><strong>pondus</strong></span> <span class='ocrx_word' id='word_1_258' title='bbox 723 3504 1100 3568; x_wconf 81' lang='lat' dir='ltr'><strong>offensionis</strong></span> <span class='ocrx_word' id='word_1_259' title='bbox 1143 3505 1385 3586; x_wconf 88' lang='lat' dir='ltr'><strong>peccati</strong></span> <span class='ocrx_word' id='word_1_260' title='bbox 1428 3504 1824 3568; x_wconf 89' lang='lat' dir='ltr'><strong>infidelitatis</strong></span> 
     </span>
     <span class='ocr_line' id='line_1_46' title="bbox 321 3603 1824 3688; baseline -0.001 -19"><span class='ocrx_word' id='word_1_261' title='bbox 321 3606 769 3688; x_wconf 81' lang='lat' dir='ltr'><strong>praeponderat</strong></span> <span class='ocrx_word' id='word_1_262' title='bbox 829 3603 1242 3667; x_wconf 90' lang='lat' dir='ltr'><strong>diminutioni</strong></span> <span class='ocrx_word' id='word_1_263' title='bbox 1304 3603 1577 3666; x_wconf 90' lang='lat' dir='ltr'><strong>aliorum</strong></span> <span class='ocrx_word' id='word_1_264' title='bbox 1638 3603 1824 3668; x_wconf 86' lang='lat' dir='ltr'><strong>vitio-</strong></span> 
     </span>
     <span class='ocr_line' id='line_1_47' title="bbox 320 3700 1819 3786; baseline -0.001 -20"><span class='ocrx_word' id='word_1_265' title='bbox 320 3724 462 3767; x_wconf 88' lang='lat' dir='ltr'><strong>rum</strong></span> <span class='ocrx_word' id='word_1_266' title='bbox 515 3710 780 3786; x_wconf 87' lang='lat' dir='ltr'><strong>propter</strong></span> <span class='ocrx_word' id='word_1_267' title='bbox 829 3700 1295 3763; x_wconf 87' lang='lat' dir='ltr'><strong>incredulitatis</strong></span> <span class='ocrx_word' id='word_1_268' title='bbox 1350 3701 1819 3782; x_wconf 87' lang='lat' dir='ltr'><strong>ignorantiam:</strong></span> 
     </span>
     <span class='ocr_line' id='line_1_48' title="bbox 317 3799 1826 3882; baseline -0.004 -15"><span class='ocrx_word' id='word_1_269' title='bbox 317 3804 458 3867; x_wconf 89' lang='lat' dir='ltr'><strong>ideo</strong></span> <span class='ocrx_word' id='word_1_270' title='bbox 498 3800 801 3864; x_wconf 83' lang='lat' dir='ltr'><strong>infideles</strong></span> <span class='ocrx_word' id='word_1_271' title='bbox 840 3800 1162 3882; x_wconf 87' lang='lat' dir='ltr'><strong>peccando</strong></span> <span class='ocrx_word' id='word_1_272' title='bbox 1193 3799 1449 3881; x_wconf 91' lang='lat' dir='ltr'><strong>penitus</strong></span> <span class='ocrx_word' id='word_1_273' title='bbox 1488 3808 1826 3863; x_wconf 90' lang='lat' dir='ltr'><strong>conterun-</strong></span> 
     </span>
     <span class='ocr_line' id='line_1_49' title="bbox 317 3895 1820 3980; baseline -0.003 -16"><span class='ocrx_word' id='word_1_274' title='bbox 317 3911 442 3964; x_wconf 87' lang='lat' dir='ltr'><strong>tur.</strong></span> <span class='ocrx_word' id='word_1_275' title='bbox 495 3900 578 3964; x_wconf 76' lang='lat' dir='ltr'><strong>Et</strong></span> <span class='ocrx_word' id='word_1_276' title='bbox 629 3899 926 3980; x_wconf 87' lang='lat' dir='ltr'><strong>quamvis</strong></span> <span class='ocrx_word' id='word_1_277' title='bbox 983 3895 1234 3972; x_wconf 82' lang='lat' dir='ltr'><strong>fideleS,</strong></span> <span class='ocrx_word' id='word_1_278' title='bbox 1290 3905 1360 3960; x_wconf 93' lang='lat' dir='ltr'><strong>ut</strong></span> <span class='ocrx_word' id='word_1_279' title='bbox 1414 3898 1657 3960; x_wconf 91' lang='lat' dir='ltr'><strong>dictum</strong></span> <span class='ocrx_word' id='word_1_280' title='bbox 1705 3907 1820 3972; x_wconf 87' lang='lat' dir='ltr'><strong>est,</strong></span> 
     </span>
     <span class='ocr_line' id='line_1_50' title="bbox 319 3997 1823 4079; baseline -0.003 -15"><span class='ocrx_word' id='word_1_281' title='bbox 319 4000 614 4064; x_wconf 89' lang='lat' dir='ltr'><strong>absolute</strong></span> <span class='ocrx_word' id='word_1_282' title='bbox 643 3998 980 4079; x_wconf 88' lang='lat' dir='ltr'><strong>loquendo,</strong></span> <span class='ocrx_word' id='word_1_283' title='bbox 1008 3997 1267 4077; x_wconf 87' lang='lat' dir='ltr'><strong>gravius</strong></span> <span class='ocrx_word' id='word_1_284' title='bbox 1299 4004 1590 4079; x_wconf 89' lang='lat' dir='ltr'><strong>peccent;</strong></span> <span class='ocrx_word' id='word_1_285' title='bbox 1612 4005 1823 4060; x_wconf 89' lang='lat' dir='ltr'><strong>tamen</strong></span> 
     </span>
     <span class='ocr_line' id='line_1_51' title="bbox 323 4094 1826 4182; baseline -0.003 -20"><span class='ocrx_word' id='word_1_286' title='bbox 323 4107 590 4182; x_wconf 89' lang='lat' dir='ltr'><strong>propter</strong></span> <span class='ocrx_word' id='word_1_287' title='bbox 647 4095 958 4159; x_wconf 87' lang='lat' dir='ltr'><strong>informes</strong></span> <span class='ocrx_word' id='word_1_288' title='bbox 1015 4094 1214 4157; x_wconf 88' lang='lat' dir='ltr'><strong>fidem</strong></span> <span class='ocrx_word' id='word_1_289' title='bbox 1265 4103 1326 4157; x_wconf 85' lang='lat' dir='ltr'><strong>et</strong></span> <span class='ocrx_word' id='word_1_290' title='bbox 1376 4113 1556 4178; x_wconf 88' lang='lat' dir='ltr'><strong>spem</strong></span> <span class='ocrx_word' id='word_1_291' title='bbox 1614 4096 1682 4158; x_wconf 92' lang='lat' dir='ltr'><strong>in</strong></span> <span class='ocrx_word' id='word_1_292' title='bbox 1733 4097 1826 4158; x_wconf 92' lang='lat' dir='ltr'><strong>eis</strong></span> 
     </span>
    </p>
   </div>
   <div class='ocr_carea' id='block_1_14' title="bbox 1933 1930 3729 2996">
    <p class='ocr_par' dir='ltr' id='par_1_15' title="bbox 1933 1930 3437 2014">
     <span class='ocr_line' id='line_1_52' title="bbox 1933 1930 3437 2014; baseline 0.001 -22"><span class='ocrx_word' id='word_1_293' title='bbox 1933 1930 2104 1994; x_wconf 92' lang='lat' dir='ltr'><strong>tibus</strong></span> <span class='ocrx_word' id='word_1_294' title='bbox 2140 1951 2155 1994; x_wconf 74' lang='grc' dir='ltr'>ε</span> <span class='ocrx_word' id='word_1_295' title='bbox 2188 1931 2392 1994; x_wconf 90' lang='lat' dir='ltr'><strong>Nolite</strong></span> <span class='ocrx_word' id='word_1_296' title='bbox 2423 1931 2604 1995; x_wconf 93' lang='lat' dir='ltr'><strong>nobis</strong></span> <span class='ocrx_word' id='word_1_297' title='bbox 2635 1931 2963 2014; x_wconf 87' lang='lat' dir='ltr'><strong>adspicere</strong></span> <span class='ocrx_word' id='word_1_298' title='bbox 2992 1950 3066 1993; x_wconf 91' lang='lat' dir='ltr'><strong>ea</strong></span> <span class='ocrx_word' id='word_1_299' title='bbox 3094 1950 3238 2014; x_wconf 84' lang='lat' dir='ltr'><strong>quae</strong></span> <span class='ocrx_word' id='word_1_300' title='bbox 3267 1938 3437 1994; x_wconf 89' lang='lat' dir='ltr'><strong>recta</strong></span> 
     </span>
    </p>

    <p class='ocr_par' dir='ltr' id='par_1_16' title="bbox 1935 2030 3436 2112">
     <span class='ocr_line' id='line_1_53' title="bbox 1935 2030 3436 2112; baseline 0 -20"><span class='ocrx_word' id='word_1_301' title='bbox 1935 2039 2085 2092; x_wconf 90' lang='lat' dir='ltr'><strong>sunt</strong></span> <span class='ocrx_word' id='word_1_302' title='bbox 2117 2049 2134 2110; x_wconf 84' lang='lat'><em>3</em></span> <span class='ocrx_word' id='word_1_303' title='bbox 2190 2031 2533 2112; x_wconf 89' lang='lat' dir='ltr'><strong>loquimini</strong></span> <span class='ocrx_word' id='word_1_304' title='bbox 2593 2030 2777 2094; x_wconf 92' lang='lat' dir='ltr'><strong>nobis</strong></span> <span class='ocrx_word' id='word_1_305' title='bbox 2836 2031 3174 2112; x_wconf 87' lang='lat' dir='ltr'><strong>placentia,</strong></span> <span class='ocrx_word' id='word_1_306' title='bbox 3225 2031 3436 2093; x_wconf 85' lang='lat' dir='ltr'><strong>videte</strong></span> 
     </span>
    </p>

    <p class='ocr_par' dir='ltr' id='par_1_17' title="bbox 1935 2128 3729 2409">
     <span class='ocr_line' id='line_1_54' title="bbox 1935 2128 3729 2211; baseline 0 -20"><span class='ocrx_word' id='word_1_307' title='bbox 1935 2128 2118 2191; x_wconf 91' lang='lat' dir='ltr'><strong>nobis</strong></span> <span class='ocrx_word' id='word_1_308' title='bbox 2162 2147 2429 2192; x_wconf 91' lang='lat' dir='ltr'><strong>errores.</strong></span> <span class='ocrx_word' id='word_1_309' title='bbox 2464 2128 2804 2210; x_wconf 87' lang='lat' dir='ltr'><strong>Apostolus</strong></span> <span class='ocrx_word' id='word_1_310' title='bbox 2847 2147 3107 2211; x_wconf 90' lang='lat' dir='ltr'><strong>quoque</strong></span> <span class='ocrx_word' id='word_1_311' title='bbox 3143 2147 3157 2192; x_wconf 75' lang='grc' dir='ltr'><em>τ</em></span> <span class='ocrx_word' id='word_1_312' title='bbox 3191 2129 3243 2190; x_wconf 86' lang='grc' dir='ltr'><strong>Α</strong></span> <span class='ocrx_word' id='word_1_313' title='bbox 3272 2129 3440 2191; x_wconf 89' lang='lat' dir='ltr'><strong>veri·</strong></span> <span class='ocrx_word' id='word_1_314' title='bbox 3486 2148 3729 2200; x_wconf 63' lang='lat' dir='ltr'><strong>urm-v,</strong></span> 
     </span>
     <span class='ocr_line' id='line_1_55' title="bbox 1935 2214 3505 2308; baseline 0 -18"><span class='ocrx_word' id='word_1_315' title='bbox 1935 2235 2081 2302; x_wconf 89' lang='lat' dir='ltr'><strong>tate,</strong></span> <span class='ocrx_word' id='word_1_316' title='bbox 2117 2227 2350 2308; x_wconf 89' lang='lat' dir='ltr'><strong>inquit,</strong></span> <span class='ocrx_word' id='word_1_317' title='bbox 2384 2227 2672 2289; x_wconf 91' lang='lat' dir='ltr'><strong>auditum</strong></span> <span class='ocrx_word' id='word_1_318' title='bbox 2714 2234 3026 2308; x_wconf 86' lang='lat' dir='ltr'><strong>avertent,</strong></span> <span class='ocrx_word' id='word_1_319' title='bbox 3062 2229 3142 2290; x_wconf 89' lang='lat' dir='ltr'><strong>ad</strong></span> <span class='ocrx_word' id='word_1_320' title='bbox 3185 2226 3436 2291; x_wconf 83' lang='lat' dir='ltr'><strong>fabulas</strong></span> <span class='ocrx_word' id='word_1_321' title='bbox 3464 2214 3505 2254; x_wconf 78' lang='lat'><strong>⁴·</strong></span> 
     </span>
     <span class='ocr_line' id='line_1_56' title="bbox 1935 2326 3439 2409; baseline 0.001 -22"><span class='ocrx_word' id='word_1_322' title='bbox 1935 2333 2145 2387; x_wconf 89' lang='lat' dir='ltr'><strong>autem</strong></span> <span class='ocrx_word' id='word_1_323' title='bbox 2197 2332 2669 2387; x_wconf 87' lang='lat' dir='ltr'><strong>convertentur.</strong></span> <span class='ocrx_word' id='word_1_324' title='bbox 2721 2326 2791 2388; x_wconf 91' lang='lat' dir='ltr'><strong>In</strong></span> <span class='ocrx_word' id='word_1_325' title='bbox 2844 2326 3081 2406; x_wconf 92' lang='lat' dir='ltr'><strong>quibus</strong></span> <span class='ocrx_word' id='word_1_326' title='bbox 3132 2326 3439 2409; x_wconf 89' lang='lat' dir='ltr'><strong>impletur</strong></span> 
     </span>
    </p>

    <p class='ocr_par' dir='ltr' id='par_1_18' title="bbox 1936 2422 3729 2605">
     <span class='ocr_line' id='line_1_57' title="bbox 1936 2422 3729 2506; baseline 0.001 -22"><span class='ocrx_word' id='word_1_327' title='bbox 1936 2431 1997 2485; x_wconf 88' lang='lat' dir='ltr'><strong>et</strong></span> <span class='ocrx_word' id='word_1_328' title='bbox 2029 2423 2189 2485; x_wconf 92' lang='lat' dir='ltr'><strong>illud</strong></span> <span class='ocrx_word' id='word_1_329' title='bbox 2216 2442 2229 2485; x_wconf 75' lang='grc' dir='ltr'>ε</span> <span class='ocrx_word' id='word_1_330' title='bbox 2265 2422 2451 2496; x_wconf 89' lang='lat' dir='ltr'><strong>Quasi</strong></span> <span class='ocrx_word' id='word_1_331' title='bbox 2482 2423 2595 2504; x_wconf 90' lang='lat' dir='ltr'><strong>qui</strong></span> <span class='ocrx_word' id='word_1_332' title='bbox 2625 2424 3121 2506; x_wconf 86' lang='lat' dir='ltr'><strong>apprehenderit</strong></span> <span class='ocrx_word' id='word_1_333' title='bbox 3151 2443 3295 2488; x_wconf 92' lang='lat' dir='ltr'><strong>cum</strong></span> <span class='ocrx_word' id='word_1_334' title='bbox 3329 2444 3440 2486; x_wconf 88' lang='lat' dir='ltr'><strong>au·</strong></span> <span class='ocrx_word' id='word_1_335' title='bbox 3476 2453 3729 2506; x_wconf 65' lang='lat' dir='ltr'><strong>Pramus,</strong></span> 
     </span>
     <span class='ocr_line' id='line_1_58' title="bbox 1937 2518 3534 2605; baseline 0.001 -23"><span class='ocrx_word' id='word_1_336' title='bbox 1937 2521 2114 2583; x_wconf 90' lang='lat' dir='ltr'><strong>ribus</strong></span> <span class='ocrx_word' id='word_1_337' title='bbox 2154 2539 2397 2594; x_wconf 89' lang='lat' dir='ltr'><strong>canem,</strong></span> <span class='ocrx_word' id='word_1_338' title='bbox 2420 2521 2506 2582; x_wconf 85' lang='lat' dir='ltr'><strong>ita</strong></span> <span class='ocrx_word' id='word_1_339' title='bbox 2534 2521 2647 2602; x_wconf 90' lang='lat' dir='ltr'><strong>qui</strong></span> <span class='ocrx_word' id='word_1_340' title='bbox 2680 2521 2943 2604; x_wconf 88' lang='lat' dir='ltr'><strong>corripit</strong></span> <span class='ocrx_word' id='word_1_341' title='bbox 2973 2522 3435 2605; x_wconf 88' lang='lat' dir='ltr'><strong>impatientem.</strong></span> <span class='ocrx_word' id='word_1_342' title='bbox 3467 2518 3534 2560; x_wconf 83' lang='lat'><strong>¹⁷·</strong></span> 
     </span>
    </p>

    <p class='ocr_par' dir='ltr' id='par_1_19' title="bbox 1935 2618 3440 2800">
     <span class='ocr_line' id='line_1_59' title="bbox 1935 2618 3439 2701; baseline 0.003 -22"><span class='ocrx_word' id='word_1_343' title='bbox 1935 2655 2016 2664; x_wconf 93' lang='lat'><strong>—-</strong></span> <span class='ocrx_word' id='word_1_344' title='bbox 2062 2618 2177 2680; x_wconf 90' lang='lat' dir='ltr'><strong>Hic</strong></span> <span class='ocrx_word' id='word_1_345' title='bbox 2233 2619 2435 2701; x_wconf 81' lang='lat' dir='ltr'><strong>quaeri</strong></span> <span class='ocrx_word' id='word_1_346' title='bbox 2498 2628 2731 2700; x_wconf 90' lang='lat' dir='ltr'><strong>posset,</strong></span> <span class='ocrx_word' id='word_1_347' title='bbox 2784 2627 2999 2681; x_wconf 90' lang='lat' dir='ltr'><strong>utrum</strong></span> <span class='ocrx_word' id='word_1_348' title='bbox 3051 2627 3115 2682; x_wconf 88' lang='lat' dir='ltr'><strong>et</strong></span> <span class='ocrx_word' id='word_1_349' title='bbox 3164 2620 3439 2701; x_wconf 87' lang='lat' dir='ltr'><strong>qualiter</strong></span> 
     </span>
     <span class='ocr_line' id='line_1_60' title="bbox 1938 2716 3440 2800; baseline 0.003 -22"><span class='ocrx_word' id='word_1_350' title='bbox 1938 2716 2183 2800; x_wconf 84' lang='lat' dir='ltr'><strong>praefati</strong></span> <span class='ocrx_word' id='word_1_351' title='bbox 2212 2716 2410 2779; x_wconf 81' lang='lat' dir='ltr'><strong>Judaei</strong></span> <span class='ocrx_word' id='word_1_352' title='bbox 2452 2716 2771 2779; x_wconf 87' lang='lat' dir='ltr'><strong>Christum</strong></span> <span class='ocrx_word' id='word_1_353' title='bbox 2814 2726 3151 2780; x_wconf 87' lang='lat' dir='ltr'><strong>noverunt.</strong></span> <span class='ocrx_word' id='word_1_354' title='bbox 3187 2717 3271 2780; x_wconf 89' lang='lat' dir='ltr'><strong>De</strong></span> <span class='ocrx_word' id='word_1_355' title='bbox 3310 2736 3440 2800; x_wconf 89' lang='lat' dir='ltr'><strong>quo</strong></span> 
     </span>
    </p>

    <p class='ocr_par' dir='ltr' id='par_1_20' title="bbox 1935 2815 3729 2996">
     <span class='ocr_line' id='line_1_61' title="bbox 1936 2815 3729 2898; baseline 0.004 -21"><span class='ocrx_word' id='word_1_356' title='bbox 1936 2817 2089 2897; x_wconf 89' lang='lat' dir='ltr'><strong>quia</strong></span> <span class='ocrx_word' id='word_1_357' title='bbox 2117 2815 2435 2898; x_wconf 72' lang='lat' dir='ltr'><strong>superiUS,</strong></span> <span class='ocrx_word' id='word_1_358' title='bbox 2453 2823 2516 2877; x_wconf 90' lang='lat' dir='ltr'><strong>et</strong></span> <span class='ocrx_word' id='word_1_359' title='bbox 2540 2815 2693 2878; x_wconf 89' lang='lat' dir='ltr'><strong>item</strong></span> <span class='ocrx_word' id='word_1_360' title='bbox 2725 2834 2919 2898; x_wconf 91' lang='lat' dir='ltr'><strong>super</strong></span> <span class='ocrx_word' id='word_1_361' title='bbox 2937 2815 3297 2880; x_wconf 83' lang='lat' dir='ltr'><strong>Matthaeum</strong></span> <span class='ocrx_word' id='word_1_362' title='bbox 3322 2817 3440 2880; x_wconf 80' lang='lat' dir='ltr'><strong>dis·</strong></span> <span class='ocrx_word' id='word_1_363' title='bbox 3508 2839 3555 2883; x_wconf 79' lang='lat' dir='ltr'><strong>in</strong></span> <span class='ocrx_word' id='word_1_364' title='bbox 3576 2839 3729 2884; x_wconf 61' lang='lat' dir='ltr'><strong>naith.</strong></span> 
     </span>
     <span class='ocr_line' id='line_1_62' title="bbox 1935 2907 3640 2996; baseline 0.001 -20"><span class='ocrx_word' id='word_1_365' title='bbox 1935 2913 2078 2976; x_wconf 87' lang='lat' dir='ltr'><strong>fuse</strong></span> <span class='ocrx_word' id='word_1_366' title='bbox 2112 2919 2446 2976; x_wconf 89' lang='lat' dir='ltr'><strong>tractatum</strong></span> <span class='ocrx_word' id='word_1_367' title='bbox 2486 2921 2603 2988; x_wconf 87' lang='lat' dir='ltr'><strong>est,</strong></span> <span class='ocrx_word' id='word_1_368' title='bbox 2639 2914 2703 2976; x_wconf 92' lang='lat' dir='ltr'><strong>id</strong></span> <span class='ocrx_word' id='word_1_369' title='bbox 2744 2914 2955 2995; x_wconf 91' lang='lat' dir='ltr'><strong>ipsum</strong></span> <span class='ocrx_word' id='word_1_370' title='bbox 2998 2915 3435 2996; x_wconf 68' lang='lat' dir='ltr'><strong>praetermitto.</strong></span> <span class='ocrx_word' id='word_1_371' title='bbox 3465 2907 3640 2957; x_wconf 79' lang='lat'><strong>¹¹¹·⁴⁰·</strong></span> 
     </span>
    </p>
   </div>
   <div class='ocr_carea' id='block_1_15' title="bbox 121 3011 3441 3096">
    <p class='ocr_par' dir='ltr' id='par_1_21' title="bbox 121 3011 3441 3096">
     <span class='ocr_line' id='line_1_63' title="bbox 121 3011 3441 3096; baseline 0.001 -20"><span class='ocrx_word' id='word_1_372' title='bbox 121 3047 142 3076; x_wconf 69' lang='lat' dir='ltr'><em>c</em></span> <span class='ocrx_word' id='word_1_373' title='bbox 167 3049 200 3078; x_wconf 72' lang='grc' dir='ltr'><strong>ιι</strong></span> <span class='ocrx_word' id='word_1_374' title='bbox 277 3069 290 3088; x_wconf 87' lang='grc'><em>,</em></span> <span class='ocrx_word' id='word_1_375' title='bbox 321 3014 607 3096; x_wconf 84' lang='lat' dir='ltr'><strong>capitulo</strong></span> <span class='ocrx_word' id='word_1_376' title='bbox 640 3033 654 3076; x_wconf 77' lang='grc' dir='ltr'>ε</span> <span class='ocrx_word' id='word_1_377' title='bbox 688 3013 920 3077; x_wconf 91' lang='lat' dir='ltr'><strong>Servus</strong></span> <span class='ocrx_word' id='word_1_378' title='bbox 951 3014 1064 3095; x_wconf 92' lang='lat' dir='ltr'><strong>qui</strong></span> <span class='ocrx_word' id='word_1_379' title='bbox 1107 3014 1404 3094; x_wconf 86' lang='lat' dir='ltr'><strong>cognovit</strong></span> <span class='ocrx_word' id='word_1_380' title='bbox 1432 3015 1824 3078; x_wconf 87' lang='lat' dir='ltr'><strong>voluntatem</strong></span> <span class='ocrx_word' id='word_1_381' title='bbox 1864 3015 1908 3079; x_wconf 92' lang='lat' dir='ltr'><strong>C</strong></span> <span class='ocrx_word' id='word_1_382' title='bbox 2017 3013 2303 3094; x_wconf 86' lang='lat' dir='ltr'><strong>Insuper,</strong></span> <span class='ocrx_word' id='word_1_383' title='bbox 2348 3011 2653 3092; x_wconf 89' lang='lat' dir='ltr'><strong>quoniam</strong></span> <span class='ocrx_word' id='word_1_384' title='bbox 2694 3013 3069 3088; x_wconf 77' lang='lat' dir='ltr'><strong>sacerdoteS,</strong></span> <span class='ocrx_word' id='word_1_385' title='bbox 3104 3012 3341 3076; x_wconf 84' lang='lat' dir='ltr'><strong>Scribae</strong></span> <span class='ocrx_word' id='word_1_386' title='bbox 3376 3024 3441 3078; x_wconf 90' lang='lat' dir='ltr'><strong>et</strong></span> 
     </span>
    </p>
   </div>
   <div class='ocr_carea' id='block_1_16' title="bbox 1935 3108 3443 4175">
    <p class='ocr_par' dir='ltr' id='par_1_22' title="bbox 1935 3108 3443 4175">
     <span class='ocr_line' id='line_1_64' title="bbox 1936 3108 3433 3188; baseline 0.003 -17"><span class='ocrx_word' id='word_1_387' title='bbox 1936 3108 2231 3172; x_wconf 85' lang='lat' dir='ltr'><strong>Pharisaei</strong></span> <span class='ocrx_word' id='word_1_388' title='bbox 2262 3127 2388 3171; x_wconf 91' lang='lat' dir='ltr'><strong>non</strong></span> <span class='ocrx_word' id='word_1_389' title='bbox 2420 3108 2737 3171; x_wconf 87' lang='lat' dir='ltr'><strong>audebant</strong></span> <span class='ocrx_word' id='word_1_390' title='bbox 2772 3110 3137 3172; x_wconf 82' lang='lat' dir='ltr'><strong>violentiam</strong></span> <span class='ocrx_word' id='word_1_391' title='bbox 3169 3109 3433 3188; x_wconf 84' lang='lat' dir='ltr'><strong>Christe,</strong></span> 
     </span>
     <span class='ocr_line' id='line_1_65' title="bbox 1937 3205 3441 3289; baseline 0 -19"><span class='ocrx_word' id='word_1_392' title='bbox 1937 3207 2165 3271; x_wconf 89' lang='lat' dir='ltr'><strong>timore</strong></span> <span class='ocrx_word' id='word_1_393' title='bbox 2210 3206 2439 3289; x_wconf 80' lang='lat' dir='ltr'><strong>plebiS,</strong></span> <span class='ocrx_word' id='word_1_394' title='bbox 2475 3205 2735 3282; x_wconf 86' lang='lat' dir='ltr'><strong>inferre,</strong></span> <span class='ocrx_word' id='word_1_395' title='bbox 2768 3208 3287 3288; x_wconf 85' lang='lat' dir='ltr'><strong>excogitaverunt</strong></span> <span class='ocrx_word' id='word_1_396' title='bbox 3327 3209 3441 3271; x_wconf 90' lang='lat' dir='ltr'><strong>ali-</strong></span> 
     </span>
     <span class='ocr_line' id='line_1_66' title="bbox 1935 3304 3441 3387; baseline 0.001 -19"><span class='ocrx_word' id='word_1_397' title='bbox 1935 3326 2035 3368; x_wconf 90' lang='lat' dir='ltr'><strong>am</strong></span> <span class='ocrx_word' id='word_1_398' title='bbox 2069 3306 2236 3370; x_wconf 91' lang='lat' dir='ltr'><strong>viam</strong></span> <span class='ocrx_word' id='word_1_399' title='bbox 2277 3304 2827 3367; x_wconf 90' lang='lat' dir='ltr'><strong>circumveniendi</strong></span> <span class='ocrx_word' id='word_1_400' title='bbox 2866 3306 3188 3381; x_wconf 87' lang='lat' dir='ltr'><strong>eumdem,</strong></span> <span class='ocrx_word' id='word_1_401' title='bbox 3222 3324 3441 3387; x_wconf 91' lang='lat' dir='ltr'><strong>quem-</strong></span> 
     </span>
     <span class='ocr_line' id='line_1_67' title="bbox 1935 3402 3433 3480; baseline 0.001 -14"><span class='ocrx_word' id='word_1_402' title='bbox 1935 3405 2278 3466; x_wconf 91' lang='lat' dir='ltr'><strong>admodum</strong></span> <span class='ocrx_word' id='word_1_403' title='bbox 2312 3402 2630 3464; x_wconf 88' lang='lat' dir='ltr'><strong>subditur.</strong></span> <span class='ocrx_word' id='word_1_404' title='bbox 2654 3406 2741 3464; x_wconf 83' lang='lat' dir='ltr'><strong>E&#39;t</strong></span> <span class='ocrx_word' id='word_1_405' title='bbox 2771 3405 3189 3472; x_wconf 79' lang='lat' dir='ltr'><strong>observantes,</strong></span> <span class='ocrx_word' id='word_1_406' title='bbox 3222 3403 3286 3466; x_wconf 92' lang='lat' dir='ltr'><strong>id</strong></span> <span class='ocrx_word' id='word_1_407' title='bbox 3317 3413 3433 3480; x_wconf 90' lang='lat' dir='ltr'><strong>est,</strong></span> 
     </span>
     <span class='ocr_line' id='line_1_68' title="bbox 1938 3499 3434 3582; baseline 0 -18"><span class='ocrx_word' id='word_1_408' title='bbox 1938 3502 2132 3565; x_wconf 90' lang='lat' dir='ltr'><strong>verba</strong></span> <span class='ocrx_word' id='word_1_409' title='bbox 2160 3509 2223 3563; x_wconf 91' lang='lat' dir='ltr'><strong>et</strong></span> <span class='ocrx_word' id='word_1_410' title='bbox 2250 3500 2415 3563; x_wconf 83' lang='lat' dir='ltr'><strong>facta</strong></span> <span class='ocrx_word' id='word_1_411' title='bbox 2445 3499 2675 3563; x_wconf 87' lang='lat' dir='ltr'><strong>Christi</strong></span> <span class='ocrx_word' id='word_1_412' title='bbox 2706 3501 2783 3562; x_wconf 87' lang='lat' dir='ltr'><strong>ad</strong></span> <span class='ocrx_word' id='word_1_413' title='bbox 2815 3501 3434 3582; x_wconf 90' lang='lat' dir='ltr'><strong>reprehendendum,</strong></span> 
     </span>
     <span class='ocr_line' id='line_1_69' title="bbox 1937 3599 3441 3674; baseline -0.001 -11"><span class='ocrx_word' id='word_1_414' title='bbox 1937 3620 2062 3665; x_wconf 91' lang='lat' dir='ltr'><strong>non</strong></span> <span class='ocrx_word' id='word_1_415' title='bbox 2093 3601 2173 3662; x_wconf 90' lang='lat' dir='ltr'><strong>ad</strong></span> <span class='ocrx_word' id='word_1_416' title='bbox 2204 3599 2591 3662; x_wconf 89' lang='lat' dir='ltr'><strong>credendum</strong></span> <span class='ocrx_word' id='word_1_417' title='bbox 2622 3606 2686 3660; x_wconf 89' lang='lat' dir='ltr'><strong>et</strong></span> <span class='ocrx_word' id='word_1_418' title='bbox 2716 3599 3118 3674; x_wconf 88' lang='lat' dir='ltr'><strong>imitandum,</strong></span> <span class='ocrx_word' id='word_1_419' title='bbox 3154 3600 3441 3663; x_wconf 86' lang='lat' dir='ltr'><strong>conside-</strong></span> 
     </span>
     <span class='ocr_line' id='line_1_70' title="bbox 1941 3696 3439 3779; baseline -0.001 -17"><span class='ocrx_word' id='word_1_420' title='bbox 1941 3707 2150 3762; x_wconf 90' lang='lat' dir='ltr'><strong>rantes</strong></span> <span class='ocrx_word' id='word_1_421' title='bbox 2194 3707 2257 3761; x_wconf 89' lang='lat' dir='ltr'><strong>et</strong></span> <span class='ocrx_word' id='word_1_422' title='bbox 2305 3696 2729 3779; x_wconf 63' lang='lat' dir='ltr'><strong>explorantes</strong></span> <span class='ocrx_word' id='word_1_423' title='bbox 2770 3696 3050 3770; x_wconf 91' lang='lat' dir='ltr'><strong>Quorum</strong></span> <span class='ocrx_word' id='word_1_424' title='bbox 3102 3704 3439 3762; x_wconf 85' lang='lat' dir='ltr'><strong>sectatores</strong></span> 
     </span>
     <span class='ocr_line' id='line_1_71' title="bbox 1939 3795 3443 3877; baseline -0.001 -17"><span class='ocrx_word' id='word_1_425' title='bbox 1939 3805 2088 3860; x_wconf 91' lang='lat' dir='ltr'><strong>sunt</strong></span> <span class='ocrx_word' id='word_1_426' title='bbox 2137 3796 2346 3870; x_wconf 92' lang='lat' dir='ltr'><strong>multi,</strong></span> <span class='ocrx_word' id='word_1_427' title='bbox 2389 3795 2500 3876; x_wconf 91' lang='lat' dir='ltr'><strong>qui</strong></span> <span class='ocrx_word' id='word_1_428' title='bbox 2547 3795 2869 3877; x_wconf 84' lang='lat' dir='ltr'><strong>proximos</strong></span> <span class='ocrx_word' id='word_1_429' title='bbox 2914 3814 3061 3858; x_wconf 90' lang='lat' dir='ltr'><strong>suos</strong></span> <span class='ocrx_word' id='word_1_430' title='bbox 3102 3796 3443 3860; x_wconf 89' lang='lat' dir='ltr'><strong>observant</strong></span> 
     </span>
     <span class='ocr_line' id='line_1_72' title="bbox 1939 3893 3439 3977; baseline -0.002 -17"><span class='ocrx_word' id='word_1_431' title='bbox 1939 3899 2018 3960; x_wconf 88' lang='lat' dir='ltr'><strong>ad</strong></span> <span class='ocrx_word' id='word_1_432' title='bbox 2055 3895 2483 3958; x_wconf 90' lang='lat' dir='ltr'><strong>accusandum</strong></span> <span class='ocrx_word' id='word_1_433' title='bbox 2522 3901 2585 3955; x_wconf 88' lang='lat' dir='ltr'><strong>et</strong></span> <span class='ocrx_word' id='word_1_434' title='bbox 2618 3893 3161 3970; x_wconf 89' lang='lat' dir='ltr'><strong>calumniandum,</strong></span> <span class='ocrx_word' id='word_1_435' title='bbox 3195 3903 3259 3957; x_wconf 91' lang='lat' dir='ltr'><strong>et</strong></span> <span class='ocrx_word' id='word_1_436' title='bbox 3296 3914 3439 3977; x_wconf 91' lang='lat' dir='ltr'><strong>pro-</strong></span> 
     </span>
     <span class='ocr_line' id='line_1_73' title="bbox 1939 3991 3441 4078; baseline -0.001 -21"><span class='ocrx_word' id='word_1_437' title='bbox 1939 3995 2110 4078; x_wconf 93' lang='lat' dir='ltr'><strong>prios</strong></span> <span class='ocrx_word' id='word_1_438' title='bbox 2154 3991 2437 4055; x_wconf 88' lang='lat' dir='ltr'><strong>defectus</strong></span> <span class='ocrx_word' id='word_1_439' title='bbox 2484 3999 2677 4072; x_wconf 89' lang='lat' dir='ltr'><strong>atque</strong></span> <span class='ocrx_word' id='word_1_440' title='bbox 2718 4009 3013 4054; x_wconf 82' lang='lat' dir='ltr'><strong>excessus</strong></span> <span class='ocrx_word' id='word_1_441' title='bbox 3063 4009 3331 4073; x_wconf 87' lang='lat' dir='ltr'><strong>pensare</strong></span> <span class='ocrx_word' id='word_1_442' title='bbox 3368 4012 3441 4056; x_wconf 87' lang='lat' dir='ltr'><strong>ac</strong></span> 
     </span>
     <span class='ocr_line' id='line_1_74' title="bbox 1940 4087 3442 4175; baseline 0.001 -21"><span class='ocrx_word' id='word_1_443' title='bbox 1940 4094 2241 4175; x_wconf 90' lang='lat' dir='ltr'><strong>plangere</strong></span> <span class='ocrx_word' id='word_1_444' title='bbox 2298 4089 2650 4170; x_wconf 85' lang='lat' dir='ltr'><strong>negligunt.</strong></span> <span class='ocrx_word' id='word_1_445' title='bbox 2704 4088 2945 4163; x_wconf 89' lang='lat' dir='ltr'><strong>Quibus</strong></span> <span class='ocrx_word' id='word_1_446' title='bbox 3006 4087 3298 4154; x_wconf 90' lang='lat' dir='ltr'><strong>Salomon</strong></span> <span class='ocrx_word' id='word_1_447' title='bbox 3357 4091 3442 4156; x_wconf 93' lang='lat' dir='ltr'><strong>lo-</strong></span> 
     </span>
    </p>
   </div>
   <div class='ocr_carea' id='block_1_17' title="bbox 3569 3414 3643 3471">
    <p class='ocr_par' dir='ltr' id='par_1_23' title="bbox 3569 3414 3643 3471">
     <span class='ocr_line' id='line_1_75' title="bbox 3569 3414 3643 3471; baseline 0.014 -1"><span class='ocrx_word' id='word_1_448' title='bbox 3569 3414 3643 3471; x_wconf 77' lang='lat'><strong>20</strong></span> 
     </span>
    </p>
   </div>
   <div class='ocr_carea' id='block_1_18' title="bbox 321 4186 3733 4277">
    <p class='ocr_par' dir='ltr' id='par_1_24' title="bbox 321 4186 3733 4277">
     <span class='ocr_line' id='line_1_76' title="bbox 321 4186 3733 4277; baseline -0.002 -16"><span class='ocrx_word' id='word_1_449' title='bbox 321 4203 680 4270; x_wconf 77' lang='lat' dir='ltr'><strong>manenteS,</strong></span> <span class='ocrx_word' id='word_1_450' title='bbox 720 4194 1000 4277; x_wconf 90' lang='lat' dir='ltr'><strong>aptiores</strong></span> <span class='ocrx_word' id='word_1_451' title='bbox 1038 4200 1102 4255; x_wconf 91' lang='lat' dir='ltr'><strong>et</strong></span> <span class='ocrx_word' id='word_1_452' title='bbox 1143 4193 1636 4276; x_wconf 90' lang='lat' dir='ltr'><strong>propinquiores</strong></span> <span class='ocrx_word' id='word_1_453' title='bbox 1680 4201 1830 4256; x_wconf 90' lang='lat' dir='ltr'><strong>sunt</strong></span> <span class='ocrx_word' id='word_1_454' title='bbox 1859 4195 1909 4257; x_wconf 91' lang='lat' dir='ltr'>D</span> <span class='ocrx_word' id='word_1_455' title='bbox 1939 4191 2161 4272; x_wconf 90' lang='lat' dir='ltr'><strong>quitur</strong></span> <span class='ocrx_word' id='word_1_456' title='bbox 2199 4207 2213 4251; x_wconf 90' lang='lat'>:</span> <span class='ocrx_word' id='word_1_457' title='bbox 2255 4187 2372 4261; x_wconf 91' lang='lat' dir='ltr'><strong>Qui</strong></span> <span class='ocrx_word' id='word_1_458' title='bbox 2411 4186 2779 4251; x_wconf 86' lang='lat' dir='ltr'><strong>observator</strong></span> <span class='ocrx_word' id='word_1_459' title='bbox 2819 4195 2915 4250; x_wconf 90' lang='lat' dir='ltr'><strong>est</strong></span> <span class='ocrx_word' id='word_1_460' title='bbox 2954 4187 3289 4265; x_wconf 90' lang='lat' dir='ltr'><strong>malorum,</strong></span> <span class='ocrx_word' id='word_1_461' title='bbox 3331 4208 3443 4272; x_wconf 92' lang='lat' dir='ltr'><strong>op-</strong></span> <span class='ocrx_word' id='word_1_462' title='bbox 3508 4216 3646 4260; x_wconf 66' lang='lat' dir='ltr'><strong>pm.</strong></span> <span class='ocrx_word' id='word_1_463' title='bbox 3675 4228 3733 4267; x_wconf 67' lang='lat'><strong>21,</strong></span> 
     </span>
    </p>
   </div>
   <div class='ocr_carea' id='block_1_19' title="bbox 319 4291 1840 5336">
    <p class='ocr_par' dir='ltr' id='par_1_25' title="bbox 319 4291 1835 4771">
     <span class='ocr_line' id='line_1_77' title="bbox 319 4291 1832 4378; baseline -0.003 -19"><span class='ocrx_word' id='word_1_464' title='bbox 319 4298 397 4359; x_wconf 90' lang='lat' dir='ltr'><strong>ad</strong></span> <span class='ocrx_word' id='word_1_465' title='bbox 429 4293 858 4378; x_wconf 88' lang='lat' dir='ltr'><strong>spiritualiter</strong></span> <span class='ocrx_word' id='word_1_466' title='bbox 887 4293 1384 4372; x_wconf 83' lang='lat' dir='ltr'><strong>resurgendum3</strong></span> <span class='ocrx_word' id='word_1_467' title='bbox 1412 4299 1475 4353; x_wconf 88' lang='lat' dir='ltr'><strong>et</strong></span> <span class='ocrx_word' id='word_1_468' title='bbox 1503 4292 1694 4354; x_wconf 88' lang='lat' dir='ltr'><strong>etiam</strong></span> <span class='ocrx_word' id='word_1_469' title='bbox 1723 4291 1832 4354; x_wconf 91' lang='lat' dir='ltr'><strong>ali·</strong></span> 
     </span>
     <span class='ocr_line' id='line_1_78' title="bbox 321 4389 1834 4475; baseline -0.002 -20"><span class='ocrx_word' id='word_1_470' title='bbox 321 4413 450 4475; x_wconf 89' lang='lat' dir='ltr'><strong>qua</strong></span> <span class='ocrx_word' id='word_1_471' title='bbox 488 4392 662 4454; x_wconf 89' lang='lat' dir='ltr'><strong>hona</strong></span> <span class='ocrx_word' id='word_1_472' title='bbox 690 4407 770 4451; x_wconf 83' lang='lat' dir='ltr'><strong>ex</strong></span> <span class='ocrx_word' id='word_1_473' title='bbox 795 4405 1030 4469; x_wconf 89' lang='lat' dir='ltr'><strong>genere</strong></span> <span class='ocrx_word' id='word_1_474' title='bbox 1060 4394 1255 4469; x_wconf 86' lang='lat' dir='ltr'><strong>agunt</strong></span> <span class='ocrx_word' id='word_1_475' title='bbox 1286 4389 1640 4450; x_wconf 90' lang='lat' dir='ltr'><strong>secundum</strong></span> <span class='ocrx_word' id='word_1_476' title='bbox 1675 4407 1834 4470; x_wconf 78' lang='lat' dir='ltr'><strong>prae-</strong></span> 
     </span>
     <span class='ocr_line' id='line_1_79' title="bbox 323 4485 1832 4574; baseline -0.003 -20"><span class='ocrx_word' id='word_1_477' title='bbox 323 4499 510 4574; x_wconf 88' lang='lat' dir='ltr'><strong>cepta</strong></span> <span class='ocrx_word' id='word_1_478' title='bbox 568 4488 680 4550; x_wconf 88' lang='lat' dir='ltr'><strong>Dei</strong></span> <span class='ocrx_word' id='word_1_479' title='bbox 737 4495 932 4568; x_wconf 86' lang='lat' dir='ltr'><strong>atque</strong></span> <span class='ocrx_word' id='word_1_480' title='bbox 988 4485 1306 4560; x_wconf 82' lang='lat' dir='ltr'><strong>Ecclesiae,</strong></span> <span class='ocrx_word' id='word_1_481' title='bbox 1361 4486 1656 4566; x_wconf 89' lang='lat' dir='ltr'><strong>quamvis</strong></span> <span class='ocrx_word' id='word_1_482' title='bbox 1705 4506 1832 4550; x_wconf 93' lang='lat' dir='ltr'><strong>non</strong></span> 
     </span>
     <span class='ocr_line' id='line_1_80' title="bbox 323 4585 1835 4667; baseline -0.003 -14"><span class='ocrx_word' id='word_1_483' title='bbox 323 4589 576 4653; x_wconf 89' lang='lat' dir='ltr'><strong>faciunt</strong></span> <span class='ocrx_word' id='word_1_484' title='bbox 623 4605 699 4648; x_wconf 90' lang='lat' dir='ltr'><strong>ea</strong></span> <span class='ocrx_word' id='word_1_485' title='bbox 745 4585 1072 4648; x_wconf 89' lang='lat' dir='ltr'><strong>meritorie</strong></span> <span class='ocrx_word' id='word_1_486' title='bbox 1124 4602 1138 4647; x_wconf 92' lang='lat'><strong>:</strong></span> <span class='ocrx_word' id='word_1_487' title='bbox 1195 4586 1366 4647; x_wconf 90' lang='lat' dir='ltr'><strong>unde</strong></span> <span class='ocrx_word' id='word_1_488' title='bbox 1413 4592 1475 4646; x_wconf 89' lang='lat' dir='ltr'><strong>et</strong></span> <span class='ocrx_word' id='word_1_489' title='bbox 1522 4603 1636 4667; x_wconf 91' lang='lat' dir='ltr'><strong>per</strong></span> <span class='ocrx_word' id='word_1_490' title='bbox 1685 4586 1835 4648; x_wconf 89' lang='lat' dir='ltr'><strong>talia</strong></span> 
     </span>
     <span class='ocr_line' id='line_1_81' title="bbox 326 4684 1423 4771; baseline -0.005 -21"><span class='ocrx_word' id='word_1_491' title='bbox 326 4706 496 4771; x_wconf 81' lang='lat' dir='ltr'><strong>saepe</strong></span> <span class='ocrx_word' id='word_1_492' title='bbox 541 4684 976 4767; x_wconf 90' lang='lat' dir='ltr'><strong>disponuntur</strong></span> <span class='ocrx_word' id='word_1_493' title='bbox 1014 4685 1092 4746; x_wconf 90' lang='lat' dir='ltr'><strong>ad</strong></span> <span class='ocrx_word' id='word_1_494' title='bbox 1135 4684 1423 4763; x_wconf 88' lang='lat' dir='ltr'><strong>gratiam.</strong></span> 
     </span>
    </p>

    <p class='ocr_par' dir='ltr' id='par_1_26' title="bbox 327 4784 1840 5336">
     <span class='ocr_line' id='line_1_82' title="bbox 407 4784 1836 4866; baseline -0.003 -17"><span class='ocrx_word' id='word_1_495' title='bbox 407 4790 496 4850; x_wconf 77' lang='lat' dir='ltr'><strong>Ec</strong></span> <span class='ocrx_word' id='word_1_496' title='bbox 544 4786 918 4866; x_wconf 80' lang='lat' dir='ltr'><strong>quoerebant</strong></span> <span class='ocrx_word' id='word_1_497' title='bbox 955 4784 1290 4862; x_wconf 78' lang='lat' dir='ltr'><strong>principes</strong></span> <span class='ocrx_word' id='word_1_498' title='bbox 1337 4787 1740 4844; x_wconf 78' lang='lat' dir='ltr'><strong>sacerdotum</strong></span> <span class='ocrx_word' id='word_1_499' title='bbox 1775 4793 1836 4844; x_wconf 86' lang='lat' dir='ltr'><strong>et</strong></span> 
     </span>
     <span class='ocr_line' id='line_1_83' title="bbox 329 4880 1836 4946; baseline -0.002 -1"><span class='ocrx_word' id='word_1_500' title='bbox 329 4886 579 4946; x_wconf 83' lang='lat' dir='ltr'><strong>Seribae</strong></span> <span class='ocrx_word' id='word_1_501' title='bbox 617 4883 872 4944; x_wconf 80' lang='lat' dir='ltr'><strong>mittere</strong></span> <span class='ocrx_word' id='word_1_502' title='bbox 909 4883 978 4944; x_wconf 86' lang='lat' dir='ltr'><strong>in</strong></span> <span class='ocrx_word' id='word_1_503' title='bbox 1023 4883 1219 4942; x_wconf 78' lang='lat' dir='ltr'><strong>illum</strong></span> <span class='ocrx_word' id='word_1_504' title='bbox 1253 4901 1488 4942; x_wconf 83' lang='lat' dir='ltr'><strong>manus</strong></span> <span class='ocrx_word' id='word_1_505' title='bbox 1525 4880 1836 4943; x_wconf 89' lang='lat' dir='ltr'><strong>violentas</strong></span> 
     </span>
     <span class='ocr_line' id='line_1_84' title="bbox 331 4975 1840 5058; baseline 0 -20"><span class='ocrx_word' id='word_1_506' title='bbox 331 4981 450 5040; x_wconf 82' lang='lat' dir='ltr'><strong>illa</strong></span> <span class='ocrx_word' id='word_1_507' title='bbox 483 4981 671 5049; x_wconf 76' lang='lat' dir='ltr'><strong>hora,</strong></span> <span class='ocrx_word' id='word_1_508' title='bbox 703 4986 764 5038; x_wconf 88' lang='lat' dir='ltr'><strong>et</strong></span> <span class='ocrx_word' id='word_1_509' title='bbox 795 4978 1106 5038; x_wconf 77' lang='lat' dir='ltr'><strong>timebant</strong></span> <span class='ocrx_word' id='word_1_510' title='bbox 1127 4978 1376 5056; x_wconf 78' lang='lat' dir='ltr'><strong>plebem</strong></span> <span class='ocrx_word' id='word_1_511' title='bbox 1406 4975 1608 5056; x_wconf 86' lang='lat' dir='ltr'><strong>magis</strong></span> <span class='ocrx_word' id='word_1_512' title='bbox 1643 4995 1840 5058; x_wconf 87' lang='lat' dir='ltr'><strong>quam</strong></span> 
     </span>
     <span class='ocr_line' id='line_1_85' title="bbox 331 5075 1839 5154; baseline -0.003 -15"><span class='ocrx_word' id='word_1_513' title='bbox 331 5077 555 5139; x_wconf 83' lang='lat' dir='ltr'><strong>Deum.</strong></span> <span class='ocrx_word' id='word_1_514' title='bbox 596 5078 1042 5154; x_wconf 72' lang='lat' dir='ltr'><strong>Coynowrunt</strong></span> <span class='ocrx_word' id='word_1_515' title='bbox 1087 5075 1264 5136; x_wconf 87' lang='lat' dir='ltr'><strong>enim</strong></span> <span class='ocrx_word' id='word_1_516' title='bbox 1313 5077 1488 5154; x_wconf 83' lang='lat' dir='ltr'><strong>quod</strong></span> <span class='ocrx_word' id='word_1_517' title='bbox 1535 5077 1624 5136; x_wconf 84' lang='lat' dir='ltr'><strong>ad</strong></span> <span class='ocrx_word' id='word_1_518' title='bbox 1671 5077 1839 5152; x_wconf 88' lang='lat' dir='ltr'><strong>ipsos</strong></span> 
     </span>
     <span class='ocr_line' id='line_1_86' title="bbox 327 5173 1840 5237; baseline -0.001 -1"><span class='ocrx_word' id='word_1_519' title='bbox 327 5176 584 5236; x_wconf 70' lang='lat' dir='ltr'><strong>dixerit</strong></span> <span class='ocrx_word' id='word_1_520' title='bbox 631 5173 919 5237; x_wconf 87' lang='lat' dir='ltr'><strong>Christus</strong></span> <span class='ocrx_word' id='word_1_521' title='bbox 964 5175 1478 5235; x_wconf 81' lang='lat' dir='ltr'><strong>similitudinem</strong></span> <span class='ocrx_word' id='word_1_522' title='bbox 1518 5175 1712 5234; x_wconf 84' lang='lat' dir='ltr'><strong>istam</strong></span> <span class='ocrx_word' id='word_1_523' title='bbox 1761 5174 1840 5235; x_wconf 91' lang='lat' dir='ltr'><strong>de</strong></span> 
     </span>
     <span class='ocr_line' id='line_1_87' title="bbox 331 5291 590 5336; baseline 0 0"><span class='ocrx_word' id='word_1_524' title='bbox 331 5291 520 5336; x_wconf 82' lang='lat' dir='ltr'><strong>vmea</strong></span> <span class='ocrx_word' id='word_1_525' title='bbox 574 5291 590 5336; x_wconf 75' lang='grc' dir='ltr'><strong><em>ε</em></strong></span> 
     </span>
    </p>
   </div>
   <div class='ocr_carea' id='block_1_20' title="bbox 642 5264 3544 5354">
    <p class='ocr_par' dir='ltr' id='par_1_27' title="bbox 642 5264 3544 5354">
     <span class='ocr_line' id='line_1_88' title="bbox 642 5264 3544 5354; baseline -0.003 -19"><span class='ocrx_word' id='word_1_526' title='bbox 642 5279 708 5335; x_wconf 88' lang='lat' dir='ltr'><strong>ct</strong></span> <span class='ocrx_word' id='word_1_527' title='bbox 766 5271 854 5335; x_wconf 89' lang='lat' dir='ltr'><strong>ita</strong></span> <span class='ocrx_word' id='word_1_528' title='bbox 903 5272 1044 5354; x_wconf 89' lang='lat' dir='ltr'><strong>ipso</strong></span> <span class='ocrx_word' id='word_1_529' title='bbox 1101 5270 1266 5335; x_wconf 87' lang='lat' dir='ltr'><strong>facto</strong></span> <span class='ocrx_word' id='word_1_530' title='bbox 1322 5271 1844 5334; x_wconf 87' lang='lat' dir='ltr'><strong>desideraverunt</strong></span> <span class='ocrx_word' id='word_1_531' title='bbox 1951 5267 2463 5343; x_wconf 88' lang='lat' dir='ltr'><strong>Proverbiorum,</strong></span> <span class='ocrx_word' id='word_1_532' title='bbox 2514 5265 2625 5329; x_wconf 87' lang='lat' dir='ltr'><strong>Vir</strong></span> <span class='ocrx_word' id='word_1_533' title='bbox 2674 5272 2967 5330; x_wconf 88' lang='lat' dir='ltr'><strong>versutus</strong></span> <span class='ocrx_word' id='word_1_534' title='bbox 3025 5264 3280 5330; x_wconf 86' lang='lat' dir='ltr'><strong>odiosus</strong></span> <span class='ocrx_word' id='word_1_535' title='bbox 3328 5271 3445 5327; x_wconf 91' lang='lat' dir='ltr'><strong>est.</strong></span> <span class='ocrx_word' id='word_1_536' title='bbox 3478 5295 3544 5340; x_wconf 71' lang='grc' dir='ltr'><strong>η,</strong></span> 
     </span>
    </p>
   </div>
   <div class='ocr_carea' id='block_1_21' title="bbox 1941 4280 3739 5154">
    <p class='ocr_par' dir='ltr' id='par_1_28' title="bbox 1941 4280 3731 4658">
     <span class='ocr_line' id='line_1_89' title="bbox 1942 4280 3538 4372; baseline 0 -22"><span class='ocrx_word' id='word_1_537' title='bbox 1942 4288 2255 4372; x_wconf 88' lang='lat' dir='ltr'><strong>primetur</strong></span> <span class='ocrx_word' id='word_1_538' title='bbox 2295 4285 2375 4348; x_wconf 88' lang='lat' dir='ltr'><strong>ab</strong></span> <span class='ocrx_word' id='word_1_539' title='bbox 2414 4285 2528 4347; x_wconf 89' lang='lat' dir='ltr'><strong>eis.</strong></span> <span class='ocrx_word' id='word_1_540' title='bbox 2561 4285 2637 4347; x_wconf 88' lang='lat' dir='ltr'><strong>Et</strong></span> <span class='ocrx_word' id='word_1_541' title='bbox 2676 4304 2897 4348; x_wconf 91' lang='lat' dir='ltr'><strong>rursus</strong></span> <span class='ocrx_word' id='word_1_542' title='bbox 2937 4285 3027 4347; x_wconf 89' lang='lat' dir='ltr'><strong>ait</strong></span> <span class='ocrx_word' id='word_1_543' title='bbox 3063 4284 3388 4369; x_wconf 87' lang='lat' dir='ltr'><strong>Scriptura</strong></span> <span class='ocrx_word' id='word_1_544' title='bbox 3422 4305 3436 4350; x_wconf 96' lang='lat'><strong>:</strong></span> <span class='ocrx_word' id='word_1_545' title='bbox 3469 4280 3538 4324; x_wconf 74' lang='lat'><strong>²⁷·</strong></span> 
     </span>
     <span class='ocr_line' id='line_1_90' title="bbox 1941 4383 3731 4466; baseline -0.002 -17"><span class='ocrx_word' id='word_1_546' title='bbox 1941 4385 2221 4449; x_wconf 87' lang='lat' dir='ltr'><strong>Stultitia</strong></span> <span class='ocrx_word' id='word_1_547' title='bbox 2250 4392 2346 4447; x_wconf 91' lang='lat' dir='ltr'><strong>est</strong></span> <span class='ocrx_word' id='word_1_548' title='bbox 2373 4384 2617 4448; x_wconf 90' lang='lat' dir='ltr'><strong>homini</strong></span> <span class='ocrx_word' id='word_1_549' title='bbox 2650 4383 3009 4446; x_wconf 89' lang='lat' dir='ltr'><strong>auscultare</strong></span> <span class='ocrx_word' id='word_1_550' title='bbox 3040 4402 3154 4466; x_wconf 89' lang='lat' dir='ltr'><strong>per</strong></span> <span class='ocrx_word' id='word_1_551' title='bbox 3178 4384 3436 4448; x_wconf 87' lang='lat' dir='ltr'><strong>ostium.</strong></span> <span class='ocrx_word' id='word_1_552' title='bbox 3495 4411 3636 4456; x_wconf 50' lang='lat' dir='ltr'><em>1200st</em></span> <span class='ocrx_word' id='word_1_553' title='bbox 3652 4424 3731 4464; x_wconf 70' lang='lat' dir='ltr'><strong>m,</strong></span> 
     </span>
     <span class='ocr_line' id='line_1_91' title="bbox 1944 4477 3539 4560; baseline -0.001 -15"><span class='ocrx_word' id='word_1_554' title='bbox 1944 4487 2267 4546; x_wconf 84' lang='lat' dir='ltr'><strong>Miserunt</strong></span> <span class='ocrx_word' id='word_1_555' title='bbox 2298 4485 2737 4555; x_wconf 79' lang='lat' dir='ltr'><strong>insidiatores,</strong></span> <span class='ocrx_word' id='word_1_556' title='bbox 2772 4483 2890 4560; x_wconf 80' lang='lat' dir='ltr'><strong>qui</strong></span> <span class='ocrx_word' id='word_1_557' title='bbox 2916 4503 2981 4542; x_wconf 86' lang='lat' dir='ltr'><strong>se</strong></span> <span class='ocrx_word' id='word_1_558' title='bbox 2993 4483 3209 4560; x_wconf 82' lang='lat' dir='ltr'><strong>justos</strong></span> <span class='ocrx_word' id='word_1_559' title='bbox 3242 4484 3445 4544; x_wconf 79' lang='lat' dir='ltr'><strong>simu·</strong></span> <span class='ocrx_word' id='word_1_560' title='bbox 3470 4477 3539 4519; x_wconf 80' lang='lat'><strong>²⁷·</strong></span> 
     </span>
     <span class='ocr_line' id='line_1_92' title="bbox 1945 4581 3445 4658; baseline 0.001 -15"><span class='ocrx_word' id='word_1_561' title='bbox 1945 4587 2183 4652; x_wconf 70' lang='lat' dir='ltr'><strong>tarent,</strong></span> <span class='ocrx_word' id='word_1_562' title='bbox 2232 4590 2305 4642; x_wconf 84' lang='lat' dir='ltr'><strong>ut</strong></span> <span class='ocrx_word' id='word_1_563' title='bbox 2352 4590 2651 4658; x_wconf 85' lang='lat' dir='ltr'><strong>caperent</strong></span> <span class='ocrx_word' id='word_1_564' title='bbox 2696 4601 2845 4641; x_wconf 83' lang='lat' dir='ltr'><strong>eum</strong></span> <span class='ocrx_word' id='word_1_565' title='bbox 2897 4581 2973 4640; x_wconf 89' lang='lat' dir='ltr'><strong>in</strong></span> <span class='ocrx_word' id='word_1_566' title='bbox 3017 4599 3329 4651; x_wconf 80' lang='lat' dir='ltr'><strong>sermone,</strong></span> <span class='ocrx_word' id='word_1_567' title='bbox 3380 4581 3445 4644; x_wconf 89' lang='lat' dir='ltr'><strong>id</strong></span> 
     </span>
    </p>

    <p class='ocr_par' dir='ltr' id='par_1_29' title="bbox 1945 4677 3450 4860">
     <span class='ocr_line' id='line_1_93' title="bbox 1945 4677 3445 4760; baseline -0.001 -18"><span class='ocrx_word' id='word_1_568' title='bbox 1945 4687 2063 4754; x_wconf 90' lang='lat' dir='ltr'><strong>est,</strong></span> <span class='ocrx_word' id='word_1_569' title='bbox 2117 4697 2195 4741; x_wconf 85' lang='lat' dir='ltr'><strong>ex</strong></span> <span class='ocrx_word' id='word_1_570' title='bbox 2244 4677 2457 4741; x_wconf 89' lang='lat' dir='ltr'><strong>verbis</strong></span> <span class='ocrx_word' id='word_1_571' title='bbox 2511 4685 2575 4740; x_wconf 89' lang='lat' dir='ltr'><strong>et</strong></span> <span class='ocrx_word' id='word_1_572' title='bbox 2630 4677 3155 4760; x_wconf 89' lang='lat' dir='ltr'><strong>responsionibus</strong></span> <span class='ocrx_word' id='word_1_573' title='bbox 3214 4677 3445 4741; x_wconf 89' lang='lat' dir='ltr'><strong>Christi</strong></span> 
     </span>
     <span class='ocr_line' id='line_1_94' title="bbox 1947 4777 3450 4860; baseline -0.001 -20"><span class='ocrx_word' id='word_1_574' title='bbox 1947 4777 2415 4860; x_wconf 89' lang='lat' dir='ltr'><strong>reprehendere</strong></span> <span class='ocrx_word' id='word_1_575' title='bbox 2463 4783 2722 4858; x_wconf 90' lang='lat' dir='ltr'><strong>possent</strong></span> <span class='ocrx_word' id='word_1_576' title='bbox 2766 4793 2915 4838; x_wconf 91' lang='lat' dir='ltr'><strong>eum</strong></span> <span class='ocrx_word' id='word_1_577' title='bbox 2950 4794 2964 4838; x_wconf 88' lang='lat'>:</span> <span class='ocrx_word' id='word_1_578' title='bbox 3000 4783 3070 4836; x_wconf 89' lang='lat' dir='ltr'><strong>ut</strong></span> <span class='ocrx_word' id='word_1_579' title='bbox 3110 4793 3305 4856; x_wconf 92' lang='lat' dir='ltr'><strong>quem</strong></span> <span class='ocrx_word' id='word_1_580' title='bbox 3345 4793 3450 4838; x_wconf 92' lang='lat' dir='ltr'><strong>ve-</strong></span> 
     </span>
    </p>

    <p class='ocr_par' dir='ltr' id='par_1_30' title="bbox 1948 4872 3451 4948">
     <span class='ocr_line' id='line_1_95' title="bbox 1948 4872 3451 4948; baseline -0.002 -9"><span class='ocrx_word' id='word_1_581' title='bbox 1948 4876 2131 4939; x_wconf 85' lang='lat' dir='ltr'><strong>ritate</strong></span> <span class='ocrx_word' id='word_1_582' title='bbox 2182 4874 2435 4936; x_wconf 87' lang='lat' dir='ltr'><strong>vincere</strong></span> <span class='ocrx_word' id='word_1_583' title='bbox 2485 4891 2612 4936; x_wconf 88' lang='lat' dir='ltr'><strong>non</strong></span> <span class='ocrx_word' id='word_1_584' title='bbox 2664 4872 2979 4948; x_wconf 86' lang='lat' dir='ltr'><strong>valebant,</strong></span> <span class='ocrx_word' id='word_1_585' title='bbox 3026 4872 3451 4936; x_wconf 87' lang='lat' dir='ltr'><strong>circumveni-</strong></span> 
     </span>
    </p>

    <p class='ocr_par' dir='ltr' id='par_1_31' title="bbox 1947 4971 3451 5047">
     <span class='ocr_line' id='line_1_96' title="bbox 1947 4971 3451 5047; baseline -0.001 -9"><span class='ocrx_word' id='word_1_586' title='bbox 1947 4983 2089 5038; x_wconf 91' lang='lat' dir='ltr'><strong>rent</strong></span> <span class='ocrx_word' id='word_1_587' title='bbox 2117 4981 2180 5035; x_wconf 86' lang='lat' dir='ltr'><strong>et</strong></span> <span class='ocrx_word' id='word_1_588' title='bbox 2210 4973 2540 5037; x_wconf 90' lang='lat' dir='ltr'><strong>vincerent</strong></span> <span class='ocrx_word' id='word_1_589' title='bbox 2569 4971 2932 5047; x_wconf 88' lang='lat' dir='ltr'><strong>calliditate,</strong></span> <span class='ocrx_word' id='word_1_590' title='bbox 2968 4990 3094 5034; x_wconf 89' lang='lat' dir='ltr'><strong>non</strong></span> <span class='ocrx_word' id='word_1_591' title='bbox 3124 4973 3451 5035; x_wconf 88' lang='lat' dir='ltr'><strong>attenden-</strong></span> 
     </span>
    </p>

    <p class='ocr_par' dir='ltr' id='par_1_32' title="bbox 1947 5067 3739 5154">
     <span class='ocr_line' id='line_1_97' title="bbox 1947 5067 3739 5154; baseline -0.001 -18"><span class='ocrx_word' id='word_1_592' title='bbox 1947 5081 2042 5136; x_wconf 88' lang='lat' dir='ltr'><strong>tes</strong></span> <span class='ocrx_word' id='word_1_593' title='bbox 2083 5088 2294 5154; x_wconf 92' lang='lat' dir='ltr'><strong>neque</strong></span> <span class='ocrx_word' id='word_1_594' title='bbox 2332 5077 2625 5134; x_wconf 90' lang='lat' dir='ltr'><strong>verentes</strong></span> <span class='ocrx_word' id='word_1_595' title='bbox 2669 5069 2828 5131; x_wconf 91' lang='lat' dir='ltr'><strong>illud</strong></span> <span class='ocrx_word' id='word_1_596' title='bbox 2865 5068 3002 5144; x_wconf 86' lang='lat' dir='ltr'><strong>Job,</strong></span> <span class='ocrx_word' id='word_1_597' title='bbox 3038 5067 3449 5134; x_wconf 88' lang='lat' dir='ltr'><strong>Simulatores</strong></span> <span class='ocrx_word' id='word_1_598' title='bbox 3497 5097 3581 5141; x_wconf 66' lang='grc' dir='ltr'><strong>ω,</strong></span> <span class='ocrx_word' id='word_1_599' title='bbox 3600 5109 3739 5147; x_wconf 71' lang='lat' dir='ltr'><strong>nm,</strong></span> 
     </span>
    </p>
   </div>
   <div class='ocr_carea' id='block_1_22' title="bbox 1951 5161 3740 5282">
    <p class='ocr_par' dir='ltr' id='par_1_33' title="bbox 1951 5161 3740 5282">
     <span class='ocr_line' id='line_1_98' title="bbox 1951 5161 3740 5282; baseline 0.002 -48"><span class='ocrx_word' id='word_1_600' title='bbox 1951 5179 2014 5234; x_wconf 90' lang='lat' dir='ltr'><strong>et</strong></span> <span class='ocrx_word' id='word_1_601' title='bbox 2061 5169 2275 5233; x_wconf 89' lang='lat' dir='ltr'><strong>callidi</strong></span> <span class='ocrx_word' id='word_1_602' title='bbox 2324 5175 2673 5251; x_wconf 88' lang='lat' dir='ltr'><strong>provocant</strong></span> <span class='ocrx_word' id='word_1_603' title='bbox 2719 5167 2881 5229; x_wconf 91' lang='lat' dir='ltr'><strong>iram</strong></span> <span class='ocrx_word' id='word_1_604' title='bbox 2926 5166 3081 5248; x_wconf 83' lang='lat' dir='ltr'><strong>Dei3</strong></span> <span class='ocrx_word' id='word_1_605' title='bbox 3123 5185 3241 5230; x_wconf 89' lang='lat' dir='ltr'><strong>nec</strong></span> <span class='ocrx_word' id='word_1_606' title='bbox 3287 5167 3448 5231; x_wconf 89' lang='lat' dir='ltr'><strong>illud</strong></span> <span class='ocrx_word' id='word_1_607' title='bbox 3478 5161 3740 5282; x_wconf 41' lang='lat' dir='ltr'><strong>&#39;Romanu</strong></span> 
     </span>
    </p>
   </div>
   <div class='ocr_carea' id='block_1_23' title="bbox 4239 0 4245 1216">
    <p class='ocr_par' dir='ltr' id='par_1_34' title="bbox 4239 0 4245 1216">
     <span class='ocr_line' id='line_1_99' title="bbox 4239 0 4245 1216; baseline 0 0"><span class='ocrx_word' id='word_1_608' title='bbox 4239 0 4245 1216; x_wconf 95' lang='lat' dir='ltr'><strong> </strong></span> 
     </span>
    </p>
   </div>
  </div>
 </body>
</html>
