4300 6259
142 1782 203 1837 14

1204 529 1558 577 mumulo
1600 528 1663 573 IN
1703 526 1843 574 CAP.
1890 528 1911 573 1
1952 527 2231 575 JoANms.
2277 546 2357 555 —
2399 528 2541 573 ΛΒΤ.
2587 528 2628 572 V

1510 926 2162 1014 ARTICULUS
2250 930 2310 1013 V

706 1206 1097 1253 EXPLANA'rlo
1148 1205 1337 1251 mnus
1388 1202 1559 1251 muln
1608 1201 1907 1261 emirum,
1955 1203 2035 1247 AB
2085 1202 2162 1248 Ro
2217 1202 2364 1249 Loco
2417 1204 2535 1259 Quo
2589 1204 2885 1253 scalprum
2937 1207 3045 1253 EST
3091 1207 3106 1252 :

1400 1303 1475 1347 ΕΤ
1517 1301 1763 1347 vamum
1804 1300 1964 1347 emo
2004 1300 2250 1347 rAcTtm
2291 1302 2422 1347 EST.

476 1583 677 1646 UPRA
710 1582 1056 1647 declaravit
1082 1579 1483 1662 Evangelista
1512 1578 1683 1660 quod
1713 1576 1862 1639 Ver·
1886 1576 1940 1637 A
1970 1578 2069 1639 nis
2114 1588 2456 1662 sumptam,
2499 1589 2561 1644 et
2603 1601 2640 1645 a
2676 1582 2916 1665 Spiritu
2961 1583 3189 1649 Sancto
3231 1584 3464 1649 forma-

495 1682 653 1743 bum
697 1680 804 1743 Dei
845 1680 968 1742 fuit
1008 1678 1086 1741 ab
1129 1685 1385 1741 aeterno.
1419 1675 1599 1738 Nunc
1640 1675 1861 1757 pandit

341 1783 527 1863 quod
575 1780 819 1842 factum
862 1786 957 1841 est
1008 1778 1073 1839 in
1121 1786 1429 1858 tempore,
1472 1774 1738 1837 dicens:
1773 1776 1858 1834 Ec

348 1881 632 1941 Verbum
660 1897 807 1939 caro
836 1877 1090 1954 factum
1118 1884 1231 1936 est.
1264 1874 1419 1935 Item
1462 1871 1734 1935 asseruit
1776 1870 1859 1932 fi-

339 1979 470 2040 lios
510 1977 622 2039 Dei
660 1976 993 2057 adoptivos
1036 1981 1217 2037 natos
1257 1991 1382 2035 non
1424 1990 1562 2034 esse
1600 1989 1677 2033 ex
1716 1988 1859 2033 san-

335 2076 681 2157 guinibus.
714 2074 805 2136 Ne
834 2074 981 2155 quis
1026 2090 1103 2134 ex
1139 2072 1259 2135 hoc
1286 2070 1657 2154 opinaretur
1684 2068 1856 2150 quod

338 2176 553 2239 multo
612 2173 829 2237 minus
877 2172 1076 2234 Filius
1134 2170 1243 2232 Dei
1306 2168 1609 2232 naturalis
1670 2174 1855 2229 natus

336 2282 515 2336 esset
563 2290 641 2335 ex
692 2270 939 2334 semine
996 2287 1107 2331 seu
1165 2267 1493 2348 sanguine,
1548 2266 1690 2329 ideo
1748 2266 1856 2328 do-

336 2380 445 2435 cet
502 2372 679 2454 quod
737 2368 1017 2431 Verbum
1075 2365 1314 2429 factum
1374 2373 1472 2427 est
1527 2383 1691 2439 caro,
1745 2382 1856 2426 na-

336 2473 585 2534 scendo
613 2487 692 2531 ex
730 2468 974 2531 semine
1013 2464 1517 2528 Patriarcharum
1554 2469 1747 2545 atque
1776 2480 1852 2524 ex

334 2570 659 2652 sanguine
703 2566 1001 2648 Virginis.
1044 2566 1301 2637 Iterum,
1344 2562 1648 2644 quoniam
1695 2561 1854 2624 dixit

336 2670 643 2733 homines
681 2665 828 2729 fieri
872 2664 1045 2728 filios
1084 2662 1216 2738 Dei,
1250 2661 1526 2725 ostendit
1565 2660 1687 2723 hoc
1726 2678 1851 2723 non

1971 1683 2095 1739 tam
2149 1698 2222 1741 ac
2278 1680 2718 1761 organizatam,
2773 1683 3193 1765 rationalique
3249 1685 3462 1747 anima

1970 1775 2375 1839 informatam
2417 1797 2430 1841 :
2477 1780 2567 1841 sic
2612 1782 2783 1861 quod
2828 1781 2894 1843 16
2936 1783 3157 1846 eodem
3200 1784 3461 1846 instanti

1970 1882 2177 1938 creata
2214 1883 2309 1938 est
2349 1877 2563 1939 anima
2590 1878 2845 1954 Christi,
2879 1888 2942 1943 et
2971 1899 3114 1944 caro
3154 1881 3294 1963 ejus
3333 1881 3465 1946 for-

1968 1982 2133 2037 mata
2171 1994 2244 2037 ac
2281 1975 2509 2039 animae
2549 1977 2862 2058 copulata,
2896 1986 2958 2040 et
2996 1986 3342 2068 utrumque
3381 1981 3463 2043 si-

1966 2073 2098 2134 mul
2128 2092 2166 2134 a
2195 2073 2398 2136 Verbo
2427 2082 2848 2157 assumptum.
2875 2076 3214 2159 Nunquam
3249 2086 3460 2142 tamen

1966 2190 2109 2235 caro
2147 2180 2212 2233 et
2251 2172 2482 2245 anima,
2520 2173 2620 2236 vel
2663 2174 3024 2238 humanitas
3065 2176 3319 2253 Christi,
3353 2178 3462 2240 ha-
3536 2214 3549 2223 -

1964 2269 2106 2331 buit
2155 2270 2477 2351 propriam
2536 2273 3048 2353 personalitatem
3097 2282 3208 2336 aut
3254 2274 3460 2337 subsi-

1967 2369 2303 2449 stentiam3
2347 2370 2454 2431 sed
2496 2370 2560 2431 in
2592 2378 2916 2435 momento
2954 2392 3084 2435 suae
3121 2374 3457 2438 creationis

1966 2486 2039 2529 ac
2086 2467 2360 2549 partium
2423 2487 2681 2530 suarum
2741 2478 2977 2533 mutuae
3036 2471 3314 2549 6616613,
3365 2492 3461 2536 as-

1968 2574 2224 2648 sumpta
2278 2574 2374 2629 est
2422 2566 2560 2649 ipsa
2617 2568 2977 2631 humanitas
3032 2589 3070 2632 a
3119 2570 3345 2647 Verbo,
3399 2582 3460 2635 et

1966 2664 2298 2747 supposita
2332 2664 2398 2725 in
2439 2664 2599 2747 ipso.
2633 2665 2734 2728 Sic
2765 2666 2952 2748 Virgo
2982 2686 3130 2732 vere
3169 2673 3463 2753 concepit

336 2786 487 2831 esse
546 2764 949 2849 impossibile
1007 2780 1126 2825 nec
1188 2759 1587 2835 incredibile,
1650 2778 1850 2841 quum
1889 2760 1936 2825 Β
1964 2763 2196 2825 Filium
2230 2762 2359 2838 Dei,
2396 2762 2590 2826 Deum
2629 2783 2702 2826 ac
2734 2765 3081 2839 hominem,
3119 2768 3458 2849 praebendo

336 2866 546 2929 Filius
577 2865 687 2926 Dei
716 2863 923 2926 factus
955 2862 1038 2924 sit
1064 2860 1242 2922 filius
1275 2859 1575 2922 hominis.
1612 2857 1847 2939 ltaque,

336 2965 645 3037 Verbum,
676 2962 741 3025 id
769 2969 867 3024 est
895 2958 1261 3041 unigenitus
1291 2958 1489 3019 Filius
1521 2956 1630 3019 Dei
1664 2975 1851 3020 verus

334 3063 534 3138 Deus,
579 3061 646 3123 in
701 3078 770 3123 se
822 3058 1205 3124 aeternaliter
1256 3056 1633 3130 subsistenS,
1681 3074 1845 3130 care,

336 3162 406 3223 id
452 3168 554 3223 est
599 3159 793 3222 homo
832 3175 1043 3231 verus,
1085 3154 1323 3218 factum
1368 3162 1485 3230 est,
1526 3172 1853 3216 assumen-

334 3260 422 3322 do
475 3258 825 3320 humanam
880 3262 1170 3318 naturam
1212 3254 1291 3315 ad
1336 3251 1662 3335 propriam
1704 3270 1850 3334 per·

335 3356 770 3430 sonalitatem,
822 3360 1043 3435 utpote
1097 3350 1663 3413 substantificando
1711 3367 1857 3411 eam

336 3458 407 3519 in
462 3453 833 3536 semetipso,
885 3450 1220 3515 conferens
1270 3449 1328 3511 ei
1387 3448 1735 3511 subsistere
1782 3448 1848 3510 in

334 3556 571 3619 eodem
622 3569 762 3614 esse
809 3552 876 3613 in
920 3568 1049 3631 quo
1097 3556 1161 3610 et
1206 3548 1485 3610 Verbum
1534 3546 1845 3622 subsistit,

334 3654 427 3716 ita
474 3652 651 3735 quod
696 3648 879 3711 Verbi
930 3656 1123 3729 atque
1164 3653 1506 3728 assumptae
1557 3644 1850 3707 humani-

334 3753 491 3815 tatis
522 3756 621 3813 est
654 3767 779 3811 una
815 3743 1197 3830 hypostasiS,
1230 3746 1581 3826 eademque
1615 3763 1850 3827 suppo-

334 3850 613 3914 sitalitas
654 3864 767 3910 seu
814 3843 1225 3908 subsistentia
1264 3843 1615 3926 personalis
1651 3862 1664 3905 :
1700 3862 1845 3905 nam

1964 2861 2292 2923 materiam
2349 2861 2560 2923 anima
2618 2861 2846 2925 Christi
2907 2863 3332 2939 informatam,
3386 2886 3460 2929 66

1964 2960 2166 3023 Verbo
2209 2960 2572 3023 immediate
2619 2962 2880 3024 unitam.
2916 2962 3043 3027 Hoc
3082 2972 3175 3027 est
3219 2984 3459 3029 novum

1960 3066 2024 3120 et
2062 3076 2517 3140 supernovum‚
2560 3059 2978 3142 omniumque
3027 3081 3360 3132 novorum.
3385 3083 3459 3127 ac

1960 3156 2352 3219 mirabilium
2421 3157 2842 3220 novissimum
2906 3178 2980 3221 ac
3045 3161 3455 3225 mirabilissi-

1960 3275 2160 3329 mum,
2213 3256 2292 3317 de
2338 3273 2467 3335 quo
2517 3255 2895 3319 vaticinatus
2944 3265 3040 3320 est
3083 3258 3384 3323 Ieremias
3433 3279 3447 3325 :

1956 3353 2226 3427 Novum,
2278 3353 2602 3434 inquiens,
2655 3353 2843 3417 faciet
2899 3356 3201 3420 Dominus
3261 3378 3454 3441 super
3513 3385 3744 3436 aenum,

1958 3460 2213 3526 terram,
2275 3450 2497 3513 Mulier
2553 3452 2973 3516 circumdabit
3013 3436 3262 3518 'virum
3317 3456 3451 3520 Cir·
3481 3451 3549 3494 ²²·

1958 3549 2282 3613 cumdedit
2319 3548 2490 3611 enim
2532 3550 2598 3611 in
2630 3558 2809 3613 utero
2839 3552 3264 3617 sacratissimo
3303 3574 3454 3637 pue-

1959 3667 2099 3710 rum
2137 3646 2374 3721 Iesum,
2420 3647 2652 3721 virum,
2698 3666 2824 3711 non
2874 3658 3053 3714 aetate
3091 3659 3154 3713 et
3200 3653 3454 3733 quanti·

1956 3754 2103 3821 tate,
2137 3747 2249 3809 sed
2293 3746 2604 3829 sapientia
2647 3754 2708 3808 et
2751 3746 3006 3810 virtute.

2034 3844 2402 3907 Incarnatus
2450 3852 2546 3905 est
2593 3862 2741 3925 ergo
2789 3843 2984 3907 Filius
3033 3846 3165 3922 Dei,
3218 3856 3288 3910 ut
3335 3867 3450 3913 nos

333 3960 401 4013 et
462 3949 683 4031 ipsum
742 3943 1023 4006 Verbum
1081 3948 1176 4003 est
1234 3940 1637 4023 suppositum
1700 3942 1847 4003 sub-
1881 3946 1925 4010 C
1954 3941 2318 4005 efficiamur
2348 3942 2580 4005 divinae
2609 3950 2930 4006 consortes
2961 3952 3220 4019 naturae,
3247 3948 3452 4028 perci-
3514 3976 3548 4020 ῃ
3563 3977 3690 4021 pm,
3709 3992 3741 4031 1,

333 4046 744 4111 stantificans
783 4039 1196 4104 humanitatis
1230 4039 1354 4102 sihi
1397 4039 1609 4119 unitae.
1641 4038 1848 4101 Sumi-
1956 4042 2190 4124 piendo
2228 4040 2472 4103 meritis
2504 4039 2732 4103 Christi
2769 4042 3269 4124 copiosissimam
3311 4064 3450 4127 gra-
3477 4041 3517 4082 ⁴·

333 4155 445 4210 tur
488 4162 639 4226 ergo
682 4144 803 4205 hoc
842 4140 981 4204 loco
1020 4158 1165 4221 pars
1211 4158 1328 4221 pro
1365 4144 1516 4214 tote,
1551 4138 1849 4201 videlicet
1957 4140 2105 4202 tiam
2158 4140 2222 4201 in
2275 4138 2594 4221 praesenti‚
2640 4146 3068 4221 aeternamque
3114 4141 3450 4207 beatitudi-

335 4264 493 4309 caro
551 4262 669 4326 pro
726 4238 1008 4315 homine,
1065 4237 1601 4319 quemadmodum
1659 4245 1722 4299 et
1777 4237 1843 4299 in
1957 4256 2101 4300 nem
2162 4238 2226 4299 in
2286 4236 2527 4300 futuro.
2579 4236 2913 4301 Inclinavit
2968 4246 3030 4300 et
3087 4240 3449 4305 humiliavit
3492 4264 3740 4323 Philippu,

66 4366 304 4423 pamm,
334 4343 617 4419 Psalmo,
651 4341 745 4403 Ad
787 4348 847 4401 te
875 4337 1083 4401 omnis
1116 4354 1260 4399 6666
1289 4334 1541 4415 veniet3
1584 4335 1649 4397 in
1688 4336 1845 4398 Isaia
1955 4354 2023 4398 se
2065 4336 2300 4417 ipsum,
2343 4335 2642 4398 servilem
2684 4334 2952 4399 formam
2998 4337 3340 4420 accipiens,
3380 4348 3451 4403 ut
3477 4330 3519 4372 ⁷·

82 4456 285 4513 naas.
332 4459 625 4527 quoque,
668 4438 922 4501 Videbit
963 4436 1171 4499 omnis
1216 4453 1361 4497 6666
1403 4434 1573 4515 quod
1616 4454 1685 4497 os
1729 4434 1845 4498 Do-
1954 4452 2069 4497 nos
2106 4433 2173 4494 in
2205 4432 2570 4496 coelestibus
2609 4434 2931 4510 exaltaret,
2964 4442 3028 4496 et
3063 4437 3303 4517 angelis
3348 4457 3450 4520 pa-

72 4554 289 4611 Lusus.
332 4541 502 4605 mini
536 4540 822 4603 locutum
852 4543 979 4616 est;
1012 4535 1319 4615 itemque,
1356 4531 1607 4595 Videbit
1635 4534 1841 4597 omnis
1955 4532 2264 4612 rificaret3
2297 4531 2787 4593 similitudinem
2825 4532 3032 4595 carnis
3073 4536 3312 4615 peccati
3352 4556 3449 4599 as·
3476 4560 3735 4613 nomana.

332 4658 489 4703 caro
538 4637 815 4700 salutare
862 4632 972 4695 Dei
1022 4632 1243 4695 nostri.
1289 4630 1391 4693 Sic
1438 4630 1625 4692 etiam
1677 4631 1843 4694 infra
1952 4630 2248 4711 sumpsit,
2299 4638 2370 4691 ut
2423 4648 2539 4693 nos
2587 4629 2667 4691 ab
2715 4630 2888 4693 omni
2947 4631 3196 4693 macula
3242 4634 3448 4716 culpae

62 4750 304 4809 amm,
332 4740 425 4801 ait
477 4735 765 4799 Salvator
810 4734 887 4795 ad
935 4731 1179 4793 Patrem
1223 4748 1237 4793 ε
1284 4728 1515 4791 Dedisti
1564 4730 1622 4791 ei
1671 4737 1844 4812 pote-
1953 4735 2272 4812 purgaret.
2333 4727 2401 4789 In
2460 4728 2698 4809 quibus
2759 4736 3023 4811 apparet
3079 4732 3446 4811 magnitudo

334 4846 569 4902 statem
613 4833 823 4898 omnis
866 4830 1096 4894 carnis.
1951 4828 2186 4891 divinae
2242 4825 2624 4900 dilectionis,
2685 4833 2877 4907 atque
2934 4826 3215 4907 dignatio
3277 4850 3448 4892 sum-

418 4934 714 5015 Denique
756 4930 1035 4993 Verbum
1076 4926 1317 4990 factum
1360 4934 1457 4989 est
1496 4928 1705 5001 homo,
1747 4945 1844 4989 as·
1952 4945 2071 4989 mae
2108 4923 2454 5005 majestatis
2483 4925 2561 4987 ad
2589 4942 2792 5005 genus
2831 4925 3206 4987 humanum.
3240 4926 3446 5000 Quum

332 5033 657 5097 sumendo
715 5029 909 5092 simul
975 5028 1042 5089 in
1101 5027 1323 5089 eodem
1380 5025 1640 5087 instanti
1704 5026 1841 5087 ani·
1952 5024 2123 5087 enim
2163 5023 2398 5086 amoris
2430 5022 2513 5084 sit
2548 5030 2865 5085 amantem
2897 5029 2957 5085 et
2989 5032 3268 5088 amatum
3309 5027 3449 5088 uni-

330 5152 511 5196 mam
558 5128 931 5193 rationalem
982 5134 1137 5188 tunc
1189 5124 1395 5206 primo
1442 5130 1737 5199 creatam,
1782 5126 1924 5190 etD
1955 5142 2042 5197 re,
2095 5140 2297 5183 unum
2345 5120 2411 5182 in
2469 5120 2666 5183 alium
2723 5129 3158 5203 transponere,
3213 5142 3448 5205 eosque

330 5249 599 5297 carnem
630 5229 976 5291 humanam
1008 5242 1085 5286 ex
1118 5222 1480 5306 purissimis
1514 5223 1841 5303 sanguini·
1953 5219 2462 5302 inseparabiliter
2485 5220 2800 5301 colligare,
2818 5227 3057 5283 constat
3081 5222 3252 5302 quod
3283 5222 3446 5286 Deus

330 5332 460 5395 bus
508 5324 931 5393 sanctissimae
970 5330 1165 5404 atque
1211 5320 1601 5401 dignissimae
1643 5320 1843 5402 Virgi-
1954 5317 2370 5383 ineffabiliter
2399 5336 2514 5381 nos
2543 5318 2800 5395 amavit,
2826 5318 3132 5401 quoniam
3165 5327 3446 5385 nostram
