4300 6259
842 490 965 557 252
1673 509 2021 557 nummulo
2064 507 2128 555 m
2170 506 2308 553 car.
2351 506 2501 553 xxlv
2541 505 2732 554 Luca.
2777 526 2857 539 -
2897 507 3041 554 aar.
3087 510 3122 555 ι,
3189 570 3198 579 .

844 680 1013 743 rium
1044 700 1302 764 quoque
1333 682 1453 745 fuit
1484 684 1779 745 decenter
1813 680 2246 753 convolutum,
2280 685 2344 740 et
2368 676 2421 739 A
2449 681 3003 760 appropinquans,
3048 678 3112 744 id
3149 689 3264 755 est,
3298 698 3414 763 per
3452 682 3712 743 modum
3753 678 3936 742 itine-

846 798 1131 844 seorsum
1190 782 1486 845 locatum.
1549 780 1723 854 Quod
1781 789 1990 842 tamen
2051 777 2176 841 fuit
2226 798 2339 840 an·
2449 778 2645 840 rantis
2694 784 2756 840 et
2812 780 3272 860 peregrinantis
3321 780 3412 841 eis
3470 798 3539 841 se
3584 778 3934 861 applicanS,

844 880 1047 960 getico
1094 880 1401 962 obsequio
1452 879 1713 956 factum,
1766 881 1843 942 ad
1891 879 2339 941 declarandum
2450 878 2584 937 ibat
2630 897 2778 937 cum
2829 879 2988 937 illis.
3047 878 3187 961 lpse
3247 879 3484 941 etenim
3538 878 3701 941 dixit
3750 896 3764 940 :
3815 876 3936 939 Ubi
4017 896 4170 939 nasu.

845 980 1019 1059 quod
1066 998 1297 1061 corpus
1345 979 1682 1042 Salvatoris
1739 997 1866 1042 non
1906 977 2030 1039 fuit
2070 976 2149 1039 ab
2200 976 2343 1056 ejus
2449 974 2690 1037 fuerint
2726 977 2852 1039 duo
2892 975 2991 1039 vel
3025 984 3150 1039 tres
3189 978 3546 1059 congregati
3580 978 3644 1040 in
3686 978 3940 1041 nomine
3968 962 4160 1007 ¹⁹¹“·²⁰·

847 1076 1180 1159 discipulis
1224 1076 1459 1141 furtive
1498 1077 1868 1140 sublatum:
1904 1075 2210 1157 quoniam
2254 1081 2346 1136 to-
2449 1092 2614 1149 meo,
2667 1074 2756 1136 ibi
2803 1094 2944 1137 sum
2998 1076 3063 1138 in
3123 1076 3331 1140 medio
3378 1095 3620 1141 eorum.
3674 1076 3746 1138 Et
3790 1076 3944 1159 quia

848 1176 930 1239 tis
962 1176 1207 1238 viribus
1238 1176 1643 1239 festinassent
1673 1177 1791 1239 hoe
1820 1173 2131 1247 faciendo,
2167 1173 2344 1235 timo-
2451 1174 2530 1235 de
2567 1172 2796 1236 Christi
2841 1175 3132 1255 passione
3169 1175 3595 1249 contulerunt,
3638 1182 3700 1238 et
3733 1176 3791 1237 ei
3837 1176 3944 1257 pie

850 1293 918 1337 re
966 1276 1300 1338 custodum
1351 1276 1799 1357 praesentium3
1845 1291 2053 1354 neque
2098 1272 2343 1334 tamdiu
2453 1272 3023 1355 compatiebantur,
3077 1274 3208 1356 apti
3266 1273 3529 1336 fuerunt
3587 1274 3824 1337 visitari
3881 1281 3948 1335 et

848 1382 959 1437 aut
994 1373 1243 1437 curiose
1277 1392 1345 1437 se
1373 1381 1791 1455 occupassent
1828 1391 1974 1435 cum
2015 1372 2346 1452 hujusmo-
2454 1371 2764 1435 consolari
2813 1372 2892 1435 ab
2941 1390 3036 1434 eo,
3080 1371 3449 1455 Specialiter
3496 1374 3732 1435 etenim
3777 1392 3949 1436 com-

850 1473 913 1535 di
948 1473 1261 1535 lineorum
1300 1473 1761 1554 compositione
1800 1489 2179 1554 pannorum,
2216 1470 2344 1533 imo
2455 1471 2661 1554 placet
2707 1469 3012 1535 Salvatori
3061 1472 3419 1553 compassio
3466 1480 3529 1534 et
3577 1472 3825 1536 collatio
3864 1474 3947 1534 de

850 1590 956 1635 eos
1006 1572 1197 1633 simul
1246 1592 1391 1635 cum
1440 1590 1704 1653 corpore
1751 1570 2184 1634 abstulissent.
2232 1568 2348 1631 Ve-
2455 1589 2571 1632 sua
2608 1570 2922 1651 passione.

852 1678 1207 1733 rumtamen
1257 1672 1425 1753 apud
1460 1670 1762 1733 Joannem
1810 1668 2131 1742 scribitur,
2175 1669 2347 1749 quod
2523 1670 2710 1732 Oculi
2737 1678 2950 1729 autem
2975 1670 3244 1730 illorum
3275 1671 3670 1739 tenebantur,
3691 1690 3770 1731 ne
3795 1690 3944 1730 eum
4083 1673 4142 1728 16
4248 1665 4249 1755 ]

572 1785 734 1828 Joann.
752 1798 823 1835 xx.
850 1770 1069 1832 Petrus
1110 1770 1367 1832 intravit
1396 1769 1606 1832 locum
1646 1767 1946 1851 sepulcri.
1978 1767 2218 1830 Idcirco
2257 1766 2349 1827 di·
2456 1777 2939 1847 agnoscerent:
2984 1768 3157 1850 quia,
3211 1775 3281 1829 ut
3327 1767 3570 1831 Marcus
3617 1769 3828 1843 habet,
3877 1769 3948 1831 in
4001 1779 4166 1822 Mere-
4143 1793 4210 1823 ‹¹-

854 1870 1148 1942 cendum,
1181 1869 1353 1949 quod
1393 1867 1599 1949 primo
1644 1868 1724 1929 ad
1767 1866 2239 1949 inspiciendum
2279 1884 2346 1927 se
2381 1868 2578 1933 Balia
2615 1866 2834 1948 effigie
2878 1868 3175 1948 apparuit
3221 1867 3361 1930 eis:
3396 1875 3457 1930 et
3504 1867 3644 1942 hoe,
3691 1846 4032 1951 propter-¹·

853 1967 1204 2039 inclinavit,
1260 1974 1329 2028 ut
1378 1966 1663 2029 recitavit
1710 1966 1949 2045 Lucas3
2000 1964 2230 2027 deinde
2279 1972 2347 2025 ut
2457 1966 2916 2031 dubitationem
2990 1973 3052 2027 et
3124 1965 3630 2029 incredulitatem
3701 1986 3948 2031 eorum.

852 2066 1067 2129 omnia
1110 2064 1477 2146 diligentius
1530 2064 1977 2137 consideraret,
2023 2063 2348 2143 ingressus
2455 2066 2590 2129 Non
2631 2072 2841 2127 tamen
2881 2064 3232 2146 putandum
3280 2066 3450 2146 quod
3495 2064 3679 2127 faciei
3717 2065 3953 2129 Christi

853 2173 967 2227 est.
1004 2168 1089 2227 Et
1130 2166 1310 2229 abiit,
1340 2184 1549 2224 secum
1600 2164 1855 2223 mirans
1889 2164 2061 2242 quod
2096 2165 2344 2241 factum
2459 2163 2791 2246 dispositio
2839 2163 2921 2224 sit
2967 2170 3206 2225 mutata
3239 2182 3252 2225 ε
3286 2162 3439 2244 quia
3477 2182 3624 2227 vere
3660 2163 3784 2226 fuit
3820 2165 3958 2246 glo-

851 2266 1097 2342 fuerat,
1138 2270 1355 2345 utpote
1397 2262 1567 2343 quod
1609 2260 1896 2324 Christus
1940 2260 2236 2334 surrexit,
2281 2268 2353 2321 ut
2459 2263 2770 2337 rificatus,
2833 2279 2949 2324 nec
2993 2260 3118 2323 alia
3176 2261 3286 2323 illa
3332 2260 3580 2342 effigies
3635 2261 3762 2325 fuit
3807 2264 3958 2325 sub-

853 2362 1114 2445 quidam
1164 2367 1512 2443 exponunt,
1566 2360 1666 2421 vel
1717 2359 1927 2441 potius
1984 2359 2158 2439 quod
2210 2376 2348 2421 cor-
2459 2362 2694 2443 Jective
2732 2361 2796 2422 in
2839 2359 3000 2422 facie
3039 2358 3291 2431 Christi,
3334 2368 3403 2421 ut
3443 2361 3831 2442 probabilior
3872 2372 3960 2425 te-

858 2482 977 2545 pus
1015 2460 1154 2541 ejus
1194 2460 1288 2522 sic
1325 2461 1553 2534 deerat,
1588 2467 1650 2521 et
1692 2458 2062 2521 linteamina
2100 2458 2189 2520 ita
2225 2457 2354 2519 dis-
2463 2469 2569 2524 net
2618 2458 2876 2542 opinio;
2919 2458 3211 2540 quamvis
3261 2458 3461 2540 aliqui
3509 2459 3740 2535 dicant,
3781 2462 3958 2542 quod

858 2560 1059 2644 posita
1102 2566 1297 2621 erant.
1344 2557 1417 2619 Et
1464 2566 1637 2631 tunc,
1682 2563 1751 2619 ut
1792 2556 2090 2631 creditur,
2133 2556 2352 2617 Petrus
2463 2560 2748 2623 Christus
2789 2558 2868 2619 ad
2904 2556 3124 2620 horam
3164 2557 3434 2620 mutavit
3473 2558 3685 2621 vultus
3725 2559 3824 2621 sui
3865 2558 3964 2622 ef-

858 2680 895 2722 a
933 2659 1169 2723 Joanne
1204 2656 1462 2720 divertit
1496 2674 1583 2730 se,
1620 2662 1682 2717 et
1718 2654 1903 2717 anxie
1941 2653 2242 2734 cogitavit
2277 2653 2354 2715 de
2464 2657 2706 2739 figiem,
2759 2656 2924 2718 sicut
2974 2656 3038 2717 in
3099 2654 3676 2737 transfiguratione.
3727 2658 3964 2721 Verisi-
3991 2672 4216 2721 Lucam.

861 2758 1020 2830 istis,
1056 2774 1331 2837 moxque
1373 2755 1659 2818 Christus
1702 2754 1758 2815 ei
1802 2752 2119 2835 apparuit.
2466 2756 2683 2819 milius
2714 2773 2861 2836 ergo
2891 2752 3114 2829 fertur,
3149 2755 3322 2836 quod
3347 2755 3544 2817 altera
3572 2755 3682 2818 illa
3707 2755 3964 2838 effigies

940 2840 1177 2917 Deinde
1215 2853 1595 2916 describitur
1640 2850 2222 2935 apparitio.Christi
2267 2850 2357 2911 fa·
2464 2856 2591 2919 fuit
2642 2852 2997 2935 subjective
3055 2853 3262 2915 solum
3312 2853 3378 2915 in
3428 2854 3630 2917 oculis
3683 2855 3970 2938 discipu-

660 2963 728 3019 13
861 2962 961 3018 cta
990 2953 1239 3017 duobus
1271 2951 1627 3034 discipulis.
1652 2955 1737 3014 Ει
1764 2971 1900 3011 εσσε
1925 2952 2054 3011 duo
2083 2970 2165 3009 em
2192 2950 2354 3017 illis,
2468 2956 2696 3029 lorum,
2748 2952 2871 3025 vel,
2917 2960 2986 3015 ut
3026 2951 3228 3033 aliqui
3271 2952 3636 3034 opinantur,
3683 2953 3746 3016 in
3791 2972 3964 3017 aere.

862 3072 987 3116 non
1028 3070 1106 3115 ex
1146 3069 1411 3114 numero
1451 3050 1916 3132 Apostolorum,
1958 3049 2067 3111 scd
2108 3056 2359 3130 septua-
2393 3056 2438 3123 G
2467 3052 2674 3116 Potuit
2730 3050 3030 3132 equidem
3085 3048 3373 3112 Christus
3422 3049 3632 3113 visum
3685 3052 3972 3135 discipu-

858 3152 1035 3233 ginta
1090 3151 1362 3213 duorum
1426 3148 1908 3231 discipulorum,
1972 3156 2043 3210 ut
2097 3146 2352 3221 dicitur,
2466 3152 2675 3216 lorum
2724 3148 3150 3212 diversimode
3202 3147 3562 3224 immutare,
3605 3168 3720 3232 per
3763 3151 3970 3213 solam
4253 3131 4255 3283 Ι

861 3252 1043 3311 ibant
1074 3251 1214 3327 ipsa
1242 3250 1351 3309 die
1378 3247 1713 3310 dominica>
1744 3246 2249 3319 resurrectioniS,
2283 3248 2356 3307 in
2466 3248 2950 3333 impressionem
2983 3246 3205 3309 talium
3232 3256 3342 3309 aut
3368 3247 3590 3310 talium
3622 3249 3968 3312 visualium

858 3351 1193 3409 castellum
1230 3348 1403 3427 quod
1448 3354 1588 3405 erat
1627 3347 1697 3406 in
1737 3346 1946 3423 spatio
1991 3347 2358 3406 stadiorum
2467 3348 2826 3431 specierum
2877 3364 2988 3409 seu
3037 3346 3379 3410 radiorum.
3419 3345 3578 3409 Hinc
3622 3348 3822 3429 aliqui
3869 3348 3970 3410 di-

858 3448 1199 3524 seaeayinta
1230 3448 1311 3507 ab
1334 3448 1718 3515 Jerusalem,
1742 3445 2002 3505 nomine
2028 3446 2353 3505 Emmaus
2469 3456 2643 3520 eunt,
2677 3446 2848 3528 quod
2880 3453 3059 3508 erant
3098 3444 3381 3527 percussi
3415 3445 3626 3527 specie
3663 3446 3968 3510 eaecitatis

863 3543 1148 3608 Sedecim
1209 3544 1408 3607 stadia
1466 3542 1710 3606 faciunt
1772 3544 2017 3605 leucam
2080 3562 2093 3605 :
2157 3549 2220 3604 et
2273 3542 2360 3605 ita
2467 3566 2612 3631 quae
2655 3553 2916 3609 vocatur
2963 3544 3236 3606 acrisia:
3270 3544 3806 3623 quemadmodum
3853 3544 3972 3628 Sy-
4017 3561 4206 3614 ivae,

864 3644 1188 3725 sexaginta
1234 3642 1433 3705 stadia
1490 3640 1733 3705 faciunt
1790 3649 2062 3723 quatuor
2121 3642 2355 3718 leucaS,
2470 3648 2522 3709 ri
2566 3646 2853 3708 videntes
2901 3640 3204 3717 Eliseum,
3247 3659 3364 3704 nec
3410 3649 3619 3705 tamen
3669 3661 3816 3705 eum
3866 3624 4220 3731 re-“ffi‘un'

863 3749 1135 3824 quatuor
1192 3741 1410 3803 stadiis
1466 3739 1939 3803 deficientibus.
1992 3740 2182 3803 Porro
2240 3748 2361 3802 sta-
2469 3749 2957 3824 cognoscentes3
2995 3748 3058 3801 et
3091 3738 3426 3802 Sodomitae
3463 3749 3819 3821 quaerentes
3859 3742 3972 3805 do-

865 3840 1041 3905 dium
1074 3841 1355 3903 eontinet
1386 3858 1608 3922 passus
1639 3848 1893 3902 centum
1924 3838 2149 3919 viginti
2182 3838 2362 3920 quin·
2470 3860 2648 3904 mum
2705 3838 2840 3915 Lot,
2903 3856 3021 3900 nec
3080 3837 3498 3900 invenientes.
3559 3838 3668 3902 Est
3720 3840 3972 3923 quippe

866 3958 1021 4022 que3
1057 3959 1279 4022 passus
1310 3956 1457 4001 vero
1496 3946 1592 4000 est
1616 3938 1892 4020 spatium
1931 3937 2221 4019 quinque
2256 3956 2364 4018 pe-
2469 3939 2697 4003 acrisia
2735 3938 3025 4019 quaedam
3063 3936 3331 4012 caecatio,
3367 3955 3493 4018 qua
3529 3938 3770 4021 aliquid
3819 3958 3974 4003 con-

667 4042 734 4099 u
868 4042 1043 4104 dum.
1084 4042 1166 4100 Ec
1202 4039 1332 4115 ipsi
1373 4039 1792 4117 loquebantur
1837 4039 1925 4096 ad
1962 4036 2239 4095 invicem
2283 4038 2364 4095 de
2473 4038 2614 4101 fuse
2643 4045 2706 4099 et
2745 4033 3118 4117 imperfecte
3149 4034 3421 4109 videtur,
3460 4054 3576 4097 nec
3605 4043 3814 4099 tamen
3843 4037 3970 4099 sub

867 4141 968 4199 his
1016 4138 1313 4199 omnibus
1359 4155 1502 4214 quoe
1548 4137 1920 4195 acciderant
1969 4134 2137 4196 circa
2186 4134 2364 4197 Chri·
2474 4134 2731 4219 propria
2787 4132 3002 4214 specie
3059 4132 3582 4213 apprehenditur.
3642 4132 3817 4195 Unde
3873 4153 3976 4197 se-

868 4244 1059 4309 stum‚
1102 4242 1165 4296 et
1210 4234 1378 4296 circa
1426 4233 1726 4295 mulieres
1776 4232 2101 4295 visitantes
2153 4233 2365 4314 sepul-
2393 4239 2445 4303 D
2475 4235 2755 4297 cundum
2785 4228 3175 4311 Gregorium,
3210 4228 3496 4291 Christus
3526 4230 3854 4312 discipulis
3887 4232 3976 4294 is-

870 4354 1071 4397 crum.
1114 4334 1329 4414 Itaque
1379 4334 1456 4393 de
1505 4330 1770 4394 utilibus
1817 4329 2248 4394 conferebant.
2294 4331 2362 4393 In
2475 4332 2556 4394 tis
2597 4332 2808 4412 ipsum
2847 4326 3209 4390 amantibus
3249 4333 3312 4389 et
3352 4328 3432 4389 de
3471 4327 3611 4410 ipso
3654 4328 3979 4411 loquenti-

868 4453 997 4515 quo
1048 4432 1414 4494 itinerantes
1463 4430 1644 4511 sequi
1696 4428 1928 4492 debent
1974 4431 2251 4505 eosdem,
2303 4438 2366 4493 et
2475 4432 2619 4505 buS‚
2663 4426 2954 4491 exhibuit
2993 4444 3062 4488 se
3104 4434 3503 4507 praesentem,
3535 4434 3599 4489 et
3641 4434 3851 4490 tamen
3893 4430 3976 4491 de

870 4551 1031 4595 vana
1065 4531 1269 4594 vitare
1311 4528 1649 4610 colloquia,
1691 4536 1881 4611 atque
1927 4548 2093 4612 saepe
2136 4529 2366 4593 oratio-
2477 4530 2616 4611 ipso
2655 4524 3096 4591 dubitantibus
3135 4543 3265 4587 suae
3294 4524 3673 4605 cognitionis
3709 4524 3978 4589 abstulit

873 4630 1063 4693 nibus
1104 4628 1751 4710 meditationibusque
1783 4646 2001 4690 vacare
2042 4628 2105 4691 in
2142 4628 2366 4691 ambu-
2477 4626 2779 4709 speciem.

873 4730 1080 4793 lando.
2558 4728 2644 4786 Ec
2694 4726 2793 4784 ait
2844 4724 2932 4783 ad
2983 4722 3132 4781 illos
3176 4740 3198 4781 .·
3249 4722 3376 4789 Qui
3419 4731 3575 4782 sunt
3618 4722 3692 4782 ln·
3739 4742 3981 4785 sermo-
4108 4722 4164 4779 17

671 4835 739 4891 15
971 4830 1059 4891 Et
1104 4828 1353 4907 factum
1398 4835 1507 4898 esc,
1558 4828 1721 4885 dum
1767 4827 2254 4904 fabularentur,
2303 4825 2366 4888 id
2481 4845 2588 4885 nes
2627 4842 2782 4903 quos
2828 4820 3135 4897 confertis
3171 4820 3259 4879 ad
3297 4820 3597 4890 invicem,
3637 4820 3984 4883 ambulan-

874 4936 990 5001 est,
1022 4924 1389 4989 conferrent
1411 4924 1750 5005 (sumendo
1782 4924 2046 4987 verbum
2084 4922 2228 4999 hoc,
2260 4924 2370 4987 Fa·
2483 4934 2594 4993 tes,
2622 4930 2682 4982 ec
2709 4922 2858 4981 escis
2892 4919 3100 4980 tristes
3121 4922 3151 4978 ἓ
3187 4915 3322 4981 Νοῃ
3363 4936 3441 4979 ex
3473 4917 3824 4998 ignorantia
3853 4919 3982 4983 hoe

875 5024 1105 5098 bulari,
1142 5032 1331 5105 prout
1359 5022 1681 5084 derivatur
1708 5040 1745 5083 a
1774 5022 1991 5096 verbo,
2017 5022 2157 5098 For,
2192 5022 2366 5097 faris,
2482 5018 2798 5103 quaesivit,
2841 5018 2952 5079 sed
2996 5022 3065 5077 ut
3105 5015 3182 5077 ad
3229 5032 3448 5078 eorum
3497 5017 3980 5098 responsionem

878 5143 1003 5187 non
1062 5142 1099 5186 a
1154 5120 1437 5196 Fabula),
1488 5129 1547 5181 ec
1602 5140 1815 5181 secum
1871 5130 2256 5200 quoererent,
2308 5122 2372 5185 id
2483 5138 2591 5182 eos
2633 5122 3053 5197 congruenter
3091 5112 3453 5176 instrueret.
3479 5116 3565 5176 E't
3593 5118 3982 5191 respondem
4111 5117 4165 5171 18

876 5229 991 5298 est,
1036 5221 1310 5284 invicem
1360 5219 1839 5300 interrogarent,
1882 5218 2156 5299 qualiter
2201 5227 2378 5300 gesta
2485 5238 2682 5285 unus,
2732 5216 2842 5276 cui
2889 5233 3122 5275 nomen
3174 5214 3500 5290 cleophas,
3547 5212 3659 5293 qui
3717 5212 3844 5276 fuit
3899 5216 3983 5278 de

878 5326 940 5382 et
977 5326 1227 5382 narrata
1263 5337 1330 5382 se
1362 5324 1621 5401 possent
1656 5316 1920 5399 habere3
1950 5326 2009 5379 et
2038 5319 2173 5395 ipse
2198 5321 2378 5379 Jesus
2493 5314 2894 5399 septuaginta
2944 5311 3193 5375 duobus
3241 5310 3616 5394 discipulis3
3659 5312 3840 5389 alter,
3887 5332 3984 5377 se·
