4300 6259
1122 515 1477 564 mannum
1520 515 1583 562 m
1625 515 1763 562 cAP.
1809 514 1897 560 xu
1938 513 2127 560 LUCAE.
2172 534 2254 545 —·-
2295 517 2437 564 ΛΒΤ.
2483 519 2656 566 xxxu

3347 503 3428 566 53

64 699 289 751 sectam,
321 703 494 766 que:
520 684 720 747 Deum
752 685 905 748 time
936 695 999 749 et
1028 687 1323 749 mandata
1351 687 1491 768 ejus
1520 686 1823 749 observa:
1863 683 1910 744 A
1940 685 2204 767 spiritus
2235 687 2567 751 stultitiam
2606 689 2914 770 judicant,
2948 709 3073 752 non
3103 691 3333 752 dantur
3363 689 3430 750 in

52 767 105 806 13.

47 2182 168 2225 [Cor.
185 2187 289 2232 1153.

44 2771 213 2828 sepau,
225 2777 287 2816 13.

67 4353 157 4396 Gen.
174 4369 201 4402 1,
222 4357 287 4398 27.

80 4453 149 4494 Ιοὸ
166 4469 205 4504 τ,
220 4457 259 4498 6.

322 783 447 846 hoc
496 791 593 845 est
634 785 807 846 enim
851 785 1059 848 omnis
1103 786 1313 850 homo.

422 882 697 965 Insuper
742 883 938 947 Filius
996 885 1101 946 Dei
1161 886 1343 948 docet
1400 885 1828 948 inordinatum

321 981 629 1044 timorem
666 982 967 1063 abjicere,
1010 991 1203 1065 atque
1244 1003 1359 1066 pro
1397 984 1523 1047 Deo
1560 989 1829 1046 mortem

318 1079 608 1142 libenter
636 1080 931 1156 sufferre,
961 1099 1039 1143 ex
1069 1082 1571 1145 consideratione
1601 1081 1831 1144 divinae

321 1178 769 1260 providentiae,
802 1199 947 1262 quae
976 1180 1227 1242 nullum
1256 1181 1497 1242 malum
1528 1180 1834 1260 relinquit

322 1277 634 1350 inultum,
677 1296 795 1340 nec
833 1279 1094 1360 aliquod
1136 1279 1377 1342 bonum
1418 1280 1834 1341 irremunera-

321 1382 490 1437 tum.
526 1377 761 1438 Nonne
789 1379 1081 1456 quinque
1109 1397 1395 1454 passeres
1434 1387 1731 1449 veneunt,
1766 1377 1832 1439 id

320 1481 422 1536 est
452 1475 841 1549 venduntur,
884 1477 1228 1554 dipondio,
1267 1476 1330 1538 id
1372 1483 1466 1538 est
1508 1476 1709 1557 pretio
1750 1476 1832 1536 le-

321 1572 579 1636 vissimi
620 1572 942 1655 ponderiS,
976 1575 1145 1654 quod
1180 1593 1257 1635 ex
1297 1573 1544 1637 duobus
1583 1573 1831 1636 assibus

320 1678 597 1746 constat,
636 1672 933 1734 videlicet
986 1672 1191 1754 pretio
1239 1691 1436 1754 parvo
1484 1692 1557 1735 ac
1606 1672 1741 1748 vili,
1774 1684 1833 1734 et

320 1791 503 1832 unus
543 1791 626 1830 ex
662 1773 805 1831 illis
845 1791 975 1832 non
1015 1781 1105 1831 est
1146 1773 1217 1833 in
1258 1773 1579 1832 oblivione
1614 1792 1833 1834 coram

320 1872 456 1929 Deo
480 1871 510 1929 ἒ
550 1869 671 1932 hoc
710 1876 827 1944 est,
870 1868 1145 1951 quilibet
1186 1888 1403 1951 passer
1443 1869 1567 1933 Deo
1606 1878 1700 1932 est
1738 1870 1833 1932 in-
1872 1867 1916 1928 B
1940 1866 2053 1929 Job
2104 1868 2390 1948 loquitur
2432 1869 2556 1932 Deo
2595 1888 2607 1930 :
2647 1868 2916 1950 Signasti
2963 1871 3144 1951 quasi
3194 1870 3260 1933 in

321 1966 723 2029 variabiliter
766 1967 1078 2048 cognituS,
1118 1965 1185 2028 et
1232 1967 1372 2048 ejus
1424 1969 1835 2050 providentiae

324 2065 643 2145 subjacet.
680 2065 807 2127 Nec
852 2066 1037 2129 obest
1071 2067 1243 2148 quod
1282 2066 1509 2128 Paulus
1549 2067 1637 2128 ait
1671 2067 1836 2148 Apo-

321 2164 553 2238 stolus,
586 2162 911 2244 Numquid
962 2183 1114 2226 cura
1161 2171 1255 2226 est
1293 2164 1418 2227 Deo
1463 2165 1541 2226 de
1571 2158 1833 2228 bobus?

318 2262 643 2343 Loquitur
691 2262 865 2323 enim
923 2262 1001 2324 de
1058 2281 1210 2325 cura
1268 2279 1379 2325 seu
1438 2264 1836 2344 providentia

321 2359 616 2441 speciali,
652 2367 807 2441 puta
845 2359 1148 2423 doctrinae
1184 2379 1257 2422 ac
1298 2361 1675 2442 disciplinae,
1709 2381 1836 2442 qua

320 2465 651 2520 creaturas
682 2457 1019 2521 rationales
1046 2458 1394 2538 gubernat3
1426 2459 1531 2521 hic
1563 2477 1712 2522 vero
1742 2468 1837 2522 est

320 2575 539 2620 sermo
584 2557 663 2618 de
714 2555 1113 2638 providentia
1159 2557 1461 2637 generali,
1497 2577 1624 2638 qua
1672 2557 1835 2620 Deus

320 2663 559 2719 cuncta
599 2655 883 2738 disponit
926 2662 988 2716 et
1025 2655 1207 2736 regit,
1239 2655 1421 2736 juxta
1459 2656 1619 2718 illud
1659 2656 1837 2737 Sapi-

318 2755 515 2818 entiae
550 2753 737 2817 :Non
786 2761 885 2814 est
930 2752 1095 2815 alius
1144 2753 1307 2815 Deus
1356 2773 1549 2835 quam
1600 2761 1691 2829 tu,
1730 2755 1833 2816 cui

318 2873 479 2916 cura
508 2861 606 2914 est
636 2853 717 2914 de
744 2852 1068 2915 omnibuS.
1096 2855 1224 2913 Sed
1251 2862 1312 2913 et
1342 2855 1574 2929 capilli
1602 2855 1837 2930 capitis

318 2954 525 3012 vestri
572 2952 832 3029 [omnes]
874 2951 1207 3010 numerati
1244 2960 1423 3020 sunt,
1466 2950 1529 3012 id
1570 2958 1664 3012 est
1711 2951 1837 3013 Deo

1938 783 2260 846 oblivione
2299 805 2508 848 coram
2549 786 2692 850 Deo.
2729 787 3050 862 Praeterea,
3085 807 3199 871 per
3236 787 3433 869 capil-

1938 882 2056 962 los,
2108 886 2459 947 secundum
2507 885 2898 968 Gregorium,
2953 887 3215 970 mystice
3270 887 3434 949 desi-

1936 990 2214 1061 gnantur
2244 983 2686 1047 minutissimae
2716 986 3138 1066 cogitationeS,
3163 987 3314 1068 quia
3341 987 3434 1048 sic

1940 1078 2101 1141 Deus
2135 1081 2266 1143 vias
2307 1090 2550 1144 nostras
2581 1085 2936 1147 considerat
2964 1092 3026 1147 et
3061 1103 3314 1165 gressus
3346 1085 3434 1147 di·
3459 1104 3543 1148 ,τοι
3563 1107 3730 1156 una.

1942 1187 2255 1256 numerat,
2289 1187 2361 1240 ut
2397 1198 2514 1242 nec
2553 1182 2997 1245 minutissimae
3027 1181 3433 1263 cogitationes

1940 1293 2014 1337 ac
2065 1277 2441 1338 tenuissima
2488 1277 2681 1340 verba
2731 1298 2875 1360 quae
2921 1280 3092 1360 apud
3144 1299 3258 1342 nos
3312 1299 3434 1341 usu

1942 1373 2288 1448 viluerunt,
2340 1375 2480 1455 ejus
2528 1375 2770 1456 judicio
2819 1386 3187 1440 remaneant
3237 1378 3435 1440 indis-

1942 1489 2145 1533 cussa.
2193 1471 2327 1536 Non
2379 1491 2528 1555 ergo
2581 1482 2730 1536 sunt
2774 1475 3164 1556 negligendae
3207 1475 3437 1557 cogita-

1940 1569 2167 1644 tioneS,
2201 1571 2570 1636 affectiones
2609 1581 2672 1636 et
2710 1574 3058 1637 locutiones
3097 1582 3438 1656 quantum-

1941 1668 2099 1732 libet
2128 1689 2358 1751 parvae,
2394 1674 2472 1735 de
2501 1672 2736 1754 quibus
2778 1674 3093 1736 reddenda
3126 1681 3222 1736 est
3252 1673 3430 1736 ratio.

1942 1767 2101 1830 Hinc
2131 1769 2379 1850 sapiens
2410 1771 2476 1832 in
2507 1771 2796 1834 omnibus
2827 1773 3064 1833 metuit.
3085 1771 3156 1833 Et
3187 1780 3434 1834 sanctus
3463 1793 3728 1843 Eccum-m,

3306 1890 3438 1933 sac..
3463 1858 3548 1962 ῗΙίὸ
3562 1933 3645 1968 xiv,
3663 1921 3725 1962 l'a'.

1944 1966 2088 2027 culo
2146 1967 2376 2028 delicta
2433 1986 2593 2029 mea.
2650 1967 2990 2044 Postremo,
3041 1970 3209 2032 circa
3265 1972 3438 2032 hunc

1944 2063 2153 2126 locum
2202 2065 2578 2127 Athanasius
2627 2067 2782 2129 dicit
2826 2086 2839 2128 :
2883 2067 3102 2140 Quaero
3148 2069 3227 2131 ab
3265 2068 3440 2131 Aria-

1944 2163 2067 2237 niS,
2088 2162 2139 2224 si
2174 2164 2354 2244 quasi
2388 2165 2834 2245 dedignaretur
2862 2166 3024 2228 Deus
3053 2166 3178 2228 alia
3205 2166 3436 2243 facere,

1944 2262 2149 2324 solum
2184 2261 2414 2324 Filium
2445 2263 2610 2340 fecit,
2628 2269 2834 2326 cetera
2866 2283 3012 2328 vero
3042 2265 3201 2328 Filio
3232 2266 3446 2330 subro—

1942 2361 2115 2441 gavit
2161 2379 2175 2422 :
2218 2363 2538 2442 quomodo
2584 2363 2948 2443 provisione
2999 2363 3198 2426 utitur
3238 2383 3442 2445 usque

1943 2461 2019 2522 ad
2068 2467 2198 2520 tam
2246 2459 2512 2534 modica,
2548 2460 2791 2523 scilicet
2840 2462 3144 2543 capillum
3193 2469 3254 2524 et
3305 2481 3445 2544 pas-

1946 2561 2197 2619 serem?
2227 2556 2507 2630 Quorum
2538 2559 2709 2621 enim
2742 2560 3105 2642 provisione
3135 2559 3439 2641 fungitur,

1946 2655 2174 2718 horum
2219 2663 2465 2719 creator
2505 2665 2602 2718 est
2643 2677 2757 2719 suo
2799 2657 3028 2721 Verbo.

2025 2753 2333 2836 Deinceps
2373 2756 2648 2818 ostendit
2680 2754 2961 2819 Salvator
3000 2755 3177 2820 nullo
3215 2755 3444 2819 timore

1943 2871 1980 2914 a
2018 2870 2085 2914 se
2124 2869 2263 2914 esse
2303 2855 2748 2930 recedendum,
2783 2873 2861 2916 ex
2897 2855 3132 2917 intuitu
3172 2854 3444 2916 retribu-

1943 2951 2136 3014 tionis
2181 2951 2492 3014 bonorum
2539 2961 2730 3034 atque
2769 2953 3103 3016 malorum.
3138 2956 3295 3015 Dico
3326 2975 3444 3015 au-
3585 2963 3621 3018 8

317 3048 609 3132 perfecte
658 3048 1089 3129 distincteque
1138 3048 1396 3129 cogniti.
1434 3051 1651 3110 Nolite
1688 3069 1836 3126 erqo
1874 3045 1916 3107 C
1949 3061 2071 3112 tem
2122 3052 2298 3110 vobis
2345 3073 2366 3110 .·
2412 3053 2636 3114 Omnis
2685 3055 3074 3132 quicumque
3121 3054 3442 3130 confessus

316 3151 551 3210 timere
593 3165 939 3228 corporum
979 3146 1332 3227 occisores;
1366 3149 1592 3208 multis
1624 3167 1838 3224 passe-

314 3250 506 3308 ribus
528 3248 753 3323 pluris
780 3247 929 3305 escis
960 3264 1093 3316 υοε,
1133 3245 1197 3307 id
1239 3252 1335 3308 est
1372 3245 1701 3327 amplioris
1745 3245 1838 3308 di-

310 3344 581 3426 gnitatis
611 3361 686 3405 ac
720 3342 922 3425 pretii.
949 3343 1095 3405 Ideo
1124 3343 1175 3405 si
1210 3362 1497 3425 passeres
1528 3351 1591 3406 et
1620 3344 1834 3426 capilli

314 3443 440 3505 sub
483 3441 706 3504 divina
748 3441 841 3504 sic
894 3441 1127 3503 cadunt
1178 3442 1596 3523 providentia,
1632 3443 1835 3506 multo

314 3541 525 3622 magis
571 3540 767 3602 homo
801 3557 815 3602 ε
850 3540 1019 3600 unde
1052 3557 1119 3600 se
1160 3539 1284 3602 Deo
1324 3540 1511 3603 debet
1548 3541 1837 3603 commit-

315 3649 477 3714 tere,
521 3656 643 3700 nec
690 3638 921 3701 timore
965 3639 1417 3701 adversitatum
1464 3659 1499 3700 a
1548 3639 1837 3702 Creatore

315 3742 601 3820 ejusque
630 3739 771 3818 lege
800 3737 1113 3810 recedere,
1150 3742 1359 3798 certus
1398 3737 1475 3798 de
1509 3739 1837 3819 providen-

316 3841 409 3901 tia
438 3838 552 3900 Dei
585 3835 803 3900 omnia
831 3835 1238 3898 moderantis.
1264 3834 1481 3916 Itaque
1514 3836 1567 3898 si
1600 3855 1832 3918 passer,

318 3937 514 4018 cujus
556 3933 839 4017 pretium
870 3940 967 3995 est
1006 3951 1309 3995 nummus
1340 3932 1711 4010 vilissimuS,
1748 3936 1841 3998 di-

318 4036 495 4097 vinae
538 4030 957 4116 providentiae
988 4031 1421 4094 moderamine
1451 4032 1700 4115 incipit,
1737 4036 1841 4096 de-

320 4133 477 4196 fluit
526 4140 593 4194 et
640 4129 893 4202 finitur,
945 4148 1149 4210 quum
1200 4129 1283 4191 sit
1330 4130 1438 4192 Dei
1488 4138 1773 4194 creatura
1820 4151 1833 4194 :

1944 3151 2154 3228 fuerit
2195 3169 2297 3208 me
2338 3169 2554 3210 coram
2598 3151 2992 3222 hominibuS,
3025 3150 3090 3212 id
3137 3158 3252 3224 est,
3285 3157 3445 3212 tem-

1946 3265 2100 3329 pore
2130 3247 2592 3329 persecutionis
2626 3267 2752 3312 non
2783 3248 3070 3311 omiserit
3099 3267 3202 3311 me
3232 3267 3442 3312 coram

1946 3346 2465 3428 quibuscumque
2504 3347 2786 3429 tyrannis
2825 3365 2897 3408 ac
2940 3346 3206 3429 perfidis
3246 3347 3447 3411 confi-

1946 3444 2087 3519 teri,
2122 3462 2201 3506 ex
2249 3444 2496 3518 timore,
2535 3445 2796 3526 pudore,
2829 3452 2938 3506 aut
2986 3445 3182 3507 simili
3232 3464 3440 3521 causa,

1946 3544 2056 3604 sed
2104 3542 2302 3605 fidem
2353 3561 2531 3605 suam
2573 3542 2785 3606 verbis
2836 3550 3195 3606 constanter
3237 3543 3447 3605 fideli-

1946 3649 2172 3722 terque
2230 3641 2634 3721 expresserit,
2688 3642 3096 3704 contestando
3145 3659 3246 3702 me
3305 3659 3443 3702 esse
3513 3647 3516 3650 ’

1948 3740 2212 3801 unicum
2261 3739 2370 3800 Dei
2419 3739 2672 3812 Filium,
2707 3739 2904 3802 Deum
2945 3758 3166 3802 verum
3215 3757 3287 3800 ac
3335 3739 3445 3801 ho-

1949 3838 2210 3910 minem,
2246 3845 2307 3898 et
2337 3845 2544 3899 cetera
2571 3856 2716 3918 quae
2745 3839 2822 3899 ad
2853 3838 3262 3900 christianam
3302 3856 3446 3919 per-

1947 3936 2154 3998 tinent
2203 3934 2399 3996 fidem
2436 3955 2452 4014 3
2501 3945 2561 3995 et
2603 3937 2818 3997 Filius
2867 3937 3150 3997 hominis
3187 3940 3444 4014 confite-

1948 4037 2127 4094 bitur
2157 4035 2350 4094 illum
2379 4053 2597 4095 coram
2627 4036 2875 4110 anyelis
2905 4036 3047 4105 Dei,
3082 4034 3145 4096 id
3179 4040 3293 4108 est,
3329 4053 3444 4115 ego

1948 4132 2143 4193 Filius
2204 4131 2480 4211 Virginis
2539 4131 2604 4193 in
2669 4139 3010 4212 conspectu
3073 4132 3442 4212 angelorum

318 4240 573 4315 quanto
624 4228 825 4309 magis
878 4228 1087 4302 hom0‚
1133 4229 1317 4308 cujus
1369 4231 1646 4311 pretium
1698 4251 1840 4293 san-
1872 4236 1920 4297 D
1948 4237 2311 4293 sanctorum
2351 4229 2744 4309 protestabor
2784 4229 2964 4291 illum
3008 4230 3326 4312 pertinere
3363 4231 3442 4292 ad

318 4331 471 4413 guis
522 4335 623 4392 est
660 4326 915 4399 Christi,
951 4334 1014 4387 et
1053 4326 1165 4406 qui
1216 4327 1291 4388 ad
1340 4327 1683 4409 imaginem
1728 4329 1833 4391 Dei

318 4436 582 4491 creatus
626 4427 767 4487 est?
813 4424 972 4486 Hinc
1018 4423 1326 4505 scriptum
1371 4433 1514 4488 est:
1556 4425 1728 4488 Nihil
1768 4427 1835 4489 in

317 4535 499 4589 terra
538 4525 683 4586 sine
726 4541 916 4585 causa
957 4521 1056 4583 fit.

398 4623 778 4687 Secundum
806 4619 1163 4702 Origenem,
1194 4621 1485 4702 quinque
1527 4641 1835 4704 passereS,

317 4741 557 4786 sensus
588 4719 953 4802 spirituales
980 4719 1297 4800 justorum
1332 4719 1699 4801 designant:
1725 4723 1835 4802 qui

318 4839 557 4886 sensus
616 4817 868 4880 excelsa
916 4825 979 4879 et
1027 4837 1223 4900 super
1272 4819 1599 4882 hominem
1648 4821 1841 4882 senti-

321 4928 457 4994 unt,
496 4917 701 4981 Deum
736 4916 1078 4990 intuenteS,
1114 4935 1334 4980 vocem
1373 4917 1702 4979 audientes
1743 4919 1839 4980 di-

322 5019 575 5094 vinam,
620 5031 855 5096 panem
898 5012 1045 5076 vitae
1083 5020 1429 5094 gustantes,
1471 5013 1842 5078 olfacientes

324 5117 595 5180 odorem
660 5118 1137 5191 unguentorum
1199 5111 1451 5186 Christi,
1516 5112 1844 5195 palpantes

330 5213 557 5276 vivum
601 5209 931 5289 Verbum3
982 5209 1097 5290 qui
1145 5209 1450 5292 dipondio
1493 5212 1843 5288 venienteS,

332 5311 399 5375 id
450 5318 571 5386 est,
606 5306 915 5389 vilipensi
963 5307 1043 5370 ab
1093 5307 1185 5370 eis
1234 5309 1346 5390 qui
1389 5326 1463 5372 ea
1508 5329 1653 5391 quae
1699 5317 1849 5373 sunt

1949 4346 2051 4390 me
2080 4326 2210 4390 ride
2241 4334 2305 4390 et
2332 4333 2498 4402 actu,
2525 4333 2710 4408 atque
2742 4328 3052 4408 condigne
3080 4347 3116 4389 a
3143 4345 3247 4390 me
3277 4327 3444 4391 Chri-

1948 4433 2044 4490 sto
2088 4427 2506 4489 christianum
2555 4425 2752 4488 fuisse
2799 4434 3138 4489 vocatum:
3185 4433 3445 4508 propter

1948 4527 2119 4607 quod
2168 4533 2465 4588 aeternam
2514 4525 2972 4588 beatitudinem
3021 4526 3080 4588 ei
3133 4526 3446 4589 condona-

1950 4624 2052 4698 b0,
2102 4623 2282 4703 juxta
2334 4624 2492 4685 illud
2542 4623 2974 4706 ApocalypsiS‚
3027 4623 3174 4686 Esto
3231 4621 3442 4686 fidelis
3469 4642 3733 4696 Amnum.

1953 4739 2155 4802 usque
2202 4721 2280 4782 ad
2327 4729 2620 4802 mortem,
2663 4730 2723 4784 et
2773 4722 2934 4784 dabo
2981 4720 3096 4782 tibi
3147 4740 3442 4784 coronam

1953 4821 2116 4883 vitae.
2140 4819 2300 4881 Hinc
2328 4820 2406 4882 ad
2437 4817 2747 4883 Romanos
2777 4821 2864 4882 ait
2892 4819 3224 4902 Apostolus
3259 4839 3272 4883 ε
3308 4820 3446 4884 Cor-
3472 4838 3733 4888 nomano.

1951 4920 2029 4980 de
2077 4917 2354 4980 creditur
2393 4919 2470 4980 ad
2516 4918 2850 4999 justitiam,
2883 4937 2990 4982 ore
3039 4926 3250 4980 autem
3299 4938 3446 4983 con-

1951 5017 2143 5079 fessio
2173 5015 2251 5077 rit
2277 5017 2354 5078 ad
2385 5016 2676 5079 salutem.
2702 5017 2843 5079 Haec
2872 5035 3103 5098 nempe
3132 5016 3446 5081 confessio

1953 5122 2049 5176 est
2084 5113 2238 5176 fidei
2285 5122 2482 5191 actuS‚
2518 5123 2734 5198 utpote
2777 5114 3140 5196 protestatio
3188 5117 3448 5178 creden-

1956 5216 2203 5277 dorum.
2237 5249 2316 5258 —
2345 5213 2666 5286 Quomodo
2706 5221 2919 5276 autem
2967 5212 3281 5278 confessio
3328 5215 3448 5277 ista

1960 5311 2044 5373 sit
2084 5311 2442 5373 necessaria
2479 5311 2558 5373 ad
2608 5311 2900 5386 salutem,
2932 5310 3199 5375 Thomas
3240 5311 3306 5373 in
3351 5331 3450 5375 se-
