4300 6259
1120 515 1475 565 munuum
1520 517 1583 563 m
1625 518 1763 564 cAP.
1810 517 1917 564 xv!
1958 517 2147 564 LUCAE.
2194 538 2275 549 —
2317 519 2458 566 ΛΒΤ.
2503 519 2696 567 xxxlx

3344 503 3460 567 127

68 705 309 755 uanam,
344 694 491 748 stus
538 689 621 750 de
667 687 1005 770 asperitate
1049 686 1317 751 vestitus
1367 707 1492 751 non
1543 689 1860 751 laudasset
1888 689 1937 750 A
1968 689 2372 753 voracitatem
2431 689 2774 753 infeliciter
2831 699 3229 774 provocatur.
3282 690 3460 753 Tales

58 1191 189 1248 Sepla.
210 1207 240 1242 ι,
262 1195 305 1236 8,

48 2371 307 2413 ‘incisionis-

48 2447 123 2490 que

60 2498 151 2540 loe!
166 2512 209 2546 ιι,
224 2501 239 2538 i
248 2499 293 2538 3.

58 3849 197 3894 lame.
213 3867 253 3898 v.
264 3856 307 3894 5.

88 4145 201 4189 nom.

64 4209 79 4249 l
86 4210 109 4250 4

96 4241 205 4316 itia.
224 4288 313 4326 vm,

66 4337 123 4383 12,
144 4338 204 4378 1³.

68 4803 126 4846 at.

338 785 679 848 Joannem.
734 785 1037 858 Quartum
1090 794 1186 848 est
1244 787 1603 849 indecentia
1662 787 1860 868 respi-

340 885 527 946 ciens
578 903 868 966 personae
916 893 1151 946 statum
1201 893 1310 946 aut
1359 885 1671 958 ordinem,
1707 886 1857 966 quia

340 1001 481 1044 non
521 984 704 1045 decet
753 983 1061 1045 clericum
1101 982 1320 1045 vestiri
1376 991 1443 1045 ut
1481 983 1855 1046 histrionem

338 1087 459 1141 aut
507 1080 804 1143 militem.
849 1081 1113 1163 Propter
1159 1082 1331 1162 quod
1388 1099 1501 1162 per
1548 1079 1859 1162 Sophoni-

338 1196 450 1239 am
498 1178 800 1242 Dominus
839 1179 1267 1242 comminatur
1302 1179 1625 1241 :Visitabo
1664 1197 1857 1260 super

340 1293 575 1338 omnes
627 1276 741 1358 qui
802 1275 1009 1338 induti
1050 1284 1217 1339 sunt
1270 1285 1444 1338 veste
1496 1276 1851 1358 peregrina.

336 1371 495 1448 Sed,
530 1375 654 1436 heu
684 1380 698 1434 l
733 1375 887 1455 quia
915 1374 1204 1436 canonici
1242 1374 1374 1455 jam
1414 1375 1721 1436 incedunt
1750 1392 1857 1436 ve—

336 1472 479 1534 stiti
510 1480 817 1554 tanquam
849 1471 1107 1534 milites.
1131 1471 1433 1544 Quintum
1466 1481 1562 1534 est
1592 1479 1856 1536 ostenta-

334 1571 455 1644 tio,
491 1589 621 1652 qua
652 1571 838 1633 multi
877 1579 1033 1633 tunc
1074 1590 1143 1634 se
1174 1571 1515 1653 pretiosius
1548 1571 1849 1646 vestiunt,

335 1688 549 1749 quum
582 1689 619 1731 a
659 1668 955 1751 pluribus
986 1670 1294 1732 videndos
1334 1687 1401 1732 se
1438 1670 1849 1732 arbitrantur.

334 1766 634 1849 Denique
693 1767 1063 1850 superfluus
1120 1769 1391 1830 vestium
1456 1767 1665 1831 cultus
1724 1775 1851 1831 tam

1966 788 2184 849 divina
2224 789 2690 852 illuminatione
2729 808 2797 852 se
2831 791 3104 851 reddunt
3141 789 3456 870 indignOS,

1967 892 2030 946 et
2061 886 2380 967 propriam
2415 887 2607 949 vitam
2639 887 3033 960 abbreviant,
3069 887 3462 968 sanitateque

1968 983 2242 1064 privant,
2286 1003 2488 1065 quum
2535 983 2826 1047 Salomon
2876 992 3262 1048 contestetur
3295 1003 3308 1046 ε
3342 983 3460 1056 Qui
3499 1000 3748 1057 Prov.xx,1;

1965 1091 2133 1143 amat
2173 1081 2394 1144 vinum
2433 1089 2496 1144 et
2538 1082 2821 1164 pinguia,
2856 1101 2979 1146 non
3020 1083 3142 1144 erit
3178 1083 3454 1165 sapienS.
3485 1076 3570 1116 '¹¹’
3593 1068 3658 1111 ¹⁷·

1964 1177 2197 1241 Natura
2252 1198 2510 1262 quoque
2576 1181 2794 1261 paucis
2860 1188 3153 1244 contenta
3215 1188 3330 1256 est,
3396 1188 3460 1244 et

1966 1277 2409 1359 superfluitate
2451 1278 2748 1341 obruitur
2788 1287 2979 1360 atque
3019 1287 3337 1360 gravatur.

2044 1379 2131 1438 Et
2167 1386 2306 1437 erac
2345 1379 2618 1457 quidam
2657 1380 2990 1439 mendicus
3032 1381 3294 1440 nomine
3333 1383 3460 1440 La-

1962 1496 2183 1536 zarus.
2217 1475 2350 1538 Non
2402 1476 2640 1550 divitis,
2675 1477 2782 1538 sed
2833 1477 3014 1557 egeni
3054 1485 3118 1539 et
3153 1477 3302 1558 aegri
3345 1496 3458 1540 no-

1964 1593 2109 1636 men
2153 1574 2484 1655 proprium
2516 1574 2800 1636 Christus
2839 1575 3152 1656 expressit
3184 1594 3198 1638 :
3232 1576 3459 1657 quoni-

1960 1692 2061 1735 am
2121 1689 2469 1753 pauperem
2530 1672 2721 1734 istum
2771 1691 2885 1754 per
2933 1673 3456 1754 approbationem

1962 1771 2278 1850 cognovit,
2306 1777 2368 1831 et
2407 1771 2472 1832 in
2513 1770 2677 1833 libro
2719 1771 2862 1834 vitae
2900 1789 3013 1832 seu
3053 1772 3456 1853 praedestina-

3588 1389 3662 1446 20

336 1865 407 1926 in
453 1866 611 1928 viris
661 1884 858 1947 quam
898 1866 965 1928 in
1005 1865 1266 1928 feminis
1307 1867 1489 1928 valde
1528 1867 1853 1928 damnabi-
1888 1871 1935 1932 B
1962 1869 2154 1932 tionis
2211 1876 2460 1932 aeternae
2516 1868 2738 1931 habuit
2784 1869 3140 1952 scriptum3
3191 1871 3454 1934 divitem

335 1963 421 2025 lis
473 1971 593 2037 est,
627 1965 782 2045 quia
822 1965 901 2026 ad
941 1964 1278 2026 libidinem
1321 1973 1623 2045 provocat
1655 1984 1669 2028 ε
1706 1983 1854 2047 pro-

334 2070 487 2144 pter
516 2063 690 2143 quod
723 2063 789 2124 in
826 2081 943 2124 usu
978 2063 1251 2125 vestium
1281 2063 1468 2125 multi
1505 2065 1854 2126 mortaliter

336 2168 636 2241 peccant.
700 2161 928 2224 Contra
989 2160 1367 2224 diabolicam
1426 2180 1576 2225 vero
1633 2172 1695 2224 et
1754 2162 1852 2224 in-

336 2258 850 2320 sensatissimam
890 2257 1230 2320 vanitatem
1272 2258 1711 2323 fractilationis
1760 2260 1857 2322 in-

340 2357 873 2438 stitutionisque*
924 2357 1199 2419 vestium
1247 2357 1551 2420 Dominus
1602 2359 1691 2420 ait
1740 2377 1854 2440 per

334 2453 586 2517 Joelem
620 2474 634 2517 :
671 2455 953 2518 Scindite
996 2457 1187 2519 corda
1225 2464 1452 2530 vestra,
1487 2465 1550 2520 et
1587 2476 1714 2520 non
1750 2476 1855 2520 ve-

336 2553 649 2615 stimenta
694 2561 923 2616 vestra.

424 2654 515 2713 Et
563 2654 958 2728 epulabatur
994 2654 1285 2732 quotidie
1328 2655 1687 2733 splendide,
1731 2654 1851 2718 hoc

335 2758 436 2812 est
482 2750 774 2825 delicate,
808 2750 1164 2831 crapulose,
1208 2751 1557 2834 superflue,
1592 2771 1855 2835 pompo-

336 2869 432 2923 se,
470 2850 838 2913 excedendo
868 2849 936 2912 in
976 2849 1266 2912 ciborum
1301 2859 1365 2913 et
1393 2858 1657 2933 potuum
1692 2852 1855 2914 mul·-

336 2949 555 3030 tiplici
618 2948 943 3022 varietate,
994 2948 1312 3030 exquisita
1369 2949 1847 3032 praeparatione,

1965 1986 2112 2030 vcro
2163 1986 2277 2049 per
2315 1966 2838 2049 approbationem
2889 1987 3015 2031 non
3058 1970 3256 2044 novit,
3291 1970 3456 2032 sicut

1963 2073 2025 2127 et
2076 2065 2364 2147 reprobis
2414 2066 2718 2146 loquitur,
2753 2065 2886 2129 Non
2935 2067 3083 2130 novi
3128 2087 3260 2131 vos.
3293 2068 3454 2130 Hinc
3497 2084 3745 2140 Μμαιιηιι,

1961 2163 2149 2246 Moysi
2199 2165 2290 2226 ait
2341 2181 2354 2226 :
2406 2164 2709 2226 Invenisti
2756 2165 3022 2245 gratiam
3069 2185 3280 2230 coram
3329 2186 3452 2242 me,
3483 2147 3687 2255 ”hwa

1964 2274 2028 2328 et
2076 2275 2133 2328 te
2183 2267 2396 2347 ipsum
2448 2267 2594 2329 novi
2645 2285 2720 2328 ex
2771 2267 3050 2330 nomine.
3093 2267 3253 2330 Ecce
3301 2288 3460 2350 quo-
3484 2287 3628 2326 ¹¹¹³·-
3651 2278 3715 2320 ¹⁷·

1965 2365 2152 2428 modo
2197 2365 2320 2426 alia
2369 2371 2520 2426 sunt
2567 2365 2809 2445 judicia
2856 2365 2986 2440 Dei,
3037 2365 3162 2428 alia
3208 2367 3452 2442 mundi,

1964 2469 2027 2524 et
2071 2464 2390 2544 quomodo
2439 2462 2750 2544 sapientia
2793 2464 3007 2526 saeculi
3060 2464 3252 2545 hujus
3302 2465 3458 2527 stul·
3527 2483 3745 2537 neonus.

1964 2560 2102 2622 titia
2161 2566 2256 2622 est
2312 2561 2483 2642 apud
2543 2559 2760 2623 Deum.
2821 2560 3000 2624 Certe
3057 2564 3226 2644 apud
3286 2563 3455 2625 hunc
3485 2547 3554 2590 ¹⁹·

1966 2659 2278 2721 mundum
2342 2659 2772 2733 immundum,
2835 2659 2956 2722 hoc
3012 2668 3108 2722 est
3169 2660 3458 2724 homines

1966 2757 2320 2832 saeculareS,
2355 2757 2660 2832 carnaleS,
2693 2758 2892 2838 magis
2929 2758 3172 2823 famosa
3213 2768 3275 2822 et
3314 2769 3462 2824 nota

1966 2864 2114 2918 sunt
2174 2854 2432 2919 nomina
2481 2855 2932 2937 opulentorum
2979 2875 3171 2939 quam
3228 2875 3459 2938 egeno-

1969 2972 2150 3034 rum3
2186 2954 2295 3015 sed
2335 2954 2504 3034 apud
2545 2952 2742 3015 Deum
2782 2961 2878 3016 est
2913 2972 3279 3020 econverso.
3316 2957 3464 3021 Por-

336 3054 749 3128 sumptuosa,
816 3064 927 3108 seu
998 3047 1274 3127 pretiosa
1340 3049 1847 3130 consumptione,
1892 3050 1935 3114 C
1967 3071 2057 3126 rc,
2105 3069 2183 3114 ex
2232 3052 2353 3114 hoc
2399 3052 2572 3133 quod
2615 3051 2900 3114 Christus
2951 3071 3297 3135 pauperem
3347 3075 3462 3118 no-

338 3162 783 3226 vasorumque
844 3152 1070 3206 ornatu
1128 3145 1380 3209 curioso
1437 3165 1510 3208 ac
1568 3147 1851 3228 splendi-

336 3244 466 3324 do;
508 3251 703 3324 atque
753 3242 819 3304 in
861 3242 961 3304 his
1008 3243 1303 3306 assiduus
1346 3243 1492 3319 fuit,
1525 3245 1741 3327 gulam
1786 3246 1852 3308 in

336 3342 880 3406 consuetudinem
929 3348 1205 3416 vertens,
1256 3361 1333 3404 ex
1393 3362 1520 3424 qua
1579 3343 1851 3420 luxuria,

336 3440 591 3518 acedia,
622 3447 687 3501 et
730 3438 854 3500 alia
896 3439 1072 3501 varia
1120 3448 1600 3521 consequuntur
1637 3460 1857 3524 pecca·

334 3547 423 3601 ta.
458 3538 622 3600 Huic
650 3537 1001 3600 carnalitati
1033 3538 1167 3618 Jam
1198 3540 1473 3602 maxime
1503 3540 1853 3621 subjacent,

338 3636 463 3719 qui
506 3637 585 3699 de
623 3635 932 3698 Crucifixi
972 3636 1357 3718 patrimonio
1395 3646 1850 3716 sustentantur,

338 3754 556 3818 quum
596 3741 809 3796 tamen
848 3735 927 3796 ad
969 3734 1359 3816 praecipuam
1396 3737 1853 3801 moderantiam

337 3833 741 3914 obligantur.
775 3832 1035 3894 Talibus
1069 3833 1225 3895 dicit
1251 3833 1517 3896 lacobus
1553 3854 1567 3898 :
1602 3835 1852 3918 Epulati

339 3933 504 3995 estis
554 3949 753 4013 super
790 3939 1047 4004 terram,
1080 3938 1143 3994 et
1192 3932 1259 3993 in
1304 3932 1575 3996 luxuriis
1616 3937 1858 3998 enutri-

1968 3151 2141 3212 mine
2183 3157 2353 3212 certo
2393 3149 2700 3230 designat,
2735 3150 3074 3231 conjicitur
3113 3153 3282 3215 istud
3321 3171 3460 3218 esse

1965 3267 2065 3311 res
2105 3256 2301 3330 gesta,
2349 3249 2700 3310 secundum
2743 3247 3173 3313 Ambrosium.

2048 3350 2177 3416 Qui
2197 3348 2462 3424 jacebat
2499 3349 2587 3407 ad
2607 3348 2896 3424 januam
2939 3348 3176 3410 divitis.
3219 3349 3287 3411 In
3335 3369 3460 3433 quo

1968 3452 2159 3528 patet,
2212 3446 2384 3526 quod
2433 3443 2734 3506 infirmus
2781 3464 2853 3507 ac
2902 3445 3130 3508 debilis
3179 3446 3347 3528 fuit3
3398 3457 3463 3511 et

1966 3545 2143 3607 dives
2185 3561 2298 3625 per
2334 3543 2752 3623 ignorantiam
2793 3562 2860 3606 se
2899 3562 3200 3607 excusare
3238 3548 3462 3628 nequi-

1966 3643 2148 3717 verit,
2179 3642 2481 3724 quoniam
2514 3641 2755 3703 intrans
2795 3651 2858 3704 et
2885 3642 3104 3705 exiens
3139 3644 3322 3706 illum
3353 3647 3462 3708 ad-

1966 3741 2195 3824 spexit.
2258 3741 2585 3803 Ulceribus
2633 3744 2893 3817 plenus,
2940 3749 3242 3823 tanquam
3301 3744 3461 3806 alter

1962 3840 2077 3904 Job
2130 3859 2143 3902 :
2196 3847 2259 3901 et
2315 3839 2406 3900 sic
2465 3838 2888 3901 miserabilior
2935 3837 3078 3914 fuit,
3131 3842 3458 3924 magisque

1966 3939 2239 4020 impium
2287 3935 2412 3998 fuit
2459 3936 2516 3998 ei
2577 3955 2703 3999 non
2761 3936 3124 4000 subvenire.
3181 3942 3460 4019 Cupiens
3589 3959 3657 4012 21

340 4032 467 4094 stis
506 4031 699 4094 corda
727 4037 957 4092 vestra.
990 4027 1343 4101 Quocontra
1380 4031 1667 4094 hortatur
1694 4034 1859 4117 Apo·
1962 4038 2257 4098 saturari
2283 4038 2363 4095 de
2391 4036 2592 4101 micis,
2625 4034 2745 4097 hoc
2775 4041 2872 4097 est
2899 4033 3292 4116 fragmentiS,
3315 4059 3459 4117 quoe

222 4162 309 4198 xm.
342 4130 555 4194 stolus
592 4129 871 4192 :Curam
920 4128 1130 4190 carnis
1181 4147 1261 4190 ne
1308 4128 1587 4192 feceritis
1636 4132 1701 4194 in
1752 4135 1858 4195 de-

1963 4137 2276 4196 cadebanc
2319 4136 2400 4194 de
2447 4152 2668 4194 mensa
2715 4135 2967 4206 divitis,
3009 4145 3068 4196 et
3116 4155 3300 4196 nemo
3347 4138 3459 4198 illi

342 4228 631 4291 sideriis,
666 4225 741 4288 Et
780 4228 990 4289 denuo
1017 4227 1096 4289 ad
1136 4226 1447 4290 Romanos
1483 4247 1497 4290 ε
1532 4229 1855 4294 Debitores
1888 4235 1937 4296 D
1964 4234 2182 4292 dabat.
2217 4229 2350 4303 Quo
2400 4237 2663 4305 constat,
2705 4231 2878 4311 quod
2926 4231 3194 4294 minima
3242 4242 3460 4314 postu-

342 4347 579 4392 sumus
630 4345 757 4390 non
817 4326 1015 4400 carni,
1072 4334 1139 4387 ut
1186 4329 1539 4390 secundum
1598 4348 1851 4394 carnem

342 4429 647 4492 vivamus
682 4426 784 4488 :si
832 4426 1007 4487 enim
1056 4427 1407 4488 secundum
1458 4445 1713 4490 carnem
1762 4431 1855 4492 vi—

340 4526 597 4600 xeritiS,
632 4524 1033 4604 moriemini3
1068 4524 1120 4586 si
1160 4532 1371 4587 autem
1415 4527 1645 4607 spiritu
1690 4527 1855 4592 facta

341 4625 561 4688 carnis
620 4622 1185 4696 mortificaveritis,
1237 4623 1486 4686 vivetis.
1549 4624 1625 4687 Et
1672 4627 1851 4690 Chri-

228 4755 313 4792 ιιι,
344 4733 489 4786 stus
520 4721 695 4784 infra
720 4721 809 4783 ait
842 4741 856 4784 ε
890 4721 1209 4783 Attendite
1238 4739 1321 4784 ne
1347 4733 1693 4802 graventur
1722 4745 1853 4790 cor-

344 4824 427 4885 da
481 4827 693 4883 vestra
750 4818 1011 4900 crapula
1066 4827 1128 4880 et
1184 4819 1510 4894 ebrietate,
1563 4829 1627 4882 et
1680 4825 1851 4888 curis

344 4920 547 5001 hujus
594 4919 762 4982 vitae.
795 4916 842 4979 Ο
879 4936 1073 4998 quam
1126 4917 1310 4978 multi
1354 4919 1699 4982 enormiter
1745 4939 1852 4984 ex-

344 5019 588 5080 cedunt
627 5017 696 5078 in
746 5015 923 5078 istis!
967 5033 1244 5096 quorum
1283 5034 1485 5096 quum
1528 5016 1720 5079 suerit
1758 5038 1852 5081 sa·-

345 5115 675 5178 tisl'actum
730 5121 989 5188 naturae,
1026 5113 1218 5174 unius
1256 5113 1385 5175 cibi
1429 5123 1537 5176 aut
1578 5117 1849 5181 duorum

346 5214 742 5296 sumptione,
782 5211 913 5293 jam
954 5211 1211 5274 tertium
1258 5211 1577 5274 ferculum
1623 5233 1853 5296 appor-

348 5320 541 5387 tatur,
580 5319 645 5374 et
692 5311 1015 5393 appetitus
1064 5311 1143 5373 de
1191 5329 1356 5374 novo
1402 5311 1479 5373 ad
1527 5311 1743 5392 gulam
1788 5321 1854 5374 et

1966 4329 2139 4402 lavit,
2175 4337 2237 4390 et
2265 4329 2438 4410 quod
2468 4347 2596 4392 non
2635 4327 2843 4392 solum
2874 4329 3050 4392 dives
3091 4330 3220 4406 ille,
3256 4333 3363 4394 sed
3395 4341 3460 4396 et

1964 4427 2240 4489 ministri
2278 4427 2440 4507 ejuS,
2475 4426 2618 4489 duri
2656 4427 3458 4512 immisericordissimique

1962 4524 2243 4599 fuerunt,
2277 4525 2390 4606 qui
2423 4522 2704 4600 infirmo,
2735 4543 2954 4606 egeno,
2986 4524 3294 4604 famelico,
3326 4535 3458 4592 tam

1964 4643 2158 4705 parva
2205 4621 2538 4702 negabant.
2574 4621 2872 4685 Crudeles
2921 4642 3197 4705 namque
3235 4633 3299 4687 et
3342 4625 3459 4688 im-

1962 4723 2402 4786 misericordes
2449 4723 2714 4797 domini,
2750 4723 2982 4785 habere
3024 4723 3232 4787 solent
3274 4725 3459 4789 fami-

1960 4823 2111 4884 liam
2163 4821 2286 4884 sihi
2335 4821 2755 4896 con-similem,
2787 4821 2968 4902 juxta
3004 4824 3177 4904 quod
3227 4823 3292 4886 in
3342 4824 3456 4888 Ec-

1962 4921 2314 4984 clesiastico
2378 4920 2608 5000 legitur
2669 4939 2682 4982 :
2746 4919 3106 4983 Secundum
3169 4921 3450 5002 judicem
3483 4947 3739 5000 aeciam.

1962 5019 2207 5102 populi,
2243 5018 2334 5081 sic
2364 5025 2426 5079 et
2455 5019 2731 5080 ministri
2771 5019 2932 5099 ejus.
2967 5018 3259 5084 Salomon
3293 5041 3453 5103 quo-

1960 5136 2087 5199 que
2116 5116 2350 5179 fatetur
2382 5134 2396 5178 ε
2431 5114 2560 5177 Rex
2589 5115 2828 5198 impius
2866 5136 3085 5181 omnes
3126 5118 3448 5184 ministros
3490 5146 3744 5204 Pronum,

1962 5215 2154 5278 habet
2201 5214 2492 5295 injustos.
2527 5217 2658 5276 Sed
2696 5225 2759 5277 ec
2795 5235 2979 5277 canes
3020 5216 3234 5280 divitis
3275 5222 3452 5280 veni·
3482 5211 3544 5252 ¹²·

1960 5315 2170 5386 ebant,
2219 5323 2280 5374 et
2337 5315 2666 5390 linyebant
2720 5317 2940 5374 ulcera
2991 5315 3156 5392 ejus,
3215 5313 3450 5399 Sicque
