4300 6259
77 815 118 857 W
130 816 221 869 Ray.
234 817 300 863 13.

149 1396 206 1449 {6

115 1990 230 2035 Josue

73 2055 127 2103 ¹2,
147 2056 203 2096 13.

75 2686 226 2736 lCor.1.

93 2787 233 2829 Iouna.

149 2975 210 3029 Π

239 2689 304 2731 22.

251 2802 304 2837 n,
333 2776 652 2850 quaerunt.
669 2767 746 2829 Et
773 2770 941 2851 apud
967 2768 1269 2832 Ioannem
1301 2769 1389 2831 ait
1419 2768 1732 2832 Salvator:
1753 2770 1848 2832 Ni-

1161 531 1510 578 ENARRATIo
1554 531 1616 577 ΙΝ
1659 530 1798 575 (ΞΑΡ.
1845 530 1906 575 xl
1953 528 2138 576 LUCAE.
2188 550 2267 559 --
2308 530 2449 582 ΛΒΤ,
2496 529 2621 577 XXX

3364 510 3443 577 35

329 699 394 761 in
451 700 810 783 principem
865 721 1079 778 suum,
1127 710 1191 765 et
1239 702 1534 765 simulata
1579 700 1840 765 coactio.
1873 698 1922 760 A
2033 698 2176 761 Post
2223 700 2357 762 haec
2405 700 2677 782 primam
2718 699 3003 764 Christus
3052 700 3250 781 tangit
3302 700 3448 762 rati-

329 798 404 859 Ut
435 806 654 860 autem
687 800 753 861 in
797 798 962 863 libro
993 799 1232 881 Regum
1274 800 1566 875 habetur,
1603 799 1846 861 Beelze-

329 896 466 957 bub
503 896 630 961 fuit
661 900 816 961 deus
848 899 1152 973 Accaron,
1189 900 1275 961 ita
1307 901 1476 982 quod
1509 900 1845 961 Accaroni-

331 1002 408 1055 tae
459 994 704 1058 idolum
754 996 914 1059 illud
965 997 1259 1061 colebant
1303 1016 1316 1060 :
1362 998 1428 1059 in
1478 1016 1606 1080 quo
1646 996 1844 1059 Judaei

331 1092 700 1176 principem
733 1095 1185 1159 daemoniorum
1219 1096 1504 1159 habitare
1533 1096 1840 1170 dicebant,

330 1192 558 1273 sicque
619 1194 880 1256 nomine
932 1195 1084 1257 idoli
1136 1195 1314 1256 illius
1364 1196 1555 1257 etiam
1609 1194 1846 1277 princi-

330 1307 484 1371 pem
532 1292 998 1355 daemoniorum
1046 1292 1561 1357 nominaverunt.

413 1392 504 1450 Ec
550 1392 680 1450 alii
728 1401 1064 1461 tentantes,
1117 1392 1181 1454 id
1233 1399 1348 1467 est,
1403 1392 1679 1473 experiri
1739 1410 1847 1455 vo-

333 1486 539 1549 lentes
583 1508 663 1551 an
707 1490 998 1553 Christus
1052 1491 1271 1554 divina
1313 1491 1548 1553 virtute
1587 1490 1845 1571 ejiceret

332 1586 678 1661 daemoneS,
710 1590 976 1665 signum
1007 1593 1087 1650 de
1124 1594 1302 1659 ooelo,
1347 1590 1410 1652 id
1452 1597 1547 1651 est
1584 1590 1842 1670 aliquod

331 1682 595 1745 coeleste
643 1691 706 1745 e‘t
763 1704 1066 1765 magnum
1121 1686 1502 1749 miraculum
1553 1684 1670 1748 soli
1719 1685 1845 1749 Deo

333 1781 668 1863 possibile,
701 1786 1073 1863 quoerebant
1101 1788 1180 1846 ab
1209 1805 1304 1855 eo,
1336 1792 1406 1845 ut
1445 1783 1688 1847 scilicct
1721 1783 1844 1845 talc

1952 815 2141 860 onem
2194 818 2321 879 qua
2371 799 2668 880 reprobat
2715 799 2911 860 verba
2958 800 3331 871 dicentium,
3379 798 3447 859 In

1953 894 2329 971 Beelzebub,
2382 906 2503 959 etc.
2555 902 2753 960 Omne
2798 918 3075 977 regnum
3118 900 3187 959 ire
3240 918 3305 957 se
3351 900 3453 974 ip-

1950 1015 2120 1067 sum,
2156 996 2218 1058 id
2258 1004 2355 1057 est
2394 1004 2611 1058 contra
2642 1015 2709 1058 se
2750 996 2985 1078 ipsum,
3018 998 3334 1066 divisum,
3365 996 3452 1057 it‘a

1953 1095 2124 1174 quod
2168 1113 2293 1155 una
2331 1114 2475 1176 pars
2516 1095 2691 1175 regni
2734 1102 2951 1157 contra
2988 1095 3173 1157 aliam
3208 1093 3453 1176 praelia-

1951 1200 2079 1273 tur,
2110 1196 2529 1264 desolabitur,
2561 1194 2622 1256 id
2669 1201 2784 1268 est,
2820 1194 3121 1257 continuo
3164 1193 3455 1256 debilita-

1954 1291 2128 1352 bitur
2158 1299 2223 1353 ct
2250 1292 2375 1355 cito
2414 1290 2671 1373 peribit,
2706 1292 2972 1353 durante
3010 1291 3307 1353 intestina
3342 1290 3452 1352 lite

1952 1398 2144 1471 atque
2194 1389 2507 1453 discordia
2541 1409 2554 1452 :
2590 1390 2890 1471 quoniam
2940 1389 3105 1451 sicut
3148 1407 3262 1471 per
3305 1408 3454 1453 con-

1954 1488 2231 1551 cordiam
2277 1507 2486 1569 parvae
2534 1506 2634 1550 res
2674 1496 2987 1563 crescunt,
3032 1488 3123 1551 sic
3173 1506 3287 1570 per
3325 1487 3453 1550 dis-

1955 1587 2233 1649 cordiam
2286 1605 2384 1649 res
2434 1586 2724 1649 maximae
2773 1586 3163 1648 dilabuntur.
3216 1586 3451 1649 Secun-

1954 1687 2105 1747 dum
2155 1685 2629 1768 Hieronymum,
2682 1685 2885 1748 virtus
2938 1704 3195 1767 quoque
3247 1686 3443 1759 unita,

1953 1785 2178 1848 fortior
2216 1794 2312 1847 est
2360 1803 2551 1866 quam
2592 1784 2897 1867 dispersa.
2939 1784 3098 1846 Hinc
3143 1802 3257 1866 per
3294 1783 3449 1846 Osee

334 1880 726 1943 miraculum
764 1891 980 1963 ageret
1017 1902 1129 1946 seu
1170 1882 1478 1947 divinitus
1516 1882 1658 1944 fieri
1700 1901 1845 1964 pro·
1879 1878 1927 1940 B
1955 1884 2267 1965 scriptum
2299 1882 2733 1945 est1Divisum
2765 1890 2860 1945 est
2890 1901 2997 1946 cor
3025 1900 3449 1958 eorum‚nunc

260 2006 302 2041 x,
332 1986 612 2053 curaret,
661 1981 1204 2061 quemadmodum
1252 1983 1330 2044 ad
1379 1980 1842 2045 invocationem

331 2095 447 2139 seu
483 2078 697 2159 potius
724 2078 1082 2159 jussionem
1112 2079 1299 2143 Josue
1329 2079 1422 2143 sol
1455 2087 1518 2141 et
1544 2079 1698 2141 luna
1726 2087 1848 2141 ste-

331 2184 554 2239 terunt
583 2176 648 2238 in
689 2178 852 2241 coelo
891 2177 1255 2241 immobiles
1295 2178 1500 2260 spatio
1541 2178 1663 2239 diei
1707 2178 1848 2240 uni-

334 2293 445 2353 us:
497 2274 724 2356 sicque
773 2275 1305 2337 certitudinaliter
1351 2275 1587 2338 scirent
1632 2276 1844 2337 Jesum

332 2374 556 2435 divina
587 2374 836 2457 operari
863 2374 1113 2437 virtute.
1136 2375 1422 2456 Denique
1453 2375 1848 2437 consuetudi-

332 2473 590 2535 narium
623 2472 751 2535 fuit
778 2472 1009 2535 Judaeis
1045 2492 1334 2555 quaerere
1365 2474 1564 2554 signa,
1601 2481 1672 2535 ut
1700 2492 1848 2536 con—

333 2578 460 2632 stat
503 2588 582 2632 ex
627 2571 861 2633 vetoris
905 2579 967 2633 et
1011 2572 1158 2635 novi
1200 2572 1583 2633 Testamenti
1627 2573 1848 2633 decur-

333 2690 426 2731 su.
443 2668 714 2751 Propter
735 2670 907 2750 quod
932 2670 1021 2731 ait
1038 2669 1375 2752 Apostolus
1403 2688 1416 2732 ε
1440 2670 1472 2731 J
1477 2670 1634 2732 udaei
1669 2670 1848 2751 signa

335 2867 389 2928 si
422 2868 608 2948 signa
639 2875 705 2929 et
733 2866 1022 2949 prodigia
1051 2868 1361 2942 videritiS,
1397 2886 1522 2929 non
1563 2868 1842 2930 creditis.

415 2969 568 3043 Ipse
607 2974 826 3026 autem
869 2976 940 3027 ut
981 2967 1175 3034 vidit,
1222 2966 1284 3027 id
1332 2974 1448 3039 est,
1492 2965 1850 3028 intellectu-

1955 1981 2331 2043 interibunt.
2356 1984 2444 2042 Et
2472 1984 2698 2041 domus
2726 2000 2925 2058 supra
2954 1984 3217 2043 domum
3246 1985 3446 2051 cadet,

1955 2080 2017 2141 id
2067 2086 2185 2153 est,
2238 2078 2619 2141 habitatores
2681 2079 2871 2141 unius
2919 2080 3147 2142 domus
3206 2079 3452 2141 irruent

1955 2196 2148 2260 super
2179 2177 2559 2240 habitatores
2598 2178 2822 2239 domus
2860 2177 3145 2252 alteriuS,
3183 2178 3281 2239 vel
3311 2198 3453 2239 mu-

1954 2284 2066 2339 tuo
2105 2278 2433 2338 destruent
2464 2274 2736 2338 aedificia
2778 2295 2912 2350 sua,
2949 2276 3047 2338 vel
3087 2276 3455 2339 habitatori-

1955 2375 2076 2437 bus
2108 2373 2480 2447 interfectiS,
2500 2372 2771 2436 aedificia
2799 2375 3104 2435 'vetustate
3133 2373 3450 2436 deficient.

2035 2472 2116 2532 Si
2153 2480 2368 2531 autem
2407 2478 2465 2529 et
2494 2472 2778 2531 Satanas
2816 2472 2889 2531 in
2926 2490 2991 2530 se
3026 2471 3243 2547 ipsum
3280 2472 3453 2531 divi-

1953 2588 2061 2629 sus
2088 2577 2195 2637 est,
2229 2569 2293 2629 id
2324 2573 2439 2643 est,
2474 2568 2524 2629 si
2561 2587 2725 2629 unus
2756 2585 2974 2630 eorum
3008 2576 3225 2632 contra
3252 2568 3449 2630 alium

1957 2674 2198 2749 pugnat
2245 2674 2309 2728 et
2349 2667 2768 2740 machinatur,
2803 2667 2889 2727 ita
2934 2669 3104 2748 quod
3154 2684 3269 2747 ego
3312 2686 3454 2729 suc-

1958 2785 2144 2829 cursu
2190 2764 2501 2846 principis
2536 2766 2895 2827 daemonum
2936 2765 3185 2846 expello
3223 2767 3451 2829 daemo-

1958 2865 2084 2939 nia,
2133 2866 2443 2942 quomodo
2482 2865 2677 2924 stabit
2718 2884 2992 2941 reynum
3033 2866 3197 2942 ejuS,
3243 2864 3307 2926 id
3357 2872 3452 2926 est

1958 2982 2226 3044 regnum
2266 2962 2577 3044 principis
2608 2963 3090 3037 daemoniorum,
3123 2982 3322 3044 quum
3358 2964 3455 3045 ip-

335 3063 524 3124 aliter
575 3064 878 3145 inspexit,
923 3064 1338 3141 cogitationes
1386 3084 1633 3132 eorum,
1672 3066 1850 3123 dia-it
1885 3063 1928 3125 C
1959 3080 2025 3124 se
2074 3068 2293 3125 contra
2341 3060 2671 3142 proprium
2722 3079 2985 3141 regnum
3035 3069 3195 3143 agat,
3240 3062 3455 3143 expel-

333 3164 448 3221 eis.
483 3161 854 3224 Secundum
903 3160 1155 3235 Bedam‚
1201 3180 1328 3225 non
1377 3162 1454 3223 ad
1503 3162 1689 3235 dicta,
1739 3163 1847 3224 sed

334 3260 412 3321 ad
467 3259 740 3340 cogitata
789 3259 1049 3322 illorum
1100 3260 1429 3342 respondit
1471 3260 1584 3335 eiS,
1632 3268 1700 3321 ut
1748 3260 1848 3323 vel

337 3358 431 3420 sic
481 3357 1024 3440 compellerentur
1062 3360 1320 3421 credere
1364 3358 1662 3440 potentiae
1711 3358 1849 3439 ejus

336 3456 452 3538 qui
501 3456 796 3519 cordium
844 3457 1023 3519 novit
1066 3457 1334 3519 occulta.
1368 3456 1488 3518 Sed
1532 3458 1851 3537 quomodo

337 3574 568 3617 verum
609 3562 706 3616 est
745 3555 886 3629 hoc,
921 3573 1123 3637 quum
1155 3553 1556 3637 Evangelista
1592 3554 1722 3634 jam
1761 3555 1852 3617 di-

337 3654 502 3715 xerit
542 3654 856 3735 quosdam
907 3652 1165 3716 illorum
1207 3652 1463 3726 dixisse,
1497 3653 1564 3714 ln
1607 3652 1854 3715 Beelze-

335 3751 470 3814 bub
523 3750 822 3834 principe
872 3752 1355 3826 daemoniorum,
1404 3760 1551 3826 etc.,
1584 3759 1648 3813 et
1693 3752 1850 3815 alios

337 3850 601 3931 signum
630 3870 668 3913 a
696 3850 843 3912 Jesu
875 3850 1226 3932 quaesisse?
1257 3850 1352 3912 Ad
1389 3852 1561 3932 quod
1593 3868 1854 3933 respon-

336 3950 620 4011 dendum
676 3948 950 4023 videtur,
1003 3949 1176 4030 quod
1232 3948 1526 4011 Pharisaei
1579 3949 1740 4010 clam
1789 3957 1852 4011 et

334 4056 580 4111 secrete
632 4048 935 4130 praedicta
985 4047 1180 4111 verba
1239 4048 1403 4109 inter
1451 4066 1520 4109 se
1568 4048 1852 4110 contule-

335 4156 490 4209 runt
527 4155 594 4210 et
633 4147 890 4226 signum
930 4163 1219 4228 quaerere
1253 4147 1696 4209 decreverunt.
1731 4147 1853 4209 Un-

1959 3162 2146 3223 lcndo
2192 3159 2271 3221 ab
2331 3158 2701 3221 hominibus
2761 3160 3076 3223 daemones
3130 3160 3185 3223 ei
3238 3160 3454 3241 subje-

1959 3262 2136 3323 ctos?
2168 3258 2350 3340 quasi
2382 3257 2569 3331 dicat,
2602 3256 2735 3320 Non
2777 3259 2888 3320 diu
2918 3258 3170 3321 durabit
3204 3277 3218 3321 :
3252 3279 3453 3341 quum

1958 3366 2171 3419 tamen
2222 3356 2465 3418 tamdiu
2526 3357 2901 3419 duraturum
2960 3356 3062 3431 sit,
3117 3376 3454 3439 quousque

1959 3456 2250 3519 homines
2298 3454 2481 3517 electi
2532 3453 2597 3515 in
2644 3456 2765 3518 hoc
2802 3456 3041 3518 mundo
3090 3474 3205 3537 per
3242 3456 3455 3538 ipsum

1961 3552 2271 3635 probandi
2304 3561 2455 3615 sunt
2486 3572 2499 3615 :
2532 3554 2703 3634 quod
2736 3554 2856 3615 erit
2897 3572 3099 3635 usque
3128 3555 3205 3616 ad
3238 3554 3454 3617 saeculi

1960 3653 2184 3714 finem.
2219 3651 2281 3713 Si
2331 3659 2541 3713 autem
2587 3652 2782 3715 Judaei
2836 3659 2899 3713 et
2947 3653 3201 3734 reprobi
3249 3652 3455 3733 judai-

1961 3760 2171 3814 zantes
2219 3750 2566 3824 affirment,
2609 3752 2781 3832 quod
2828 3752 2907 3813 ad
2957 3770 3178 3815 vocem
3222 3751 3453 3815 Christi

1961 3852 2261 3933 princeps
2308 3849 2767 3912 daemoniorum
2814 3849 3061 3931 expulit
3112 3852 3450 3923 daemoneS‚

1962 3969 2088 4012 non
2127 3950 2205 4010 ad
2255 3948 2353 4009 sui
2392 3947 2568 4028 regni
2613 3947 3117 4029 dissipationem,
3155 3950 3262 4011 sed
3306 3968 3457 4013 con-

1960 4047 2383 4119 fortationem,
2421 4054 2490 4106 ut
2532 4046 2775 4108 scilicet
2812 4048 3101 4109 homines
3140 4048 3457 4111 aestiman-

1962 4154 2052 4208 tes
2093 4143 2413 4208 Christum
2460 4144 2692 4224 ejicere
2730 4146 3047 4207 daemones
3091 4147 3309 4210 divino
3346 4166 3457 4207 au-

336 4246 416 4306 de
445 4244 938 4325 chrysostomus
977 4242 1066 4304 ait
1099 4261 1112 4305 :
1145 4242 1352 4315 Quum
1393 4242 1848 4307 Pharisaeorum
1882 4245 1931 4306 D
1963 4244 2135 4317 xilio,
2180 4242 2529 4323 majoribus
2580 4242 3065 4324 implicarentur
3103 4243 3448 4319 erroribuS,

335 4342 626 4425 suspicio
655 4340 1110 4403 irrationabilis
1141 4348 1328 4415 esset,
1355 4349 1528 4403 metu
1561 4342 1850 4405 multitu-

336 4440 508 4501 dinis
539 4458 670 4501 non
701 4438 1021 4500 audebant
1047 4456 1186 4500 eam
1219 4438 1566 4521 divulgare.
1601 4439 1850 4503 Praeter-

336 4555 426 4612 ea,
443 4536 738 4599 cordium
770 4544 1011 4597 secreta
1039 4554 1433 4616 cognoscere,
1449 4537 1849 4620 aliorumque

337 4635 758 4716 cogitationes
800 4633 1330 4697 certitudinaliter
1370 4635 1627 4710 intueri,
1668 4643 1851 4717 utpo-

337 4740 404 4795 te
430 4734 836 4814 singulorum
869 4732 1173 4813 singulaS‚
1194 4731 1320 4796 Deo
1351 4740 1445 4795 est
1478 4733 1810 4816 proprium
1828 4754 1844 4815 3

340 4850 460 4893 nec
512 4832 706 4895 homo
755 4830 875 4893 hoc
925 4839 1152 4913 potest,
1197 4831 1320 4893 nisi
1371 4831 1494 4895 Deo
1543 4832 1730 4895 dante
1777 4851 1850 4895 ac

341 4930 690 4992 revelante.
727 4927 904 4991 Circa
948 4928 1067 4992 hoc
1109 4928 1332 4991 scribit
1370 4928 1562 4993 Gorra
1596 4948 1610 4991 ε
1645 4929 1852 4993 Potest

343 5027 535 5091 homo
574 5027 825 5107 aliquas
866 5026 1276 5107 cogitationes
1321 5027 1580 5089 alterius
1625 5046 1854 5109 cogno-

345 5143 524 5188 scere
559 5144 574 5187 :
610 5126 692 5187 de
730 5124 969 5206 quibus
1006 5126 1421 5205 agnoscendis
1461 5126 1692 5207 legitur
1720 5126 1853 5190 Pla-

349 5232 415 5287 to
461 5224 702 5286 librum
752 5224 1188 5305 composuisse
1225 5242 1242 5303 ;
1295 5225 1405 5286 sed
1453 5224 1850 5306 singulorum

351 5322 632 5404 singulas
677 5322 854 5385 solus
899 5321 1078 5384 Deus.
1107 5322 1449 5404 cognoscit.

1963 4343 2233 4405 tenendo
2258 4341 2473 4402 Jesum
2505 4358 2643 4402 esse
2674 4340 2902 4403 Filium
2935 4341 3080 4421 Dei3
3115 4342 3233 4405 hoc
3267 4341 3458 4404 facile

1961 4439 2357 4524 reprobatur,
2391 4457 2595 4521 quum
2646 4438 2943 4502 universa
2990 4459 3131 4521 quae
3169 4439 3455 4504 Christus

1958 4556 2068 4602 ore
2105 4545 2171 4601 et
2205 4537 2388 4599 factis
2433 4536 2704 4611 edocuit,
2738 4538 3009 4602 daemoni
3050 4539 3453 4620 potissimum

1960 4636 2444 4701 contrarientur.
2478 4634 2739 4719 Nempe,
2776 4637 2853 4698 ad
2892 4636 3047 4717 quid
3088 4638 3289 4700 tendit
3324 4656 3457 4701 om·-

1961 4735 2060 4797 nis
2091 4734 2320 4798 Christi
2352 4735 2657 4811 doctrina,
2693 4735 2815 4797 nisi
2846 4736 2925 4797 ad
2962 4736 3190 4816 privati
3221 4736 3454 4799 amoris

1959 4833 2390 4897 omnimodam
2434 4833 2974 4915 exstirpationem,
3018 4840 3209 4915 atque
3246 4836 3323 4896 ad
3363 4835 3457 4896 di—

1962 4932 2125 4994 vinae
2173 4929 2530 4993 dilectionis
2583 4932 3076 4994 sincerissimam
3135 4932 3457 5013 integrita-

1960 5038 2111 5103 tem,
2145 5029 2222 5090 ad
2254 5027 2352 5089 sui
2383 5028 2586 5110 ipsius
2618 5030 2958 5092 cordialem
2994 5038 3451 5113 contemptum,

1961 5134 2024 5189 et
2071 5128 2147 5189 ad
2197 5126 2305 5188 Dei
2357 5126 2907 5207 diligentissimam
2958 5131 3449 5205 venerationem,

1962 5226 2040 5288 ad
2078 5224 2641 5307 profundissimam
2691 5225 3137 5303 humilitatem,
3169 5230 3247 5290 ad
3297 5230 3457 5310 pati-

1964 5324 2201 5387 entiam
2260 5324 2724 5401 inconcussam,
2784 5327 2861 5388 ad
2917 5328 3205 5389 omnium
3263 5328 3453 5390 etiam

3496 1904 3606 1947 Osee
3622 1919 3661 1957 x,
3683 1907 3723 1948 2.

3588 2477 3655 2531 18
