4300 6259
1305 504 1653 553 malumno
1694 502 1760 549 m
1800 502 1939 550 cAl’.
1983 502 2139 549 xxm
2181 503 2368 551 LUCAE.
2413 522 2494 535 --
2535 504 2676 551 Aur.
2722 504 2865 551 xmx

3509 479 3630 546 249

520 676 629 740 vit
682 696 907 741 saxum
959 696 1260 759 magnum
1307 677 1540 758 loseph
1592 695 1735 738 cum
1786 674 2034 756 adjutoss
2062 672 2114 735 Α
2143 679 2856 754 vesperam‚.secundum
2887 678 3266 738 mandatum
3295 675 3636 757 legis,quae

520 774 714 839 ribus
760 776 893 839 suis
937 778 1015 839 ad
1056 776 1293 841 ostium
1334 775 1731 839 monumenti
1777 793 1790 836 :
1833 775 2028 855 quod,

520 882 605 935 ut
637 875 893 957 legitur,
925 874 1165 938 factum
1201 874 1323 937 fuit
1352 876 1429 937 ad
1470 874 1729 936 modum
1770 874 2037 936 domun-

518 973 719 1047 culae,
765 975 831 1036 in
881 974 1065 1055 cujus
1116 974 1327 1037 medio
1377 972 1499 1035 fuit
1547 972 1936 1054 sepulcrum,
1974 979 2038 1032 et

518 1071 759 1134 habuit
803 1072 1036 1136 ostium
1080 1058 1349 1155 parvum
1394 1073 1474 1134 ad
1525 1070 2033 1152 ingrediendum.

628 1174 713 1231 Ει
759 1173 897 1231 dies
943 1182 1083 1233 erat
1130 1174 1537 1242 ParasceveS,
1587 1170 1653 1231 id
1710 1176 1805 1231 est
1862 1175 2038 1230 sexta

516 1266 697 1331 feria
734 1289 929 1351 quam
969 1270 1304 1334 sabbatum
1341 1268 1728 1351 sequebatur
1762 1287 1775 1329 ε
1813 1268 1877 1330 in
1909 1286 2037 1348 qua

516 1368 640 1430 die
701 1368 1053 1432 crucifixus
1112 1376 1209 1431 est
1266 1368 1573 1441 ChristuS,
1635 1375 1697 1429 et
1759 1368 2033 1448 populus

514 1468 677 1549 ejus
706 1470 1007 1534 salvatus.
1042 1470 1127 1531 De
1165 1488 1292 1551 qua
1323 1468 1425 1531 die
1463 1468 1767 1553 Dominus
1804 1467 1892 1528 ait
1923 1484 2035 1548 per

2141 770 2331 852 jussit
2365 780 2432 834 ut
2469 773 2712 836 sabbati
2751 774 3100 850 silentium,
3136 776 3254 838 hoc
3293 783 3389 837 est
3425 774 3632 856 quieS‚

2144 890 2181 932 a
2219 889 2485 953 vespera
2525 892 2729 955 usque
2767 874 2845 935 ad
2885 890 3214 955 vesperam
3256 880 3634 936 servaretur.

2145 970 2264 1033 Sed
2313 970 2478 1033 facta
2527 990 2791 1053 vespera
2849 972 3114 1047 sabbati,
3169 973 3233 1034 in
3283 991 3410 1053 qua
3460 971 3643 1033 licuit

2147 1071 2267 1133 ista
2317 1071 2567 1152 pietatis
2615 1090 2807 1153 opera
2854 1089 3170 1147 exercere,
3217 1071 3370 1153 quia
3417 1088 3644 1132 secun-

2146 1170 2300 1231 dum
2331 1169 2675 1231 mulierum
2708 1171 2970 1233 istarum
3003 1170 3482 1233 aestimationem
3513 1187 3640 1233 non

2147 1267 2559 1331 sufficiebant
2616 1288 2731 1351 pro
2779 1270 3062 1352 corporis
3113 1268 3343 1332 Christi
3400 1267 3643 1331 unctio-

2147 1387 2228 1429 ne
2260 1375 2582 1449 unguenta
2610 1369 2914 1445 adhibita,
2937 1388 3158 1431 rursus
3189 1375 3482 1430 emerunt
3509 1386 3643 1430 aro-

2148 1475 2348 1547 mata3
2401 1473 2462 1528 et
2511 1475 2638 1531 tota
2687 1477 2869 1531 nocte
2918 1468 3046 1542 illa,
3094 1486 3238 1549 quae
3288 1466 3452 1529 inter
3500 1465 3642 1528 sab-

72 1580 477 1631 Zaeknnn.
516 1566 900 1630 Zachariam
950 1569 1027 1630 de
1075 1567 1321 1631 Christo
1376 1588 1390 1631 :
1431 1567 1730 1630 Auferam
1780 1575 2035 1649 peccata
2143 1566 2362 1628 batum
2392 1574 2454 1627 et
2485 1566 2865 1629 dominicam
2899 1565 3022 1629 fuit
3051 1567 3237 1641 diem,
3255 1572 3638 1648 paraverunt

513 1674 721 1729 terrae
769 1666 943 1728 illius
993 1666 1058 1727 in
1108 1667 1209 1729 die
1260 1686 1407 1728 una.
1450 1667 1660 1741 Porro,
1695 1683 2033 1748 parasceve
2143 1684 2237 1741 ea,
2293 1684 2605 1747 maneque
2652 1684 2724 1728 ea
2771 1684 2986 1728 secum
3037 1667 3321 1729 tulerunt
3377 1666 3451 1727 ad
3501 1683 3634 1728 mo-

508 1762 990 1846 interpretatur
1028 1766 1425 1847 praeparatio,
1461 1764 1614 1846 quia
1664 1763 1726 1825 in
1774 1764 1875 1826 die
1923 1765 2032 1826 illa
2142 1773 2544 1839 numentum,
2580 1773 2648 1826 ut
2679 1764 3009 1826 venientes
3050 1771 3359 1844 ungerent
3390 1763 3626 1825 Iesum.
3677 1784 3927 1835 Mas-mvn,

509 1863 1057 1947 praeparabantur
1104 1863 1343 1926 cibaria
1402 1882 1515 1945 pro
1564 1862 1824 1926 sabbato
1881 1862 2030 1924 sub-
2068 1867 2113 1929 B
2238 1863 2449 1939 Porro,
2502 1872 2572 1925 ut
2629 1861 2821 1926 refert
2875 1862 3216 1935 MatthaeuS,
3277 1862 3474 1924 altera
3529 1861 3632 1924 die
3664 1849 3702 1889 ¹·
3714 1907 3885 1953 mu„-

508 1970 862 2044 sequente,
916 1962 983 2024 in
1030 1980 1161 2052 quo
1221 1981 1335 2025 nec
1394 1961 1633 2025 cibaria
1689 1962 2029 2043 praeparari
2138 1981 2281 2044 quae
2309 1970 2405 2024 est
2435 1971 2573 2044 post
2601 1962 3437 2038 Parasceven,convenerunt
3468 1960 3634 2042 prin·
3659 1973 3930 2024 xm1.⁶2-ee.

508 2062 783 2125 licitum
814 2061 1243 2143 opinabantur
1269 2062 1299 2123 J
1307 2061 1489 2124 udaei.
1524 2060 1653 2124 Hoc
1684 2068 1895 2123 autem
1930 2080 2034 2125 vo-

508 2158 835 2223 cabulum
894 2167 1224 2222 traxerunt
1276 2159 1472 2222 Judaei
1531 2178 1568 2221 a
1626 2158 1853 2221 Graecis
1919 2158 2031 2240 qui

509 2258 705 2321 inter
746 2276 851 2321 eos
900 2257 1461 2322 conversabantur.
1508 2256 1641 2321 Non
1690 2257 1861 2319 enim
1914 2256 2031 2319 He-

506 2358 846 2431 braicum,
882 2358 991 2420 sed
1032 2356 1314 2419 Graecum
1360 2364 1457 2418 est
1496 2374 1727 2418 nomen
1774 2356 1914 2418 hoc.
1950 2359 2034 2417 Ec

500 2458 892 2527 sabbatum,
945 2455 1242 2518 videlicet
1288 2455 1562 2537 septima
1608 2453 1741 2517 dies
1801 2454 2036 2517 hebdo-

506 2554 758 2628 madae,
792 2555 1217 2626 illucescebat,
1253 2552 1318 2614 id
1365 2559 1481 2628 est,
1514 2553 1727 2615 lucere
1772 2551 2036 2633 incipie-

508 2654 663 2727 bat,
713 2671 839 2715 non
889 2653 1059 2733 quod
1110 2651 1204 2713 sol
1259 2660 1408 2714 tunc
1457 2652 1725 2733 coeperit
1770 2669 2036 2732 appare-

506 2769 624 2826 re,
658 2751 770 2812 sed
818 2749 1019 2812 stellis
1066 2749 1129 2811 in
1178 2749 1498 2831 principio
1544 2750 1744 2812 noctis
1790 2748 2033 2811 sabbati

506 2865 840 2929 apparere
901 2846 1383 2928 incipientibus.
1429 2846 1625 2909 Judaei
1676 2866 1951 2928 namque
2000 2866 2036 2908 a

506 2964 801 3028 vespera
830 2945 896 3007 in
928 2964 1256 3027 vesperam
1286 2946 1571 3009 solennia
1601 2945 2030 3008 celebrabant:

2140 2061 2317 2143 cipes
2355 2062 2752 2124 sacerdotum
2797 2067 2858 2121 et
2897 2059 3190 2122 Pharisaei
3222 2061 3300 2121 ad
3339 2058 3629 2132 Pilatum,

2142 2160 2424 2223 dicentes
2468 2179 2481 2222 ε
2526 2160 2810 2234 Domine,
2859 2160 3166 2221 recordati
3216 2178 3438 2221 sumus
3485 2157 3638 2239 quia

2129 2260 2438 2321 'seductor
2486 2258 2594 2319 ille
2643 2257 2803 2320 dixit
2847 2259 3055 2320 adhuc
3107 2257 3329 2320 vivens
3389 2256 3453 2317 in
3505 2275 3641 2320 cor-

2144 2376 2318 2439 pore,
2355 2356 2498 2419 Post
2544 2364 2667 2419 tres
2713 2357 2846 2419 dies
2891 2374 3237 2436 resurgam,
3272 2355 3335 2418 id
3378 2364 3474 2417 est
3517 2362 3642 2417 ter-

2143 2458 2232 2520 tio
2271 2456 2374 2518 die
2408 2455 2620 2518 statim
2653 2464 2796 2538 post
2834 2456 2974 2537 ejus
3016 2455 3506 2519 inchoationem.
3539 2454 3643 2515 Ju-

2142 2555 2224 2618 be
2271 2574 2420 2636 ergo
2471 2554 2775 2618 custodiri
2824 2554 3191 2636 sepulcrum
3247 2552 3386 2634 ejus
3438 2572 3642 2635 usque

2144 2655 2210 2717 in
2260 2654 2428 2717 diem
2469 2654 2724 2716 tertium
2778 2653 3110 2726 inclusive,
3147 2670 3228 2715 ne
3265 2652 3427 2715 forte
3466 2651 3644 2715 veni-

2142 2761 2252 2815 ant
2290 2752 2587 2834 discipuli
2629 2751 2766 2832 ejus
2807 2759 2869 2812 ct
2912 2749 3207 2812 furentur
3245 2769 3414 2825 eum,
3449 2758 3511 2812 et
3550 2750 3643 2812 di-

2144 2861 2289 2915 cant
2347 2850 2542 2933 plebi,
2594 2850 2879 2912 Surrexit
2927 2870 2962 2911 a
3009 2850 3276 2912 mortuis
3332 2868 3344 2911 :
3403 2856 3466 2911 et
3521 2849 3642 2911 erit

2146 2950 2530 3013 novissimus
2587 2966 2763 3012 error
2821 2948 2999 3030 pej0r
3057 2948 3288 3030 priore.
3353 2947 3457 3009 Ait
3515 2947 3641 3009 illis

504 3046 679 3109 ideo
730 3044 1062 3107 sabbatum
1118 3053 1270 3107 tunc
1328 3044 1757 3119 illucescebat,
1808 3045 2037 3125 quoni-
2072 3042 2115 3107 C
2148 3048 2377 3111 Pilatus
2423 3066 2436 3110 :
2479 3046 2734 3109 Habetis
2781 3046 3155 3126 custodiam,
3201 3046 3265 3109 id
3313 3054 3430 3121 est,
3475 3046 3642 3108 mili-—

502 3162 637 3207 am
685 3143 893 3225 prima
939 3142 1185 3205 sabbati
1237 3142 1412 3205 illius
1450 3160 1715 3224 vespera
1758 3142 1889 3223 jam
1940 3143 2036 3205 in-

506 3242 761 3307 stabat.

202 3357 312 3412 55
632 3344 1003 3405 Subsecutoe
1050 3352 1269 3404 autem
1325 3344 1649 3412 mulieres,
1695 3363 1840 3423 quce
1884 3363 2032 3405 cum
2144 3362 2258 3426 per
2289 3344 2524 3406 milites
2565 3341 2870 3405 custodiri
2909 3341 3094 3405 facite
3125 3350 3636 3418 monumentum,

504 3443 673 3521 ipso
708 3449 1017 3502 venerant
1044 3444 1125 3502 de
1159 3443 1459 3509 Galiloea,
1500 3442 1577 3503 de
1616 3440 1853 3522 quibus
1900 3441 2030 3522 jam
2142 3444 2308 3506 sicut
2344 3442 2520 3505 scitis
2568 3459 2705 3503 esse
2745 3440 3111 3523 expediens.
3146 3440 3241 3502 Illi
3282 3448 3492 3503 autem
3531 3441 3642 3503 ab-

506 3540 778 3603 dictum
808 3546 924 3613 est,
952 3540 1261 3600 viderunt
1288 3550 1799 3609 monumentum,
1820 3539 1885 3602 id
1916 3548 2025 3615 est,
2140 3549 2364 3605 euntes
2395 3540 2765 3603 munierunt
2797 3540 3180 3621 sepulcrum,
3207 3539 3526 3620 signantes
3559 3540 3638 3603 la-

508 3637 1099 3703 consideraverunt
1144 3644 1401 3710 attente,
1442 3644 1866 3719 proponentes
1908 3638 2031 3701 cito
2143 3641 2356 3724 pidem
2401 3658 2516 3702 suo
2556 3638 2787 3720 sigillo,
2822 3657 2968 3700 cum
3007 3637 3399 3713 custodibuS,
3435 3638 3500 3700 id
3539 3646 3636 3700 est

506 3736 790 3810 reverti,
824 3742 1444 3816 monumentumque
1494 3734 1737 3816 ingredi
1780 3738 1858 3798 ad
1900 3755 2033 3799 cor-
2143 3738 2454 3802 militibus
2503 3739 2580 3800 ad
2627 3737 2905 3818 sepulcri
2964 3736 3315 3799 custodiam
3373 3738 3636 3819 deputa-

510 3854 655 3919 pus
698 3833 924 3897 Christi
978 3834 1370 3915 ungendum.
1408 3834 1553 3896 Ideo
1596 3833 1893 3897 subditur
1926 3854 1939 3897 :
1973 3846 2033 3896 et
2143 3838 2246 3901 tis.
2281 3837 2401 3901 Sed
2448 3844 2516 3899 ut
2563 3836 2857 3900 Salomon
2903 3842 3285 3917 protestatur
3319 3854 3332 3898 ε
3366 3835 3500 3899 Non
3540 3844 3635 3899 est
3683 3854 3818 3897 prov.
3842 3866 3927 3903 m.

508 3936 1079 4016 quemadmodum
1110 3934 1400 4009 positum
1434 3942 1576 3993 erat
1614 3952 1842 4009 corpus
1868 3934 2031 4011 ejus,
2144 3937 2476 4019 sapientia,
2513 3955 2636 3999 non
2669 3942 2764 3997 cst
2804 3934 3160 4016 prudentia,
3197 3953 3323 3997 non
3363 3942 3457 3997 est
3488 3954 3638 3998 con·
3665 3920 3735 3961 ³⁰·

208 4046 319 4105 56
512 4040 601 4095 ut
632 4031 794 4093 illud
826 4031 1015 4093 citius
1051 4030 1363 4111 attingere
1404 4038 1682 4112 possent.
1716 4034 1801 4093 Ec
1827 4053 2037 4093 rever·
2144 4036 2360 4097 silium
2401 4043 2620 4099 contra
2659 4034 3022 4097 Dominum.
3057 4033 3215 4096 Hinc
3257 4042 3495 4115 quanto
3530 4034 3639 4096 Ju-

512 4140 733 4193 tences
771 4130 838 4191 in
883 4128 1232 4191 Jerusalem
1277 4148 1424 4191 cum
1472 4128 1805 4191 benedicta
1847 4130 2038 4211 virgi-

2143 3156 2236 3210 tes
2295 3147 2407 3229 qui
2471 3152 2957 3209 monumentum
3017 3146 3399 3220 custodiant,
3463 3145 3642 3209 vobis

2144 3255 2437 3328 prompte
2495 3245 2792 3307 concedo.
2847 3245 2954 3318 Ite,
3009 3244 3342 3318 custodite,
3401 3244 3464 3307 id
3522 3253 3638 3318 est,

2145 4133 2262 4195 daei
2311 4132 2602 4195 callidius
2661 4132 3098 4212 cogitaverunt
3151 4150 3380 4194 nomen
3439 4139 3501 4194 et
3547 4131 3640 4194 fa-

512 4248 613 4295 ne
648 4227 857 4300 Maria,
886 4237 1297 4307 paraverunt
1326 4224 1621 4291 aromata
1652 4238 1712 4289 ec
1743 4250 2037 4307 unguen·
2068 4236 2118 4297 D
2144 4251 2306 4294 mam
2337 4250 2409 4293 ac
2439 4230 2636 4293 fidem
2668 4230 2899 4294 Christi
2933 4248 3187 4312 prorsus
3219 4231 3639 4311 exstinguere,

513 4340 622 4396 ta,
657 4326 899 4408 quibus
951 4333 1093 4408 post
1140 4324 1479 4388 sabbatum
1528 4346 1760 4409 corpus
1804 4327 2033 4390 Christi

508 4426 890 4500 condirent,
930 4424 1227 4506 quamvis
1275 4425 1654 4488 Nicodemus
1711 4427 1830 4489 hoc
1884 4427 2035 4490 satis

510 4526 813 4589 fecisset.
855 4524 1033 4586 Unde
1085 4532 1351 4599 constat,
1394 4527 1566 4606 quod
1616 4543 1735 4587 nec
1780 4524 2036 4589 seminae

510 4626 674 4688 istae
732 4620 1052 4686 Christum
1112 4622 1217 4686 die
1279 4624 1465 4687 tertia
1526 4631 2034 4687 resurrecturum

512 4721 895 4808 putabant3
947 4723 1058 4784 sed
1117 4729 1337 4786 contra
1393 4723 1682 4787 foetorem
1730 4730 2030 4801 aromata,

508 4827 756 4887 contra
803 4820 1278 4901 corruptionem
1329 4820 1637 4902 parabant
1682 4828 2029 4902 unguenta,

508 4920 697 4985 feria
745 4926 922 4981 sexta
972 4937 1177 4999 usque
1222 4919 1301 4980 ad
1351 4918 1503 4981 solis
1549 4937 1867 4995 occasum,
1915 4920 2035 4983 sci-

512 5020 687 5085 licet
730 5016 1041 5098 quamdiu
1091 5015 1183 5077 eis
1232 5016 1414 5079 licuit
1460 5017 1730 5098 operari.
1770 5021 1852 5079 Ec
1897 5021 2035 5079 sab-

508 5122 677 5181 bato
704 5118 973 5196 quidem
1001 5115 1355 5184 siluerunt,
1386 5113 1448 5177 id
1481 5122 1596 5191 est,
1632 5123 1758 5179 toto
1789 5116 1899 5179 illo
1930 5118 2031 5180 die

508 5214 781 5279 sabbati
835 5211 1219 5295 praesolenni
1277 5212 1663 5294 quieverunt
1708 5233 1745 5275 a
1793 5233 2034 5296 praepa-

506 5312 778 5378 ratione
822 5317 1179 5376 aromatum
1231 5318 1296 5372 et
1342 5312 1650 5392 unguenti
1702 5330 1905 5395 usque
1951 5314 2030 5376 ad

2144 4338 2318 4394 tanto
2350 4328 2494 4411 plus
2525 4348 2669 4391 eum
2701 4328 3238 4410 glorificaverunt.
3263 4328 3438 4401 Quod
3467 4329 3638 4391 enim

2148 4436 2272 4490 tam
2324 4428 2661 4509 diligenter
2709 4428 3076 4509 sepulcrum
3126 4428 3537 4508 signaverunt
3579 4435 3642 4489 et

2146 4526 2449 4590 custodiri
2517 4524 2826 4600 fecerunt,
2889 4526 3317 4587 certissimum
3385 4524 3638 4610 signum

2144 4633 2261 4701 est,
2295 4645 2526 4708 corpus
2568 4625 2798 4688 Christi
2846 4622 3018 4687 furto
3067 4642 3192 4687 non
3242 4642 3379 4685 esse
3427 4623 3642 4686 subla-

2143 4731 2304 4797 tum,
2353 4725 2462 4787 sed
2512 4723 2729 4787 divina
2777 4722 3223 4785 resuscitatum
3271 4721 3525 4796 virtute,
3570 4730 3640 4785 ut

2144 4841 2338 4904 super
2378 4822 2735 4884 Matthaeum
2779 4820 3012 4883 clarius
3056 4819 3504 4884 demonstravi.

2223 4919 2558 4995 Postremo,
2580 4939 2724 5001 quae
2749 4919 2981 5001 Joseph
3012 4927 3075 4980 et
3102 4917 3480 4981 Nicodemus
3510 4938 3640 4983 cor-

2142 5019 2282 5100 pori
2319 5017 2546 5081 Christi
2589 5017 3000 5099 corporaliter
3036 5016 3485 5091 exhibuerunt,
3521 5037 3635 5082 nos

2141 5117 2388 5180 Christo
2418 5116 2832 5199 spiritualiter
2869 5115 3175 5179 debemus
3215 5116 3584 5197 impendere
3618 5136 3632 5179 ε

2138 5223 2202 5278 et
2261 5215 2518 5298 myrrha
2561 5234 2634 5277 ac
2681 5215 2818 5277 aloe
2876 5215 3043 5277 istud
3093 5214 3372 5288 condire,
3427 5214 3491 5277 id
3543 5222 3638 5277 est

2141 5314 2444 5379 vitiorum
2481 5313 2991 5387 mortificatione,
3039 5332 3112 5376 ac
3156 5313 3340 5377 bonae
3377 5330 3638 5377 conver-
