4300 6259
132 2177 204 2233 37

1133 517 1481 567 mantano
1523 518 1586 564 m
1627 517 1766 564 cAP.
1811 517 1877 565 lx
1916 516 2196 567 mamus.
2243 536 2323 547 —
2364 516 2507 565 ΛΒΤ.
2552 518 2701 565 XXIV

3340 493 3461 560 457

341 693 538 753 tanto
575 690 748 771 apud
784 691 984 753 Deum
1023 697 1303 753 meretur
1339 691 1716 774 ampliorem
1754 708 1862 752 cx-
1888 689 1940 750 A
1969 689 2092 765 niS,
2127 690 2206 752 de
2252 708 2383 772 quo
2420 690 2580 752 dixit
2612 708 2625 753 ε
2660 689 2794 753 Nou
2832 689 3010 753 misit
3036 689 3199 751 Deus
3229 686 3459 749 Filium
3512 697 3752 748 haman.

338 786 724 851 altationem
758 797 821 851 et
848 790 1138 870 gratiam.
1174 791 1386 853 Caecus
1427 790 1544 851 iste
1576 790 1858 853 nondum

340 886 778 949 determinate
825 888 1121 951 credebat
1165 889 1230 951 in
1278 888 1510 951 Filium
1561 889 1706 969 Dei3
1749 890 1859 951 sed

343 995 618 1067 paratus
667 986 792 1048 fuit
843 988 921 1049 ad
971 988 1112 1051 hoc.
1161 987 1304 1051 Ideo
1353 987 1776 1069 interrogatur
1824 1007 1860 1049 a

342 1084 631 1157 Christo,
666 1085 820 1167 quia
847 1086 959 1167 qui
991 1086 1144 1149 boni
1178 1086 1486 1168 propositi
1527 1094 1696 1161 sunt,
1731 1104 1860 1148 me-

343 1191 584 1245 rentur
609 1184 874 1263 gratiam
908 1184 1014 1247 Dei
1045 1185 1507 1247 auxiliatricem
1529 1202 1643 1268 per
1667 1203 1858 1265 quam

347 1283 760 1345 deducantur
801 1283 867 1344 in
912 1284 1384 1346 exsecutionem
1433 1283 1774 1345 salubrem.

439 1382 800 1459 Respondit
839 1384 952 1442 ille
990 1400 1192 1444 caecus
1237 1401 1250 1445 ε
1303 1385 1458 1451 Quis
1504 1394 1618 1451 est,
1659 1402 1698 1446 o
1737 1386 1862 1443 Do·-

347 1482 563 1548 mine,
595 1480 794 1542 Filius
834 1480 978 1542 Dei?
1018 1482 1191 1563 quod
1233 1500 1450 1564 quaero
1489 1489 1558 1541 ut
1600 1484 1858 1543 credam

347 1579 432 1638 in
461 1599 636 1639 eum.
673 1577 965 1642 Nondum
995 1579 1170 1641 enim
1200 1580 1496 1660 cognovit
1518 1579 1730 1641 Iesum
1764 1598 1860 1640 se-

349 1678 648 1739 cundum
677 1676 929 1750 faciem,
963 1678 1269 1759 quoniam
1299 1697 1505 1740 caecus
1535 1678 1614 1740 ab
1653 1696 1728 1742 eo
1761 1696 1858 1739 re-

350 1775 574 1848 cessit,
609 1783 672 1837 et
710 1777 994 1838 nondum
1033 1778 1110 1838 ad
1150 1794 1297 1838 eum
1345 1794 1635 1839 reversus
1685 1775 1854 1839 fuit:

1969 808 2159 851 suum
2206 796 2277 849 ut
2320 788 2564 869 judicet
2614 789 2962 861 mundum;
3018 795 3101 863 et,
3148 786 3275 867 Ego
3332 804 3459 848 non
3491 763 3755 873 nimam„

1965 887 2185 969 judico
2214 906 2633 969 quemquam.
2683 891 2756 949 Ut
2793 890 2911 967 qui
2947 907 3079 948 non
3124 888 3364 954 vident,
3396 884 3461 946 id
3491 888 3557 929 ¹⁵·

1969 994 2064 1049 est
2112 987 2437 1069 simplices
2495 994 2557 1048 et
2605 986 2865 1060 indocti,
2919 986 3141 1067 quales
3201 984 3463 1046 fuerunt

1969 1087 2269 1169 discipuli
2308 1086 2539 1150 Christi
2570 1093 2645 1147 et‘
2664 1105 2866 1149 caecus
2898 1087 3038 1161 iste,
3076 1088 3363 1155 videant,
3397 1083 3460 1145 id

1969 1194 2078 1259 est,
2100 1185 2516 1268 spiritualiter
2545 1185 2991 1247 illuminentur
3018 1204 3055 1246 a
3086 1172 3216 1257 me,
3230 1200 3463 1264 meque

1968 1285 2178 1348 lucem
2211 1285 2432 1348 mundi
2471 1283 2625 1347 fidei
2665 1283 2868 1348 oculis
2912 1282 3460 1364 contemplentur:

1966 1394 2026 1445 ec
2065 1386 2184 1463 qui
2224 1385 2471 1452 vident,
2522 1383 2585 1445 id
2636 1389 2731 1444 est
2772 1381 3007 1445 Scribae
3055 1390 3118 1444 et
3166 1380 3459 1443 Pharisaei

1971 1482 2291 1562 ceterique
2358 1482 2423 1543 in
2491 1480 2767 1563 propriis
2843 1480 3044 1544 oculis
3120 1480 3459 1561 sapienteS,
3519 1487 3728 1537 1⁸-v.²¹·

1971 1580 2228 1643 litterati
2272 1598 2345 1642 ac
2387 1579 2657 1661 providi,
2691 1582 2843 1641 caeci
2877 1583 3069 1656 fiant,
3113 1578 3175 1641 id
3215 1586 3330 1653 est,
3371 1578 3466 1640 lu-

1969 1678 2144 1743 mine
2172 1678 2323 1741 fidei
2358 1678 2708 1759 ceterisque
2737 1678 2919 1740 donis
2948 1678 3165 1757 gratiae
3194 1676 3465 1759 Spiritus

1971 1776 2179 1839 Sancti
2224 1770 2590 1859 priventur,
2640 1783 2705 1839 et
2759 1777 3017 1857 gravius
3066 1795 3261 1858 quam
3316 1782 3463 1838 ante

350 1882 420 1936 et
463 1874 519 1934 si
563 1874 964 1955 cognovisset
1009 1892 1158 1936 eum
1207 1876 1559 1937 secundum
1606 1874 1856 1950 faciem,
1897 1874 1946 1937 B
1971 1876 2489 1949 obtenebrentur,
2527 1883 2785 1957 propter
2824 1893 3047 1938 eorum
3096 1873 3463 1956 superbiam

352 1991 486 2035 non
522 1982 732 2035 'tamen
765 1973 1057 2037 scivisset
1093 1975 1264 2055 quod
1308 1980 1472 2036 esset
1503 1974 1696 2037 Filius
1729 1974 1858 2047 Dei,

353 2069 516 2150 quia
561 2077 633 2131 ut
673 2070 916 2133 dictum
964 2078 1080 2146 est,
1114 2071 1319 2132 tenuit
1365 2089 1512 2133 eum
1567 2089 1682 2153 pro
1719 2071 1864 2134 Pro-

355 2170 576 2251 pheta.
613 2172 698 2231 Ει
745 2172 926 2231 dimit
960 2171 1024 2229 ei
1065 2173 1245 2231 ,Iesus
1276 2191 1299 2230 .·
1330 2174 1415 2231 Ει
1446 2172 1676 2231 vidisti
1712 2191 1858 2231 eum

357 2286 560 2343 nunc,
603 2268 682 2329 ad
731 2286 834 2330 me
883 2268 1261 2343 accedendo,
1294 2278 1356 2329 et
1402 2270 1521 2349 qui
1571 2270 1861 2348 loquitur

358 2377 596 2435 tecum,
621 2370 754 2445 ipse
782 2377 898 2437 est,
920 2367 985 2429 id
1014 2374 1128 2441 est,
1149 2384 1264 2447 ego
1295 2367 1434 2449 ipse
1463 2386 1655 2449 quem
1687 2386 1859 2429 nunc

357 2464 700 2547 inspexisti
740 2465 926 2529 oculo
965 2465 1300 2547 corporali,
1343 2465 1454 2547 qui
1499 2465 1860 2546 praescnt-ia-

354 2563 508 2625 liter
540 2569 750 2625 tecum
784 2563 1032 2643 loquor,
1067 2582 1211 2625 sum
1238 2563 1430 2625 Filius
1463 2562 1594 2625 Dei.
1629 2568 1719 2624 At
1747 2565 1860 2623 ille

351 2663 455 2723 ait
493 2680 520 2723 .·
571 2664 793 2734 CredO,
843 2664 1142 2733 Domine,
1176 2661 1240 2724 in
1287 2662 1518 2724 Filium
1571 2660 1699 2723 Dei.
1751 2662 1859 2724 His

353 2778 596 2843 nempe
643 2760 858 2825 verbis
917 2760 1171 2836 auditiS,
1225 2760 1519 2841 cognovit
1577 2762 1750 2842 quod
1807 2760 1859 2822 is

350 2858 470 2941 qui
516 2877 668 2921 eum
686 2858 1172 2941 ³alloquebatur,
1226 2858 1350 2921 fuit
1394 2859 1596 2939 JesuS‚
1649 2860 1864 2923 oculo-

353 2978 502 3021 rum
545 2976 811 3021 suorum
848 2967 1142 3040 apertor3
1184 2966 1248 3021 et
1289 2958 1442 3039 quia
1480 2960 1684 3021 tenuit
1713 2978 1860 3022 eum

1969 1982 2163 2056 atque
2210 1975 2535 2037 demerita.
2578 1974 2738 2036 Huic
2786 1974 2982 2038 verbo
3032 1972 3262 2036 Christi
3317 1992 3467 2035 con-

1971 2082 2149 2137 sonat
2179 2073 2352 2155 quod
2399 2071 2655 2136 Simeon
2696 2073 2908 2154 justus
2961 2072 3331 2155 praedixisse
3376 2072 3466 2135 le-

1967 2172 2140 2254 gitur
2192 2190 2205 2236 :
2258 2171 2419 2234 Ecce
2472 2172 2718 2253 positus
2776 2178 2871 2234 est
2926 2171 3032 2234 hic
3089 2172 3154 2233 in
3214 2170 3462 2233 ruinam
3494 2183 3755 2233 tamma.

1969 2280 2032 2333 et
2094 2270 2622 2334 resurrectionem
2690 2270 3039 2333 multorum
3108 2270 3175 2332 in
3248 2269 3460 2332 Israel.

1969 2369 2255 2433 Christus
2292 2386 2551 2450 quoque
2590 2369 2715 2431 alio
2754 2370 2892 2433 loco
2935 2368 3022 2431 ait
3068 2368 3466 2431 concorditer

1968 2469 2106 2531 istis
2141 2486 2155 2531 ε
2191 2466 2513 2531 Confiteor
2550 2467 2691 2543 tibi,
2736 2466 2933 2541 Pater,
2975 2466 3279 2548 quoniam
3324 2466 3467 2527 abs-
3506 2478 3753 2529 uuum..

1969 2565 2238 2629 condisti
2272 2566 2406 2628 haec
2434 2583 2471 2625 a
2506 2563 2900 2647 sapientibus
2932 2574 2995 2628 et
3024 2564 3457 2647 prudentibuS,
3492 2546 3562 2587 ²⁵·

1968 2673 2032 2727 et
2074 2664 2366 2727 revelasti
2410 2682 2482 2725 ea
2531 2664 2838 2744 parvuliS.

2049 2763 2316 2827 Possunt
2360 2780 2617 2845 quoque
2668 2780 2783 2845 per
2833 2780 2959 2825 non
3006 2762 3316 2837 videnteS,
3368 2761 3466 2823 in-

1969 2862 2169 2943 telligi
2204 2869 2562 2944 peccatores
2594 2861 2766 2924 vitiis
2796 2860 3132 2935 obfuscati,
3166 2861 3276 2923 scd
3307 2880 3468 2942 prae-

1971 2960 2289 3035 destinati,
2346 2968 2416 3022 ut
2460 2959 2805 3033 Matthaeus,
2861 2959 3176 3034 Zachaeus,
3227 2958 3467 3040 Magda-

355 3076 476 3141 pro
524 3075 676 3121 vero
704 3055 1016 3139 Propheta
1055 3056 1358 3139 justoque
1399 3057 1557 3131 viro,
1593 3058 1862 3121 credidit
1897 3057 1940 3119 C
1971 3060 2135 3133 lena,
2200 3059 2311 3141 qui
2383 3077 2496 3140 per
2562 3057 2882 3120 Christum
2956 3058 3252 3120 illustrati
3318 3064 3469 3121 sunt

351 3155 578 3219 omnia
619 3155 813 3219 verba
842 3155 981 3237 ejus
1012 3174 1150 3217 esse
1183 3174 1352 3218 vera.
1385 3155 1627 3219 Idcirco
1657 3174 1859 3237 quum

354 3256 643 3318 audisset
669 3255 751 3317 ab
781 3274 891 3319 ore
919 3255 1062 3336 ejus
1091 3256 1262 3337 quod
1303 3262 1468 3317 esset
1497 3254 1693 3318 Filius
1725 3255 1854 3329 Dei,

355 3374 508 3418 mox
554 3354 848 3434 credidit,
881 3353 1089 3417 sciens
1133 3353 1330 3416 Deum
1371 3371 1508 3415 esse
1560 3373 1704 3416 cum
1750 3354 1860 3417 illo

355 3452 464 3516 cui
507 3451 825 3515 credebat.
863 3455 947 3513 Et
976 3454 1320 3529 procidens
1357 3454 1658 3513 adoravit
1685 3472 1854 3513 eum.

355 3550 423 3613 Si
455 3550 728 3613 credidit
767 3550 1068 3632 explicite
1111 3550 1280 3631 quod
1331 3556 1498 3611 esset
1526 3549 1720 3611 Filius
1751 3550 1858 3613 Dei

355 3648 691 3723 naturalis,
722 3648 1009 3711 adoravit
1048 3666 1194 3709 eum
1237 3648 1598 3711 adoratione
1638 3648 1856 3711 latriae.

353 3748 421 3811 Si
463 3766 616 3811 vero
655 3746 924 3811 credidit
961 3747 1132 3827 quod
1172 3745 1338 3808 esse't
1371 3746 1562 3809 Filius
1594 3747 1700 3809 Dei
1747 3765 1861 3830 per

352 3846 628 3927 gratiam
676 3844 1088 3925 singularem,
1121 3845 1406 3907 adoravit
1451 3862 1599 3921 eum
1642 3847 1860 3909 adora-

355 3945 534 4007 tione
585 3943 796 4007 duliae.
833 3942 1203 4005 Paucissimi
1254 3950 1464 4005 autem
1515 3944 1862 4026 discipulo-

358 4062 505 4105 rum
539 4041 859 4105 habebant
885 4040 1253 4123 explicitam
1295 4040 1622 4123 fixamque
1660 4042 1857 4105 fidem

357 4143 438 4205 de
467 4142 594 4204 hoc
622 4141 794 4221 quod
827 4138 1114 4203 Christus
1152 4148 1319 4201 esset
1348 4139 1456 4201 Dei
1488 4140 1859 4221 Unigenitus

1971 3159 2194 3237 corde3
2230 3176 2345 3239 per
2372 3156 2659 3219 videntes
2700 3174 2871 3229 vero,
2906 3156 2973 3218 hi
3014 3176 3173 3239 quos
3216 3155 3468 3219 inflavit

1969 3255 2272 3338 superbia
2301 3255 2363 3317 in
2400 3262 2667 3328 tantum,
2704 3262 2774 3316 ut
2801 3253 3031 3318 Christi
3081 3254 3469 3337 praedicatio-

1971 3373 2116 3417 nem
2168 3355 2455 3417 deridere
2518 3354 3067 3435 praesumpserint.
3122 3353 3351 3427 Tertio,
3406 3362 3468 3417 et

1970 3454 2395 3526 communiuS,
2432 3471 2545 3535 per
2584 3471 2709 3516 non
2755 3454 3062 3527 videntes,
3097 3452 3467 3534 intelligun-

1969 3559 2074 3614 tur
2113 3549 2406 3633 gentiles,
2436 3552 2625 3613 unius
2674 3552 2804 3615 veri
2847 3551 2955 3613 Dei
3005 3552 3327 3633 agnitione
3370 3570 3469 3613 ca-

1970 3658 2221 3728 rentes;
2272 3667 2385 3731 per
2432 3648 2717 3712 videntes
2761 3668 2933 3725 vero,
2977 3649 3196 3726 Judaei,
3250 3650 3469 3712 divina

1968 3750 2108 3830 lege
2158 3747 2472 3811 instructi.
2524 3748 2593 3809 In
2644 3746 2872 3810 Christi
2922 3756 3136 3810 autem
3186 3749 3463 3810 adventu

1971 3856 2033 3911 et
2081 3848 2404 3929 deincepS,
2437 3846 2631 3926 coepit
2668 3845 2943 3927 populus
2971 3844 3331 3908 Judaeorum
3360 3863 3465 3907 ex·

1972 3946 2216 4027 caecari,
2270 3954 2461 4026 atque
2524 3942 2843 4025 gentilitas
2910 3942 3236 4017 illustrari,
3302 3962 3461 4025 prae-

1971 4045 2191 4108 sertim
2234 4050 2376 4126 post
2415 4042 2795 4123 passionem,
2854 4041 3171 4123 Apostolis
3222 4041 3464 4123 ubique
3501 4060 3754 4109 nav-mvn,

1969 4140 2364 4206 docentibus.
2417 4139 2676 4221 Propter
2730 4140 2901 4220 quod
2959 4140 3243 4203 Christus
3302 4140 3463 4202 dixit
3490 4124 3559 4164 ²⁰·

359 4258 686 4321 verusque
715 4237 880 4301 Deus
915 4256 928 4301 :
964 4238 1056 4300 sic
1086 4246 1294 4300 tamen
1329 4238 1618 4320 dispositi
1662 4247 1859 4315 erant,
1892 4239 1941 4300 D
1965 4239 2195 4302 Judaeis
2233 4258 2247 4301 :
2284 4236 2622 4299 Auferetur
2650 4256 2687 4299 a
2717 4236 2897 4301 vobis
2942 4255 3205 4318 regnum
3234 4238 3365 4313 Dei,
3400 4246 3462 4300 ct
3499 4254 3757 4307 uanam,

358 4340 534 4421 quod
582 4356 728 4401 mox
773 4332 971 4399 fidem
1015 4336 1202 4398 talem
1249 4337 1628 4419 reciperent.

433 4439 627 4500 Dim-ic
655 4438 719 4496 ei
743 4439 1060 4497 Iesus:In
1075 4436 1418 4512 ⁴iudicium,
1445 4455 1555 4512 eqo
1586 4438 1655 4498 in
1688 4440 1862 4497 hunc

359 4539 690 4598 mundum
724 4535 892 4606 veni,
929 4533 994 4595 id
1032 4542 1128 4595 est
1165 4533 1241 4594 ad
1281 4531 1645 4596 faciendum
1693 4534 1862 4614 judi-

359 4636 539 4698 cium
596 4629 1020 4706 discretioniS‚
1081 4632 1202 4694 hoc
1259 4638 1355 4693 est
1411 4630 1858 4695 discretionem

357 4730 757 4813 judicialem,
805 4728 972 4790 inter
1020 4729 1251 4791 electos
1299 4748 1372 4791 ac
1418 4730 1742 4812 reprobos,
1776 4730 1862 4793 De

252 4862 324 4900 m,
358 4849 497 4911 quo
522 4827 766 4910 judicio
797 4826 966 4888 infra
997 4826 1304 4888 habetur:
1338 4826 1517 4889 Nunc
1544 4826 1861 4908 judicium

359 4935 461 4991 est
517 4926 766 4990 mundi.
819 4926 888 4987 In
945 4924 1154 5007 primo
1211 4943 1361 5006 ergo
1413 4944 1530 4989 suo
1585 4927 1860 4989 adventu

359 5026 541 5090 venit
580 5024 866 5087 Christus
907 5023 1270 5086 discernere
1310 5024 1475 5086 inter
1513 5025 1745 5088 electos
1789 5044 1861 5088 ac

356 5122 860 5209 praeseitOS,illos
886 5122 1160 5203 gratiose
1191 5129 1254 5184 et
1284 5122 1386 5203 pie
1419 5125 1854 5199 convertendo,

351 5226 472 5288 hos
528 5222 700 5304 juste
758 5220 1128 5283 deserendo.
1190 5219 1257 5281 In
1311 5221 1591 5283 secundo
1647 5229 1858 5284 autem

345 5322 633 5386 adventu
666 5318 878 5382 veniet
906 5317 1114 5381 facere
1151 5317 1468 5399 judicium
1501 5319 1896 5413 retributio-¹

1970 4336 2223 4401 dabitur
2250 4336 2422 4416 genti
2454 4334 2711 4398 facienti
2744 4335 2987 4398 fructus
3018 4336 3179 4417 ejus.
3204 4336 3365 4400 Hinc
3394 4337 3459 4399 in
3488 4321 3555 4363 ⁴³·

1968 4435 2124 4497 Isaia
2160 4433 2250 4497 ait
2289 4431 2574 4495 Christus
2610 4451 2625 4495 :
2658 4431 2734 4494 Et
2772 4451 2943 4494 nunc
2982 4434 3115 4495 haec
3155 4434 3308 4496 dicit
3345 4434 3463 4498 Do-
3507 4452 3737 4503 hams..

1971 4534 2185 4595 minus
2217 4531 2499 4595 formans
2537 4548 2641 4593 me
2685 4548 2762 4591 ex
2805 4538 2985 4594 utero
3024 4549 3279 4594 servum
3310 4531 3456 4607 sibi,
3489 4517 3531 4557 ⁶·

1971 4640 2042 4695 ut
2085 4632 2382 4694 reducam
2422 4627 2609 4690 Jacob
2657 4628 2736 4689 ad
2784 4644 2955 4703 cum,
2998 4635 3059 4690 et
3100 4629 3288 4691 Israel
3334 4648 3459 4693 non

1972 4727 2475 4811 congregabitur.
2500 4724 2577 4787 Et
2608 4724 2769 4787 dixit
2802 4724 3101 4789 Dominus
3134 4726 3292 4788 mihi
3320 4744 3334 4789 ε
3361 4727 3463 4789 Pa-

1973 4845 2112 4889 rum
2146 4834 2244 4888 est
2275 4832 2343 4887 ut
2370 4824 2457 4887 sis
2492 4841 2714 4888 servus
2756 4823 2909 4885 mihi
2952 4825 3031 4887 ad
3070 4824 3461 4889 suscitandas

1971 4925 2175 4987 tribus
2206 4923 2424 5001 Jacob3
2456 4923 2599 4985 dedi
2632 4929 2692 4986 te
2723 4922 2789 4984 in
2822 4922 3026 4985 lucem
3056 4924 3367 5003 gentium,
3394 4933 3464 4988 ut

1970 5023 2057 5085 sis
2101 5023 2271 5084 salus
2312 5040 2449 5083 mea
2490 5039 2694 5101 usque
2730 5021 2809 5082 ad
2854 5028 3209 5082 extremum
3254 5030 3455 5086 terrae.

2049 5125 2135 5185 Et
2168 5124 2519 5183 audierunt
2548 5124 2822 5199 quidam
2850 5141 2931 5181 eas
2959 5122 3317 5183 Pharisaei-s
3345 5126 3462 5203 qui
3592 5140 3664 5196 40

1970 5242 2117 5282 ctum
2157 5222 2291 5297 ipso
2334 5228 2543 5287 erant,
2576 5218 2697 5281 hoc
2742 5226 2839 5279 est
2878 5217 3079 5299 aliqui
3123 5216 3462 5284 Pharisaeo-

1970 5338 2114 5381 rum
2163 5316 2600 5382 exsistentium
2647 5335 2791 5380 cum
2836 5316 2983 5378 Jesu
3026 5318 3282 5399 quando
3325 5317 3461 5382 haec
