4300 6259
105 683 292 726 nauh.
319 698 368 734 v,

81 747 146 787 3⁹.

189 2638 265 2692 24

1129 502 1483 551 mumulo
1524 503 1587 550 m
1629 503 1769 551 GAP.
1814 506 1966 552 xvlu
2005 506 2281 553 JoANMS.
2324 527 2403 536 —
2446 509 2589 553 ΛΒΤ.
2636 507 2777 552 xmv

3382 489 3504 554 583

401 668 590 731 docet
636 669 938 746 Salvator,
992 672 1055 735 Si
1104 676 1252 757 quis
1299 684 1361 738 te
1410 678 1796 758 percusserit
1839 678 1904 739 in
1936 677 1985 738 A
2015 682 2104 738 tet
2168 678 2246 739 ad
2313 677 2423 740 Dei
2493 679 2820 752 honorem,
2892 678 2990 740 vel
3068 677 3506 760 proximorum

404 785 598 830 unam
645 770 993 846 maxillam,
1039 774 1250 855 praebe
1291 775 1348 837 ei
1392 776 1676 852 alteram,
1720 776 1906 840 intel-

401 866 734 948 ligendum
785 869 866 930 sit
907 873 1260 934 secundum
1301 874 1498 936 animi
1543 876 1907 958 praeparati—

400 982 618 1039 onem,
661 967 919 1046 quando
958 967 1256 1032 videlicet
1292 971 1547 1052 expedit
1589 972 1688 1034 vel
1729 990 1908 1054 opor-

2015 774 2523 853 aedificationem‚
2585 778 2684 841 vel
2746 777 2937 839 aliam
2996 777 3165 858 piam
3225 794 3501 850 causam,

2015 893 2140 936 non
2192 876 2542 937 secundum
2590 875 2802 958 operis
2851 874 3334 949 exhibitionem,
3380 873 3504 936 nisi

2015 990 2130 1055 pro
2176 981 2477 1056 tempore,
2524 974 2661 1038 loco
2702 981 2766 1036 et
2806 991 3015 1036 causa.

1451 1401 2101 1489 ARTICULUS
2185 1405 2456 1488 XLIV

473 1671 842 1717 ruostzcurlo
883 1669 1301 1720 Exposrrloms
1343 1674 1527 1720 mnus
1571 1673 1848 1720 currum
1891 1673 2321 1721 OCTAleEclm
2368 1678 2381 1721 :
2432 1679 2504 1722 ΕΤ
2546 1677 2711 1724 msrr
2752 1674 2878 1725 EUM
2922 1678 3133 1726 ANNAs
3175 1678 3441 1726 LIGATuu

1540 1773 1624 1818 AD
1667 1771 1944 1819 GALPHAM
1984 1773 2373 1820 Postumum.

529 2045 914 2119 OSTQUAM
956 2047 1225 2110 Ioannes
1265 2045 1541 2108 narravit
1585 2046 1756 2126 quod
1800 2044 1908 2107 alii
1947 2042 1995 2105 B
2022 2045 2129 2124 ita,
2184 2049 2355 2129 quod
2416 2068 2587 2112 nunc
2632 2050 2720 2113 ait
2769 2050 3188 2133 Evangelista,
3240 2052 3518 2116 referen-

547 2143 966 2225 Evangelistae
1004 2145 1378 2220 omiserunt,
1413 2144 1712 2209 videlicet
1752 2144 1908 2226 quid

406 2263 634 2326 passus
678 2244 761 2305 sit
799 2244 979 2306 lesus
1024 2243 1090 2306 in
1135 2246 1324 2307 domo
1367 2244 1586 2319 Annae,
1624 2244 1910 2325 procedit

401 2343 481 2404 ad
515 2359 588 2404 ea
616 2362 760 2425 quae
800 2343 907 2405 alii
940 2360 1200 2424 quoque
1239 2343 1732 2424 descripserunt,
1766 2361 1910 2423 quae

405 2459 520 2522 pro
550 2458 780 2521 magna
809 2448 988 2522 parte
1021 2441 1258 2504 omittit
1282 2441 1572 2516 JoanneS,
1605 2447 1908 2521 tanquam

401 2538 811 2602 sufficienter
855 2539 1114 2601 recitata
1160 2557 1274 2620 per
1317 2539 1483 2602 illos,

491 2641 573 2700 E'c
606 2639 787 2698 misit
813 2658 985 2708 eum,
1019 2637 1262 2699 scilicet
1297 2637 1532 2712 Jesum,
1567 2641 1798 2698 Annas
1831 2639 1910 2696 li-

400 2746 636 2814 qatum
682 2739 770 2797 ad
821 2737 1134 2812 Caipham
1181 2738 1581 2814 pontificem.
1635 2734 1909 2798 Praesen-

403 2842 576 2897 tatus
637 2834 810 2896 enim
870 2832 994 2896 fuit
1051 2833 1336 2897 Christus
1395 2833 1594 2897 Annae
1652 2834 1903 2914 ligatus.

405 2932 586 2995 Unde
627 2939 691 2993 et
730 2932 942 2994 Annas
981 2930 1276 3012 judicans
1318 2951 1464 2995 eum
1507 2932 1780 2994 vinculis
1820 2932 1909 2994 di-

400 3050 622 3114 gnum,
649 3031 828 3092 misit
856 3049 1004 3093 eum
1037 3031 1128 3093 sic
1155 3032 1232 3093 ad
1265 3031 1582 3114 Caipham,
1604 3039 1906 3113 tanquam

403 3131 482 3192 ad
528 3129 950 3212 principalem
987 3149 1000 3192 :
1037 3129 1102 3191 in
1133 3129 1319 3211 cujus
1351 3131 1538 3195 domo
1575 3138 1755 3193 erant
1783 3131 1910 3194 col-

2021 2146 2175 2207 dum
2232 2155 2399 2209 esset
2454 2149 2533 2211 ad
2591 2149 2926 2213 stationem
2983 2150 3145 2213 Petri
3205 2150 3272 2212 in
3329 2152 3516 2213 domo

2021 2243 2293 2326 Caiphae.

2101 2345 2431 2406 Dioeerunt
2480 2365 2625 2422 erqo
2672 2347 2737 2405 ei
2782 2345 3058 2408 ministri
3107 2346 3219 2428 qui
3269 2346 3521 2410 stabant

2019 2443 2096 2504 ad
2141 2442 2356 2522 ignem
2402 2461 2416 2504 ε
2462 2445 2807 2522 Numquid
2847 2454 2905 2505 et
2946 2455 3017 2506 cu
3055 2465 3136 2504 ea>
3173 2447 3519 2524 discipulis

2016 2541 2159 2618 ejus
2196 2559 2283 2608 es,
2325 2539 2519 2619 hujus
2562 2540 2859 2603 videlicet
2906 2542 3303 2623 deceptoris?
3342 2541 3517 2614 Quod

2019 2637 2448 2718 conjiciebant
2494 2637 2658 2701 forte
2706 2656 2782 2700 ex
2831 2639 3246 2722 dispositione
3293 2660 3367 2703 ac
3411 2641 3518 2702 ha-

2020 2736 2158 2798 bitu
2216 2735 2402 2810 Petri,
2456 2744 2519 2798 et
2576 2737 2729 2817 quia
2784 2757 2931 2800 cum
2989 2739 3388 2814 verecundia,
3440 2739 3516 2802 ti·

2019 2853 2196 2898 more
2258 2842 2320 2897 et
2382 2835 2823 2917 compassione
2886 2836 3165 2898 sedebat.
3232 2839 3515 2915 Neqavit

2021 2936 2159 3003 ille,
2186 2943 2246 2994 et
2273 2934 2451 2994 dixit
2471 2954 2494 2992 .·
2515 2935 2665 2994 Non
2692 2955 2862 2996 sum.
2904 2934 3189 2998 Christus
3223 2935 3514 3017 praedixit

2018 3031 2219 3105 Petro,
2254 3032 2426 3113 quod
2465 3039 2561 3093 ter
2600 3039 2941 3112 negaturus
2982 3051 3049 3094 se
3092 3040 3298 3108 esset;
3340 3052 3512 3096 nuuc
3588 3052 3757 3158 uaeas.

3537 3129 3651 3166 xxvi,
3728 3147 3739 3159 .

2017 3138 2227 3192 autem
2292 3129 2516 3191 asserit
2580 3127 2999 3210 Evangelista,
3059 3132 3231 3213 quod
3291 3129 3509 3194 Petrus

405 3229 555 3292 lecti
617 3228 996 3302 sacerdoteS,
1051 3226 1287 3292 Scribae
1344 3248 1418 3290 ac
1478 3228 1794 3302 Pharisaei,
1847 3236 1909 3290 et
1941 3228 1984 3292 C
2018 3228 2343 3308 negaverit
2398 3246 2467 3289 se
2524 3245 2662 3290 esse
2721 3227 3109 3310 discipulum
3162 3229 3329 3290 Jesu.
3389 3227 3509 3292 Sed

405 3327 712 3400 seniores,
748 3332 818 3386 ut
847 3324 1132 3388 Christus
1163 3345 1200 3387 a
1229 3326 1464 3408 Caipha
1493 3327 1558 3388 in
1588 3327 1910 3390 audientia

405 3425 632 3486 talium
677 3423 1168 3486 examinaretur.

485 3525 658 3585 Εναι
697 3531 913 3584 autem
958 3522 1190 3583 Simon
1220 3523 1455 3583 Petrus
1492 3531 1670 3584 stans
1705 3533 1765 3584 et
1804 3546 1907 3585 ca-

405 3623 717 3700 lefaciens
778 3641 863 3680 se.
929 3619 1293 3683 Secundum
1357 3621 1782 3700 Augustinum
1845 3629 1906 3684 et

401 3719 544 3801 ejus
596 3719 966 3792 imitatoreS,
1011 3719 1124 3799 qui
1170 3718 1393 3781 dicunt
1438 3719 1668 3781 trinam
1721 3739 1906 3800 nega-

400 3819 642 3883 tionem
692 3817 858 3880 Petri
911 3817 976 3878 in
1028 3818 1215 3880 domo
1254 3818 1452 3879 Annae
1498 3818 1900 3900 completam,

397 3915 804 3997 Evangelista
855 3935 1028 3977 nunc
1078 3915 1244 3978 redit
1289 3916 1366 3977 ad
1416 3915 1901 3978 describendum

397 4017 570 4097 quod
630 4013 827 4095 coepit
883 4032 1140 4076 narrare
1188 4014 1265 4076 de
1323 4012 1488 4075 Petri
1547 4015 1898 4094 negatione.

399 4114 664 4196 Propter
720 4113 893 4193 quod
955 4111 1148 4174 verba
1207 4111 1395 4194 paulo
1444 4119 1590 4174 ante
1648 4112 1904 4175 inducta

401 4212 692 4286 resumit,
726 4210 994 4273 dicendo
1031 4228 1045 4272 :
1080 4208 1225 4271 Erat
1254 4217 1464 4271 autem
1505 4209 1745 4271 Petrus.
1777 4210 1899 4272 Alii
2009 4211 2272 4291 gelistae,
2334 4211 2464 4272 dixi
2523 4229 2716 4292 super
2770 4210 3128 4274 Matthaeum

399 4311 626 4373 dicunt
681 4308 916 4371 trinam
981 4307 1381 4388 negationem
1444 4306 1606 4369 Petri
1669 4306 1901 4371 factam

2017 3327 2137 3406 hoc
2188 3327 2494 3407 negando,
2532 3326 2785 3406 negavit
2831 3333 2894 3387 et
2942 3327 3283 3391 Christum.
3316 3329 3509 3389 Dioeit

2015 3445 2190 3486 unus
2236 3445 2316 3484 σω
2366 3426 2567 3486 servis
2609 3426 2967 3503 pontificis,
3016 3435 3322 3503 cognatus
3367 3427 3509 3504 ejus

2014 3525 2204 3600 cujus
2244 3524 2515 3582 abscidit
2543 3526 2781 3584 Petrus
2819 3525 3191 3584 auriculam
3222 3545 3245 3584 .·
3276 3525 3509 3588 Nonne

2013 3639 2125 3696 eqo
2168 3629 2223 3678 te
2260 3621 2404 3678 vidi
2441 3620 2512 3678 in
2555 3621 2735 3680 horto
2775 3638 2903 3700 quo
2944 3619 3231 3702 cepimus
3268 3619 3503 3696 Jesum,

2013 3739 2161 3779 cum
2200 3719 2365 3777 illo?
2411 3717 2595 3798 quasi
2644 3718 2812 3780 dicat
2858 3735 2873 3780 :
2922 3717 3250 3780 Facialiter
3297 3726 3359 3781 te
3408 3737 3509 3782 co-

2011 3833 2270 3896 gnosco,
2303 3815 2623 3895 quoniam
2676 3815 2885 3879 recolo
2935 3817 3105 3897 quod
3151 3815 3280 3878 vidi
3330 3823 3391 3878 te
3440 3816 3505 3878 in

2014 3915 2196 3977 horto
2246 3932 2392 3976 cum
2444 3913 2576 3977 illo.
2610 3918 2857 3976 Iterum
2898 3933 3044 3992 erqo
3093 3917 3354 3992 neqavit
3388 3917 3511 3977 Pe-

2015 4023 2175 4074 trus.
2216 4011 2558 4086 Postremo,
2602 4013 2921 4093 quomodo
2970 4012 3037 4073 in
3081 4012 3507 4094 descriptione

2013 4111 2363 4192 negationis
2422 4111 2583 4173 Petri
2635 4111 2936 4174 disserant
2982 4111 3147 4173 inter
3195 4129 3261 4174 se
3308 4110 3509 4175 Evan-

401 4409 470 4470 in
521 4409 711 4471 domo
771 4405 1044 4488 Caiphae,
1099 4412 1160 4466 et
1210 4423 1325 4487 per
1382 4405 1902 4488 anticipationem
1933 4407 2289 4470 Dsecunda
2336 4408 2474 4469 vice
2526 4426 2540 4470 :
2592 4407 2745 4489 quia
2802 4409 3157 4470 secundum
3205 4407 3501 4482 Marcum,

400 4525 541 4570 esse
589 4504 998 4584 intelligenda
1044 4523 1191 4585 quae
1239 4503 1461 4566 scribit
1507 4503 1776 4567 Joannes
1826 4507 1903 4568 de

402 4604 739 4685 negatione
784 4600 1064 4684 praesata.
1108 4601 1382 4674 Quorum
1433 4603 1766 4666 assertioni
1813 4604 1903 4668 vi-

403 4705 636 4766 dentur
683 4701 790 4763 alii
843 4708 972 4764 tres
1031 4699 1445 4780 Evangelistae
1501 4699 1736 4775 favere,
1787 4703 1901 4783 qui

407 4803 496 4866 nil
529 4800 818 4864 scribunt
846 4800 923 4861 de
954 4797 1368 4880 perductione
1407 4797 1636 4860 Christi
1676 4800 1754 4860 ad
1784 4800 1906 4862 An-

163 4923 336 4966 nam.
407 4919 580 4974 nam,
617 4898 742 4960 -sed
790 4897 961 4978 quod
1020 4895 1238 4958 Petrus
1288 4903 1539 4958 secutus
1599 4897 1682 4958 sit
1729 4897 1906 4960 Chri-

114 4989 378 5098 ξζζζῗζῶὅ*
407 5005 579 5060 stum
631 5012 834 5076 usque
877 4994 942 5056 in
985 4993 1220 5054 atrium
1259 4993 1531 5076 Caiphae,
1572 5001 1634 5056 et
1678 4993 1767 5057 ibi
1810 5003 1906 5057 ter

115 5111 266 5216 3¹2⁰ss
293 5127 380 5216 ἓν,
409 5095 734 5160 Christum
794 5090 1138 5173 negaverit.
1200 5090 1464 5164 Quidam
1525 5111 1676 5156 vero
1729 5093 1909 5156 assir-

119 5238 192 5285 ⁷¹:
235 5237 332 5280 122.-

119 5313 208 5352 1111.
233 5303 382 5345 ⁵4⁶⁰-
412 5292 633 5367 Anum,
686 5288 916 5370 bisque
964 5288 1030 5350 in
1079 5288 1441 5352 habitaculo
1489 5289 1742 5374 Caiphae
1785 5311 1798 5356 :
1847 5300 1911 5354 et

337 5179 382 5218 ⁶·
410 5199 609 5266 mant,
643 5191 814 5273 quod
845 5189 1064 5252 Petrus
1103 5188 1356 5270 negavit
1385 5191 1580 5252 semel
1623 5191 1688 5254 in
1721 5193 1908 5257 domo

2013 4506 2298 4570 Christus
2347 4505 2722 4587 praedixcrat
2768 4504 2970 4580 Petro,
3013 4506 3081 4569 ln
3132 4506 3250 4568 hac
3298 4513 3502 4581 nocte,
3552 4521 3800 4572 mnan,

2010 4612 2350 4685 antequam
2409 4603 2613 4683 gallus
2670 4603 2769 4665 bis
2821 4621 3037 4667 vocem
3096 4603 3360 4676 dederit,
3411 4611 3509 4666 ter
3534 4585 3600 4626 ³⁰·

2013 4720 2113 4764 me
2157 4721 2224 4763 es
2269 4709 2633 4782 negaturus,

2089 4803 2449 4861 Adducunt
2496 4819 2645 4876 erqo
2686 4799 2882 4862 Judaei
2919 4803 3137 4862 Jesum
3175 4821 3216 4861 a
3258 4801 3509 4879 Caiplza

2012 4898 2084 4958 in
2106 4899 2514 4974 proetorium.
2548 4897 2912 4960 Praetorium
2940 4898 3297 4980 appellatur
3326 4899 3507 4961 sedes

2015 4995 2114 5057 vel
2162 4996 2387 5058 domus
2439 4995 2503 5056 in
2554 5014 2683 5076 qua
2731 4995 3092 5057 residebant
3145 4997 3223 5058 ad
3272 4997 3511 5059 discer-

2015 5094 2253 5156 nendas
2299 5093 2520 5175 populi
2562 5113 2781 5156 causas
2828 5094 2950 5177 ipsi
2995 5102 3291 5176 praetores
3334 5114 3349 5159 ε
3391 5094 3509 5176 qui

2017 5192 2315 5254 dicuntur
2358 5191 2540 5272 quasi
2593 5199 3033 5274 praeccptoreS,
3078 5192 3229 5273 quia
3277 5211 3511 5274 praece-

2019 5298 2124 5374 pta
2156 5289 2389 5352 dabant
2418 5289 2745 5372 subjectis.
2772 5289 2898 5353 Hoc
2926 5291 3066 5354 loco
3097 5291 3296 5354 multa
3321 5291 3508 5354 omit-

3640 3329 3713 3384 26

3639 3917 3711 3972 2'1

3194 4229 3207 4273 :
3271 4211 3508 4276 idcirco
3563 4224 3608 4267 ιιι
3644 4225 3796 4270 niatu..

2012 4328 2185 4370 nunc
2218 4316 2597 4391 pertranseo.
2620 4312 2703 4370 Ec
2721 4313 2943 4371 statim
2965 4314 3187 4387 yallus
3214 4311 3508 4372 cantavit
3535 4301 3647 4335 ‘m'
3668 4291 3735 4332 ⁷²·

3640 4797 3713 4851 28
