4300 6259
33 3651 71 3694 11
92 3653 218 3697 cor.
236 3653 347 3697 x.5.

1210 510 1557 559 manuue
1599 511 1664 558 m
1701 509 1843 559 m.
1887 511 1957 558 111
1998 511 2276 560 tomum.
2320 532 2403 543 —
2443 511 2585 559 ΛΒΤ.
2631 511 2740 559 vul

3395 488 3516 557 329

384 684 685 742 nerarel
732 717 813 728 —-
860 681 986 744 Alii
1041 680 1327 744 referunt
1372 682 1450 744 ad
1497 681 1910 764 Baptismum,
1944 677 1997 741 A
2028 700 2162 744 ram
2217 683 2619 757 assumendo,
2693 682 2987 747 videlicet
3042 684 3258 745 Filius
3311 683 3519 744 homi-

382 779 526 858 qui
580 780 706 842 dici
758 788 964 862 potest
1008 789 1322 855 terrenus,
1358 781 1659 862 quoniam
1706 779 1916 844 visibi-

384 875 563 940 liter
611 879 950 943 exhibetur
992 881 1053 942 in
1094 887 1284 953 terra,
1328 879 1394 941 in
1440 898 1605 961 aqua
1644 879 1909 958 visibili,

383 976 535 1038 sub
576 977 867 1040 sensibili
902 976 1107 1042 forma
1146 977 1510 1041 verborum.
1548 976 1653 1038 Est
1698 977 1912 1058 itaque

384 1091 639 1136 sensus
685 1094 699 1139 :
741 1079 824 1138 Si
863 1087 1119 1138 terrena
1156 1078 1335 1146 dimi,
1374 1075 1438 1138 id
1488 1083 1603 1148 est,
1646 1076 1723 1138 de
1772 1093 1913 1137 sen-

380 1171 712 1235 sibilibus
762 1174 953 1236 rebus
1001 1173 1249 1237 locutus
1299 1192 1465 1246 sum,
1511 1175 1708 1242 vobis,
1738 1173 1913 1235 vidc-

378 1269 559 1334 licet
597 1272 677 1334 de
704 1272 1046 1354 Baptismo,
1080 1281 1144 1335 et
1182 1272 1591 1335 suscitatione
1627 1271 1908 1353 corporis

378 1370 559 1442 mei,
582 1380 644 1430 ec
673 1391 807 1432 non
834 1372 1099 1432 creditis
1128 1388 1277 1433 vera
1305 1387 1444 1432 esse
1473 1388 1617 1451 quae
1648 1369 1810 1444 dim,
1836 1387 1911 1433 eo

378 1469 581 1548 quod
612 1468 741 1530 sint
770 1487 965 1550 supra
994 1468 1346 1531 naturalem
1378 1468 1707 1531 rationem.
1736 1467 1911 1541 Quod

376 1566 513 1640 ait,
555 1565 635 1628 Et
680 1585 807 1631 non
858 1566 1137 1642 creditiS‚
1182 1585 1309 1630 non
1360 1574 1455 1628 est
1503 1566 1909 1629 referendum

377 1666 479 1727 ad
511 1665 955 1740 Nicodemum,
996 1666 1109 1728 sed
1136 1666 1215 1728 ad
1248 1665 1492 1729 Judaeos
1522 1665 1904 1740 increduloS,

378 1783 571 1846 quos
619 1764 905 1827 Christus
956 1764 1077 1826 sub
1137 1782 1406 1846 persona
1448 1763 1771 1828 Nicodemi
1819 1762 1911 1824 af-

2024 783 2158 850 niS,
2207 783 2324 860 qui
2373 790 2463 841 est
2503 783 2572 842 in
2615 785 2788 843 coeZO.
2841 781 3045 844 Verba
3102 781 3238 844 haec
3293 780 3522 862 aquili-

2026 899 2107 942 na
2154 881 2320 942 sicut
2377 879 2442 941 in
2497 880 2644 943 stilo
2699 879 3016 963 simplicia
3067 886 3258 962 atque
3309 877 3522 942 facilia

2023 985 2192 1052 sunt,
2241 979 2332 1041 sic
2383 979 2447 1041 in
2499 978 2930 1062 profunditate
2983 996 3207 1041 sensus
3262 996 3520 1059 prorsus

2022 1076 2518 1159 comprobantur
2577 1078 2906 1152 altissima,
2957 1076 3364 1151 difficillima,
3420 1077 3521 1138 ni-

2022 1175 2356 1256 miumque
2395 1174 2631 1238 divina.
2665 1174 2824 1248 Quid
2864 1175 3037 1238 enim
3077 1175 3373 1257 estquod
3408 1174 3518 1250 ait,

2017 1271 2216 1336 Nemo
2271 1273 2556 1336 ascendit
2613 1273 2678 1335 in
2739 1273 2994 1349 coelum,
3041 1280 3174 1336 etc.
3218 1276 3242 1334 2
3299 1272 3520 1337 Nonne

2022 1370 2313 1434 homines
2357 1372 2553 1434 sancti
2599 1391 2636 1434 a
2679 1390 2866 1454 poena
2905 1379 2967 1434 et
3009 1372 3198 1454 culpa
3241 1372 3513 1454 purgati,

2019 1488 2166 1532 mox
2221 1473 2573 1533 ascendunt
2629 1470 2695 1532 in
2747 1471 3002 1544 coelum,
3054 1470 3306 1533 dicente
3353 1469 3516 1552 Apo-

2018 1567 2179 1631 stolo
2235 1570 2312 1630 ad
2369 1568 2746 1644 CorinthiOS,
2798 1567 3044 1630 Scimus
3101 1569 3404 1651 quoniam
3457 1569 3510 1631 si

2020 1666 2336 1728 terrestris
2367 1669 2590 1731 domus
2631 1673 2842 1730 nostra
2873 1667 3066 1747 hujus
3106 1667 3513 1730 habitationis

2020 1764 2422 1838 dissolvatur,
2456 1766 2629 1846 quod
2675 1764 3163 1828 aedificationem
3208 1764 3516 1828 habemus

378 1861 577 1924 fatur
610 1882 624 1926 :
660 1865 739 1926 de
783 1863 1022 1945 quibus
1073 1863 1263 1945 paulo
1308 1870 1455 1925 ante
1503 1863 1750 1925 locutus
1788 1869 1903 1936 est,
1946 1859 1993 1922 B
2020 1879 2097 1924 ex
2148 1861 2294 1936 De0‚
2348 1863 2603 1925 domum
2665 1882 2792 1926 non
2843 1862 3289 1936 manufactam,
3342 1871 3521 1925 aeter-

382 1960 873 2023 Testimonium
902 1967 1193 2024 nostrum
1232 1979 1359 2024 non
1396 1961 1709 2043 accipitis,
1746 1964 1910 2030 Quo-

380 2061 595 2120 modo
642 2061 702 2119 si
748 2061 979 2120 dixero
1028 2061 1203 2120 vobis
1247 2061 1546 2131 eoelestia,
1591 2059 1909 2140 loquendo

382 2157 481 2219 de
524 2156 964 2220 invisibilibus
1004 2156 1135 2232 Dei,
1170 2158 1249 2219 de
1288 2157 1527 2220 unitate
1560 2157 1903 2231 Trinitatis,

381 2263 463 2317 ot
514 2255 800 2317 trinitate
850 2254 1134 2330 unitatis»,
1179 2256 1256 2317 de
1305 2255 1703 2317 emanatione
1749 2255 1911 2317 divi-

380 2373 636 2416 narum
667 2354 1079 2418 Personarum
1112 2355 1189 2416 ad
1220 2354 1406 2429 intra,
1439 2355 1517 2416 de
1547 2353 1911 2416 immediata

384 2452 655 2516 visione
711 2453 945 2516 divinae
1003 2452 1314 2526 essentiae‚
1372 2454 1449 2516 de
1507 2453 1904 2527 hierarchiiS,

380 2551 681 2633 aliisque
708 2552 968 2614 secretis
1000 2550 1389 2625 coelestibus,
1425 2551 1502 2612 de
1532 2551 1770 2633 quibus
1803 2570 1909 2633 pa-

386 2669 551 2712 rum
594 2649 865 2712 habetur
906 2649 973 2710 in
1018 2650 1154 2729 lege
1199 2668 1273 2712 ac
1310 2649 1660 2731 Prophetis,
1701 2654 1909 2711 crede-

384 2751 525 2810 tis?
546 2747 728 2828 quasi
760 2747 928 2810 dicat
952 2766 965 2810 ε
992 2746 1349 2810 Difficulter
1380 2748 1479 2810 vel
1512 2767 1907 2831 nequaquam

382 2847 770 2920 crederetis,
818 2865 1021 2928 quum
1069 2846 1199 2908 sint
1246 2847 1909 2930 incomprehensibili-

381 2965 511 3008 ora
572 2953 633 3008 et
694 2944 1279 3027 supernaturaliora
1339 2946 1653 3026 praedictis
1708 2953 1908 3007 terre-

2020 1979 2169 2022 nam
2207 1961 2272 2022 in
2305 1960 2520 2024 coelis?
2553 1961 2804 2024 Certum
2845 1969 2940 2024 est
2968 1962 3137 2043 quod
3175 1979 3347 2023 nunc
3376 1961 3520 2042 qui-

2019 2061 2163 2122 dam
2209 2067 2570 2122 sanctorum
2613 2060 2946 2123 hominum
2990 2060 3412 2122 ascenderunt
3452 2060 3517 2122 in

2020 2160 2276 2232 coelum,
2312 2177 2436 2222 non
2483 2158 2689 2222 solum
2732 2167 3041 2240 quantum
3089 2160 3166 2222 ad
3210 2159 3512 2234 animam,

2018 2258 2128 2320 sed
2169 2257 2358 2318 etiam
2397 2265 2708 2338 quantum
2744 2259 2823 2321 ad
2863 2276 3115 2340 corpus,
3161 2266 3232 2320 ut
3269 2265 3510 2322 certum

2018 2365 2113 2419 est
2142 2357 2222 2418 de
2251 2355 2506 2437 Virgine
2541 2355 2834 2437 gloriosa,
2869 2364 2932 2419 et
2960 2358 3038 2418 de
3076 2356 3175 2418 his
3210 2357 3321 2438 qui
3365 2376 3508 2419 cum

2020 2455 2268 2519 Christo
2327 2462 2760 2530 surrexerunt,
2819 2463 3383 2538 apparueruntque
3441 2456 3508 2518 in

2018 2563 2232 2618 sancta
2282 2555 2534 2617 civitate
2592 2554 3106 2636 quamplurimiS,
3159 2555 3263 2636 pie
3311 2554 3510 2617 credi-

2015 2660 2122 2715 tur
2167 2672 2204 2714 a
2251 2652 2657 2734 quibusdam.
2705 2651 2823 2713 Sed
2872 2669 3213 2734 pensemus
3255 2652 3510 2734 quando

2018 2751 2302 2815 Christus
2345 2750 2530 2812 verba
2578 2750 2711 2812 haec
2755 2750 3018 2832 protulit
3051 2769 3064 2812 ε
3102 2750 3322 2831 utique
3362 2757 3510 2813 ante

2017 2849 2398 2932 passionem,
2442 2849 2699 2929 quando
2745 2847 3121 2930 loquebatur
3166 2847 3230 2910 in
3268 2848 3512 2911 Jerusa-

2016 2947 2143 3010 lem
2195 2966 2340 3009 cum
2387 2945 2748 3010 Nicodemo.
2800 2945 2973 3019 Quod
3031 2955 3243 3009 autem
3295 2947 3510 3010 nullus

384 3044 527 3106 nis.
590 3042 860 3106 Necesse
915 3048 1011 3105 est
1070 3059 1219 3122 ergo
1279 3044 1605 3125 proprium
1665 3043 1908 3106 intelle·
1944 3042 1987 3106 C
2018 3045 2363 3109 electorum
2407 3044 2722 3107 introierit
2758 3063 3024 3126 regnum
3055 3045 3362 3109 coelorum
3402 3066 3514 3109 an-

384 3150 581 3206 ctum
628 3142 988 3205 auctoritati
1034 3141 1263 3204 Christi
1315 3141 1654 3221 subjicere,
1697 3151 1759 3204 et
1805 3142 1906 3204 his

382 3259 554 3322 quae
602 3241 911 3304 rationem
968 3241 1449 3316 transcendunt,
1501 3238 1699 3302 fidem
1752 3259 1907 3322 prae-

382 3340 583 3410 bere,
630 3340 985 3421 praesertim
1033 3358 1234 3420 quum
1286 3337 1449 3400 Deus
1500 3356 1614 3420 per
1662 3338 1907 3402 suffici-

384 3436 741 3500 entissima
781 3444 1156 3519 argumenta
1184 3437 1531 3499 ostenderit
1556 3437 1769 3499 Iesum
1809 3455 1907 3499 es-

384 3553 469 3599 se
524 3533 849 3598 Christum
906 3535 1140 3597 Filium
1190 3534 1320 3596 Dei.
1371 3533 1707 3617 Propterea
1755 3535 1907 3598 dicit

386 3633 748 3717 Apostolus
788 3634 865 3696 ad
905 3632 1263 3696 Corinthios
1305 3651 1318 3695 :
1362 3633 1431 3694 In
1477 3634 1904 3716 captivitatem

386 3734 763 3814 redigentes
794 3750 1049 3797 omnem
1081 3732 1475 3795 intellectum
1506 3733 1572 3795 in
1608 3733 1907 3814 obsequi-

283 3871 299 3882 ·
389 3853 515 3896 um
562 3831 817 3896 Christi.

138 4725 217 4781 13

480 3931 957 4004 Verumtamen,
991 3928 1295 4010 quoniam
1335 3929 1627 4010 quaedam
1666 3937 1905 3992 secreta

381 4039 597 4112 atque
655 4027 939 4092 coelestia
989 4028 1066 4090 ad
1117 4027 1436 4090 Christum
1496 4027 1899 4109 pertinentia,

386 4128 652 4194 cunctis
708 4125 1013 4189 fidelibus
1074 4132 1224 4188 sunt
1281 4125 1557 4200 scienda,
1610 4127 1905 4190 videlicet

2015 3151 2077 3207 te
2108 3142 2340 3208 Christi
2373 3143 2754 3225 passionem,
2790 3142 3252 3224 cognoscimus.
3279 3145 3513 3227 ltaque,

2015 3243 2187 3324 quod
2234 3242 2342 3316 ait,
2395 3241 2591 3305 Nemo
2637 3241 2923 3304 ascendit
2980 3243 3047 3304 in
3099 3242 3356 3317 coelum,
3411 3263 3515 3306 ve-

2016 3359 2158 3402 rum
2209 3348 2307 3402 est
2354 3358 2468 3422 pro
2513 3347 2800 3422 tempore
2849 3340 2980 3411 illo,
3024 3342 3333 3405 sumendo
3377 3360 3517 3404 ver-

2014 3440 2193 3514 bum,
2236 3439 2556 3514 Ascendit,
2606 3447 2674 3501 ut
2719 3446 2815 3502 est
2862 3440 3158 3520 praeteriti
3205 3441 3512 3523 temporis

2014 3539 2148 3600 sive
2196 3537 2546 3620 praesentiS.

2084 3635 2205 3699 Sed
2236 3644 2390 3698 tunc
2417 3633 2683 3717 quaestio
2714 3635 2936 3708 oritur,
2972 3637 3290 3717 quomodo
3319 3637 3514 3699 verba

2014 3734 2346 3817 sequentia
2405 3731 2839 3796 verificentur.
2901 3732 3208 3796 Subditur
3264 3734 3437 3796 enim
3493 3755 3506 3797 :

2012 3832 2144 3896 Nisi
2213 3833 2410 3894 Filius
2475 3831 2774 3894 hominis.
2845 3831 3198 3895 Ascendere
3265 3834 3511 3916 quippe

2015 3931 2317 4012 competit
2365 3929 2611 3993 Christo
2669 3929 2908 3993 ratione
2967 3937 3208 3994 naturae
3260 3951 3510 3994 assum-

2015 4035 2160 4110 pten,
2213 4029 2564 4090 secundum
2615 4046 2805 4108 quam
2857 4046 2970 4110 pro
3023 4036 3176 4092 tunc
3224 4031 3506 4094 nondum

2011 4126 2316 4190 ascendit.
2369 4125 2501 4190 Non
2560 4145 2709 4207 ergo
2757 4126 3108 4209 excepisset
3154 4145 3222 4188 se
3271 4128 3505 4210 ipsum,

384 4229 615 4292 unitas
656 4243 943 4309 personae
974 4224 1081 4286 Dei
1113 4230 1177 4286 et
1215 4224 1492 4287 hominis
1533 4224 1599 4286 in
1632 4225 1898 4301 Christo,
1936 4232 1983 4293 D
2014 4225 2067 4288 si
2103 4225 2405 4308 praedicto
2435 4226 2622 4288 modo
2652 4225 3034 4308 sumpsisset
3067 4225 3186 4290 hoc
3217 4225 3505 4301 verbum,

386 4326 779 4409 mysterium
836 4323 1171 4386 dominicae
1230 4323 1564 4405 passioniS,
1617 4331 1680 4386 et
1724 4343 1903 4388 amor

386 4425 511 4487 Dei
571 4423 649 4485 ad
704 4439 908 4502 genus
967 4420 1374 4498 humanum3
1430 4420 1667 4484 idcirco
1723 4422 1901 4485 Chri-

388 4530 541 4586 stus
579 4521 657 4583 de
703 4518 941 4582 talibus
988 4507 1453 4600 consequenter
1497 4518 1756 4582 instruit
1798 4519 1901 4582 Ni-

388 4621 765 4685 codemum.

476 4719 571 4780 Et
598 4736 782 4777 nemo
811 4717 1101 4776 ascendit
1128 4717 1203 4774 in
1232 4718 1463 4776 coelum
1501 4733 1895 4799 empyreum,

384 4815 575 4899 quod
612 4823 709 4877 est
748 4813 925 4876 locus
963 4818 1028 4873 et
1065 4813 1311 4875 mansio
1350 4811 1700 4888 Beatorum,
1736 4815 1901 4877 sicut

384 4913 671 4979 ecclesia
708 4911 914 4974 fertur
950 4910 1126 4973 locus
1169 4909 1509 4972 orantium.
1542 4911 1753 4976 Nihilo
1792 4913 1901 4975 mi-

384 5033 539 5085 nuS,
572 5012 739 5074 sicut
776 5009 1001 5072 fideles
1040 5027 1221 5074 orare
1261 5016 1526 5091 possunt
1564 5018 1739 5072 extra
1779 5030 1902 5074 ma-

376 5112 687 5177 terialem
734 5109 1085 5183 ecclesiam,
1130 5109 1224 5171 sic
1267 5107 1435 5171 Beati
1486 5108 1683 5171 Deum
1731 5110 1899 5172 clare

381 5208 805 5293 conspiciunt
864 5207 1253 5288 ubicumque
1308 5207 1685 5270 exstiterint.
1746 5210 1901 5272 Nisi

378 5311 510 5392 qui
562 5307 895 5370 descendit
946 5306 1029 5365 de
1081 5309 1259 5376 coelo,
1307 5305 1649 5368 humanam
1712 5313 1895 5370 natu-

2012 4323 2326 4386 Ascendit.
2355 4322 2624 4396 Quaestio
2662 4323 2782 4385 ista
2812 4324 3152 4406 dupliciter
3190 4325 3460 4388 solvitur
3490 4344 3504 4388 ι

2013 4422 2244 4496 Prim0,
2289 4427 2359 4482 ut
2405 4420 2576 4484 solus
2619 4419 2815 4482 Filius
2867 4421 3143 4485 hominis
3191 4425 3510 4487 ascendis-

2013 4539 2081 4583 se
2129 4520 2396 4594 dicatur,
2448 4518 2747 4600 quoniam
2809 4518 2981 4582 solus
3033 4521 3289 4603 propria
3335 4531 3509 4604 pote-

2012 4627 2192 4700 state,
2222 4619 2366 4699 jure
2403 4636 2476 4680 ac
2511 4619 2736 4681 merito
2773 4617 3186 4699 ascendebat3
3216 4619 3325 4682 alii
3358 4640 3506 4686 vero

2012 4719 2247 4782 virtute
2295 4725 2357 4778 et
2405 4716 2632 4779 merito
2682 4717 2935 4792 Christi,
2978 4717 3162 4800 cujus
3214 4720 3506 4801 passione

2010 4816 2273 4878 fuerunt
2311 4815 2392 4877 ab
2436 4815 2759 4897 originalis
2809 4817 3046 4898 peccati
3091 4817 3364 4881 absoluti
3413 4837 3507 4881 re-

2009 4922 2137 4976 atu.
2192 4913 2500 4986 Secundo,
2551 4921 2620 4974 ut
2668 4913 2927 4976 nomine
2982 4915 3214 4978 Christi
3274 4917 3506 4979 intelli-

2006 5019 2192 5094 gatur
2241 5029 2366 5075 non
2416 5012 2622 5074 solum
2671 5010 2901 5074 Christi
2956 5031 3242 5094 persona,
3285 5015 3394 5077 sed
3443 5022 3503 5078 et

2010 5111 2348 5193 mysticum
2383 5128 2611 5191 corpus
2644 5109 2868 5191 ipsiuS,
2904 5118 3058 5191 puta
3086 5109 3364 5175 Ecclesia
3396 5133 3504 5196 pa—

2008 5216 2180 5270 trum
2221 5226 2366 5289 quae
2395 5207 2796 5270 detinebatur
2826 5207 2892 5269 in
2925 5207 3146 5283 limbo,
3179 5211 3502 5294 ceterique

2010 5306 2194 5368 electi
2234 5305 2497 5370 omnino
2537 5303 2850 5382 mundati,
2893 5306 2972 5369 de
3010 5308 3247 5389 quibus
3295 5310 3500 5392 speci-

3541 1581 3578 1625 11
3595 1581 3701 1626 Cor.
3718 1583 3806 1632 νή.

3593 2469 3762 2513 Κακὴ.

3537 2533 3804 2584 nmmum.
