4300 6259
76 1085 245 1130 Manli.
266 1099 338 1136 m,

62 1152 123 1200 ¹⁶,
142 1151 211 1192 17.

94 1384 262 1426 locun.

62 1580 181 1624 Ibtd.
202 1595 267 1633 m,
292 1584 345 1626 2.

90 2265 210 2310 thid.
232 2281 265 2318 ι,
286 2269 333 2309 ὃ.

125 3849 240 3894 Ιὸίἀ.
268 3852 331 3893 Η.

1192 503 1541 551 amau-no
1582 503 1647 549 m
1688 501 1827 550 car.
1876 502 1943 548 ιιι
1982 465 2260 550 somnis.
2307 526 2386 534 —
2427 505 2569 552 Ani-r.
2616 509 2656 552 x

3358 492 3479 557 343

369 677 632 752 dicavit,
663 680 824 758 quia
864 680 1036 738 Deus
1082 675 1263 739 Pater
1300 695 1412 739 seu
1454 676 1727 739 Trinitas
1778 695 1877 736 ve-
1904 673 1957 735 A
1987 677 2324 740 dammodo
2383 676 2637 740 infinita
2689 698 2702 742 :
2767 680 2995 762 primo,
3047 681 3200 762 quia
3257 681 3482 745 idonea

370 797 503 837 ram
547 787 638 838 est
684 777 751 838 in
802 795 870 839 se
920 777 1080 859 ipso,
1125 776 1191 838 in
1241 776 1456 840 verbis
1506 776 1638 839 suis
1684 783 1877 857 atque

373 875 703 957 operibus,
736 875 851 957 qui
894 894 1007 958 per
1047 876 1297 938 diversa
1329 882 1705 956 argumenta
1732 892 1880 955 pro-

376 972 553 1035 bavit
600 975 773 1055 quod
814 973 993 1036 Iesus
1042 973 1125 1036 sit
1174 972 1459 1036 Christus
1502 972 1699 1035 Filius
1742 971 1874 1046 Dei,

378 1071 679 1135 videlicet
732 1091 745 1135 :
810 1072 875 1134 in
936 1071 1275 1154 baptismo,
1329 1089 1443 1154 per
1501 1073 1877 1134 descensum

378 1169 655 1253 Spiritus
696 1169 908 1233 Sancti
948 1170 1014 1233 in
1053 1169 1259 1234 forma
1296 1169 1631 1249 columbae,
1664 1176 1727 1230 et
1765 1186 1880 1251 per

378 1287 601 1332 vocem
631 1289 762 1351 qua
789 1269 950 1332 dixit
978 1268 1178 1340 Pater,
1202 1268 1317 1330 Hic
1346 1275 1443 1330 est
1470 1267 1667 1329 Filius
1698 1285 1878 1330 meus

284 1399 341 1435 ιι.
378 1368 685 1449 dilectus3
730 1385 844 1451 per
882 1368 1190 1430 miracula
1229 1385 1489 1449 quoque
1536 1367 1603 1428 in
1638 1366 1880 1429 Jerusa-

380 1468 507 1530 lem
565 1467 753 1542 facta,
807 1468 886 1530 de
943 1467 1181 1549 quibus
1242 1466 1573 1530 confessus
1631 1473 1726 1528 est
1770 1465 1879 1528 Ni-

380 1568 708 1641 codemuS,
768 1565 965 1628 Nemo
1023 1571 1230 1648 potest
1287 1565 1423 1628 haec
1481 1565 1660 1646 signa
1716 1564 1881 1628 face-

382 1684 471 1739 re,
516 1665 641 1728 nisi
682 1665 878 1727 fuerit
914 1665 1081 1726 Deus
1124 1683 1271 1726 cum
1311 1682 1407 1727 eo.
1443 1663 1641 1726 Verus
1688 1665 1875 1726 etiam

376 1761 739 1827 ostenditur
794 1762 981 1838 DeuS,
1042 1761 1195 1843 quia
1259 1761 1325 1823 in
1382 1761 1527 1823 Jesu
1588 1761 1881 1844 implevit

1985 782 2081 836 est
2127 777 2206 837 ad
2254 795 2475 839 omnes
2522 778 2868 858 gratiarum
2905 777 3214 860 effectus3
3259 798 3484 842 secun-

1987 873 2087 946 do,
2138 874 2441 954 quoniam
2491 875 2696 956 major
2739 876 2941 957 gratia
2989 876 3150 939 nulli
3200 895 3484 940 commu-

1987 972 2185 1034 nicari
2237 981 2483 1055 potest3
2531 974 2739 1048 tertio,
2790 976 2944 1056 quia
2994 982 3122 1038 tota
3171 975 3482 1058 capacitas

1986 1071 2218 1134 animae
2265 1072 2496 1134 Christi
2543 1073 2782 1156 repleta
2819 1081 2915 1136 est
2948 1074 3189 1155 gratia;
3230 1081 3480 1155 quarto,

1986 1169 2288 1251 quoniam
2342 1170 2529 1252 plena
2574 1179 2766 1252 atque
2813 1171 3146 1234 sufficiens
3201 1179 3296 1234 est
3339 1171 3482 1234 aliis

1987 1267 2264 1329 influere
2295 1268 2698 1332 incessanter.
2715 1268 2870 1332 Aliis
2903 1288 3046 1333 vero
3074 1271 3258 1332 datur
3282 1269 3484 1350 gratia

1988 1368 2342 1429 secundum
2401 1367 2684 1450 aliquem
2745 1370 3013 1448 gradum
3069 1375 3132 1428 et
3187 1369 3484 1430 determi-

1988 1471 2198 1526 natam
2248 1463 2725 1546 perfectionem,
2771 1472 2960 1547 prout
3003 1464 3340 1547 Apostolus
3388 1465 3482 1527 di-

1987 1561 2073 1624 cit
2126 1581 2140 1624 :
2193 1562 2550 1644 Unicuique
2606 1571 2894 1626 nostrum
2953 1565 3095 1626 data
3139 1570 3235 1625 est
3279 1562 3480 1644 gratia
3505 1580 3772 1638 Epmwn.

1988 1662 2338 1724 secundum
2398 1680 2759 1725 mensuram
2819 1662 3176 1726 donationis
3223 1661 3504 1725 christi:

1989 1760 2247 1822 Infinita
2294 1766 2390 1822 est
2437 1779 2586 1841 ergo
2632 1761 2834 1842 gratia
2884 1761 3136 1836 Christi,
3177 1761 3483 1843 quoniam

377 1879 806 1946 quascumque
860 1879 975 1943 per
1030 1860 1373 1944 Prophetas
1431 1860 1881 1942 praenuntiavit
1917 1856 2270 1922 BVerbum
2327 1867 2567 1921 tantam
2621 1860 2888 1940 gratiam
2946 1858 3207 1922 influxit
3259 1860 3488 1924 animae

378 1964 461 2024 de
510 1959 781 2025 Christo.
821 1963 1019 2029 Quem
1045 1961 1223 2020 enim
1254 1960 1436 2020 misit
1465 1963 1661 2030 Deua,
1692 1961 1880 2020 verba

378 2063 505 2123 Dei
543 2051 857 2140 loquitar.
891 2057 1189 2132 Quamvis
1234 2057 1354 2122 hoc
1403 2075 1626 2120 verum
1677 2058 1759 2120 sit
1806 2059 1883 2121 de

382 2159 526 2241 ipso
574 2158 853 2240 Baptista
897 2157 1004 2238 (de
1053 2175 1183 2238 quo
1231 2157 1473 2220 dictum
1524 2164 1619 2218 est
1666 2175 1880 2240 supra,

382 2257 530 2320 Fuit
575 2258 768 2322 homo
816 2256 1051 2319 missus
1098 2275 1135 2317 a
1182 2256 1355 2332 Deo),
1390 2263 1583 2336 atque
1628 2255 1885 2337 Aposto-

382 2357 487 2431 lis,
522 2356 655 2420 imo
692 2353 1013 2417 universis
1064 2353 1585 2436 praedicatoribus
1626 2354 1881 2428 sanctis’,

378 2455 495 2538 qui
538 2462 691 2517 sunt
727 2452 908 2516 missi
948 2472 985 2515 a
1022 2453 1169 2528 Deo,
1203 2459 1267 2514 et
1302 2451 1500 2514 verba
1539 2451 1646 2514 Dei
1687 2449 1896 2515 homi·'

380 2554 579 2617 nibus
630 2551 1018 2635 praedicant3
1068 2551 1189 2615 hoc
1235 2559 1446 2613 tamen
1507 2551 1586 2613 de
1638 2550 1885 2614 Christo

378 2649 883 2716 antonomastice
922 2649 1177 2720 dicitur,
1212 2667 1415 2730 quum
1452 2649 1591 2730 ipse
1633 2648 1716 2709 sit
1753 2667 1886 2711 om-

380 2751 563 2814 nium
605 2748 948 2811 missorum
996 2753 1189 2829 atque
1228 2746 1444 2809 divina
1482 2745 1882 2828 loquentium

381 2866 699 2911 summus.

461 2946 771 3009 Praeterea
808 2943 1085 3008 ostendit
1120 2943 1399 3025 Baptista
1442 2942 1882 3005 excellentiam

1993 1957 2247 2030 Christi,
2299 1965 2602 2038 quantam
2662 1975 2890 2040 capere
2950 1947 3177 2040 potuit,
3227 1964 3489 2040 eratque

1994 2063 2284 2137 paratum
2336 2055 2480 2137 plus
2529 2056 2700 2136 dare,
2743 2057 2793 2118 si
2839 2055 2950 2117 illa
2991 2055 3302 2138 potuisset
3345 2055 3490 2139 plus

1994 2172 2242 2236 capere.
2305 2153 2464 2216 Unio
2521 2153 2695 2217 enim
2751 2154 2940 2216 Verbi
3009 2173 3154 2216 cum
3215 2154 3494 2216 humana

1994 2260 2241 2328 natura,
2277 2271 2404 2316 non
2443 2259 2540 2315 est
2575 2251 2742 2315 facta
2785 2271 2901 2336 per
2935 2253 3202 2333 gratiam
3242 2252 3496 2315 habitu-

1994 2352 2159 2414 alem
2188 2351 2684 2438 'intermediam3
2733 2351 2840 2413 sed
2877 2349 3080 2432 gratia
3116 2350 3236 2413 ista
3276 2369 3495 2414 conse-

1995 2458 2139 2512 cuta
2183 2457 2280 2512 est
2319 2448 2780 2532 hypostaticam
2823 2450 3150 2524 unionem,
3189 2456 3492 2531 tanquam

1994 2547 2266 2611 effectus
2324 2548 2548 2631 ipsius.
2611 2547 2688 2610 Et
2743 2548 3046 2630 quoniam
3096 2548 3250 2611 unio
3296 2547 3495 2631 hypo—

1996 2646 2218 2709 statica
2256 2664 2367 2708 seu
2410 2645 2783 2728 personalis,
2817 2652 2913 2708 est
2952 2664 3201 2708 summa
3241 2664 3316 2708 ac
3356 2665 3494 2727 pro-

1996 2744 2445 2828 pinquissima,
2479 2744 2621 2807 ideo
2660 2762 2738 2806 ex
2775 2763 2851 2806 ea
2887 2743 3168 2807 derivata
3197 2749 3293 2806 est
3320 2751 3492 2806 tanta

1992 2844 2196 2925 gratia
2236 2845 2314 2906 ad
2356 2843 2634 2906 animam
2677 2843 2932 2918 Christi,
2965 2844 3136 2924 quod
3179 2849 3308 2905 tota
3345 2841 3487 2923 ejus

1996 2942 2308 3025 capacitas
2349 2941 2475 3004 fuit
2517 2942 2780 3024 repleta.

381 3045 617 3109 Christi
648 3062 726 3106 ex
757 3050 935 3126 parte
963 3042 1182 3122 gratiae
1212 3041 1336 3103 sibi
1366 3059 1701 3104 concessae.
1736 3043 1882 3104 Non
1922 3041 1967 3106 C
2073 3045 2276 3104 Pater
2315 3040 2486 3103 enim
2536 3042 2764 3118 diliyic
2804 3041 3060 3101 Filium
3105 3057 3320 3103 amore
3368 3039 3489 3102 im-

379 3146 559 3206 em‘m
588 3145 677 3204 ad
711 3161 1106 3210 men-suram,
1139 3139 1203 3202 id
1248 3147 1345 3202 est
1385 3140 1739 3202 secundum
1784 3140 1885 3201 de-

384 3242 799 3305 terminatum
841 3240 1109 3320 gradum
1151 3246 1214 3301 et
1256 3237 1706 3321 particularem
1751 3255 1886 3319 per-

381 3340 753 3414 fectionem,
794 3341 911 3399 dat
958 3340 1131 3400 Deus
1175 3337 1509 3414 Spiritum
1558 3335 1880 3410 Sanctum,

383 3441 447 3503 id
506 3447 605 3502 est
657 3437 925 3519 gratiam
991 3435 1133 3516 ejus
1192 3455 1206 3498 :
1269 3435 1701 3518 supplendum
1766 3443 1881 3511 est,

382 3537 633 3602 Christo
675 3534 943 3610 homini,
990 3535 1069 3597 de
1116 3552 1245 3616 quo
1280 3532 1550 3596 Ioannes
1589 3551 1761 3594 nunc
1798 3533 1889 3596 lo-

384 3637 629 3718 quitur.
678 3632 765 3696 Ex
808 3632 909 3695 his
958 3640 1167 3695 autem
1218 3650 1362 3713 quae
1410 3630 1577 3694 dicta
1623 3637 1772 3692 sunt
1819 3631 1881 3693 in

384 3733 787 3816 expositione
846 3731 1038 3814 primi
1099 3729 1385 3813 capituli,
1446 3719 1640 3811 super
1699 3729 1881 3804 illud,

384 3833 653 3896 Plenum
695 3831 915 3912 gratiae
957 3837 1021 3892 et
1064 3828 1369 3903 veritatiS,
1416 3835 1585 3910 patet
1625 3847 1887 3910 quomo-

386 3933 467 3995 do
510 3930 716 4012 gratia
762 3927 995 3992 Christi
1046 3927 1130 3990 sit
1177 3926 1477 4009 perfecta,
1528 3945 1776 3988 summa
1824 3935 1887 3988 et

386 4029 769 4111 multiplex;
812 4045 931 4090 nec
966 4025 1098 4108 jam
1138 4025 1517 4088 resumenda
1559 4032 1709 4087 sunt
1751 4025 1879 4087 illa.

386 4129 507 4192 Sed
546 4128 703 4210 quia
739 4126 1097 4188 Praecursor
1131 4125 1261 4206 jam
1299 4123 1569 4187 adstruit
1606 4125 1774 4206 quod
1807 4124 1886 4186 si-

1997 3159 2240 3215 menso,
2293 3138 2467 3203 omni
2517 3146 2819 3203 creaturae
2863 3139 3217 3222 inexperto,
3269 3155 3491 3221 super-

1996 3238 2286 3303 aestuanti
2326 3257 2400 3300 ac
2438 3236 3026 3320 superdulcissimo,
3060 3245 3372 3319 quantum
3410 3238 3490 3300 ad

1995 3339 2136 3401 Filii
2178 3338 2602 3402 divinitatem.
2631 3337 2891 3419 Propter
2928 3337 3100 3418 quod
3138 3335 3294 3398 dicit
3333 3336 3492 3419 Apo-

1996 3437 2197 3500 stolus
2226 3437 2305 3498 ad
2336 3436 2734 3500 Colossenses
2767 3454 2780 3498 :
2814 3434 3052 3498 Gratias
3082 3435 3328 3515 agimus
3361 3433 3487 3498 Deo
3562 3459 3779 3514 calm...

3515 3525 3556 3574 3,
3575 3524 3640 3574 12,
3660 3525 3726 3566 12.

1996 3544 2059 3599 et
2086 3535 2273 3609 Patri,
2307 3535 2419 3616 qui
2452 3553 2568 3597 nos
2597 3533 2921 3595 transtulit
2949 3533 3016 3595 in
3047 3551 3312 3613 regnum
3341 3531 3484 3595 Filii

1996 3633 2355 3698 dilectionis
2403 3651 2554 3695 suae.
2589 3631 2790 3704 Quum
2841 3639 3054 3693 autem
3099 3630 3274 3706 dicit,
3309 3630 3487 3693 Pater

1996 3734 2206 3815 diligit
2251 3731 2505 3805 Filium,
2558 3749 2683 3794 non
2743 3737 2839 3792 est
2894 3728 3272 3813 simpliciter
3325 3730 3488 3792 acci-

1998 3834 2326 3917 piendum,
2359 3849 2562 3912 quum
2609 3829 2774 3891 Deus
2815 3827 3035 3909 diligat
3074 3836 3302 3891 cuncta
3341 3848 3486 3910 quae
3515 3845 3772 3903 smum.

1996 3931 2149 3995 fecit
2182 3929 2360 4011 ;·sed
2410 3927 2701 3990 innuitur
2748 3928 2918 4010 quod
2966 3926 3484 4008 incomparabilis

1996 4030 2079 4093 sit
2136 4027 2392 4092 dilectio
2442 4026 2640 4088 Patris
2693 4027 2770 4088 ad
2828 4023 3081 4100 Filium,
3132 4027 3482 4088 secundum

1996 4129 2167 4210 quod
2207 4128 2376 4209 apud
2404 4125 2678 4187 Marcum
2719 4124 2807 4186 ait
2842 4122 3020 4186 Pater
3053 4142 3067 4186 ε
3103 4123 3218 4186 Hic
3257 4130 3353 4186 est
3389 4123 3487 4187 Fi·
3514 4134 3779 4186 Mamas.

386 4247 467 4291 ne
512 4244 816 4290 mensura
854 4225 1017 4286 Deus
1068 4223 1362 4306 praestitit
1405 4223 1669 4303 gratiam
1711 4222 1888 4285 Chri·
1917 4225 1970 4289 D
1998 4228 2121 4290 lius
2153 4244 2332 4288 meus
2363 4223 2750 4286 carissimus.
2783 4220 2998 4303 Diligit
3025 4240 3282 4305 quoque
3310 4221 3489 4285 Pater

388 4335 505 4401 st0,
540 4331 791 4409 oportet
829 4323 1013 4387 fateri
1064 4323 1235 4404 quod
1283 4321 1483 4402 gratia
1527 4320 1757 4385 Christi
1807 4322 1889 4384 sit

386 4425 606 4508 aliquo
654 4423 842 4487 modo
891 4421 1167 4485 infinita.
1210 4419 1419 4483 Gratia
1452 4428 1664 4482 autem
1716 4420 1891 4483 Chri-

390 4526 469 4588 sti
502 4522 849 4587 habitualis
882 4541 1008 4585 non
1041 4527 1135 4583 est
1166 4521 1516 4583 secundum
1552 4521 1891 4583 essentiam

391 4622 673 4698 infinita,
734 4639 937 4702 quum
1006 4619 1089 4681 sit
1154 4637 1315 4700 pura
1381 4625 1688 4694 creatura,
1749 4638 1893 4701 quae

392 4740 520 4785 non
574 4726 785 4802 potest
829 4717 1210 4801 simpliciter
1266 4735 1405 4779 esse
1453 4715 1729 4792 infinita,
1784 4719 1893 4780 sed

394 4817 756 4883 necessario
786 4824 884 4879 est
912 4815 1346 4879 determinatae
1387 4814 1797 4897 perfectionis
1834 4823 1895 4877 et

394 4919 685 4981 limitatae
735 4914 1123 4998 capacitatis.
1175 4914 1384 4977 Gratia
1432 4932 1583 4977 vero
1641 4914 1895 4977 unionis

398 5017 465 5078 in
515 5015 768 5079 Christo
816 5019 913 5074 est
962 5011 1342 5094 simpliciter
1386 5010 1662 5086 infinita,
1694 5031 1895 5093 quum

399 5134 527 5178 non
568 5113 651 5176 sit
688 5112 849 5194 quid
887 5119 1193 5186 creatum,
1228 5112 1337 5174 sed
1375 5111 1588 5193 ipsum
1618 5110 1895 5173 Verbum

403 5214 699 5276 humanae
728 5218 973 5274 naturae
1009 5209 1205 5291 gratis
1246 5209 1519 5272 unitum.
1552 5208 1763 5272 Nihilo
1792 5209 1903 5271 mi-

402 5331 523 5375 nus
565 5310 770 5393 gratia
811 5308 1155 5372 habitualis
1203 5308 1268 5370 in
1318 5307 1565 5371 Christo
1612 5315 1706 5370 est
1748 5327 1905 5390 quo-

1996 4325 2229 4387 Filium
2297 4323 2648 4385 secundum
2716 4328 3003 4383 naturam
3070 4328 3484 4403 assumptam,

1997 4441 2213 4487 amore
2268 4421 2477 4493 finito,
2530 4421 2640 4482 sed
2689 4418 3018 4500 singulari,
3071 4426 3133 4481 et
3193 4419 3491 4501 ampliori

2000 4541 2193 4604 quam
2244 4527 2444 4583 totum
2498 4517 2893 4591 universum,
2938 4515 3241 4597 quoniam
3285 4517 3492 4599 majus

2002 4621 2243 4684 bonum
2274 4618 2448 4681 dedit
2474 4617 2532 4678 ei
2574 4616 2692 4680 soli
2722 4634 2915 4698 quam
2945 4615 3243 4678 omnibus
3275 4615 3491 4692 simul,

2004 4718 2302 4784 videlicet
2331 4714 2726 4798 personalem
2759 4713 3060 4775 unionem
3090 4731 3235 4774 cum
3265 4712 3492 4779 Verbo.

2084 4820 2171 4878 Ec
2218 4816 2443 4877 omnia
2487 4814 2668 4876 dedit
2715 4815 2784 4874 in
2837 4831 3040 4873 manu
3086 4813 3246 4889 ejus,
3291 4812 3354 4876 id
3402 4820 3499 4876 est

2006 4915 2069 4976 in
2105 4919 2408 4996 potestate
2431 4908 2590 4984 Filii,
2608 4909 2958 4971 secundum
2992 4914 3327 4990 utramque
3358 4910 3498 4990 ejus

2006 5020 2320 5075 naturam.
2344 5009 2522 5072 Pater
2557 5007 2729 5070 enim
2761 5006 2933 5070 dedit
2974 5006 3190 5069 omnia
3229 5007 3292 5070 in
3327 5015 3502 5090 pote-

2007 5119 2167 5174 state
2217 5109 2358 5171 Filii
2411 5108 2760 5171 secundum
2817 5113 3100 5168 naturam
3155 5105 3295 5187 ejus
3339 5106 3502 5170 divi-

2008 5228 2178 5283 nam,
2215 5207 2280 5269 in
2314 5212 2622 5288 quantum
2661 5202 2836 5265 dedit
2868 5203 3155 5264 eamdem
3195 5203 3252 5265 ei
3294 5221 3500 5266 essen·

2009 5307 2165 5370 tiam
2208 5312 2400 5387 atque
2444 5301 2790 5386 potentiam
2836 5320 3026 5383 quam
3069 5301 3260 5364 habet
3293 5302 3492 5365 Pater.

3621 3050 3694 3107 35
