4300 6259
1098 522 1448 570 nummo
1492 523 1554 568 m
1596 521 1734 568 cn.
1781 520 1932 566 xvln
1973 519 2252 567 scamus.
2296 539 2378 552 —
2419 521 2560 568 aar.
2608 523 2747 568 xuv
3349 501 3469 566 587

349 705 476 760 net
502 699 582 761 ad
613 698 834 772 Deum,
868 695 1051 779 quasi
1083 694 1322 757 electus
1358 693 1437 755 ab
1469 710 1564 766 eo,
1599 700 1662 753 et
1690 691 1868 753 filius
1898 689 1950 750 A
1979 710 2241 755 suorum
2294 693 2370 755 de
2418 694 2723 758 servitute
2764 693 3101 757 Pharaonis
3146 712 3160 756 ε
3203 711 3347 774 quae
3396 693 3473 754 li-
3526 709 3766 758 uacuam,

349 796 508 877 ejus
547 814 662 878 Pffl'
701 795 1132 878 adOPtiffllem»
1167 794 1359 854 audit
1388 812 1600 852 vocem
1635 809 1871 859 meam,
1977 789 2220 854 beratio
2258 791 2381 853 fuit
2420 792 2485 853 in
2526 791 2779 855 Pascha.
2822 796 3026 854 Vultis
3062 813 3210 870 erqo
3250 793 3474 853 dimit·
3501 775 3570 878 ἐξ·
3594 775 3663 823 ²⁸·
3696 774 3766 822 ²⁹·

352 895 430 956 id
481 901 600 966 cst,
641 894 945 957 doctrinae
993 909 1150 954 meae
1199 892 1453 954 tandem
1501 888 1866 969 aliquando,

1980 898 2112 950 tam
2156 891 2329 950 vobis
2368 912 2577 968 reyem
2613 893 2987 952 Judoeorum
3013 894 3043 952 ἒ
3075 891 3310 953 Pilatus
3358 889 3475 952 Ro-

351 1001 560 1074 atque
593 992 874 1056 finaliter
901 1000 1243 1073 antequam
1276 991 1425 1052 hinc
1455 989 1723 1062 recedat,
1749 1005 1906 1049 cre··
1977 1006 2166 1051 mano
2224 989 2587 1070 imperatori
2649 989 2975 1064 obedienS,
3031 998 3210 1053 vocat
3259 988 3469 1050 Jesum

65 1301 288 1344 loannxu

53 1366 117 1407 ⁴7.

166 3747 234 3801 39

356 1092 462 1154 dit
519 1101 581 1154 et
629 1091 981 1174 acquiescit
1026 1109 1040 1153 :
1089 1099 1151 1152 et
1197 1089 1353 1151 tales
1403 1098 1553 1151 sunt
1603 1106 1866 1170 regnum

357 1209 608 1252 meum.
645 1191 773 1254 Hoc
821 1197 918 1252 est
955 1191 1124 1271 quod
1164 1188 1318 1250 alibi
1363 1189 1675 1270 scriptum
1718 1193 1814 1248 est
1851 1204 1864 1248 :

293 1317 322 1351 ι,
359 1287 483 1361 Qui
526 1307 604 1350 ex
644 1288 770 1352 Deo
810 1295 926 1362 est,
964 1286 1158 1350 verba
1194 1286 1301 1348 Dei
1335 1286 1546 1366 audit3
1582 1293 1871 1367 propter-

361 1404 438 1448 ea
473 1404 584 1449 vos
619 1406 744 1450 non
776 1385 1037 1460 auditiS,
1070 1385 1224 1467 quia
1261 1401 1338 1446 ex
1369 1384 1494 1447 Deo
1525 1403 1650 1447 non
1691 1383 1864 1445 estis.

451 1486 628 1546 Dicit
667 1487 730 1545 ei
764 1486 1028 1546 Pilatus
1058 1504 1080 1543 .·
1115 1485 1290 1553 Quid
1327 1491 1414 1543 est
1457 1484 1748 1543 veritas?
1777 1480 1872 1542 Pi-

363 1583 534 1644 latus
578 1582 734 1663 quia
769 1581 966 1662 judex
1009 1588 1164 1654 erat,
1199 1580 1415 1643 audito
1466 1579 1726 1643 nomine
1767 1597 1871 1642 ve-

365 1679 596 1753 ritatiS,
650 1679 1011 1742 sciscitatur
1068 1679 1224 1760 quid
1282 1679 1363 1740 sit
1421 1677 1672 1754 verita5‚
1726 1696 1869 1759 quae

362 1777 644 1840 maxime
693 1778 956 1860 respicit
998 1777 1270 1858 judiceS,
1313 1795 1583 1859 quorum
1633 1784 1728 1837 est
1775 1775 1868 1837 in-

1979 1103 2191 1166 regem
2229 1086 2584 1150 Judaeorum
2626 1088 2930 1150 derisorie
2973 1096 3035 1149 et
3070 1087 3305 1168 jocose.
3338 1085 3472 1150 Non

1977 1187 2149 1247 enim
2199 1186 2504 1248 assertive
2558 1187 2717 1249 dixit
2766 1205 2913 1250 eum
2975 1204 3183 1267 regem
3233 1186 3475 1248 Judaeo-

1978 1302 2143 1359 rum,
2197 1285 2349 1366 quia
2406 1285 2750 1366 imperator
2810 1285 3136 1368 prohibuit
3192 1283 3474 1365 aliquem

1977 1383 2115 1444 sine
2166 1402 2281 1446 suo
2332 1401 2645 1446 consensu
2692 1383 3050 1448 Judaeorum
3106 1401 3319 1464 regem
3369 1400 3476 1445 vo-

1978 1482 2129 1555 cari,
2164 1490 2227 1543 et
2273 1481 2425 1562 quia
2471 1483 2717 1546 audivit
2762 1501 2799 1544 a
2836 1482 3083 1546 Christo
3130 1501 3142 1543 :
3188 1481 3472 1562 Regnum

1979 1599 2189 1642 meum
2224 1599 2349 1643 non
2380 1587 2475 1642 est
2515 1581 2591 1643 de
2623 1581 2741 1644 hoc
2780 1582 3041 1643 mundo.
3076 1579 3195 1642 Sed
3236 1579 3474 1642 idcirco

1977 1679 2070 1740 sic
2129 1679 2433 1760 loquitur,
2488 1687 2557 1740 ut
2612 1680 2899 1742 ostendat
2953 1697 3144 1759 quam
3198 1695 3359 1741 vana
3410 1685 3475 1739 et

1977 1776 2207 1840 frivola
2239 1776 2445 1838 fuerat
2477 1776 2834 1840 Judaeorum
2870 1777 3167 1857 objectio,
3203 1775 3315 1856 qui
3354 1775 3473 1838 hoc

362 1885 460 1938 ter
505 1894 656 1938 vera
701 1895 775 1938 ac
822 1876 982 1938 falsa
1031 1877 1411 1938 discernere.
1447 1873 1713 1938 Possunt
1758 1892 1868 1934 au·
1903 1873 1951 1935 B
1979 1875 2227 1938 Christo
2266 1875 2700 1957 imponebant,
2733 1877 2904 1957 quod
2956 1874 3116 1937 dixit
3154 1893 3220 1936 se
3260 1891 3473 1955 regem

359 1983 492 2037 tem
545 1975 742 2038 verba
790 1973 969 2036 Pilati
1023 1973 1367 2056 dupliciter
1412 1972 1616 2055 accipi
1671 1990 1685 2034 ε
1741 1970 1869 2053 pri-

363 2093 491 2146 mo,
529 2081 602 2134 ut
651 2071 1042 2153 intelligatur
1083 2071 1390 2154 quaesisse
1431 2071 1496 2132 in
1541 2069 1865 2134 communi

364 2171 811 2234 definitionem
861 2171 1180 2250 veritatis3
1224 2170 1524 2243 secundo,
1567 2175 1638 2230 ut
1686 2167 1867 2252 intel7

365 2269 599 2350 ligatur
658 2269 1021 2351 specialiter
1077 2269 1515 2349 interrogasse,
1572 2266 1729 2348 quid
1787 2266 1868 2327 sit

1975 1973 2355 2036 Judaeorum.
2391 1972 2577 2046 Quasi
2623 1974 2787 2035 dicat
2824 1992 2837 2036 :
2872 1972 3129 2046 Qualem
3170 1991 3472 2055 apparen-

1977 2073 2126 2134 tiam
2170 2071 2360 2134 habet
2408 2072 2547 2147 hoc,
2582 2073 2751 2154 quod
2794 2072 2911 2134 iste
2962 2089 3205 2154 pauper
3244 2071 3475 2134 dixerit

1979 2189 2046 2232 se
2103 2189 2313 2250 regem
2372 2170 2753 2244 Judaeorum,
2805 2177 3115 2251 quantum
3175 2170 3252 2231 ad
3314 2169 3475 2251 regi-

1978 2288 2124 2331 men
2167 2270 2245 2332 de
2283 2287 2411 2350 quo
2451 2269 2815 2350 imperatori
2856 2276 2919 2331 et
2960 2268 3117 2330 mihi
3156 2278 3252 2331 est
3280 2271 3471 2331 cura?

367 2367 600 2428 veritas
650 2366 730 2428 de
781 2385 910 2448 qua
956 2366 1201 2429 audivit
1244 2385 1282 2427 a
1329 2364 1598 2438 Christo,
1649 2362 1866 2426 Omnis
2071 2372 2529 2430 Clamaverunt
2580 2388 2725 2444 erqo
2774 2389 3044 2428 rursum
3102 2387 3316 2428 omnes
3368 2366 3475 2429 Ju-
3606 2378 3679 2435 ⁴0

363 2465 479 2546 qui
521 2471 708 2526 natus
747 2471 844 2526 est
882 2482 959 2526 ex
1000 2464 1264 2526 veritate
1297 2481 1310 2525 :
1347 2481 1423 2524 ex
1460 2461 1697 2544 quibus
1730 2479 1866 2524 ver·
1978 2466 2095 2528 daei
2138 2466 2482 2528 adversarii
2528 2465 2889 2539 SalvatoriS,
2924 2483 3049 2528 non
3090 2472 3300 2527 tamen
3344 2482 3474 2526 om-

363 2563 466 2625 bis
519 2562 810 2644 pensavit
845 2563 1016 2644 quod
1057 2562 1286 2624 veritas
1335 2569 1500 2624 esset
1546 2562 1864 2642 quoddam
1979 2584 2090 2626 nes
2160 2565 2559 2647 simpliciter.
2620 2563 2834 2644 Aliqui
2904 2563 3138 2624 etenim
3212 2564 3472 2624 aderant

365 2661 763 2745 principium
816 2661 1173 2724 hominum.
1222 2664 1304 2724 Et
1350 2681 1552 2740 quum
1604 2661 1717 2720 hoc
1766 2660 1868 2719 di-
1977 2664 2165 2726 amici
2196 2663 2443 2738 Christi,
2469 2660 2764 2724 videlicet
2800 2661 3194 2733 Nicodemu8‚
3219 2661 3467 2743 Joseph,

359 2762 587 2827 scisset,
621 2761 860 2820 ilerum
896 2761 1102 2820 exivit
1144 2761 1232 2819 ad
1266 2762 1542 2820 Judoeos.
1575 2757 1709 2820 Non
1761 2775 1869 2818 ex·
1977 2771 2097 2825 etc.
2142 2764 2437 2822 Dicentes
2470 2781 2492 2821 .·
2522 2762 2671 2824 Non
2720 2763 2913 2830 hunc,
2949 2762 3059 2819 sed
3104 2760 3471 2821 Barabbam

363 2857 682 2940 spectavit
711 2856 942 2920 Christi
975 2857 1474 2939 responsionem,
1510 2875 1640 2938 prae
1671 2855 1868 2918 nimio
1979 2861 2162 2923 nobis
2195 2860 2457 2922 dimitte.
2480 2862 2643 2921 Erat
2672 2867 2886 2920 autem
2920 2860 3254 2920 Barabbas
3284 2861 3471 2926 latro,

365 2955 684 3019 desiderio
715 2955 1026 3017 liberandi
1059 2964 1121 3017 et
1151 2954 1492 3017 excusandi
1533 2972 1702 3016 eum.
1734 2953 1865 3015 Jam
1978 2959 2091 3041 qui
2140 2965 2211 3020 ut
2262 2957 2460 3020 Lucas
2514 2955 2727 3030 refert,
2784 2963 3042 3038 propter
3095 2955 3468 3018 seditionem
3522 2976 3748 3026 Lucam,

365 3054 542 3116 enim
574 3053 862 3137 percepit
903 3053 1329 3117 innocentiam
1361 3053 1613 3117 Christi.
1650 3052 1722 3114 Et
1749 3052 1871 3116 for·
1905 3055 1951 3121 C
1978 3057 2205 3120 factam
2247 3057 2311 3118 in
2358 3055 2610 3119 civitate
2652 3064 2716 3118 et
2757 3053 3195 3128 homicidium,
3238 3053 3472 3114 missus
3504 3042 3570 3082 ¹⁹·

367 3161 430 3215 te
493 3152 588 3214 sic
648 3153 996 3226 festinavit,
1058 3152 1210 3234 quia
1278 3159 1536 3234 repente
1595 3151 1872 3215 occurrit

369 3249 698 3314 memoriae
737 3251 900 3331 ejuS,
934 3252 1159 3314 modus
1197 3249 1511 3332 eripiendi
1551 3248 1869 3312 Christum

369 3349 448 3411 de
499 3349 797 3411 manibus
843 3349 1202 3411 Judaeorum
1239 3347 1399 3430 :qui
1450 3347 1674 3410 modus
1724 3347 1872 3408 sub-

367 3446 682 3527 jungitur.

453 3547 540 3606 Et
580 3547 761 3606 dimit
801 3547 892 3604 eis
932 3565 955 3604 .·
995 3547 1130 3620 Eyo
1179 3547 1435 3605 nullam
1482 3545 1744 3604 invenio
1795 3545 1868 3604 in

365 3663 438 3703 eo
479 3663 742 3704 causam
783 3642 1027 3716 mortiS,
1072 3641 1360 3722 diligenti
1403 3660 1475 3703 ac
1523 3642 1733 3704 debita
1774 3641 1870 3704 in-

367 3741 718 3823 quisitione
749 3740 1086 3823 praemissa.
1108 3744 1223 3802 E'st
1252 3749 1467 3801 autem
1495 3744 1870 3801 consuetudo

369 3841 574 3909 vobi-5,
605 3849 678 3900 ut
729 3859 932 3900 unum
984 3856 1162 3900 reum
1201 3839 1536 3899 dimittam
1578 3841 1774 3910 vobis,
1804 3840 1868 3903 id

367 3946 466 4000 est
493 3938 572 3999 ad
604 3945 890 3999 vestrum
922 3937 1227 4000 honorem
1257 3943 1448 4017 atque
1480 3936 1864 4012 instantiam,

367 4038 442 4097 in
488 4039 768 4106 Pascha,
822 4036 885 4098 id
941 4042 1037 4097 est
1083 4036 1164 4096 in·
1207 4034 1551 4097 festivitate
1612 4036 1869 4118 pascha-

365 4134 436 4195 li.
469 4133 641 4196 Hanc
683 4133 1208 4196 consuetudinem
1248 4132 1609 4196 habuerunt
1645 4134 1862 4209 Judaei,

1980 3156 2102 3217 fuit
2152 3155 2217 3217 in
2268 3172 2607 3218 carcerem.
2664 3153 2842 3215 Hunc
2890 3153 3098 3216 locum
3151 3151 3330 3233 ponit
3375 3151 3475 3215 Jo-

1979 3272 2177 3316 annes
2224 3261 2532 3327 truncate,
2576 3252 2783 3314 sciens
2825 3252 2995 3332 quod
3034 3250 3143 3312 alii
3192 3249 3476 3330 Evange-

1981 3353 2142 3434 listap
2170 3371 2316 3414 eum
2349 3350 2803 3433 descripserint
2834 3349 3106 3432 pleniuS.
3130 3349 3475 3412 Adverten-

1980 3452 2130 3513 dum
2174 3469 2345 3531 crgo,
2379 3450 2549 3531 quod
2589 3449 2822 3511 Pilatus
2862 3465 2939 3510 ex
2980 3449 3167 3511 corde
3206 3447 3473 3529 cupiens

1976 3549 2190 3610 Jesum
2258 3547 2527 3629 eripere,
2592 3545 2969 3625 excogitavit
3037 3544 3470 3622 industriose;

1983 3647 2440 3730 proposuitque
2485 3644 2715 3707 Judaeis
2765 3644 2945 3716 duOS,
2996 3662 3269 3724 quorum
3320 3643 3474 3704 alte-

1981 3767 2122 3808 rum
2178 3745 2485 3826 eligerent
2532 3743 2653 3805 sibi
2712 3741 2967 3804 dimitti.
3020 3741 3094 3803 Et
3144 3759 3223 3803 ne
3273 3741 3471 3803 alium

1979 3845 2178 3924 magis
2228 3861 2421 3924 quam
2467 3841 2679 3903 Jesum
2721 3848 3007 3921 peterent
3046 3839 3169 3901 sibi
3212 3839 3468 3913 dimitti,

1979 3943 2311 4026 proposuit
2337 3941 2548 4003 Jesum
2579 3947 2641 4002 et
2670 3938 3013 4001 Barabbam
3046 3939 3353 4000 latronem
3385 3957 3476 4000 se-

1976 4043 2277 4106 ditiosum
2336 4048 2399 4101 et
2457 4038 2861 4112 homicidam,
2924 4037 3237 4099 arbitrans
3299 4038 3471 4118 quod

1977 4159 2381 4222 nequaquam
2428 4145 2557 4200 tam
2615 4136 2987 4199 sceleratum
3048 4155 3122 4198 ac
3178 4135 3469 4199 odiosum

366 4251 493 4296 non
540 4251 618 4294 ex
658 4231 814 4312 legis
864 4240 1202 4314 praecepto,
1238 4232 1345 4293 sed
1397 4249 1473 4294 ex
1524 4233 1867 4314 praedeces-
1895 4235 1946 4298 D
1975 4240 2302 4319 eligerent.
2337 4235 2676 4299 Pontifices
2708 4252 2857 4298 vero
2895 4242 2956 4296 et
2996 4233 3286 4297 Pharisaei
3332 4253 3472 4316 per·
3554 4257 3724 4300 Mam«.

365 4331 619 4393 soribus
659 4331 817 4411 suiS,
850 4331 963 4412 qui
995 4337 1058 4392 et
1096 4330 1216 4393 hoc
1256 4329 1758 4412 impetraverunt
1785 4331 1864 4393 ab

367 4430 770 4512 imperatore,
806 4436 876 4490 ut
903 4428 1097 4509 judex
1128 4429 1207 4490 ab
1247 4429 1358 4492 illo
1388 4428 1766 4490 constitutus
1799 4429 1863 4491 in

363 4527 712 4590 Jerusalem
765 4537 826 4590 et
861 4527 1092 4602 Judaea,
1129 4526 1475 4588 dimitteret
1521 4526 1613 4588 eis
1665 4546 1864 4588 unum

368 4625 656 4689 vinctum
718 4627 783 4688 in
843 4625 1096 4699 Pascha,
1147 4643 1623 4707 quemcumque
1673 4625 1865 4708 petis-

367 4731 530 4798 sent,
555 4724 622 4786 in
655 4723 1153 4786 recordationem
1183 4722 1577 4786 liberationis
1609 4731 1862 4806 patrum

1975 4345 2313 4400 suaserunt
2353 4334 2589 4417 populo
2640 4341 2708 4395 ut
2754 4333 3061 4414 eligerent
3102 4333 3465 4408 Barabbam,
3500 4335 3525 4363 Χ

1975 4445 2036 4498 et
2081 4436 2295 4497 lesum
2344 4430 2638 4512 crucifigi
2688 4433 3101 4513 deposcerent
3140 4432 3359 4513 :quod
3408 4441 3471 4494 et

3532 4334 3629 4371 mi,
3665 4322 3734 4364 20.

1972 4535 2285 4596 fecerunt.
2320 4532 2496 4594 Unde
2542 4539 2605 4592 et
2643 4529 2867 4592 merito
2908 4529 3084 4592 venit
3130 4548 3323 4611 super
3367 4529 3472 4591 Ju-
3526 4551 3763 4604 ιτιιωωι,

1975 4633 2141 4695 daeos
2186 4632 2278 4693 ira
2318 4630 2425 4693 Dei
2469 4647 2673 4710 usque
2714 4626 2778 4690 in
2828 4626 3047 4702 finem,
3082 4629 3234 4708 quia
3282 4618 3518 4690 latro-¹

1974 4749 2122 4792 nem
2167 4735 2653 4812 praeposuerunt
2698 4725 2852 4790 Filio
2896 4725 3025 4788 Dei.
