<?xml version="1.0" encoding="UTF-8"?>
<!DOCTYPE html PUBLIC "-//W3C//DTD XHTML 1.0 Transitional//EN"
    "http://www.w3.org/TR/xhtml1/DTD/xhtml1-transitional.dtd">
<html xmlns="http://www.w3.org/1999/xhtml" xml:lang="en" lang="en">
 <head>
  <title>
</title>
<meta http-equiv="Content-Type" content="text/html;charset=utf-8" />
  <meta name='ocr-system' content='tesseract 3.04.00' />
  <meta name='ocr-capabilities' content='ocr_page ocr_carea ocr_par ocr_line ocrx_word'/>
</head>
<body>
  <div class='ocr_page' id='page_1' title='image "./doctorisecstati09unkngoog_0546.png"; bbox 0 0 4300 6259; ppageno 0'>
   <div class='ocr_carea' id='block_1_1' title="bbox 529 1774 790 1879">
    <p class='ocr_par' dir='ltr' id='par_1_1' title="bbox 529 1774 790 1879">
     <span class='ocr_line' id='line_1_1' title="bbox 529 1774 790 1879; baseline -0.008 -62"><span class='ocrx_word' id='word_1_1' title='bbox 529 1774 627 1879; x_wconf 48' lang='lat' dir='ltr'>{gob</span> <span class='ocrx_word' id='word_1_2' title='bbox 641 1787 699 1825; x_wconf 78' lang='lat' dir='ltr'>xi,</span> <span class='ocrx_word' id='word_1_3' title='bbox 725 1774 790 1825; x_wconf 73' lang='lat' dir='ltr'>u,</span> 
     </span>
    </p>
   </div>
   <div class='ocr_carea' id='block_1_2' title="bbox 529 1971 790 2077">
    <p class='ocr_par' dir='ltr' id='par_1_2' title="bbox 529 1971 790 2077">
     <span class='ocr_line' id='line_1_2' title="bbox 555 1971 790 2022; baseline -0.013 -8"><span class='ocrx_word' id='word_1_4' title='bbox 555 1971 633 2014; x_wconf 73' lang='lat' dir='ltr'>Pe.</span> <span class='ocrx_word' id='word_1_5' title='bbox 657 1983 790 2022; x_wconf 74' lang='lat' dir='ltr'>cmv,</span> 
     </span>
     <span class='ocr_line' id='line_1_3' title="bbox 529 2036 595 2077; baseline -0.03 0"><span class='ocrx_word' id='word_1_6' title='bbox 529 2036 595 2077; x_wconf 80' lang='lat'>¹9.</span> 
     </span>
    </p>
   </div>
   <div class='ocr_carea' id='block_1_3' title="bbox 814 486 938 555">
    <p class='ocr_par' dir='ltr' id='par_1_3' title="bbox 814 486 938 555">
     <span class='ocr_line' id='line_1_4' title="bbox 814 486 938 555; baseline 0.032 -4"><span class='ocrx_word' id='word_1_7' title='bbox 814 486 938 555; x_wconf 75' lang='lat'>456</span> 
     </span>
    </p>
   </div>
   <div class='ocr_carea' id='block_1_4' title="bbox 1582 503 3150 554">
    <p class='ocr_par' dir='ltr' id='par_1_4' title="bbox 1582 503 3150 554">
     <span class='ocr_line' id='line_1_5' title="bbox 1582 503 3150 554; baseline 0.001 -2"><span class='ocrx_word' id='word_1_8' title='bbox 1582 504 1934 554; x_wconf 67' lang='lat' dir='ltr'>munuc</span> <span class='ocrx_word' id='word_1_9' title='bbox 1974 505 2040 552; x_wconf 79' lang='lat' dir='ltr'>nt</span> <span class='ocrx_word' id='word_1_10' title='bbox 2079 504 2221 552; x_wconf 68' lang='lat' dir='ltr'>tm».</span> <span class='ocrx_word' id='word_1_11' title='bbox 2266 503 2332 551; x_wconf 82' lang='lat' dir='ltr'>lx</span> <span class='ocrx_word' id='word_1_12' title='bbox 2370 503 2648 551; x_wconf 76' lang='lat' dir='ltr'>JoANmS.</span> <span class='ocrx_word' id='word_1_13' title='bbox 2694 523 2774 534; x_wconf 92' lang='lat'><strong>—</strong></span> <span class='ocrx_word' id='word_1_14' title='bbox 2814 505 2957 552; x_wconf 72' lang='lat' dir='ltr'>Am.</span> <span class='ocrx_word' id='word_1_15' title='bbox 3000 506 3150 553; x_wconf 81' lang='lat' dir='ltr'>mv</span> 
     </span>
    </p>
   </div>
   <div class='ocr_carea' id='block_1_5' title="bbox 897 674 3913 759">
    <p class='ocr_par' dir='ltr' id='par_1_5' title="bbox 897 674 3913 759">
     <span class='ocr_line' id='line_1_6' title="bbox 897 674 3913 759; baseline 0 -19"><span class='ocrx_word' id='word_1_16' title='bbox 897 677 958 740; x_wconf 94' lang='lat' dir='ltr'>Si</span> <span class='ocrx_word' id='word_1_17' title='bbox 1001 697 1149 759; x_wconf 89' lang='lat' dir='ltr'>ergo</span> <span class='ocrx_word' id='word_1_18' title='bbox 1193 698 1228 741; x_wconf 89' lang='lat' dir='ltr'>a</span> <span class='ocrx_word' id='word_1_19' title='bbox 1265 678 1391 742; x_wconf 90' lang='lat' dir='ltr'>Deo</span> <span class='ocrx_word' id='word_1_20' title='bbox 1428 678 1713 741; x_wconf 86' lang='lat' dir='ltr'>exaudiri</span> <span class='ocrx_word' id='word_1_21' title='bbox 1753 685 2069 759; x_wconf 79' lang='lat' dir='ltr'>optamuS,</span> <span class='ocrx_word' id='word_1_22' title='bbox 2103 676 2157 738; x_wconf 93' lang='lat' dir='ltr'>si</span> <span class='ocrx_word' id='word_1_23' title='bbox 2200 675 2314 737; x_wconf 86' lang='lat' dir='ltr'>ali·</span> <span class='ocrx_word' id='word_1_24' title='bbox 2341 674 2393 735; x_wconf 89' lang='lat' dir='ltr'><strong>A</strong></span> <span class='ocrx_word' id='word_1_25' title='bbox 2421 695 2621 738; x_wconf 89' lang='lat' dir='ltr'>mum.</span> <span class='ocrx_word' id='word_1_26' title='bbox 2654 675 3053 739; x_wconf 70' lang='lat' dir='ltr'>materialiter</span> <span class='ocrx_word' id='word_1_27' title='bbox 3098 684 3309 740; x_wconf 89' lang='lat' dir='ltr'>autem</span> <span class='ocrx_word' id='word_1_28' title='bbox 3356 686 3451 739; x_wconf 92' lang='grc' dir='ltr'>θεῖ</span> <span class='ocrx_word' id='word_1_29' title='bbox 3497 677 3717 751; x_wconf 85' lang='lat' dir='ltr'>multa,</span> <span class='ocrx_word' id='word_1_30' title='bbox 3752 696 3913 759; x_wconf 89' lang='lat' dir='ltr'>quo-</span> 
     </span>
    </p>
   </div>
   <div class='ocr_carea' id='block_1_6' title="bbox 815 774 2317 1843">
    <p class='ocr_par' dir='ltr' id='par_1_6' title="bbox 815 774 2317 1843">
     <span class='ocr_line' id='line_1_7' title="bbox 817 774 2315 858; baseline -0.002 -21"><span class='ocrx_word' id='word_1_31' title='bbox 817 795 1010 858; x_wconf 82' lang='lat' dir='ltr'><strong>quam</strong></span> <span class='ocrx_word' id='word_1_32' title='bbox 1071 777 1414 858; x_wconf 76' lang='lat' dir='ltr'>specialem</span> <span class='ocrx_word' id='word_1_33' title='bbox 1471 776 1733 856; x_wconf 79' lang='lat' dir='ltr'><strong>gratiam</strong></span> <span class='ocrx_word' id='word_1_34' title='bbox 1794 774 2062 857; x_wconf 78' lang='lat' dir='ltr'>adipisci</span> <span class='ocrx_word' id='word_1_35' title='bbox 2121 792 2315 855; x_wconf 90' lang='lat' dir='ltr'>appe—</span> 
     </span>
     <span class='ocr_line' id='line_1_8' title="bbox 815 873 2309 955; baseline -0.001 -19"><span class='ocrx_word' id='word_1_36' title='bbox 815 874 1034 949; x_wconf 80' lang='lat' dir='ltr'>timuS,</span> <span class='ocrx_word' id='word_1_37' title='bbox 1079 894 1204 938; x_wconf 92' lang='lat' dir='ltr'>non</span> <span class='ocrx_word' id='word_1_38' title='bbox 1253 875 1641 937; x_wconf 84' lang='lat' dir='ltr'>contradicat</span> <span class='ocrx_word' id='word_1_39' title='bbox 1687 874 1969 955; x_wconf 91' lang='lat' dir='ltr'>operatio</span> <span class='ocrx_word' id='word_1_40' title='bbox 2017 873 2309 947; x_wconf 87' lang='lat' dir='ltr'>orationi,</span> 
     </span>
     <span class='ocr_line' id='line_1_9' title="bbox 819 972 2311 1054; baseline -0.002 -20"><span class='ocrx_word' id='word_1_41' title='bbox 819 990 936 1034; x_wconf 90' lang='lat' dir='ltr'>nec</span> <span class='ocrx_word' id='word_1_42' title='bbox 997 973 1403 1034; x_wconf 88' lang='lat' dir='ltr'>ostendamus</span> <span class='ocrx_word' id='word_1_43' title='bbox 1468 990 1582 1054; x_wconf 91' lang='lat' dir='ltr'>per</span> <span class='ocrx_word' id='word_1_44' title='bbox 1639 990 1832 1054; x_wconf 90' lang='lat' dir='ltr'>opera</span> <span class='ocrx_word' id='word_1_45' title='bbox 1892 972 2134 1051; x_wconf 87' lang='lat' dir='ltr'>iniqua,</span> <span class='ocrx_word' id='word_1_46' title='bbox 2198 989 2311 1032; x_wconf 91' lang='lat' dir='ltr'>nos</span> 
     </span>
     <span class='ocr_line' id='line_1_10' title="bbox 817 1070 2312 1154; baseline -0.002 -20"><span class='ocrx_word' id='word_1_47' title='bbox 817 1090 1030 1134; x_wconf 88' lang='lat' dir='ltr'>amare</span> <span class='ocrx_word' id='word_1_48' title='bbox 1060 1072 1122 1134; x_wconf 92' lang='lat' dir='ltr'>id</span> <span class='ocrx_word' id='word_1_49' title='bbox 1152 1073 1324 1154; x_wconf 92' lang='lat' dir='ltr'>quod</span> <span class='ocrx_word' id='word_1_50' title='bbox 1365 1090 1478 1153; x_wconf 88' lang='lat' dir='ltr'>per</span> <span class='ocrx_word' id='word_1_51' title='bbox 1506 1071 1855 1135; x_wconf 90' lang='lat' dir='ltr'>orationem</span> <span class='ocrx_word' id='word_1_52' title='bbox 1895 1070 2167 1133; x_wconf 90' lang='lat' dir='ltr'>dicimus</span> <span class='ocrx_word' id='word_1_53' title='bbox 2199 1089 2312 1133; x_wconf 92' lang='lat' dir='ltr'>nos</span> 
     </span>
     <span class='ocr_line' id='line_1_11' title="bbox 818 1169 2309 1252; baseline -0.003 -19"><span class='ocrx_word' id='word_1_54' title='bbox 818 1170 1031 1252; x_wconf 85' lang='lat' dir='ltr'>odire3</span> <span class='ocrx_word' id='word_1_55' title='bbox 1082 1172 1191 1234; x_wconf 87' lang='lat' dir='ltr'>sed</span> <span class='ocrx_word' id='word_1_56' title='bbox 1252 1170 1560 1233; x_wconf 85' lang='lat' dir='ltr'>faciamus</span> <span class='ocrx_word' id='word_1_57' title='bbox 1611 1171 1782 1251; x_wconf 92' lang='lat' dir='ltr'>quod</span> <span class='ocrx_word' id='word_1_58' title='bbox 1839 1170 1904 1231; x_wconf 92' lang='lat' dir='ltr'>in</span> <span class='ocrx_word' id='word_1_59' title='bbox 1957 1169 2139 1232; x_wconf 90' lang='lat' dir='ltr'>nobis</span> <span class='ocrx_word' id='word_1_60' title='bbox 2192 1176 2309 1244; x_wconf 90' lang='lat' dir='ltr'>est,</span> 
     </span>
     <span class='ocr_line' id='line_1_12' title="bbox 819 1267 2315 1349; baseline 0 -19"><span class='ocrx_word' id='word_1_61' title='bbox 819 1268 1100 1331; x_wconf 88' lang='lat' dir='ltr'>laborem</span> <span class='ocrx_word' id='word_1_62' title='bbox 1159 1268 1446 1332; x_wconf 90' lang='lat' dir='ltr'>debitum</span> <span class='ocrx_word' id='word_1_63' title='bbox 1494 1268 1990 1349; x_wconf 87' lang='lat' dir='ltr'>continuamque</span> <span class='ocrx_word' id='word_1_64' title='bbox 2049 1267 2315 1349; x_wconf 88' lang='lat' dir='ltr'>diligen-</span> 
     </span>
     <span class='ocr_line' id='line_1_13' title="bbox 819 1365 2317 1449; baseline -0.001 -21"><span class='ocrx_word' id='word_1_65' title='bbox 819 1367 972 1429; x_wconf 86' lang='lat' dir='ltr'>tiam</span> <span class='ocrx_word' id='word_1_66' title='bbox 1003 1368 1404 1449; x_wconf 90' lang='lat' dir='ltr'>apponendo,</span> <span class='ocrx_word' id='word_1_67' title='bbox 1439 1376 1502 1429; x_wconf 89' lang='lat' dir='ltr'>et</span> <span class='ocrx_word' id='word_1_68' title='bbox 1533 1365 1837 1429; x_wconf 84' lang='lat' dir='ltr'>effectum</span> <span class='ocrx_word' id='word_1_69' title='bbox 1867 1365 2127 1429; x_wconf 84' lang='lat' dir='ltr'>affectui</span> <span class='ocrx_word' id='word_1_70' title='bbox 2170 1384 2317 1428; x_wconf 92' lang='lat' dir='ltr'>con-</span> 
     </span>
     <span class='ocr_line' id='line_1_14' title="bbox 818 1464 2317 1547; baseline -0.001 -20"><span class='ocrx_word' id='word_1_71' title='bbox 818 1464 1171 1529; x_wconf 88' lang='lat' dir='ltr'>formando.</span> <span class='ocrx_word' id='word_1_72' title='bbox 1207 1466 1382 1528; x_wconf 93' lang='lat' dir='ltr'>Tunc</span> <span class='ocrx_word' id='word_1_73' title='bbox 1413 1465 1578 1528; x_wconf 90' lang='lat' dir='ltr'>Deus</span> <span class='ocrx_word' id='word_1_74' title='bbox 1619 1464 1908 1547; x_wconf 88' lang='lat' dir='ltr'>protinus</span> <span class='ocrx_word' id='word_1_75' title='bbox 1948 1464 2171 1536; x_wconf 86' lang='lat' dir='ltr'>aderit,</span> <span class='ocrx_word' id='word_1_76' title='bbox 2208 1481 2317 1526; x_wconf 93' lang='lat' dir='ltr'>no-</span> 
     </span>
     <span class='ocr_line' id='line_1_15' title="bbox 820 1563 2313 1646; baseline -0.001 -21"><span class='ocrx_word' id='word_1_77' title='bbox 820 1572 1152 1646; x_wconf 88' lang='lat' dir='ltr'>strumque</span> <span class='ocrx_word' id='word_1_78' title='bbox 1183 1563 1630 1646; x_wconf 88' lang='lat' dir='ltr'>imperfectum</span> <span class='ocrx_word' id='word_1_79' title='bbox 1660 1563 2003 1645; x_wconf 86' lang='lat' dir='ltr'>supplebit,</span> <span class='ocrx_word' id='word_1_80' title='bbox 2036 1570 2313 1645; x_wconf 89' lang='lat' dir='ltr'>optatam</span> 
     </span>
     <span class='ocr_line' id='line_1_16' title="bbox 822 1660 2316 1743; baseline 0 -20"><span class='ocrx_word' id='word_1_81' title='bbox 822 1661 1277 1743; x_wconf 79' lang='lat' dir='ltr'>perfectionem</span> <span class='ocrx_word' id='word_1_82' title='bbox 1345 1663 1653 1726; x_wconf 91' lang='lat' dir='ltr'>virtutum</span> <span class='ocrx_word' id='word_1_83' title='bbox 1725 1663 2100 1743; x_wconf 82' lang='lat' dir='ltr'>praestando.</span> <span class='ocrx_word' id='word_1_84' title='bbox 2173 1660 2316 1723; x_wconf 90' lang='lat' dir='ltr'>ldeo</span> 
     </span>
     <span class='ocr_line' id='line_1_17' title="bbox 819 1759 2316 1843; baseline 0 -21"><span class='ocrx_word' id='word_1_85' title='bbox 819 1761 1060 1843; x_wconf 86' lang='lat' dir='ltr'>quippe</span> <span class='ocrx_word' id='word_1_86' title='bbox 1091 1761 1156 1823; x_wconf 92' lang='lat' dir='ltr'>in</span> <span class='ocrx_word' id='word_1_87' title='bbox 1185 1761 1298 1824; x_wconf 84' lang='lat' dir='ltr'>Job</span> <span class='ocrx_word' id='word_1_88' title='bbox 1331 1762 1561 1842; x_wconf 87' lang='lat' dir='ltr'>legitur</span> <span class='ocrx_word' id='word_1_89' title='bbox 1595 1779 1608 1823; x_wconf 92' lang='lat'>:</span> <span class='ocrx_word' id='word_1_90' title='bbox 1643 1759 1706 1822; x_wconf 92' lang='lat' dir='ltr'>Si</span> <span class='ocrx_word' id='word_1_91' title='bbox 1740 1760 2140 1841; x_wconf 90' lang='lat' dir='ltr'>iniquitatem</span> <span class='ocrx_word' id='word_1_92' title='bbox 2173 1779 2316 1842; x_wconf 83' lang='lat' dir='ltr'>quae</span> 
     </span>
    </p>
   </div>
   <div class='ocr_carea' id='block_1_7' title="bbox 2418 772 3916 1840">
    <p class='ocr_par' dir='ltr' id='par_1_7' title="bbox 2418 772 3916 1840">
     <span class='ocr_line' id='line_1_18' title="bbox 2420 772 3910 847; baseline 0.001 -14"><span class='ocrx_word' id='word_1_93' title='bbox 2420 772 2590 833; x_wconf 88' lang='lat' dir='ltr'>niam</span> <span class='ocrx_word' id='word_1_94' title='bbox 2639 774 2871 835; x_wconf 85' lang='lat' dir='ltr'>multas</span> <span class='ocrx_word' id='word_1_95' title='bbox 2918 774 3146 837; x_wconf 81' lang='lat' dir='ltr'>animae</span> <span class='ocrx_word' id='word_1_96' title='bbox 3192 775 3359 838; x_wconf 91' lang='lat' dir='ltr'>vires</span> <span class='ocrx_word' id='word_1_97' title='bbox 3408 772 3638 847; x_wconf 82' lang='lat' dir='ltr'>inficit,</span> <span class='ocrx_word' id='word_1_98' title='bbox 3678 780 3745 835; x_wconf 86' lang='lat' dir='ltr'>ct</span> <span class='ocrx_word' id='word_1_99' title='bbox 3784 773 3910 835; x_wconf 86' lang='lat' dir='ltr'>alia</span> 
     </span>
     <span class='ocr_line' id='line_1_19' title="bbox 2420 872 3911 955; baseline 0.001 -22"><span class='ocrx_word' id='word_1_100' title='bbox 2420 880 2676 953; x_wconf 87' lang='lat' dir='ltr'>peccata</span> <span class='ocrx_word' id='word_1_101' title='bbox 2708 872 3062 937; x_wconf 88' lang='lat' dir='ltr'>virtualiter</span> <span class='ocrx_word' id='word_1_102' title='bbox 3092 874 3373 936; x_wconf 89' lang='lat' dir='ltr'>continet</span> <span class='ocrx_word' id='word_1_103' title='bbox 3406 892 3419 935; x_wconf 95' lang='lat'>:</span> <span class='ocrx_word' id='word_1_104' title='bbox 3455 873 3775 955; x_wconf 77' lang='lat' dir='ltr'>praecipue</span> <span class='ocrx_word' id='word_1_105' title='bbox 3804 891 3911 935; x_wconf 83' lang='lat' dir='ltr'>ve-</span> 
     </span>
     <span class='ocr_line' id='line_1_20' title="bbox 2424 972 3913 1053; baseline 0.001 -22"><span class='ocrx_word' id='word_1_106' title='bbox 2424 990 2493 1033; x_wconf 90' lang='lat' dir='ltr'>ro</span> <span class='ocrx_word' id='word_1_107' title='bbox 2524 979 2783 1053; x_wconf 87' lang='lat' dir='ltr'>propter</span> <span class='ocrx_word' id='word_1_108' title='bbox 2811 980 3083 1053; x_wconf 91' lang='lat' dir='ltr'>quatuor</span> <span class='ocrx_word' id='word_1_109' title='bbox 3115 972 3377 1034; x_wconf 89' lang='lat' dir='ltr'>vulnera</span> <span class='ocrx_word' id='word_1_110' title='bbox 3405 972 3656 1045; x_wconf 85' lang='lat' dir='ltr'>animae,</span> <span class='ocrx_word' id='word_1_111' title='bbox 3680 990 3757 1033; x_wconf 83' lang='lat' dir='ltr'>ex</span> <span class='ocrx_word' id='word_1_112' title='bbox 3784 972 3913 1035; x_wconf 92' lang='lat' dir='ltr'>ori-</span> 
     </span>
     <span class='ocr_line' id='line_1_21' title="bbox 2418 1069 3908 1151; baseline 0.001 -21"><span class='ocrx_word' id='word_1_113' title='bbox 2418 1070 2613 1149; x_wconf 86' lang='lat' dir='ltr'>ginali</span> <span class='ocrx_word' id='word_1_114' title='bbox 2655 1080 2911 1151; x_wconf 88' lang='lat' dir='ltr'>peccato</span> <span class='ocrx_word' id='word_1_115' title='bbox 2955 1069 3220 1144; x_wconf 85' lang='lat' dir='ltr'>inflicta,</span> <span class='ocrx_word' id='word_1_116' title='bbox 3264 1072 3615 1132; x_wconf 90' lang='lat' dir='ltr'>secundum</span> <span class='ocrx_word' id='word_1_117' title='bbox 3658 1070 3908 1144; x_wconf 87' lang='lat' dir='ltr'>Bedam,</span> 
     </span>
     <span class='ocr_line' id='line_1_22' title="bbox 2420 1169 3911 1250; baseline 0.001 -20"><span class='ocrx_word' id='word_1_118' title='bbox 2420 1187 2564 1250; x_wconf 80' lang='lat' dir='ltr'>quae</span> <span class='ocrx_word' id='word_1_119' title='bbox 2594 1176 2782 1231; x_wconf 89' lang='lat' dir='ltr'>sunt:</span> <span class='ocrx_word' id='word_1_120' title='bbox 2807 1169 3172 1249; x_wconf 85' lang='lat' dir='ltr'>ignorantia,</span> <span class='ocrx_word' id='word_1_121' title='bbox 3200 1169 3509 1231; x_wconf 83' lang='lat' dir='ltr'>exsistens</span> <span class='ocrx_word' id='word_1_122' title='bbox 3541 1170 3609 1231; x_wconf 92' lang='lat' dir='ltr'>in</span> <span class='ocrx_word' id='word_1_123' title='bbox 3642 1170 3911 1248; x_wconf 81' lang='lat' dir='ltr'>ratione3</span> 
     </span>
     <span class='ocr_line' id='line_1_23' title="bbox 2421 1268 3916 1350; baseline 0.001 -22"><span class='ocrx_word' id='word_1_124' title='bbox 2421 1268 2683 1343; x_wconf 89' lang='lat' dir='ltr'>malitia,</span> <span class='ocrx_word' id='word_1_125' title='bbox 2730 1269 3040 1330; x_wconf 83' lang='lat' dir='ltr'>exsistens</span> <span class='ocrx_word' id='word_1_126' title='bbox 3088 1268 3153 1329; x_wconf 91' lang='lat' dir='ltr'>in</span> <span class='ocrx_word' id='word_1_127' title='bbox 3205 1269 3570 1349; x_wconf 81' lang='lat' dir='ltr'>voluntate3</span> <span class='ocrx_word' id='word_1_128' title='bbox 3622 1268 3916 1350; x_wconf 89' lang='lat' dir='ltr'>concupi-</span> 
     </span>
     <span class='ocr_line' id='line_1_24' title="bbox 2422 1365 3911 1449; baseline 0 -22"><span class='ocrx_word' id='word_1_129' title='bbox 2422 1365 2681 1439; x_wconf 89' lang='lat' dir='ltr'>scentia,</span> <span class='ocrx_word' id='word_1_130' title='bbox 2700 1385 2844 1447; x_wconf 79' lang='lat' dir='ltr'>quae</span> <span class='ocrx_word' id='word_1_131' title='bbox 2873 1375 2969 1429; x_wconf 89' lang='lat' dir='ltr'>est</span> <span class='ocrx_word' id='word_1_132' title='bbox 2997 1366 3062 1428; x_wconf 94' lang='lat' dir='ltr'>in</span> <span class='ocrx_word' id='word_1_133' title='bbox 3094 1366 3379 1449; x_wconf 88' lang='lat' dir='ltr'>appetitu</span> <span class='ocrx_word' id='word_1_134' title='bbox 3408 1366 3911 1448; x_wconf 89' lang='lat' dir='ltr'>concupiscibili,</span> 
     </span>
     <span class='ocr_line' id='line_1_25' title="bbox 2424 1464 3916 1550; baseline 0.001 -26"><span class='ocrx_word' id='word_1_135' title='bbox 2424 1464 2733 1526; x_wconf 91' lang='lat' dir='ltr'>sumendo</span> <span class='ocrx_word' id='word_1_136' title='bbox 2791 1464 3371 1550; x_wconf 88' lang='lat' dir='ltr'>concupiscentiam</span> <span class='ocrx_word' id='word_1_137' title='bbox 3430 1482 3547 1547; x_wconf 92' lang='lat' dir='ltr'>pro</span> <span class='ocrx_word' id='word_1_138' title='bbox 3601 1466 3916 1547; x_wconf 85' lang='lat' dir='ltr'>pronitate</span> 
     </span>
     <span class='ocr_line' id='line_1_26' title="bbox 2421 1561 3916 1643; baseline 0.002 -22"><span class='ocrx_word' id='word_1_139' title='bbox 2421 1561 2499 1622; x_wconf 90' lang='lat' dir='ltr'>ad</span> <span class='ocrx_word' id='word_1_140' title='bbox 2548 1561 3129 1643; x_wconf 88' lang='lat' dir='ltr'>concupiscendum</span> <span class='ocrx_word' id='word_1_141' title='bbox 3162 1562 3574 1642; x_wconf 89' lang='lat' dir='ltr'>·inordinate;</span> <span class='ocrx_word' id='word_1_142' title='bbox 3626 1571 3690 1624; x_wconf 91' lang='lat' dir='ltr'>et</span> <span class='ocrx_word' id='word_1_143' title='bbox 3737 1562 3916 1625; x_wconf 89' lang='lat' dir='ltr'>infir-</span> 
     </span>
     <span class='ocr_line' id='line_1_27' title="bbox 2424 1658 3916 1742; baseline 0.003 -24"><span class='ocrx_word' id='word_1_144' title='bbox 2424 1658 2629 1732; x_wconf 83' lang='lat' dir='ltr'>mitaS,</span> <span class='ocrx_word' id='word_1_145' title='bbox 2664 1677 2808 1738; x_wconf 80' lang='lat' dir='ltr'>quae</span> <span class='ocrx_word' id='word_1_146' title='bbox 2836 1667 2930 1721; x_wconf 91' lang='lat' dir='ltr'>est</span> <span class='ocrx_word' id='word_1_147' title='bbox 2961 1660 3025 1721; x_wconf 92' lang='lat' dir='ltr'>in</span> <span class='ocrx_word' id='word_1_148' title='bbox 3067 1660 3391 1722; x_wconf 87' lang='lat' dir='ltr'>irascibili.</span> <span class='ocrx_word' id='word_1_149' title='bbox 3424 1660 3531 1723; x_wconf 82' lang='lat' dir='ltr'>Hae</span> <span class='ocrx_word' id='word_1_150' title='bbox 3558 1659 3731 1722; x_wconf 90' lang='lat' dir='ltr'>enim</span> <span class='ocrx_word' id='word_1_151' title='bbox 3762 1680 3916 1742; x_wconf 88' lang='lat' dir='ltr'>qua-</span> 
     </span>
     <span class='ocr_line' id='line_1_28' title="bbox 2423 1756 3911 1840; baseline 0 -21"><span class='ocrx_word' id='word_1_152' title='bbox 2423 1764 2567 1819; x_wconf 92' lang='lat' dir='ltr'>tuor</span> <span class='ocrx_word' id='word_1_153' title='bbox 2608 1756 2773 1821; x_wconf 89' lang='lat' dir='ltr'>vires</span> <span class='ocrx_word' id='word_1_154' title='bbox 2811 1760 3038 1820; x_wconf 83' lang='lat' dir='ltr'>animae</span> <span class='ocrx_word' id='word_1_155' title='bbox 3076 1767 3224 1820; x_wconf 89' lang='lat' dir='ltr'>sunt</span> <span class='ocrx_word' id='word_1_156' title='bbox 3262 1758 3549 1840; x_wconf 83' lang='lat' dir='ltr'>subjecta</span> <span class='ocrx_word' id='word_1_157' title='bbox 3578 1758 3911 1821; x_wconf 85' lang='lat' dir='ltr'>virtutum.</span> 
     </span>
    </p>
   </div>
   <div class='ocr_carea' id='block_1_8' title="bbox 819 1856 3913 1938">
    <p class='ocr_par' dir='ltr' id='par_1_8' title="bbox 819 1856 3913 1938">
     <span class='ocr_line' id='line_1_29' title="bbox 819 1856 3913 1938; baseline -0.001 -17"><span class='ocrx_word' id='word_1_158' title='bbox 819 1867 916 1921; x_wconf 88' lang='lat' dir='ltr'>est</span> <span class='ocrx_word' id='word_1_159' title='bbox 963 1860 1028 1921; x_wconf 92' lang='lat' dir='ltr'>in</span> <span class='ocrx_word' id='word_1_160' title='bbox 1079 1879 1273 1922; x_wconf 89' lang='lat' dir='ltr'>manu</span> <span class='ocrx_word' id='word_1_161' title='bbox 1333 1868 1440 1921; x_wconf 89' lang='lat' dir='ltr'>tua</span> <span class='ocrx_word' id='word_1_162' title='bbox 1488 1858 1848 1934; x_wconf 83' lang='lat' dir='ltr'>abstuleriS,</span> <span class='ocrx_word' id='word_1_163' title='bbox 1900 1866 2054 1920; x_wconf 90' lang='lat' dir='ltr'>tunc</span> <span class='ocrx_word' id='word_1_164' title='bbox 2105 1859 2315 1920; x_wconf 88' lang='lat' dir='ltr'>levare</span> <span class='ocrx_word' id='word_1_165' title='bbox 2351 1856 2399 1917; x_wconf 91' lang='lat' dir='ltr'>B</span> <span class='ocrx_word' id='word_1_166' title='bbox 2506 1859 2590 1918; x_wconf 79' lang='lat' dir='ltr'>Ec</span> <span class='ocrx_word' id='word_1_167' title='bbox 2622 1867 2690 1918; x_wconf 77' lang='lat' dir='ltr'>tu</span> <span class='ocrx_word' id='word_1_168' title='bbox 2719 1860 2897 1918; x_wconf 84' lang='lat' dir='ltr'>doces</span> <span class='ocrx_word' id='word_1_169' title='bbox 2926 1860 3081 1918; x_wconf 77' lang='lat' dir='ltr'>nos?</span> <span class='ocrx_word' id='word_1_170' title='bbox 3111 1857 3229 1920; x_wconf 92' lang='lat' dir='ltr'>hoc</span> <span class='ocrx_word' id='word_1_171' title='bbox 3269 1865 3385 1933; x_wconf 90' lang='lat' dir='ltr'>est,</span> <span class='ocrx_word' id='word_1_172' title='bbox 3417 1876 3622 1938; x_wconf 93' lang='lat' dir='ltr'>quum</span> <span class='ocrx_word' id='word_1_173' title='bbox 3661 1858 3749 1920; x_wconf 91' lang='lat' dir='ltr'>sis</span> <span class='ocrx_word' id='word_1_174' title='bbox 3786 1866 3913 1919; x_wconf 88' lang='lat' dir='ltr'>tam</span> 
     </span>
    </p>
   </div>
   <div class='ocr_carea' id='block_1_9' title="bbox 813 1955 2318 3025">
    <p class='ocr_par' dir='ltr' id='par_1_9' title="bbox 820 1955 2318 2315">
     <span class='ocr_line' id='line_1_30' title="bbox 822 1955 2318 2038; baseline 0 -19"><span class='ocrx_word' id='word_1_175' title='bbox 822 1958 1056 2038; x_wconf 91' lang='lat' dir='ltr'>poteris</span> <span class='ocrx_word' id='word_1_176' title='bbox 1103 1957 1331 2020; x_wconf 86' lang='lat' dir='ltr'>faciem</span> <span class='ocrx_word' id='word_1_177' title='bbox 1381 1964 1598 2037; x_wconf 84' lang='lat' dir='ltr'>tuam3</span> <span class='ocrx_word' id='word_1_178' title='bbox 1637 1965 1702 2019; x_wconf 90' lang='lat' dir='ltr'>et</span> <span class='ocrx_word' id='word_1_179' title='bbox 1755 1957 1821 2019; x_wconf 92' lang='lat' dir='ltr'>in</span> <span class='ocrx_word' id='word_1_180' title='bbox 1873 1955 2115 2019; x_wconf 88' lang='lat' dir='ltr'>Psalmo</span> <span class='ocrx_word' id='word_1_181' title='bbox 2152 1976 2164 2019; x_wconf 92' lang='lat'>:</span> <span class='ocrx_word' id='word_1_182' title='bbox 2200 1955 2318 2019; x_wconf 90' lang='lat' dir='ltr'>Vo-</span> 
     </span>
     <span class='ocr_line' id='line_1_31' title="bbox 820 2053 2317 2136; baseline -0.001 -20"><span class='ocrx_word' id='word_1_183' title='bbox 820 2055 1126 2117; x_wconf 87' lang='lat' dir='ltr'>luntatem</span> <span class='ocrx_word' id='word_1_184' title='bbox 1184 2056 1547 2117; x_wconf 86' lang='lat' dir='ltr'>timentium</span> <span class='ocrx_word' id='word_1_185' title='bbox 1606 2073 1673 2117; x_wconf 92' lang='grc' dir='ltr'>εθ</span> <span class='ocrx_word' id='word_1_186' title='bbox 1719 2053 1931 2127; x_wconf 90' lang='lat' dir='ltr'>faciet,</span> <span class='ocrx_word' id='word_1_187' title='bbox 1983 2063 2045 2116; x_wconf 93' lang='lat' dir='ltr'>et</span> <span class='ocrx_word' id='word_1_188' title='bbox 2093 2056 2317 2136; x_wconf 91' lang='lat' dir='ltr'>depre-</span> 
     </span>
     <span class='ocr_line' id='line_1_32' title="bbox 821 2152 2314 2227; baseline 0 -12"><span class='ocrx_word' id='word_1_189' title='bbox 821 2153 1135 2217; x_wconf 90' lang='lat' dir='ltr'>cationem</span> <span class='ocrx_word' id='word_1_190' title='bbox 1194 2172 1414 2217; x_wconf 91' lang='lat' dir='ltr'>eorum</span> <span class='ocrx_word' id='word_1_191' title='bbox 1473 2153 1785 2227; x_wconf 80' lang='lat' dir='ltr'>exaudiet,</span> <span class='ocrx_word' id='word_1_192' title='bbox 1837 2161 1900 2216; x_wconf 88' lang='lat' dir='ltr'>et</span> <span class='ocrx_word' id='word_1_193' title='bbox 1957 2152 2164 2216; x_wconf 89' lang='lat' dir='ltr'>salvos</span> <span class='ocrx_word' id='word_1_194' title='bbox 2219 2152 2314 2215; x_wconf 86' lang='lat' dir='ltr'>fa-</span> 
     </span>
     <span class='ocr_line' id='line_1_33' title="bbox 821 2251 1118 2315; baseline -0.003 -2"><span class='ocrx_word' id='word_1_195' title='bbox 821 2251 946 2313; x_wconf 87' lang='lat' dir='ltr'>ciet</span> <span class='ocrx_word' id='word_1_196' title='bbox 989 2269 1118 2315; x_wconf 89' lang='grc' dir='ltr'><strong>θοε.</strong></span> 
     </span>
    </p>

    <p class='ocr_par' dir='ltr' id='par_1_10' title="bbox 813 2350 2316 3025">
     <span class='ocr_line' id='line_1_34' title="bbox 899 2350 2315 2428; baseline 0 -16"><span class='ocrx_word' id='word_1_197' title='bbox 899 2353 1388 2428; x_wconf 77' lang='lat' dir='ltr'>Responderunt</span> <span class='ocrx_word' id='word_1_198' title='bbox 1427 2350 1745 2425; x_wconf 85' lang='lat' dir='ltr'>Pharisaei,</span> <span class='ocrx_word' id='word_1_199' title='bbox 1777 2361 1836 2412; x_wconf 80' lang='lat' dir='ltr'>et</span> <span class='ocrx_word' id='word_1_200' title='bbox 1865 2353 2180 2411; x_wconf 70' lang='lat' dir='ltr'>cii-verunt</span> <span class='ocrx_word' id='word_1_201' title='bbox 2208 2353 2315 2412; x_wconf 85' lang='lat' dir='ltr'>ei:</span> 
     </span>
     <span class='ocr_line' id='line_1_35' title="bbox 817 2448 2311 2529; baseline 0 -19"><span class='ocrx_word' id='word_1_202' title='bbox 817 2451 902 2510; x_wconf 80' lang='lat' dir='ltr'>In</span> <span class='ocrx_word' id='word_1_203' title='bbox 914 2450 1192 2525; x_wconf 73' lang='lat' dir='ltr'>peccatis</span> <span class='ocrx_word' id='word_1_204' title='bbox 1211 2460 1406 2510; x_wconf 77' lang='lat' dir='ltr'>natus</span> <span class='ocrx_word' id='word_1_205' title='bbox 1423 2470 1486 2509; x_wconf 78' lang='lat' dir='ltr'>es</span> <span class='ocrx_word' id='word_1_206' title='bbox 1507 2456 1693 2517; x_wconf 82' lang='lat' dir='ltr'>totus,</span> <span class='ocrx_word' id='word_1_207' title='bbox 1708 2450 1772 2510; x_wconf 88' lang='lat' dir='ltr'>id</span> <span class='ocrx_word' id='word_1_208' title='bbox 1803 2456 1900 2510; x_wconf 85' lang='lat' dir='ltr'>est</span> <span class='ocrx_word' id='word_1_209' title='bbox 1929 2448 1996 2511; x_wconf 90' lang='lat' dir='ltr'>in</span> <span class='ocrx_word' id='word_1_210' title='bbox 2023 2448 2311 2529; x_wconf 80' lang='lat' dir='ltr'>originali</span> 
     </span>
     <span class='ocr_line' id='line_1_36' title="bbox 817 2547 2316 2629; baseline 0 -20"><span class='ocrx_word' id='word_1_211' title='bbox 817 2554 1076 2629; x_wconf 87' lang='lat' dir='ltr'>peccato</span> <span class='ocrx_word' id='word_1_212' title='bbox 1123 2553 1434 2628; x_wconf 91' lang='lat' dir='ltr'>quantum</span> <span class='ocrx_word' id='word_1_213' title='bbox 1482 2547 1560 2608; x_wconf 96' lang='lat' dir='ltr'>ad</span> <span class='ocrx_word' id='word_1_214' title='bbox 1609 2547 1910 2621; x_wconf 89' lang='lat' dir='ltr'>animam,</span> <span class='ocrx_word' id='word_1_215' title='bbox 1953 2556 2017 2610; x_wconf 89' lang='lat' dir='ltr'>et</span> <span class='ocrx_word' id='word_1_216' title='bbox 2064 2547 2129 2610; x_wconf 93' lang='lat' dir='ltr'>in</span> <span class='ocrx_word' id='word_1_217' title='bbox 2176 2566 2316 2629; x_wconf 91' lang='lat' dir='ltr'>spe-</span> 
     </span>
     <span class='ocr_line' id='line_1_37' title="bbox 817 2646 2309 2728; baseline 0 -21"><span class='ocrx_word' id='word_1_218' title='bbox 817 2646 960 2708; x_wconf 89' lang='lat' dir='ltr'>ciali</span> <span class='ocrx_word' id='word_1_219' title='bbox 1006 2664 1194 2727; x_wconf 89' lang='lat' dir='ltr'>poena</span> <span class='ocrx_word' id='word_1_220' title='bbox 1255 2646 1495 2727; x_wconf 91' lang='lat' dir='ltr'>peccati</span> <span class='ocrx_word' id='word_1_221' title='bbox 1555 2653 1868 2726; x_wconf 89' lang='lat' dir='ltr'>quantum</span> <span class='ocrx_word' id='word_1_222' title='bbox 1915 2648 1993 2709; x_wconf 92' lang='lat' dir='ltr'>ad</span> <span class='ocrx_word' id='word_1_223' title='bbox 2055 2666 2309 2728; x_wconf 78' lang='lat' dir='ltr'>corpuS,</span> 
     </span>
     <span class='ocr_line' id='line_1_38' title="bbox 816 2743 2315 2825; baseline -0.001 -17"><span class='ocrx_word' id='word_1_224' title='bbox 816 2743 1114 2809; x_wconf 89' lang='lat' dir='ltr'>videlicet</span> <span class='ocrx_word' id='word_1_225' title='bbox 1163 2744 1228 2806; x_wconf 92' lang='lat' dir='ltr'>in</span> <span class='ocrx_word' id='word_1_226' title='bbox 1279 2744 1558 2807; x_wconf 64' lang='lat' dir='ltr'>caecitate</span> <span class='ocrx_word' id='word_1_227' title='bbox 1605 2744 1722 2806; x_wconf 90' lang='lat' dir='ltr'>tibi</span> <span class='ocrx_word' id='word_1_228' title='bbox 1778 2744 2129 2825; x_wconf 81' lang='lat' dir='ltr'>congenita.</span> <span class='ocrx_word' id='word_1_229' title='bbox 2184 2744 2315 2807; x_wconf 91' lang='lat' dir='ltr'>Sic-</span> 
     </span>
     <span class='ocr_line' id='line_1_39' title="bbox 814 2842 2314 2925; baseline -0.001 -20"><span class='ocrx_word' id='word_1_230' title='bbox 814 2861 941 2925; x_wconf 92' lang='lat' dir='ltr'>que</span> <span class='ocrx_word' id='word_1_231' title='bbox 974 2842 1327 2905; x_wconf 89' lang='lat' dir='ltr'>innuebant</span> <span class='ocrx_word' id='word_1_232' title='bbox 1355 2860 1502 2904; x_wconf 90' lang='lat' dir='ltr'>eum</span> <span class='ocrx_word' id='word_1_233' title='bbox 1533 2862 1770 2904; x_wconf 84' lang='lat' dir='ltr'>caecum</span> <span class='ocrx_word' id='word_1_234' title='bbox 1803 2851 2022 2904; x_wconf 89' lang='lat' dir='ltr'>natum</span> <span class='ocrx_word' id='word_1_235' title='bbox 2054 2851 2314 2925; x_wconf 89' lang='lat' dir='ltr'>propter</span> 
     </span>
     <span class='ocr_line' id='line_1_40' title="bbox 813 2940 2311 3025; baseline -0.001 -21"><span class='ocrx_word' id='word_1_236' title='bbox 813 2949 1145 3025; x_wconf 87' lang='lat' dir='ltr'>peccatum</span> <span class='ocrx_word' id='word_1_237' title='bbox 1186 2949 1522 3023; x_wconf 89' lang='lat' dir='ltr'>parentum</span> <span class='ocrx_word' id='word_1_238' title='bbox 1567 2940 1665 3003; x_wconf 87' lang='lat' dir='ltr'>vel</span> <span class='ocrx_word' id='word_1_239' title='bbox 1709 2941 2039 3023; x_wconf 89' lang='lat' dir='ltr'>proprium</span> <span class='ocrx_word' id='word_1_240' title='bbox 2077 2960 2090 3004; x_wconf 76' lang='grc' dir='ltr'>ε</span> <span class='ocrx_word' id='word_1_241' title='bbox 2127 2942 2311 3022; x_wconf 89' lang='lat' dir='ltr'>cujus</span> 
     </span>
    </p>
   </div>
   <div class='ocr_carea' id='block_1_10' title="bbox 813 3038 4203 3167">
    <p class='ocr_par' dir='ltr' id='par_1_11' title="bbox 813 3038 4203 3167">
     <span class='ocr_line' id='line_1_41' title="bbox 813 3038 4203 3167; baseline 0 -62"><span class='ocrx_word' id='word_1_242' title='bbox 813 3040 1201 3105; x_wconf 83' lang='lat' dir='ltr'>contrarium</span> <span class='ocrx_word' id='word_1_243' title='bbox 1259 3039 1419 3102; x_wconf 81' lang='lat' dir='ltr'>dixit</span> <span class='ocrx_word' id='word_1_244' title='bbox 1477 3038 1780 3103; x_wconf 87' lang='lat' dir='ltr'>Salvator.</span> <span class='ocrx_word' id='word_1_245' title='bbox 1836 3038 2310 3103; x_wconf 85' lang='lat' dir='ltr'>Monstruositas</span> <span class='ocrx_word' id='word_1_246' title='bbox 2347 3040 2393 3107; x_wconf 86' lang='lat' dir='ltr'>C</span> <span class='ocrx_word' id='word_1_247' title='bbox 2422 3062 2496 3106; x_wconf 92' lang='lat' dir='ltr'>eo</span> <span class='ocrx_word' id='word_1_248' title='bbox 2544 3041 2835 3105; x_wconf 89' lang='lat' dir='ltr'>Salomon</span> <span class='ocrx_word' id='word_1_249' title='bbox 2884 3041 3019 3105; x_wconf 89' lang='lat' dir='ltr'>ait:</span> <span class='ocrx_word' id='word_1_250' title='bbox 3054 3041 3259 3123; x_wconf 84' lang='lat' dir='ltr'>Argue</span> <span class='ocrx_word' id='word_1_251' title='bbox 3308 3042 3684 3122; x_wconf 87' lang='lat' dir='ltr'>sapientem,</span> <span class='ocrx_word' id='word_1_252' title='bbox 3716 3050 3779 3104; x_wconf 88' lang='lat' dir='ltr'>et</span> <span class='ocrx_word' id='word_1_253' title='bbox 3824 3042 3917 3104; x_wconf 87' lang='lat' dir='ltr'>di·</span> <span class='ocrx_word' id='word_1_254' title='bbox 3943 3060 4127 3167; x_wconf 57' lang='lat'>813220.</span> <span class='ocrx_word' id='word_1_255' title='bbox 4146 3074 4203 3107; x_wconf 76' lang='lat' dir='ltr'>n.</span> 
     </span>
    </p>
   </div>
   <div class='ocr_carea' id='block_1_11' title="bbox 815 3138 2318 4203">
    <p class='ocr_par' dir='ltr' id='par_1_12' title="bbox 815 3138 2318 4203">
     <span class='ocr_line' id='line_1_42' title="bbox 815 3138 2315 3222; baseline 0 -21"><span class='ocrx_word' id='word_1_256' title='bbox 815 3148 1024 3201; x_wconf 88' lang='lat' dir='ltr'>autem</span> <span class='ocrx_word' id='word_1_257' title='bbox 1068 3139 1287 3222; x_wconf 82' lang='lat' dir='ltr'>proliS,</span> <span class='ocrx_word' id='word_1_258' title='bbox 1323 3138 1616 3221; x_wconf 90' lang='lat' dir='ltr'>quamvis</span> <span class='ocrx_word' id='word_1_259' title='bbox 1666 3138 1989 3201; x_wconf 88' lang='lat' dir='ltr'>interdum</span> <span class='ocrx_word' id='word_1_260' title='bbox 2039 3138 2122 3200; x_wconf 93' lang='lat' dir='ltr'>sit</span> <span class='ocrx_word' id='word_1_261' title='bbox 2172 3158 2315 3220; x_wconf 91' lang='lat' dir='ltr'>pro-</span> 
     </span>
     <span class='ocr_line' id='line_1_43' title="bbox 818 3236 2310 3320; baseline -0.001 -21"><span class='ocrx_word' id='word_1_262' title='bbox 818 3245 959 3320; x_wconf 89' lang='lat' dir='ltr'>pter</span> <span class='ocrx_word' id='word_1_263' title='bbox 997 3238 1251 3319; x_wconf 89' lang='lat' dir='ltr'>culpam</span> <span class='ocrx_word' id='word_1_264' title='bbox 1295 3244 1655 3319; x_wconf 90' lang='lat' dir='ltr'>parentum,</span> <span class='ocrx_word' id='word_1_265' title='bbox 1688 3236 1788 3301; x_wconf 90' lang='lat' dir='ltr'>vel</span> <span class='ocrx_word' id='word_1_266' title='bbox 1836 3236 2024 3299; x_wconf 89' lang='lat' dir='ltr'>unius</span> <span class='ocrx_word' id='word_1_267' title='bbox 2063 3255 2310 3312; x_wconf 91' lang='lat' dir='ltr'>eorum,</span> 
     </span>
     <span class='ocr_line' id='line_1_44' title="bbox 819 3335 2318 3417; baseline -0.002 -19"><span class='ocrx_word' id='word_1_268' title='bbox 819 3335 1243 3399; x_wconf 90' lang='lat' dir='ltr'>communiter</span> <span class='ocrx_word' id='word_1_269' title='bbox 1278 3343 1488 3397; x_wconf 91' lang='lat' dir='ltr'>tamen</span> <span class='ocrx_word' id='word_1_270' title='bbox 1539 3335 1824 3417; x_wconf 91' lang='lat' dir='ltr'>procedit</span> <span class='ocrx_word' id='word_1_271' title='bbox 1861 3353 1938 3397; x_wconf 87' lang='lat' dir='ltr'>ex</span> <span class='ocrx_word' id='word_1_272' title='bbox 1979 3354 2168 3399; x_wconf 88' lang='lat' dir='ltr'>causa</span> <span class='ocrx_word' id='word_1_273' title='bbox 2211 3353 2318 3396; x_wconf 91' lang='lat' dir='ltr'>na-</span> 
     </span>
     <span class='ocr_line' id='line_1_45' title="bbox 819 3433 2310 3515; baseline -0.001 -19"><span class='ocrx_word' id='word_1_274' title='bbox 819 3433 1032 3508; x_wconf 88' lang='lat' dir='ltr'>turali,</span> <span class='ocrx_word' id='word_1_275' title='bbox 1096 3442 1249 3515; x_wconf 88' lang='lat' dir='ltr'>puta</span> <span class='ocrx_word' id='word_1_276' title='bbox 1304 3452 1381 3495; x_wconf 83' lang='lat' dir='ltr'>ex</span> <span class='ocrx_word' id='word_1_277' title='bbox 1440 3433 1953 3515; x_wconf 92' lang='lat' dir='ltr'>disproportione</span> <span class='ocrx_word' id='word_1_278' title='bbox 2008 3433 2310 3508; x_wconf 82' lang='lat' dir='ltr'>materiae,</span> 
     </span>
     <span class='ocr_line' id='line_1_46' title="bbox 820 3530 2317 3614; baseline -0.002 -19"><span class='ocrx_word' id='word_1_279' title='bbox 820 3530 1264 3614; x_wconf 88' lang='lat' dir='ltr'>superfluitate</span> <span class='ocrx_word' id='word_1_280' title='bbox 1302 3531 1400 3594; x_wconf 90' lang='lat' dir='ltr'>vel</span> <span class='ocrx_word' id='word_1_281' title='bbox 1442 3532 1771 3613; x_wconf 87' lang='lat' dir='ltr'>parvitate,</span> <span class='ocrx_word' id='word_1_282' title='bbox 1815 3540 1924 3593; x_wconf 89' lang='lat' dir='ltr'>aut</span> <span class='ocrx_word' id='word_1_283' title='bbox 1970 3550 2048 3594; x_wconf 87' lang='lat' dir='ltr'>ex</span> <span class='ocrx_word' id='word_1_284' title='bbox 2090 3531 2317 3593; x_wconf 91' lang='lat' dir='ltr'>debili-</span> 
     </span>
     <span class='ocr_line' id='line_1_47' title="bbox 816 3629 2315 3711; baseline -0.001 -18"><span class='ocrx_word' id='word_1_285' title='bbox 816 3638 944 3693; x_wconf 85' lang='lat' dir='ltr'>tate</span> <span class='ocrx_word' id='word_1_286' title='bbox 984 3630 1237 3694; x_wconf 89' lang='lat' dir='ltr'>virtutis</span> <span class='ocrx_word' id='word_1_287' title='bbox 1281 3630 1630 3694; x_wconf 82' lang='lat' dir='ltr'>formativae</span> <span class='ocrx_word' id='word_1_288' title='bbox 1675 3630 1739 3691; x_wconf 92' lang='lat' dir='ltr'>in</span> <span class='ocrx_word' id='word_1_289' title='bbox 1785 3630 2049 3692; x_wconf 91' lang='lat' dir='ltr'>semine.</span> <span class='ocrx_word' id='word_1_290' title='bbox 2085 3629 2315 3711; x_wconf 89' lang='lat' dir='ltr'>Sicque</span> 
     </span>
     <span class='ocr_line' id='line_1_48' title="bbox 820 3729 2313 3810; baseline -0.001 -19"><span class='ocrx_word' id='word_1_291' title='bbox 820 3729 1300 3792; x_wconf 88' lang='lat' dir='ltr'>monstruositas</span> <span class='ocrx_word' id='word_1_292' title='bbox 1347 3736 1444 3791; x_wconf 90' lang='lat' dir='ltr'>est</span> <span class='ocrx_word' id='word_1_293' title='bbox 1481 3748 1518 3790; x_wconf 92' lang='lat' dir='ltr'>a</span> <span class='ocrx_word' id='word_1_294' title='bbox 1555 3748 1726 3803; x_wconf 91' lang='lat' dir='ltr'>casu,</span> <span class='ocrx_word' id='word_1_295' title='bbox 1767 3729 1974 3810; x_wconf 91' lang='lat' dir='ltr'>quoad</span> <span class='ocrx_word' id='word_1_296' title='bbox 2025 3736 2313 3789; x_wconf 89' lang='lat' dir='ltr'>naturam</span> 
     </span>
     <span class='ocr_line' id='line_1_49' title="bbox 820 3826 2316 3909; baseline -0.003 -18"><span class='ocrx_word' id='word_1_297' title='bbox 820 3835 1135 3908; x_wconf 83' lang='lat' dir='ltr'>creatam3</span> <span class='ocrx_word' id='word_1_298' title='bbox 1178 3829 1287 3891; x_wconf 91' lang='lat' dir='ltr'>sed</span> <span class='ocrx_word' id='word_1_299' title='bbox 1336 3828 1544 3909; x_wconf 93' lang='lat' dir='ltr'>quoad</span> <span class='ocrx_word' id='word_1_300' title='bbox 1593 3828 1875 3890; x_wconf 88' lang='lat' dir='ltr'>divinam</span> <span class='ocrx_word' id='word_1_301' title='bbox 1927 3826 2316 3909; x_wconf 87' lang='lat' dir='ltr'>providenti-</span> 
     </span>
     <span class='ocr_line' id='line_1_50' title="bbox 819 3924 2317 4007; baseline -0.003 -18"><span class='ocrx_word' id='word_1_302' title='bbox 819 3946 944 4002; x_wconf 91' lang='lat' dir='ltr'>am,</span> <span class='ocrx_word' id='word_1_303' title='bbox 977 3934 1073 3989; x_wconf 90' lang='lat' dir='ltr'>est</span> <span class='ocrx_word' id='word_1_304' title='bbox 1111 3926 1417 3990; x_wconf 89' lang='lat' dir='ltr'>ordinata.</span> <span class='ocrx_word' id='word_1_305' title='bbox 1453 3925 1840 4007; x_wconf 88' lang='lat' dir='ltr'>Quandoque</span> <span class='ocrx_word' id='word_1_306' title='bbox 1884 3925 2078 4000; x_wconf 91' lang='lat' dir='ltr'>enim,</span> <span class='ocrx_word' id='word_1_307' title='bbox 2114 3933 2186 3987; x_wconf 88' lang='lat' dir='ltr'>ut</span> <span class='ocrx_word' id='word_1_308' title='bbox 2224 3924 2317 3987; x_wconf 92' lang='lat' dir='ltr'>di-</span> 
     </span>
     <span class='ocr_line' id='line_1_51' title="bbox 821 4022 2315 4099; baseline -0.001 -12"><span class='ocrx_word' id='word_1_309' title='bbox 821 4032 994 4087; x_wconf 88' lang='lat' dir='ltr'>ctum</span> <span class='ocrx_word' id='word_1_310' title='bbox 1053 4031 1168 4099; x_wconf 90' lang='lat' dir='ltr'>cst,</span> <span class='ocrx_word' id='word_1_311' title='bbox 1218 4024 1547 4087; x_wconf 87' lang='lat' dir='ltr'>ordinatur</span> <span class='ocrx_word' id='word_1_312' title='bbox 1602 4024 1680 4085; x_wconf 91' lang='lat' dir='ltr'>ad</span> <span class='ocrx_word' id='word_1_313' title='bbox 1740 4022 2315 4085; x_wconf 79' lang='lat' dir='ltr'>manifestationem</span> 
     </span>
     <span class='ocr_line' id='line_1_52' title="bbox 823 4120 2318 4203; baseline -0.001 -18"><span class='ocrx_word' id='word_1_314' title='bbox 823 4122 1056 4185; x_wconf 82' lang='lat' dir='ltr'>divinae</span> <span class='ocrx_word' id='word_1_315' title='bbox 1087 4122 1385 4203; x_wconf 83' lang='lat' dir='ltr'>potentiae</span> <span class='ocrx_word' id='word_1_316' title='bbox 1415 4121 1479 4183; x_wconf 92' lang='lat' dir='ltr'>in</span> <span class='ocrx_word' id='word_1_317' title='bbox 1512 4140 1703 4203; x_wconf 88' lang='lat' dir='ltr'>opere</span> <span class='ocrx_word' id='word_1_318' title='bbox 1732 4121 2129 4184; x_wconf 90' lang='lat' dir='ltr'>miraculoso.</span> <span class='ocrx_word' id='word_1_319' title='bbox 2149 4120 2318 4184; x_wconf 88' lang='lat' dir='ltr'>Sem-</span> 
     </span>
    </p>
   </div>
   <div class='ocr_carea' id='block_1_12' title="bbox 825 4218 3204 4303">
    <p class='ocr_par' dir='ltr' id='par_1_13' title="bbox 825 4218 3204 4303">
     <span class='ocr_line' id='line_1_53' title="bbox 825 4218 3204 4303; baseline 0.001 -21"><span class='ocrx_word' id='word_1_320' title='bbox 825 4238 940 4303; x_wconf 88' lang='lat' dir='ltr'>per</span> <span class='ocrx_word' id='word_1_321' title='bbox 995 4239 1252 4301; x_wconf 91' lang='lat' dir='ltr'>quoque</span> <span class='ocrx_word' id='word_1_322' title='bbox 1309 4219 1477 4283; x_wconf 88' lang='lat' dir='ltr'>valet</span> <span class='ocrx_word' id='word_1_323' title='bbox 1533 4220 1609 4282; x_wconf 87' lang='lat' dir='ltr'>ad</span> <span class='ocrx_word' id='word_1_324' title='bbox 1677 4218 2053 4301; x_wconf 89' lang='lat' dir='ltr'>ampliorem</span> <span class='ocrx_word' id='word_1_325' title='bbox 2114 4218 2397 4285; x_wconf 89' lang='lat' dir='ltr'>decla-D</span> <span class='ocrx_word' id='word_1_326' title='bbox 2423 4226 2603 4284; x_wconf 82' lang='lat' dir='ltr'>Jesus</span> <span class='ocrx_word' id='word_1_327' title='bbox 2648 4242 2685 4285; x_wconf 90' lang='lat' dir='ltr'>a</span> <span class='ocrx_word' id='word_1_328' title='bbox 2732 4222 3137 4285; x_wconf 91' lang='lat' dir='ltr'>narrantibus</span> <span class='ocrx_word' id='word_1_329' title='bbox 3190 4242 3204 4285; x_wconf 91' lang='lat'><strong>:</strong></span> 
     </span>
    </p>
   </div>
   <div class='ocr_carea' id='block_1_13' title="bbox 824 4317 2317 4400">
    <p class='ocr_par' dir='ltr' id='par_1_14' title="bbox 824 4317 2317 4400">
     <span class='ocr_line' id='line_1_54' title="bbox 824 4317 2317 4400; baseline -0.002 -17"><span class='ocrx_word' id='word_1_330' title='bbox 824 4319 1129 4383; x_wconf 86' lang='lat' dir='ltr'>rationem</span> <span class='ocrx_word' id='word_1_331' title='bbox 1189 4318 1492 4381; x_wconf 88' lang='lat' dir='ltr'>naturalis</span> <span class='ocrx_word' id='word_1_332' title='bbox 1550 4317 1959 4400; x_wconf 84' lang='lat' dir='ltr'>perfectionis</span> <span class='ocrx_word' id='word_1_333' title='bbox 2009 4318 2076 4379; x_wconf 93' lang='lat' dir='ltr'>in</span> <span class='ocrx_word' id='word_1_334' title='bbox 2126 4318 2317 4380; x_wconf 90' lang='lat' dir='ltr'>rebus</span> 
     </span>
    </p>
   </div>
   <div class='ocr_carea' id='block_1_14' title="bbox 823 4417 2321 4600">
    <p class='ocr_par' dir='ltr' id='par_1_15' title="bbox 823 4417 2321 4600">
     <span class='ocr_line' id='line_1_55' title="bbox 824 4417 2321 4499; baseline -0.001 -19"><span class='ocrx_word' id='word_1_335' title='bbox 824 4417 1111 4499; x_wconf 84' lang='lat' dir='ltr'>ejusdem</span> <span class='ocrx_word' id='word_1_336' title='bbox 1152 4418 1387 4499; x_wconf 91' lang='lat' dir='ltr'>speciei</span> <span class='ocrx_word' id='word_1_337' title='bbox 1430 4437 1554 4482; x_wconf 90' lang='lat' dir='ltr'>non</span> <span class='ocrx_word' id='word_1_338' title='bbox 1592 4418 2008 4481; x_wconf 90' lang='lat' dir='ltr'>monstruosis</span> <span class='ocrx_word' id='word_1_339' title='bbox 2044 4436 2057 4479; x_wconf 94' lang='lat'>:</span> <span class='ocrx_word' id='word_1_340' title='bbox 2095 4418 2159 4479; x_wconf 92' lang='lat' dir='ltr'>in</span> <span class='ocrx_word' id='word_1_341' title='bbox 2192 4437 2321 4499; x_wconf 89' lang='lat' dir='ltr'>qua</span> 
     </span>
     <span class='ocr_line' id='line_1_56' title="bbox 823 4515 2321 4600; baseline 0.001 -22"><span class='ocrx_word' id='word_1_342' title='bbox 823 4515 1213 4600; x_wconf 83' lang='lat' dir='ltr'>perfectione</span> <span class='ocrx_word' id='word_1_343' title='bbox 1263 4523 1750 4598; x_wconf 85' lang='lat' dir='ltr'>repraesentatur</span> <span class='ocrx_word' id='word_1_344' title='bbox 1799 4516 2013 4578; x_wconf 88' lang='lat' dir='ltr'>divina</span> <span class='ocrx_word' id='word_1_345' title='bbox 2071 4516 2321 4598; x_wconf 90' lang='lat' dir='ltr'>sapien-</span> 
     </span>
    </p>
   </div>
   <div class='ocr_carea' id='block_1_15' title="bbox 818 4614 2319 5376">
    <p class='ocr_par' dir='ltr' id='par_1_16' title="bbox 818 4614 2319 5376">
     <span class='ocr_line' id='line_1_57' title="bbox 821 4614 2319 4698; baseline 0 -20"><span class='ocrx_word' id='word_1_346' title='bbox 821 4616 909 4679; x_wconf 93' lang='lat' dir='ltr'>tia</span> <span class='ocrx_word' id='word_1_347' title='bbox 944 4623 1134 4697; x_wconf 89' lang='lat' dir='ltr'>atque</span> <span class='ocrx_word' id='word_1_348' title='bbox 1176 4614 1476 4697; x_wconf 89' lang='lat' dir='ltr'>potentia,</span> <span class='ocrx_word' id='word_1_349' title='bbox 1510 4614 1814 4696; x_wconf 89' lang='lat' dir='ltr'>quoniam</span> <span class='ocrx_word' id='word_1_350' title='bbox 1856 4615 2148 4698; x_wconf 89' lang='lat' dir='ltr'>opposita</span> <span class='ocrx_word' id='word_1_351' title='bbox 2175 4616 2319 4696; x_wconf 86' lang='lat' dir='ltr'>jux-</span> 
     </span>
     <span class='ocr_line' id='line_1_58' title="bbox 821 4712 2317 4795; baseline 0.001 -19"><span class='ocrx_word' id='word_1_352' title='bbox 821 4722 884 4776; x_wconf 91' lang='lat' dir='ltr'>ta</span> <span class='ocrx_word' id='word_1_353' title='bbox 939 4732 1007 4776; x_wconf 91' lang='lat' dir='ltr'>se</span> <span class='ocrx_word' id='word_1_354' title='bbox 1064 4714 1267 4795; x_wconf 89' lang='lat' dir='ltr'>posita</span> <span class='ocrx_word' id='word_1_355' title='bbox 1324 4712 1557 4775; x_wconf 89' lang='lat' dir='ltr'>clarius</span> <span class='ocrx_word' id='word_1_356' title='bbox 1616 4714 2006 4776; x_wconf 89' lang='lat' dir='ltr'>elucescunt.</span> <span class='ocrx_word' id='word_1_357' title='bbox 2058 4750 2138 4761; x_wconf 89' lang='lat'>—-</span> <span class='ocrx_word' id='word_1_358' title='bbox 2197 4714 2317 4777; x_wconf 91' lang='lat' dir='ltr'>Sed</span> 
     </span>
     <span class='ocr_line' id='line_1_59' title="bbox 818 4811 2317 4895; baseline 0.002 -22"><span class='ocrx_word' id='word_1_359' title='bbox 818 4831 1022 4894; x_wconf 89' lang='lat' dir='ltr'>quum</span> <span class='ocrx_word' id='word_1_360' title='bbox 1059 4811 1366 4893; x_wconf 88' lang='lat' dir='ltr'>originale</span> <span class='ocrx_word' id='word_1_361' title='bbox 1407 4819 1737 4892; x_wconf 86' lang='lat' dir='ltr'>peccatum</span> <span class='ocrx_word' id='word_1_362' title='bbox 1778 4812 1860 4873; x_wconf 89' lang='lat' dir='ltr'>sit</span> <span class='ocrx_word' id='word_1_363' title='bbox 1907 4831 2126 4887; x_wconf 91' lang='lat' dir='ltr'>unum,</span> <span class='ocrx_word' id='word_1_364' title='bbox 2160 4833 2317 4895; x_wconf 89' lang='lat' dir='ltr'>quo-</span> 
     </span>
     <span class='ocr_line' id='line_1_60' title="bbox 821 4909 2316 4991; baseline 0.001 -19"><span class='ocrx_word' id='word_1_365' title='bbox 821 4910 1008 4973; x_wconf 90' lang='lat' dir='ltr'>modo</span> <span class='ocrx_word' id='word_1_366' title='bbox 1038 4910 1369 4991; x_wconf 88' lang='lat' dir='ltr'>pluraliter</span> <span class='ocrx_word' id='word_1_367' title='bbox 1410 4909 1634 4971; x_wconf 89' lang='lat' dir='ltr'>dicunt</span> <span class='ocrx_word' id='word_1_368' title='bbox 1667 4926 1680 4971; x_wconf 91' lang='lat'><strong>:</strong></span> <span class='ocrx_word' id='word_1_369' title='bbox 1716 4909 1782 4971; x_wconf 92' lang='lat' dir='ltr'>In</span> <span class='ocrx_word' id='word_1_370' title='bbox 1817 4910 2092 4991; x_wconf 88' lang='lat' dir='ltr'>peccatis</span> <span class='ocrx_word' id='word_1_371' title='bbox 2132 4920 2316 4974; x_wconf 90' lang='lat' dir='ltr'>natus</span> 
     </span>
     <span class='ocr_line' id='line_1_61' title="bbox 821 5006 2319 5090; baseline 0.001 -20"><span class='ocrx_word' id='word_1_372' title='bbox 821 5026 888 5070; x_wconf 92' lang='grc' dir='ltr'>θε</span> <span class='ocrx_word' id='word_1_373' title='bbox 937 5010 1149 5071; x_wconf 71' lang='lat' dir='ltr'>totus?</span> <span class='ocrx_word' id='word_1_374' title='bbox 1203 5006 1274 5069; x_wconf 85' lang='lat' dir='ltr'>Et</span> <span class='ocrx_word' id='word_1_375' title='bbox 1323 5008 1861 5090; x_wconf 90' lang='lat' dir='ltr'>respondendum,</span> <span class='ocrx_word' id='word_1_376' title='bbox 1912 5010 2082 5090; x_wconf 89' lang='lat' dir='ltr'>quod</span> <span class='ocrx_word' id='word_1_377' title='bbox 2131 5009 2319 5089; x_wconf 87' lang='lat' dir='ltr'>origi-</span> 
     </span>
     <span class='ocr_line' id='line_1_62' title="bbox 821 5103 2317 5188; baseline 0.001 -20"><span class='ocrx_word' id='word_1_378' title='bbox 821 5106 962 5168; x_wconf 90' lang='lat' dir='ltr'>nale</span> <span class='ocrx_word' id='word_1_379' title='bbox 993 5111 1322 5188; x_wconf 89' lang='lat' dir='ltr'>peccatum</span> <span class='ocrx_word' id='word_1_380' title='bbox 1359 5103 1710 5167; x_wconf 81' lang='lat' dir='ltr'>formaliter</span> <span class='ocrx_word' id='word_1_381' title='bbox 1742 5123 1854 5166; x_wconf 90' lang='lat' dir='ltr'>seu</span> <span class='ocrx_word' id='word_1_382' title='bbox 1896 5107 2317 5169; x_wconf 88' lang='lat' dir='ltr'>essentialiter</span> 
     </span>
     <span class='ocr_line' id='line_1_63' title="bbox 825 5202 2317 5285; baseline 0.001 -20"><span class='ocrx_word' id='word_1_383' title='bbox 825 5222 1024 5266; x_wconf 89' lang='lat' dir='ltr'>unum</span> <span class='ocrx_word' id='word_1_384' title='bbox 1073 5211 1189 5279; x_wconf 88' lang='lat' dir='ltr'>est,</span> <span class='ocrx_word' id='word_1_385' title='bbox 1232 5203 1474 5266; x_wconf 91' lang='lat' dir='ltr'>scilicet</span> <span class='ocrx_word' id='word_1_386' title='bbox 1521 5202 1800 5265; x_wconf 90' lang='lat' dir='ltr'>carentia</span> <span class='ocrx_word' id='word_1_387' title='bbox 1847 5203 2171 5283; x_wconf 89' lang='lat' dir='ltr'>originalis</span> <span class='ocrx_word' id='word_1_388' title='bbox 2218 5206 2317 5285; x_wconf 88' lang='lat' dir='ltr'>ju-</span> 
     </span>
     <span class='ocr_line' id='line_1_64' title="bbox 826 5300 2317 5376; baseline 0 -13"><span class='ocrx_word' id='word_1_389' title='bbox 826 5300 1012 5364; x_wconf 82' lang='lat' dir='ltr'>stitiae</span> <span class='ocrx_word' id='word_1_390' title='bbox 1068 5300 1296 5365; x_wconf 84' lang='lat' dir='ltr'>debitae</span> <span class='ocrx_word' id='word_1_391' title='bbox 1354 5300 1419 5363; x_wconf 92' lang='lat' dir='ltr'>in</span> <span class='ocrx_word' id='word_1_392' title='bbox 1479 5318 1639 5376; x_wconf 90' lang='lat' dir='ltr'>esse,</span> <span class='ocrx_word' id='word_1_393' title='bbox 1697 5302 2050 5363; x_wconf 90' lang='lat' dir='ltr'>secundum</span> <span class='ocrx_word' id='word_1_394' title='bbox 2099 5300 2317 5363; x_wconf 82' lang='lat' dir='ltr'>Ansel-</span> 
     </span>
    </p>
   </div>
   <div class='ocr_carea' id='block_1_16' title="bbox 2422 1954 3923 3026">
    <p class='ocr_par' dir='ltr' id='par_1_17' title="bbox 2422 1954 3923 3026">
     <span class='ocr_line' id='line_1_65' title="bbox 2426 1954 3919 2039; baseline 0.001 -24"><span class='ocrx_word' id='word_1_395' title='bbox 2426 1954 2594 2028; x_wconf 86' lang='lat' dir='ltr'>vilis,</span> <span class='ocrx_word' id='word_1_396' title='bbox 2628 1963 3207 2037; x_wconf 65' lang='lat' dir='ltr'>praesumptuosum</span> <span class='ocrx_word' id='word_1_397' title='bbox 3236 1963 3331 2018; x_wconf 90' lang='lat' dir='ltr'>est</span> <span class='ocrx_word' id='word_1_398' title='bbox 3369 1956 3561 2017; x_wconf 91' lang='lat' dir='ltr'>nimis</span> <span class='ocrx_word' id='word_1_399' title='bbox 3601 1956 3772 2037; x_wconf 87' lang='lat' dir='ltr'>quod</span> <span class='ocrx_word' id='word_1_400' title='bbox 3802 1975 3919 2039; x_wconf 86' lang='lat' dir='ltr'>per</span> 
     </span>
     <span class='ocr_line' id='line_1_66' title="bbox 2426 2054 3921 2137; baseline 0.002 -23"><span class='ocrx_word' id='word_1_401' title='bbox 2426 2054 2682 2115; x_wconf 93' lang='lat' dir='ltr'>modum</span> <span class='ocrx_word' id='word_1_402' title='bbox 2733 2054 3009 2116; x_wconf 90' lang='lat' dir='ltr'>docentis</span> <span class='ocrx_word' id='word_1_403' title='bbox 3052 2062 3117 2116; x_wconf 91' lang='lat' dir='ltr'>et</span> <span class='ocrx_word' id='word_1_404' title='bbox 3157 2054 3591 2134; x_wconf 84' lang='lat' dir='ltr'>redarguentis</span> <span class='ocrx_word' id='word_1_405' title='bbox 3639 2054 3921 2137; x_wconf 89' lang='lat' dir='ltr'>alloque-</span> 
     </span>
     <span class='ocr_line' id='line_1_67' title="bbox 2425 2150 3917 2233; baseline 0.002 -20"><span class='ocrx_word' id='word_1_406' title='bbox 2425 2150 2512 2213; x_wconf 90' lang='lat' dir='ltr'>ris</span> <span class='ocrx_word' id='word_1_407' title='bbox 2571 2171 2708 2227; x_wconf 82' lang='lat' dir='ltr'>nOS‚</span> <span class='ocrx_word' id='word_1_408' title='bbox 2760 2152 2870 2233; x_wconf 91' lang='lat' dir='ltr'>qui</span> <span class='ocrx_word' id='word_1_409' title='bbox 2932 2152 3213 2215; x_wconf 86' lang='lat' dir='ltr'>seniores</span> <span class='ocrx_word' id='word_1_410' title='bbox 3260 2161 3322 2215; x_wconf 91' lang='lat' dir='ltr'>et</span> <span class='ocrx_word' id='word_1_411' title='bbox 3370 2152 3641 2233; x_wconf 90' lang='lat' dir='ltr'>majores</span> <span class='ocrx_word' id='word_1_412' title='bbox 3696 2172 3917 2216; x_wconf 86' lang='lat' dir='ltr'>sumus</span> 
     </span>
     <span class='ocr_line' id='line_1_68' title="bbox 2426 2249 3921 2333; baseline 0.003 -22"><span class='ocrx_word' id='word_1_413' title='bbox 2426 2249 2490 2311; x_wconf 92' lang='lat' dir='ltr'>in</span> <span class='ocrx_word' id='word_1_414' title='bbox 2532 2251 2791 2333; x_wconf 91' lang='lat' dir='ltr'>populo.</span> <span class='ocrx_word' id='word_1_415' title='bbox 2835 2250 3050 2313; x_wconf 88' lang='lat' dir='ltr'>Solent</span> <span class='ocrx_word' id='word_1_416' title='bbox 3090 2252 3261 2313; x_wconf 91' lang='lat' dir='ltr'>enim</span> <span class='ocrx_word' id='word_1_417' title='bbox 3300 2251 3662 2333; x_wconf 86' lang='lat' dir='ltr'>superiores</span> <span class='ocrx_word' id='word_1_418' title='bbox 3698 2271 3771 2314; x_wconf 87' lang='lat' dir='ltr'>ac</span> <span class='ocrx_word' id='word_1_419' title='bbox 3808 2254 3921 2315; x_wconf 90' lang='lat' dir='ltr'>do-</span> 
     </span>
     <span class='ocr_line' id='line_1_69' title="bbox 2424 2347 3919 2432; baseline 0.001 -21"><span class='ocrx_word' id='word_1_420' title='bbox 2424 2349 2651 2411; x_wconf 91' lang='lat' dir='ltr'>ctiores</span> <span class='ocrx_word' id='word_1_421' title='bbox 2710 2347 3087 2412; x_wconf 86' lang='lat' dir='ltr'>inferiorum</span> <span class='ocrx_word' id='word_1_422' title='bbox 3144 2348 3660 2412; x_wconf 85' lang='lat' dir='ltr'>informationem</span> <span class='ocrx_word' id='word_1_423' title='bbox 3706 2351 3919 2432; x_wconf 90' lang='lat' dir='ltr'>despi-</span> 
     </span>
     <span class='ocr_line' id='line_1_70' title="bbox 2424 2448 3920 2530; baseline 0.001 -20"><span class='ocrx_word' id='word_1_424' title='bbox 2424 2466 2586 2511; x_wconf 89' lang='lat' dir='ltr'>cere.</span> <span class='ocrx_word' id='word_1_425' title='bbox 2638 2448 3085 2510; x_wconf 86' lang='lat' dir='ltr'>Verumtamen</span> <span class='ocrx_word' id='word_1_426' title='bbox 3136 2449 3441 2511; x_wconf 86' lang='lat' dir='ltr'>veraciter</span> <span class='ocrx_word' id='word_1_427' title='bbox 3488 2449 3805 2530; x_wconf 88' lang='lat' dir='ltr'>sapientes</span> <span class='ocrx_word' id='word_1_428' title='bbox 3852 2458 3920 2512; x_wconf 88' lang='lat' dir='ltr'>et</span> 
     </span>
     <span class='ocr_line' id='line_1_71' title="bbox 2425 2548 3923 2630; baseline 0.001 -20"><span class='ocrx_word' id='word_1_429' title='bbox 2425 2549 2614 2623; x_wconf 90' lang='lat' dir='ltr'>docti,</span> <span class='ocrx_word' id='word_1_430' title='bbox 2659 2548 2995 2629; x_wconf 89' lang='lat' dir='ltr'>diligenter</span> <span class='ocrx_word' id='word_1_431' title='bbox 3037 2556 3227 2629; x_wconf 88' lang='lat' dir='ltr'>atque</span> <span class='ocrx_word' id='word_1_432' title='bbox 3274 2548 3605 2609; x_wconf 89' lang='lat' dir='ltr'>humiliter</span> <span class='ocrx_word' id='word_1_433' title='bbox 3652 2557 3923 2630; x_wconf 88' lang='lat' dir='ltr'>pensant</span> 
     </span>
     <span class='ocr_line' id='line_1_72' title="bbox 2422 2645 3915 2729; baseline 0 -20"><span class='ocrx_word' id='word_1_434' title='bbox 2422 2666 2567 2728; x_wconf 82' lang='lat' dir='ltr'>quae</span> <span class='ocrx_word' id='word_1_435' title='bbox 2596 2647 2687 2709; x_wconf 88' lang='lat' dir='ltr'>eis</span> <span class='ocrx_word' id='word_1_436' title='bbox 2727 2646 3049 2719; x_wconf 91' lang='lat' dir='ltr'>dicuntur,</span> <span class='ocrx_word' id='word_1_437' title='bbox 3084 2645 3545 2728; x_wconf 86' lang='lat' dir='ltr'>informarique</span> <span class='ocrx_word' id='word_1_438' title='bbox 3581 2655 3915 2729; x_wconf 89' lang='lat' dir='ltr'>appetunt,</span> 
     </span>
     <span class='ocr_line' id='line_1_73' title="bbox 2424 2745 3923 2828; baseline 0 -21"><span class='ocrx_word' id='word_1_439' title='bbox 2424 2764 2540 2807; x_wconf 90' lang='lat' dir='ltr'>nec</span> <span class='ocrx_word' id='word_1_440' title='bbox 2596 2752 2852 2828; x_wconf 89' lang='lat' dir='ltr'>propter</span> <span class='ocrx_word' id='word_1_441' title='bbox 2889 2745 3160 2807; x_wconf 90' lang='lat' dir='ltr'>dicentis</span> <span class='ocrx_word' id='word_1_442' title='bbox 3212 2745 3588 2827; x_wconf 85' lang='lat' dir='ltr'>parvitatem</span> <span class='ocrx_word' id='word_1_443' title='bbox 3638 2753 3923 2808; x_wconf 89' lang='lat' dir='ltr'>contem-</span> 
     </span>
     <span class='ocr_line' id='line_1_74' title="bbox 2422 2843 3917 2925; baseline 0 -19"><span class='ocrx_word' id='word_1_444' title='bbox 2422 2852 2583 2907; x_wconf 90' lang='lat' dir='ltr'>nunt</span> <span class='ocrx_word' id='word_1_445' title='bbox 2631 2845 2803 2925; x_wconf 92' lang='lat' dir='ltr'>quod</span> <span class='ocrx_word' id='word_1_446' title='bbox 2854 2844 3232 2925; x_wconf 68' lang='lat' dir='ltr'>praedicatur</span> <span class='ocrx_word' id='word_1_447' title='bbox 3273 2862 3287 2906; x_wconf 76' lang='grc' dir='ltr'><strong>ε</strong></span> <span class='ocrx_word' id='word_1_448' title='bbox 3330 2843 3635 2924; x_wconf 90' lang='lat' dir='ltr'>quoniam</span> <span class='ocrx_word' id='word_1_449' title='bbox 3686 2844 3917 2907; x_wconf 82' lang='lat' dir='ltr'>veritas</span> 
     </span>
     <span class='ocr_line' id='line_1_75' title="bbox 2422 2942 3918 3026; baseline 0 -21"><span class='ocrx_word' id='word_1_450' title='bbox 2422 2950 2682 3026; x_wconf 88' lang='lat' dir='ltr'>propter</span> <span class='ocrx_word' id='word_1_451' title='bbox 2720 2961 2787 3005; x_wconf 91' lang='lat' dir='ltr'>se</span> <span class='ocrx_word' id='word_1_452' title='bbox 2816 2944 3019 3025; x_wconf 87' lang='lat' dir='ltr'>ipsam</span> <span class='ocrx_word' id='word_1_453' title='bbox 3050 2942 3239 3023; x_wconf 85' lang='lat' dir='ltr'>digna</span> <span class='ocrx_word' id='word_1_454' title='bbox 3267 2950 3361 3003; x_wconf 89' lang='lat' dir='ltr'>est</span> <span class='ocrx_word' id='word_1_455' title='bbox 3398 2943 3785 3024; x_wconf 87' lang='lat' dir='ltr'>acceptione.</span> <span class='ocrx_word' id='word_1_456' title='bbox 3817 2943 3918 3005; x_wconf 90' lang='lat' dir='ltr'>ld-</span> 
     </span>
    </p>
   </div>
   <div class='ocr_carea' id='block_1_17' title="bbox 2418 3139 3923 5387">
    <p class='ocr_par' dir='ltr' id='par_1_18' title="bbox 2422 3139 3915 3322">
     <span class='ocr_line' id='line_1_76' title="bbox 2423 3139 3915 3223; baseline 0 -20"><span class='ocrx_word' id='word_1_457' title='bbox 2423 3142 2573 3223; x_wconf 83' lang='lat' dir='ltr'>liget</span> <span class='ocrx_word' id='word_1_458' title='bbox 2632 3149 2733 3221; x_wconf 88' lang='lat' dir='ltr'>te;</span> <span class='ocrx_word' id='word_1_459' title='bbox 2786 3142 2941 3205; x_wconf 91' lang='lat' dir='ltr'>doce</span> <span class='ocrx_word' id='word_1_460' title='bbox 2995 3140 3261 3221; x_wconf 85' lang='lat' dir='ltr'>justum,</span> <span class='ocrx_word' id='word_1_461' title='bbox 3313 3147 3376 3202; x_wconf 90' lang='lat' dir='ltr'>et</span> <span class='ocrx_word' id='word_1_462' title='bbox 3431 3139 3759 3203; x_wconf 84' lang='lat' dir='ltr'>festinabit</span> <span class='ocrx_word' id='word_1_463' title='bbox 3812 3160 3915 3203; x_wconf 90' lang='lat' dir='ltr'>ac-</span> 
     </span>
     <span class='ocr_line' id='line_1_77' title="bbox 2422 3240 2657 3322; baseline -0.009 -19"><span class='ocrx_word' id='word_1_464' title='bbox 2422 3240 2657 3322; x_wconf 88' lang='lat' dir='ltr'>cipere.</span> 
     </span>
    </p>

    <p class='ocr_par' dir='ltr' id='par_1_19' title="bbox 2418 3337 3923 5387">
     <span class='ocr_line' id='line_1_78' title="bbox 2493 3337 3915 3421; baseline -0.001 -19"><span class='ocrx_word' id='word_1_465' title='bbox 2493 3344 2575 3402; x_wconf 81' lang='lat' dir='ltr'>E&#39;c</span> <span class='ocrx_word' id='word_1_466' title='bbox 2601 3341 2921 3417; x_wconf 75' lang='lat' dir='ltr'>ejecerunt</span> <span class='ocrx_word' id='word_1_467' title='bbox 2948 3359 3096 3399; x_wconf 83' lang='lat' dir='ltr'>eum</span> <span class='ocrx_word' id='word_1_468' title='bbox 3124 3342 3321 3420; x_wconf 81' lang='lat' dir='ltr'>foras,</span> <span class='ocrx_word' id='word_1_469' title='bbox 3344 3337 3406 3400; x_wconf 93' lang='lat' dir='ltr'>id</span> <span class='ocrx_word' id='word_1_470' title='bbox 3436 3345 3547 3415; x_wconf 85' lang='lat' dir='ltr'>est,</span> <span class='ocrx_word' id='word_1_471' title='bbox 3566 3356 3645 3400; x_wconf 87' lang='lat' dir='ltr'>ex</span> <span class='ocrx_word' id='word_1_472' title='bbox 3676 3338 3915 3421; x_wconf 84' lang='lat' dir='ltr'>templo</span> 
     </span>
     <span class='ocr_line' id='line_1_79' title="bbox 2422 3436 3917 3519; baseline -0.001 -19"><span class='ocrx_word' id='word_1_473' title='bbox 2422 3446 2485 3501; x_wconf 90' lang='lat' dir='ltr'>et</span> <span class='ocrx_word' id='word_1_474' title='bbox 2544 3455 2857 3518; x_wconf 82' lang='lat' dir='ltr'>synagoga</span> <span class='ocrx_word' id='word_1_475' title='bbox 2916 3454 3028 3499; x_wconf 91' lang='lat' dir='ltr'>seu</span> <span class='ocrx_word' id='word_1_476' title='bbox 3094 3436 3331 3519; x_wconf 90' lang='lat' dir='ltr'>populo</span> <span class='ocrx_word' id='word_1_477' title='bbox 3386 3436 3789 3518; x_wconf 82' lang='lat' dir='ltr'>expulerunt,</span> <span class='ocrx_word' id='word_1_478' title='bbox 3848 3446 3917 3498; x_wconf 90' lang='lat' dir='ltr'>et</span> 
     </span>
     <span class='ocr_line' id='line_1_80' title="bbox 2420 3534 3917 3617; baseline -0.001 -19"><span class='ocrx_word' id='word_1_479' title='bbox 2420 3544 2721 3617; x_wconf 90' lang='lat' dir='ltr'>tanquam</span> <span class='ocrx_word' id='word_1_480' title='bbox 2763 3534 3380 3598; x_wconf 83' lang='lat' dir='ltr'>excommunicatum</span> <span class='ocrx_word' id='word_1_481' title='bbox 3417 3534 3796 3597; x_wconf 88' lang='lat' dir='ltr'>habuerunt.</span> <span class='ocrx_word' id='word_1_482' title='bbox 3837 3534 3917 3597; x_wconf 75' lang='lat' dir='ltr'>Et</span> 
     </span>
     <span class='ocr_line' id='line_1_81' title="bbox 2424 3633 3917 3717; baseline -0.001 -21"><span class='ocrx_word' id='word_1_483' title='bbox 2424 3635 2590 3697; x_wconf 89' lang='lat' dir='ltr'>sicut</span> <span class='ocrx_word' id='word_1_484' title='bbox 2630 3634 2818 3717; x_wconf 87' lang='lat' dir='ltr'>paulo</span> <span class='ocrx_word' id='word_1_485' title='bbox 2864 3640 3009 3695; x_wconf 90' lang='lat' dir='ltr'>ante</span> <span class='ocrx_word' id='word_1_486' title='bbox 3052 3633 3403 3695; x_wconf 88' lang='lat' dir='ltr'>nescientes</span> <span class='ocrx_word' id='word_1_487' title='bbox 3450 3633 3917 3696; x_wconf 84' lang='lat' dir='ltr'>benedixerunt</span> 
     </span>
     <span class='ocr_line' id='line_1_82' title="bbox 2423 3732 3915 3813; baseline -0.001 -17"><span class='ocrx_word' id='word_1_488' title='bbox 2423 3752 2567 3796; x_wconf 93' lang='lat' dir='ltr'>eum</span> <span class='ocrx_word' id='word_1_489' title='bbox 2612 3732 2844 3808; x_wconf 84' lang='lat' dir='ltr'>verbiS,</span> <span class='ocrx_word' id='word_1_490' title='bbox 2879 3732 3168 3807; x_wconf 91' lang='lat' dir='ltr'>dicendo,</span> <span class='ocrx_word' id='word_1_491' title='bbox 3204 3732 3292 3793; x_wconf 94' lang='lat' dir='ltr'>Tu</span> <span class='ocrx_word' id='word_1_492' title='bbox 3339 3732 3691 3813; x_wconf 90' lang='lat' dir='ltr'>discipulus</span> <span class='ocrx_word' id='word_1_493' title='bbox 3740 3732 3915 3794; x_wconf 89' lang='lat' dir='ltr'>illius</span> 
     </span>
     <span class='ocr_line' id='line_1_83' title="bbox 2425 3829 3913 3911; baseline -0.003 -17"><span class='ocrx_word' id='word_1_494' title='bbox 2425 3833 2553 3911; x_wconf 84' lang='lat' dir='ltr'>sis3</span> <span class='ocrx_word' id='word_1_495' title='bbox 2594 3832 2686 3893; x_wconf 91' lang='lat' dir='ltr'>sic</span> <span class='ocrx_word' id='word_1_496' title='bbox 2726 3832 2912 3893; x_wconf 92' lang='lat' dir='ltr'>modo</span> <span class='ocrx_word' id='word_1_497' title='bbox 2952 3830 3311 3911; x_wconf 85' lang='lat' dir='ltr'>ignorantes</span> <span class='ocrx_word' id='word_1_498' title='bbox 3346 3829 3734 3893; x_wconf 91' lang='lat' dir='ltr'>benedicunt</span> <span class='ocrx_word' id='word_1_499' title='bbox 3764 3848 3913 3891; x_wconf 89' lang='lat' dir='ltr'>eum</span> 
     </span>
     <span class='ocr_line' id='line_1_84' title="bbox 2424 3928 3916 4011; baseline -0.003 -17"><span class='ocrx_word' id='word_1_500' title='bbox 2424 3931 2629 4005; x_wconf 79' lang='lat' dir='ltr'>factiS,</span> <span class='ocrx_word' id='word_1_501' title='bbox 2680 3929 3056 4011; x_wconf 87' lang='lat' dir='ltr'>expellendo</span> <span class='ocrx_word' id='word_1_502' title='bbox 3104 3946 3250 3989; x_wconf 91' lang='lat' dir='ltr'>eum</span> <span class='ocrx_word' id='word_1_503' title='bbox 3300 3947 3337 3989; x_wconf 89' lang='lat' dir='ltr'>a</span> <span class='ocrx_word' id='word_1_504' title='bbox 3384 3946 3695 4010; x_wconf 85' lang='lat' dir='ltr'>synagoga</span> <span class='ocrx_word' id='word_1_505' title='bbox 3746 3928 3916 3990; x_wconf 88' lang='lat' dir='ltr'>Sata-</span> 
     </span>
     <span class='ocr_line' id='line_1_85' title="bbox 2425 4024 3916 4108; baseline -0.001 -20"><span class='ocrx_word' id='word_1_506' title='bbox 2425 4046 2543 4089; x_wconf 79' lang='lat' dir='ltr'>nae.</span> <span class='ocrx_word' id='word_1_507' title='bbox 2594 4025 2759 4099; x_wconf 88' lang='lat' dir='ltr'>Quos</span> <span class='ocrx_word' id='word_1_508' title='bbox 2805 4026 2975 4088; x_wconf 91' lang='lat' dir='ltr'>enim</span> <span class='ocrx_word' id='word_1_509' title='bbox 3028 4026 3148 4108; x_wconf 92' lang='lat' dir='ltr'>ipsi</span> <span class='ocrx_word' id='word_1_510' title='bbox 3200 4025 3599 4108; x_wconf 86' lang='lat' dir='ltr'>expellebant</span> <span class='ocrx_word' id='word_1_511' title='bbox 3646 4024 3916 4088; x_wconf 89' lang='lat' dir='ltr'>crudeli-</span> 
     </span>
     <span class='ocr_line' id='line_1_86' title="bbox 2425 4124 3914 4206; baseline -0.002 -20"><span class='ocrx_word' id='word_1_512' title='bbox 2425 4133 2541 4199; x_wconf 91' lang='lat' dir='ltr'>ter,</span> <span class='ocrx_word' id='word_1_513' title='bbox 2594 4125 2879 4188; x_wconf 86' lang='lat' dir='ltr'>Christus</span> <span class='ocrx_word' id='word_1_514' title='bbox 2930 4124 3171 4206; x_wconf 90' lang='lat' dir='ltr'>recepit</span> <span class='ocrx_word' id='word_1_515' title='bbox 3217 4124 3583 4187; x_wconf 89' lang='lat' dir='ltr'>clementer.</span> <span class='ocrx_word' id='word_1_516' title='bbox 3633 4125 3914 4186; x_wconf 77' lang='lat' dir='ltr'>Audivic</span> 
     </span>
     <span class='ocr_line' id='line_1_87' title="bbox 3258 4223 3919 4304; baseline 0 -21"><span class='ocrx_word' id='word_1_517' title='bbox 3258 4223 3427 4304; x_wconf 91' lang='lat' dir='ltr'>quod</span> <span class='ocrx_word' id='word_1_518' title='bbox 3473 4230 3685 4284; x_wconf 89' lang='lat' dir='ltr'>tamen</span> <span class='ocrx_word' id='word_1_519' title='bbox 3744 4230 3919 4284; x_wconf 85' lang='lat' dir='ltr'>antc-</span> 
     </span>
     <span class='ocr_line' id='line_1_88' title="bbox 2425 4318 3919 4402; baseline -0.002 -20"><span class='ocrx_word' id='word_1_520' title='bbox 2425 4339 2617 4402; x_wconf 88' lang='lat' dir='ltr'>quam</span> <span class='ocrx_word' id='word_1_521' title='bbox 2657 4319 2843 4381; x_wconf 88' lang='lat' dir='ltr'>fieret</span> <span class='ocrx_word' id='word_1_522' title='bbox 2879 4318 3057 4382; x_wconf 87' lang='lat' dir='ltr'>novit</span> <span class='ocrx_word' id='word_1_523' title='bbox 3094 4318 3406 4393; x_wconf 88' lang='lat' dir='ltr'>futurum,</span> <span class='ocrx_word' id='word_1_524' title='bbox 3438 4326 3503 4381; x_wconf 92' lang='lat' dir='ltr'>et</span> <span class='ocrx_word' id='word_1_525' title='bbox 3530 4319 3684 4381; x_wconf 91' lang='lat' dir='ltr'>dum</span> <span class='ocrx_word' id='word_1_526' title='bbox 3721 4318 3919 4380; x_wconf 87' lang='lat' dir='ltr'>fiebat</span> 
     </span>
     <span class='ocr_line' id='line_1_89' title="bbox 2426 4416 3918 4501; baseline -0.001 -22"><span class='ocrx_word' id='word_1_527' title='bbox 2426 4418 2724 4501; x_wconf 86' lang='lat' dir='ltr'>inspexit,</span> <span class='ocrx_word' id='word_1_528' title='bbox 2759 4425 2821 4480; x_wconf 91' lang='lat' dir='ltr'>et</span> <span class='ocrx_word' id='word_1_529' title='bbox 2848 4424 3189 4499; x_wconf 89' lang='lat' dir='ltr'>antequam</span> <span class='ocrx_word' id='word_1_530' title='bbox 3221 4416 3344 4479; x_wconf 92' lang='lat' dir='ltr'>sibi</span> <span class='ocrx_word' id='word_1_531' title='bbox 3374 4416 3763 4489; x_wconf 87' lang='lat' dir='ltr'>recitaretur,</span> <span class='ocrx_word' id='word_1_532' title='bbox 3798 4416 3918 4479; x_wconf 90' lang='lat' dir='ltr'>sci-</span> 
     </span>
     <span class='ocr_line' id='line_1_90' title="bbox 2427 4508 3919 4598; baseline -0.003 -17"><span class='ocrx_word' id='word_1_533' title='bbox 2427 4518 2519 4582; x_wconf 92' lang='lat' dir='ltr'>vit</span> <span class='ocrx_word' id='word_1_534' title='bbox 2573 4517 2703 4598; x_wconf 69' lang='lat' dir='ltr'>iam</span> <span class='ocrx_word' id='word_1_535' title='bbox 2762 4508 3119 4597; x_wconf 75' lang='lat' dir='ltr'>accidisse3</span> <span class='ocrx_word' id='word_1_536' title='bbox 3180 4518 3338 4597; x_wconf 82' lang='lat' dir='ltr'>quia</span> <span class='ocrx_word' id='word_1_537' title='bbox 3394 4516 3718 4593; x_wconf 68' lang='lat' dir='ltr'>ejecerunt</span> <span class='ocrx_word' id='word_1_538' title='bbox 3770 4536 3919 4577; x_wconf 77' lang='lat' dir='ltr'>eum</span> 
     </span>
     <span class='ocr_line' id='line_1_91' title="bbox 2424 4614 3923 4698; baseline -0.002 -21"><span class='ocrx_word' id='word_1_539' title='bbox 2424 4621 2626 4698; x_wconf 77' lang='lat' dir='ltr'>foras,</span> <span class='ocrx_word' id='word_1_540' title='bbox 2658 4616 2720 4677; x_wconf 94' lang='lat' dir='ltr'>id</span> <span class='ocrx_word' id='word_1_541' title='bbox 2758 4622 2875 4689; x_wconf 91' lang='lat' dir='ltr'>est,</span> <span class='ocrx_word' id='word_1_542' title='bbox 2907 4616 3079 4697; x_wconf 89' lang='lat' dir='ltr'>quod</span> <span class='ocrx_word' id='word_1_543' title='bbox 3125 4614 3419 4677; x_wconf 80' lang='lat' dir='ltr'>Pharisaei</span> <span class='ocrx_word' id='word_1_544' title='bbox 3470 4632 3707 4676; x_wconf 84' lang='lat' dir='ltr'>caecum</span> <span class='ocrx_word' id='word_1_545' title='bbox 3746 4633 3783 4675; x_wconf 88' lang='lat' dir='ltr'>a</span> <span class='ocrx_word' id='word_1_546' title='bbox 3822 4634 3923 4695; x_wconf 78' lang='lat' dir='ltr'>sy-</span> 
     </span>
     <span class='ocr_line' id='line_1_92' title="bbox 2424 4715 3923 4796; baseline -0.003 -19"><span class='ocrx_word' id='word_1_547' title='bbox 2424 4734 2663 4796; x_wconf 88' lang='lat' dir='ltr'>nagoga</span> <span class='ocrx_word' id='word_1_548' title='bbox 2720 4721 3299 4795; x_wconf 87' lang='lat' dir='ltr'>sequestraverunt.</span> <span class='ocrx_word' id='word_1_549' title='bbox 3352 4715 3439 4774; x_wconf 80' lang='lat' dir='ltr'>Et</span> <span class='ocrx_word' id='word_1_550' title='bbox 3486 4732 3690 4792; x_wconf 82' lang='lat' dir='ltr'>quum</span> <span class='ocrx_word' id='word_1_551' title='bbox 3744 4715 3923 4775; x_wconf 72' lang='lat' dir='ltr'>inve-</span> 
     </span>
     <span class='ocr_line' id='line_1_93' title="bbox 2422 4809 3920 4892; baseline -0.001 -17"><span class='ocrx_word' id='word_1_552' title='bbox 2422 4816 2619 4875; x_wconf 73' lang='lat' dir='ltr'>nisset</span> <span class='ocrx_word' id='word_1_553' title='bbox 2655 4834 2823 4873; x_wconf 82' lang='lat' dir='ltr'>eum.</span> <span class='ocrx_word' id='word_1_554' title='bbox 2859 4811 3222 4874; x_wconf 90' lang='lat' dir='ltr'>Secundum</span> <span class='ocrx_word' id='word_1_555' title='bbox 3257 4810 3507 4886; x_wconf 88' lang='lat' dir='ltr'>Bedam,</span> <span class='ocrx_word' id='word_1_556' title='bbox 3537 4809 3717 4873; x_wconf 87' lang='lat' dir='ltr'>Jesus</span> <span class='ocrx_word' id='word_1_557' title='bbox 3748 4830 3920 4892; x_wconf 78' lang='lat' dir='ltr'>quae-</span> 
     </span>
     <span class='ocr_line' id='line_1_94' title="bbox 2424 4909 3919 4990; baseline -0.004 -16"><span class='ocrx_word' id='word_1_558' title='bbox 2424 4912 2575 4976; x_wconf 90' lang='lat' dir='ltr'>sivit</span> <span class='ocrx_word' id='word_1_559' title='bbox 2602 4930 2771 4973; x_wconf 91' lang='lat' dir='ltr'>eum.</span> <span class='ocrx_word' id='word_1_560' title='bbox 2796 4912 2988 4972; x_wconf 73' lang='lat' dir='ltr'>Dixit</span> <span class='ocrx_word' id='word_1_561' title='bbox 3014 4914 3078 4970; x_wconf 84' lang='lat' dir='ltr'>ei</span> <span class='ocrx_word' id='word_1_562' title='bbox 3104 4910 3235 4990; x_wconf 86' lang='lat' dir='ltr'>jam</span> <span class='ocrx_word' id='word_1_563' title='bbox 3266 4909 3561 4973; x_wconf 89' lang='lat' dir='ltr'>invento:</span> <span class='ocrx_word' id='word_1_564' title='bbox 3588 4912 3683 4971; x_wconf 80' lang='lat' dir='ltr'>Tu</span> <span class='ocrx_word' id='word_1_565' title='bbox 3712 4912 3919 4969; x_wconf 80' lang='lat' dir='ltr'>credis</span> 
     </span>
     <span class='ocr_line' id='line_1_95' title="bbox 2423 5007 3918 5089; baseline 0.001 -20"><span class='ocrx_word' id='word_1_566' title='bbox 2423 5012 2495 5070; x_wconf 82' lang='lat' dir='ltr'>in</span> <span class='ocrx_word' id='word_1_567' title='bbox 2546 5012 2797 5071; x_wconf 81' lang='lat' dir='ltr'>Filium</span> <span class='ocrx_word' id='word_1_568' title='bbox 2845 5011 3018 5070; x_wconf 81' lang='lat' dir='ltr'>Dei?</span> <span class='ocrx_word' id='word_1_569' title='bbox 3065 5007 3200 5072; x_wconf 89' lang='lat' dir='ltr'>Non</span> <span class='ocrx_word' id='word_1_570' title='bbox 3256 5008 3437 5089; x_wconf 89' lang='lat' dir='ltr'>quasi</span> <span class='ocrx_word' id='word_1_571' title='bbox 3498 5007 3792 5087; x_wconf 85' lang='lat' dir='ltr'>ignorans</span> <span class='ocrx_word' id='word_1_572' title='bbox 3853 5007 3918 5071; x_wconf 94' lang='lat' dir='ltr'>id</span> 
     </span>
     <span class='ocr_line' id='line_1_96' title="bbox 2421 5104 3916 5189; baseline 0.001 -21"><span class='ocrx_word' id='word_1_573' title='bbox 2421 5107 2671 5189; x_wconf 65' lang='lat' dir='ltr'>quaerit,</span> <span class='ocrx_word' id='word_1_574' title='bbox 2734 5108 2842 5169; x_wconf 88' lang='lat' dir='ltr'>sed</span> <span class='ocrx_word' id='word_1_575' title='bbox 2907 5115 2976 5168; x_wconf 89' lang='lat' dir='ltr'>ut</span> <span class='ocrx_word' id='word_1_576' title='bbox 3034 5126 3269 5170; x_wconf 82' lang='lat' dir='ltr'>caecum</span> <span class='ocrx_word' id='word_1_577' title='bbox 3328 5107 3407 5168; x_wconf 92' lang='lat' dir='ltr'>ad</span> <span class='ocrx_word' id='word_1_578' title='bbox 3470 5104 3916 5187; x_wconf 85' lang='lat' dir='ltr'>perfectiorem</span> 
     </span>
     <span class='ocr_line' id='line_1_97' title="bbox 2420 5202 3915 5287; baseline -0.001 -18"><span class='ocrx_word' id='word_1_579' title='bbox 2420 5206 2520 5269; x_wconf 92' lang='lat' dir='ltr'>sui</span> <span class='ocrx_word' id='word_1_580' title='bbox 2568 5206 2951 5287; x_wconf 89' lang='lat' dir='ltr'>agnitionem</span> <span class='ocrx_word' id='word_1_581' title='bbox 3006 5211 3394 5287; x_wconf 85' lang='lat' dir='ltr'>promoveat.</span> <span class='ocrx_word' id='word_1_582' title='bbox 3444 5202 3687 5276; x_wconf 86' lang='lat' dir='ltr'>Quanto</span> <span class='ocrx_word' id='word_1_583' title='bbox 3742 5205 3915 5267; x_wconf 89' lang='lat' dir='ltr'>enim</span> 
     </span>
     <span class='ocr_line' id='line_1_98' title="bbox 2418 5302 3915 5387; baseline -0.001 -20"><span class='ocrx_word' id='word_1_584' title='bbox 2418 5304 2565 5387; x_wconf 92' lang='lat' dir='ltr'>quis</span> <span class='ocrx_word' id='word_1_585' title='bbox 2603 5303 2800 5385; x_wconf 86' lang='lat' dir='ltr'>magis</span> <span class='ocrx_word' id='word_1_586' title='bbox 2840 5303 3229 5386; x_wconf 88' lang='lat' dir='ltr'>opprimitur</span> <span class='ocrx_word' id='word_1_587' title='bbox 3268 5308 3526 5385; x_wconf 89' lang='lat' dir='ltr'>propter</span> <span class='ocrx_word' id='word_1_588' title='bbox 3556 5302 3915 5377; x_wconf 87' lang='lat' dir='ltr'>veritatem,</span> 
     </span>
    </p>
   </div>
   <div class='ocr_carea' id='block_1_18' title="bbox 4287 0 4297 6242">
    <p class='ocr_par' dir='ltr' id='par_1_20' title="bbox 4287 0 4297 6242">
     <span class='ocr_line' id='line_1_99' title="bbox 4287 0 4297 6242; baseline 0 0"><span class='ocrx_word' id='word_1_589' title='bbox 4287 0 4297 6242; x_wconf 95' lang='lat' dir='ltr'> </span> 
     </span>
    </p>
   </div>
  </div>
 </body>
</html>
