4300 6259
862 491 983 556 338
1676 506 2025 554 cumauro
2066 505 2131 552 m
2171 505 2311 553 car.
2356 504 2426 551 111
2466 504 2744 553 somnis.
2791 523 2872 535 —
2911 505 3054 550 Anr.
3101 505 3142 552 x

859 679 972 762 qui
1013 680 1393 744 condemnet
1420 681 1565 740 me?
1598 677 1777 740 Tales
1819 677 2081 741 fuerunt
2122 685 2354 759 marty·
2383 675 2432 737 Α
2463 693 2809 750 sermones,
2863 677 2974 738 sed
3022 675 3294 738 confessi
3347 682 3497 738 sunt
3543 691 3692 737 eum
3743 693 3966 737 coram
4023 691 4254 738 naum.

860 797 961 842 res
991 777 1212 853 sancti,
1246 778 1358 860 qui
1393 777 1694 840 facientes
1734 776 2064 839 veritatem
2102 774 2261 856 legis
2292 783 2355 837 et
2464 774 2831 837 hominibus
2879 793 2893 836 ε
2943 773 3086 837 ideo
3133 773 3417 837 Christus
3461 771 3806 836 confitetur
3853 791 3966 836 eos
3997 757 4070 796 ²²·

857 875 1011 938 fidei
1042 876 1425 950 christianae,
1463 883 1773 938 venerunt
1810 875 1887 936 ad
1932 875 2164 948 lucem,
2199 892 2357 955 quo-
2465 893 2676 936 coram
2706 872 2884 935 Patre
2913 891 3051 947 suo,
3086 873 3306 954 sicque
3345 871 3708 935 manifestat
3737 891 3964 936 eorum

860 975 1029 1038 niam
1080 994 1203 1040 non
1256 974 1652 1038 erubuerunt
1699 973 2023 1038 Christum
2082 973 2354 1055 ejusque
2463 991 2657 1055 opera
2699 970 2884 1034 bona.

2012 1401 2668 1490 ARTICULUS
2745 1403 2819 1486 X

1054 1679 1438 1726 EXPLANATIO
1478 1679 1757 1726 RESIDUAE
1800 1677 2019 1724 PARTIS
2064 1677 2252 1724 mnus
2296 1675 2574 1724 camum
2615 1676 2836 1734 TERTu,
2882 1675 2962 1722 AB
3007 1677 3080 1722 tto
3121 1675 3269 1723 Loco
3311 1676 3430 1732 Quo
3471 1675 3710 1722 mertun
3757 1675 3774 1719 :

1356 1777 1506 1824 Pos'r
1548 1777 1684 1824 ΗΒΕ
1726 1776 1908 1823 vssNrr
1949 1775 2125 1822 msus
2173 1775 2246 1820 ET
2287 1773 2583 1821 mscu‘uu
2623 1774 2762 1821 ems
2807 1774 2868 1820 m
2909 1775 3157 1821 mnu
3197 1775 3479 1821 JUDAEAE.

1002 2052 1358 2117 ESCRlPTO
1388 2072 1678 2118 sermone
1708 2072 1900 2136 quem
1932 2054 2157 2116 habuit
2183 2051 2358 2116 Chri·
2395 2049 2440 2112 B
2469 2049 2667 2112 Habet
2705 2049 2876 2112 enim
2915 2049 3272 2114 efficaciam
3314 2070 3351 2113 a
3379 2052 3608 2116 merito
3646 2052 3966 2135 passionis

1020 2160 1154 2216 stus
1186 2172 1330 2215 cum
1359 2152 1713 2229 Nicodemo,
1733 2152 2060 2234 aliquibus
2089 2151 2354 2216 forsitan
2468 2148 2822 2222 dominicae,
2849 2167 2992 2230 quae
3020 2156 3173 2212 tunc
3203 2151 3485 2214 nondum
3517 2159 3649 2214 erat
3681 2159 3960 2233 peracta.

863 2250 1077 2315 verbis
1121 2251 1201 2314 ab
1231 2250 1635 2332 Evangelista
1682 2250 1967 2331 adjectiS,
1994 2269 2168 2313 nunc
2213 2268 2360 2312 con·
2464 2245 2540 2308 Et
2585 2247 2901 2327 Apostolis
2949 2248 3110 2310 dixit
3157 2248 3441 2312 Christus
3491 2257 3634 2332 post
3683 2269 3969 2313 resurre-

862 2357 1203 2431 sequenter
1230 2351 1585 2414 ostenditur
1614 2350 1943 2412 exordium
1976 2369 2128 2410 usus
2157 2348 2360 2430 Bapti-
2467 2345 2763 2420 ctionem,
2814 2347 3070 2428 quando
3125 2349 3414 2411 ascendit
3466 2367 3480 2412 :
3530 2348 3798 2414 loannes
3851 2350 3966 2412 ba-
4018 2365 4228 2412 Aer-,a

864 2449 1083 2511 smatis
1122 2448 1503 2529 evangelicae
1545 2448 1743 2528 legis3
1776 2455 1837 2510 et
1884 2447 2040 2529 quid
2087 2446 2357 2510 loannes
2471 2444 2732 2525 ptizavit
2786 2462 2973 2526 aqua,
3037 2463 3148 2508 vos
3203 2454 3414 2509 autem
3473 2446 3962 2530 baptizabimini

862 2546 1139 2629 Baptista
1166 2549 1244 2610 de
1271 2547 1517 2610 Christo
1549 2546 1894 2629 perhibuit,
1920 2547 2174 2629 plenius
2214 2546 2360 2608 edo-
2468 2540 2710 2623 Spiritu
2740 2541 2988 2606 Sancto.
3023 2542 3086 2605 Si
3117 2552 3331 2606 autem
3360 2545 3648 2608 Christus
3680 2546 3964 2629 propriis

868 2653 1067 2708 cetur.

2469 2640 2763 2702 manibus
2822 2659 2948 2704 non
3005 2641 3352 2724 baptizavit
3402 2643 3758 2726 ApostOIOS,
3811 2663 3968 2726 ergo

662 2745 736 2802 22
948 2747 1101 2808 Post
1130 2745 1287 2815 hoec,
1318 2743 1614 2808 videlicet
1652 2751 2089 2808 consummato
2120 2761 2360 2806 sermo-
2471 2758 2586 2802 nec
2628 2739 2908 2822 aliquem
2952 2741 3172 2803 alium.

866 2861 943 2905 ne
973 2842 1342 2925 praescripte
1370 2860 1562 2923 quem
1591 2842 1813 2904 habuit
1840 2843 1916 2904 ad
1945 2840 2359 2905 Nicodemum
2548 2838 2668 2900 Sed
2719 2839 2950 2901 melius
2993 2841 3244 2903 videtur
3299 2850 3369 2904 ut
3413 2861 3560 2905 cum
3610 2842 3970 2925 Augustino

866 2941 1170 3016 Salvator,
1218 2942 1391 3002 venit
1434 2944 1618 3003 lesus
1653 2951 1714 3002 et
1750 2942 2067 3018 discipuli
2105 2941 2247 3017 ejus
2287 2941 2360 3000 in
2470 2937 2777 3010 dicamuS,
2811 2939 2982 3018 quod
3013 2937 3300 3000 Christus
3352 2940 3559 3021 primo
3606 2959 3721 3023 per
3763 2960 3830 3004 se
3868 2942 3974 3024 ip—

866 3049 1106 3101 terram
1141 3042 1463 3108 Judoeam,
1495 3039 1614 3106 hoc
1652 3047 1747 3100 est
1789 3040 1866 3101 ad
1910 3039 2034 3101 alia
2077 3039 2215 3102 loca
2255 3037 2362 3099 Ju-
2469 3053 2610 3096 sum
2641 3034 3006 3117 baptizavit,
3043 3037 3393 3119 praesertim
3421 3038 3752 3120 Apostolos
3781 3040 3976 3103 alios-

862 3138 1033 3200 daeae.
1078 3137 1412 3221 Postquam
1463 3139 1633 3200 enim
1683 3137 1807 3200 fuit
1845 3139 1910 3199 in
1960 3138 2213 3201 civitate
2257 3136 2361 3199 Ju-
2471 3151 2598 3214 que
2656 3134 3004 3216 discipulos
3062 3152 3231 3197 suos.
3292 3134 3418 3199 Nec
3475 3137 3744 3200 dubium
3802 3138 3970 3220 quin

863 3237 1145 3299 daeorum
1196 3236 1554 3318 metropoli,
1609 3244 1762 3318 puta
1814 3235 2185 3310 Jerusalem,
2249 3235 2357 3297 ubi
2399 3239 2442 3303 C
2474 3233 2732 3314 proprio
2760 3231 3138 3315 Baptismate
3163 3234 3431 3314 gratiam
3463 3235 3830 3298 conserente
3861 3237 3972 3299 ba-

860 3333 1275 3398 Nicodemum
1308 3335 1628 3410 instruxit,
1666 3334 1971 3416 processit
2009 3337 2086 3398 ad
2116 3334 2241 3396 alia
2271 3334 2364 3396 lo-
2475 3331 2824 3412 ptizaverit.
2873 3331 3150 3393 instituit
3191 3333 3365 3394 enim
3413 3345 3806 3398 sacramenta
3854 3355 3976 3398 no-

863 3451 935 3495 ca
973 3431 1261 3514 ejusdem
1311 3433 1674 3515 provinciae,
1711 3439 1781 3494 ut
1825 3433 1911 3494 ibi
1965 3432 2358 3514 praedicaret.
2473 3447 2567 3492 vae
2596 3430 2753 3509 legis
2785 3447 2898 3510 per
2929 3447 2996 3492 se
3035 3431 3270 3512 ipsum,
3305 3438 3366 3493 et
3404 3433 3689 3496 exercuit
3717 3452 3811 3509 ea,
3847 3433 3970 3496 sal-

864 3530 985 3594 Sed
1033 3550 1235 3613 quum
1275 3531 1620 3594 Jerusalem
1662 3531 1745 3593 sit
1794 3531 2167 3613 principalis
2211 3530 2362 3592 urbs
2473 3536 2602 3590 tem
2668 3529 2957 3610 quaedam
3027 3546 3270 3591 eorum.
3340 3529 3744 3596 Postmodum
3818 3551 3972 3597 vero

862 3629 1111 3704 Judaeae,
1173 3629 1433 3711 quidam
1492 3629 1789 3693 dixerunt
1844 3631 2015 3712 quod
2075 3629 2362 3692 Christus
2473 3626 2793 3690 commisit
2819 3627 3135 3708 Apostolis
3165 3627 3562 3710 Baptismatis
3601 3631 3702 3692 sui
3731 3632 3974 3695 exerci-

870 3728 1041 3792 venit
1084 3736 1227 3810 post
1265 3728 1562 3810 praedicta
1610 3729 1676 3790 in
1722 3728 2021 3802 iudaeam,
2066 3746 2193 3791 non
2245 3737 2366 3790 sta·
2475 3725 2656 3800 tium,
2689 3724 2919 3807 etipse
2949 3725 3279 3788 altioribus
3319 3727 3706 3804 intendebat,
3741 3730 3973 3793 videli-

871 3827 984 3888 tim
1018 3833 1080 3888 et
1106 3826 1491 3900 immediate,
1526 3829 1635 3889 sed
1673 3835 2007 3909 postquam
2043 3827 2360 3890 Galilaeam
2475 3831 2574 3886 cet
2603 3824 2904 3886 doctrinae
2934 3831 2997 3885 et
3024 3825 3490 3906 praedicationis
3519 3826 3758 3891 officio.
3789 3827 3968 3901 Quod

871 3925 1155 3988 intravit.
1190 3928 1275 3986 Ec
1306 3927 1449 3984 illic
1486 3928 1946 3986 demorabatur
1986 3947 2133 3986 cum
2163 3927 2254 3986 eis
2296 3925 2360 3986 in
2475 3930 2537 3984 et
2567 3922 2846 4004 Apostoli
2898 3930 3038 4004 post
3087 3924 3613 3988 resurrectionem
3665 3945 3833 4009 saepe
3874 3927 3971 3991 fe-

873 4021 1169 4086 domibus
1215 4022 1464 4096 alieniS‚
1517 4031 1817 4105 tanquam
1865 4042 2107 4105 pauper
2155 4033 2218 4086 et
2256 4024 2367 4087 ho-
2477 4021 2638 4082 cisse
2687 4019 3004 4100 leguntur,
3050 4022 3308 4102 quando
3355 4023 3590 4087 multos
3638 4035 3972 4090 converte-

584 4137 847 4188 mumm,
876 4121 1211 4203 speS,quia
1240 4139 1364 4184 non
1399 4120 1621 4182 habuit
1649 4121 1757 4182 ubi
1791 4129 1981 4203 caput
2010 4121 2364 4184 reclinaret.
2476 4126 2645 4192 runt,
2683 4137 2761 4180 ne
2798 4137 2910 4200 per
2937 4119 3296 4201 baptizandi
3327 4120 3639 4199 officium,
3671 4123 3844 4206 quod
3883 4125 3967 4187 ab

584 4195 653 4237 2⁰.

976 4222 1061 4281 Ει
1116 4220 1503 4296 baptizabat.
1574 4217 1931 4281 Secundum
2002 4220 2367 4302 Chrysosto-

880 4337 1079 4392 mum,
1133 4317 1417 4380 Christus
1468 4316 1531 4379 in
1593 4317 1849 4399 propria
1906 4337 2177 4400 persona
2240 4339 2362 4383 non

2477 4217 2888 4281 inferioribus
2929 4226 3118 4300 atque
3164 4219 3622 4284 indoctioribus
3669 4221 3815 4284 sieri
3856 4243 3968 4305 po-

2477 4317 2619 4388 tuit,
2653 4335 2690 4377 a
2730 4316 2924 4379 verbo
2962 4316 3426 4397 praedicationis
3475 4319 3960 4401 impedirentur.

877 4415 1240 4497 baptizavit,
1284 4415 1437 4497 quia
1482 4415 1773 4497 sequenti
1824 4416 2103 4498 capitulo
2146 4418 2369 4480 scribi-
2398 4416 2447 4477 D
2477 4415 2652 4478 Unde
2699 4416 2777 4477 ad
2826 4413 3180 4477 Corinthios
3228 4414 3455 4478 Paulus
3503 4425 3764 4480 testatur
3797 4437 3812 4481 :
3845 4419 3968 4482 Ne-
4011 4444 4238 4489 iconis.

611 4526 848 4579 :omnam
875 4520 982 4575 tur
1013 4531 1027 4578 :
1060 4513 1431 4595 Quanquam
1474 4513 1653 4576 Jesus
1692 4533 1818 4577 non
1858 4514 2225 4596 baptizaret,
2259 4516 2370 4579 sed
2477 4511 2718 4575 minem
2768 4521 3047 4574 vestrum
3102 4511 3438 4596 baptizavi,
3489 4514 3613 4576 nisi
3670 4515 3964 4600 Crispum
3999 4511 4068 4557 ¹⁶·
4093 4509 4156 4548 ¹⁷·

879 4611 1178 4693 discipuli
1225 4612 1385 4693 ejus.
1442 4612 1681 4675 Dicitur
1730 4621 1939 4675 tamen
1989 4612 2364 4696 baptizasse,
2477 4620 2540 4674 et
2570 4612 2810 4684 Caium,
2843 4618 2907 4672 et
2933 4611 3265 4693 Stephanae
3296 4614 3590 4694 domum3
3636 4634 3760 4678 non
3791 4619 3966 4680 enim

877 4711 1030 4793 quia
1088 4710 1420 4793 discipulis
1477 4711 1608 4773 suis
1656 4710 1947 4774 efficium
2006 4711 2367 4794 baptizandi
2481 4711 2653 4773 misit
2690 4727 2792 4772 me
2841 4709 3126 4772 Christus
3175 4710 3514 4792 baptizare,
3548 4714 3656 4776 sed
3704 4732 3970 4796 evange-

880 4809 1197 4874 commisit
1240 4827 1253 4872 ε
1295 4809 1830 4890 quemadmodum
1875 4827 1983 4872 rex
2027 4810 2235 4873 facere
2283 4812 2371 4874 di·
2480 4811 2688 4872 lizare.
2735 4807 2861 4870 Nec
2898 4807 3107 4870 obstat
3145 4810 3314 4890 quod
3355 4811 3443 4871 ait
3479 4809 3760 4874 Salvator
3799 4813 3970 4895 Apo—

876 4909 1043 4971 citur
1080 4908 1251 4988 quod
1292 4907 1443 4969 facit
1484 4926 1598 4988 per
1636 4927 1784 4972 suos
1823 4908 2171 4972 ministros.
2208 4909 2373 4972 Dicit
2481 4909 2658 4971 stolis
2694 4926 2706 4970 :
2743 4907 2968 4970 Docete
3016 4925 3236 4971 omnes
3281 4917 3522 4988 genteS,
3577 4909 3966 4992 baptizantes
4051 4943 4200 4987 mm,

878 5023 1136 5087 quoque
1167 5005 1669 5087 chrysostomus,
1704 5008 1875 5088 quod
1920 5007 2220 5090 discipuli
2268 5008 2375 5071 ba:-
2482 5027 2588 5070 eos
2632 5007 2698 5069 in
2741 5005 3000 5070 nomine
3028 5006 3249 5081 Patris,
3283 5014 3346 5069 et
3385 5006 3546 5082 Filii,
3579 5017 3642 5070 et
3689 5008 3968 5092 Spiritus
3995 5021 4135 5053 ¹³¹¹*-
4159 5008 4212 5045 ¹⁹·

881 5102 1220 5185 ptizabant,
1256 5121 1379 5166 non
1427 5102 1803 5185 Baptismate
1845 5104 2097 5178 Christi,
2132 5107 2242 5168 sed
2278 5106 2376 5170 Ιο-
2483 5105 2849 5168 Sancti.l{ec
2878 5105 3122 5186 quippe
3153 5105 3634 5187 intelligendum
3667 5117 3776 5182 est,
3793 5111 3970 5191 quod
4272 5181 4273 5196 χ

878 5201 1253 5283 annis,quia
1279 5203 1630 5264 secundum
1663 5203 2043 5283 positionem
2074 5204 2252 5277 hanc,
2273 5205 2375 5268 Ba·
2483 5204 2878 5286 baptizarent
2904 5221 3009 5265 eas
3049 5221 3164 5285 per
3201 5223 3289 5279 se,
3317 5205 3417 5268 vel
3457 5223 3570 5288 per
3611 5225 3758 5270 suos
3791 5209 3974 5290 adju·
4271 5205 4273 5259 4

884 5299 1115 5381 ptisma
1145 5300 1375 5363 Christi
1414 5301 1695 5364 nondum
1735 5300 1943 5363 fuerat
1980 5301 2368 5365 institutum.
2481 5311 2649 5367 tores
2685 5310 2876 5384 atque
2915 5302 3285 5385 discipulos.
3317 5339 3398 5349 —
3425 5305 3764 5382 Postremo,
3795 5307 3972 5388 quod
