4300 6259
527 850 596 891 ¹2.

815 479 898 545 24
1617 499 3119 548 mmmmmmxmca—mmm

819 669 1140 735 inchoatio
1195 672 1750 755 contemplationis
1807 671 2142 736 Beatorum
2200 690 2317 753 per
2344 672 2396 733 A
2424 671 2573 745 lius,
2630 690 2922 734 asserens
2984 692 3133 734 cum
3194 672 3593 733 Psalmista.
3644 671 3913 733 Audiam
3958 688 4039 730 Ρε.
4042 700 4193 736 mm.

551 784 689 829 icor.
703 798 792 832 x-
819 770 1122 851 speciem.
1137 771 1399 853 Propter
1424 773 1596 853 quod
1625 773 1714 833 ait
1741 772 2114 854 Apostolus:
2133 770 2317 832 Nunc

819 886 1131 949 cognosco
1157 889 1235 931 ex
1267 879 1476 952 parte3
1509 880 1660 933 tunc
1697 879 1910 932 autem
1937 888 2313 950 cognoscam

563 980 756 1026 uua.
821 965 988 1027 sicut
1025 976 1088 1029 et
1125 968 1416 1048 cognitus
1459 988 1646 1047 sum3
1689 976 1774 1041 et,
1799 968 2100 1029 Videmus
2141 987 2317 1029 nunc

823 1084 938 1146 per
995 1068 1328 1148 speculum
1380 1068 1444 1129 in
1495 1068 1850 1148 aenigmate,
1901 1076 2054 1129 tunc
2099 1076 2313 1129 autem

817 1162 986 1227 facie
1023 1167 1104 1227 ad
1143 1164 1397 1229 facicm.

897 1263 1116 1345 ltaque
1153 1264 1439 1327 Christus
1475 1264 1780 1327 Martham
1819 1266 1898 1326 de
1935 1284 2052 1329 suo
2089 1266 2317 1327 devoto

817 1370 882 1424 et
909 1363 1237 1426 caritativo
1263 1363 1573 1445 obsequio
1601 1382 1730 1426 non
1763 1364 2187 1445 reprehendit,
2206 1364 2317 1424 sed

821 1468 1066 1542 partem
1101 1460 1307 1523 Mariae
1357 1462 1690 1543 praeponit,
1731 1463 2036 1544 quoniam
2079 1462 2321 1523 exerci-

819 1558 908 1620 tia
955 1559 1101 1623 vitae
1145 1560 1656 1643 contemplativae
1713 1561 2114 1641 praeclariora
2168 1568 2322 1621 sunt

817 1658 1140 1720 exercitiis
1171 1658 1318 1721 vitae
1343 1659 1590 1721 activae.
1613 1659 2062 1721 Verumtamen
2091 1660 2171 1721 de
2200 1659 2322 1721 hoc

817 1756 1070 1819 videtur
1088 1756 1326 1818 Martha
1345 1757 1474 1838 aliq
1483 1757 1709 1818 naliter
1733 1758 2132 1838 reprehensa,
2147 1758 2322 1838 quod

817 1873 1098 1919 sororem
1145 1874 1328 1917 suam
1367 1856 1571 1918 voluit
1606 1875 1645 1917 a
1681 1856 1998 1937 spirituali
2043 1864 2189 1918 actu
2230 1855 2325 1917 vi-

817 1962 900 2017 ¹ae
939 1954 1450 2035 contemplativae
1487 1954 1876 2028 abstrahere,
1919 1964 1992 2016 nt
2029 1974 2323 2037 corpora-

821 2053 992 2115 libus
1039 2060 1482 2133 occuparetur,
1523 2072 1728 2134 qnum
1773 2061 1984 2115 tamen
2033 2072 2325 2117 necessa—

821 2152 990 2214 rium
1031 2170 1158 2215 non
1201 2150 1452 2225 luisset,
1482 2160 1548 2213 et
1583 2153 1738 2233 quia
1776 2152 2031 2215 Mariam
2077 2155 2324 2235 putavit

821 2250 1219 2331 negligenter
1255 2268 1326 2311 se
1365 2249 1688 2325 habuisse,
1721 2270 1848 2313 non
1893 2252 2323 2334 impendendo

817 2348 1132 2411 auxilium
1175 2348 1240 2409 in
1283 2349 1594 2430 corporali
1635 2350 1967 2431 obsequio.

901 2446 1188 2528 Denique
1223 2447 1394 2509 circa
1436 2447 1620 2521 illud,
1661 2446 1944 2511 Sollicita
1979 2468 2048 2511 es
2087 2458 2155 2511 et
2190 2458 2325 2511 tur-

821 2545 994 2608 baris
1059 2562 1208 2625 erga
1273 2545 1572 2627 plurima,
1635 2547 1858 2609 dicunt
1923 2548 2195 2631 Cyrillus
2260 2557 2325 2611 et

821 2643 1090 2706 Basilius
1141 2662 1158 2705 ε
1209 2643 1414 2715 Quum
1461 2645 1664 2727 aliqui
1719 2648 2120 2729 susceperint
2164 2648 2323 2711 alios

823 2742 1126 2825 hospitio,
1179 2762 1306 2805 non
1357 2743 1782 2807 sollicitentur
1827 2746 1998 2809 circa
2045 2746 2323 2809 multum

823 2841 1232 2923 obsequium,
1266 2844 1678 2924 praeparando
1715 2844 1966 2907 diversa
1993 2855 2056 2907 et
2093 2846 2326 2909 delica-

825 2948 890 3003 ta
925 2940 1186 3015 cibaria,
1219 2958 1338 3003 nec
1373 2951 1634 3023 poscant
1671 2962 1818 3025 quaa
1857 2962 1988 3025 prae
2025 2946 2323 3007 manibus

2422 770 2583 851 quid
2622 770 2975 851 loquatur
2958 790 3025 831 m
3066 789 3171 832 me
3208 770 3511 832 Dominus
3550 769 3736 830 Deus,
3766 754 3981 829 Ani-⁹·

2424 869 2809 949 maquippe
2844 870 3237 950 quiescendo
3270 868 3349 930 fit
3396 870 3697 950 prudens
3724 876 3791 928 et
3824 866 3917 928 di-

2424 968 2639 1029 vinam
2682 969 3165 1049 inspirationem
3208 968 3481 1050 suscipit
3512 986 3587 1029 ac
3620 966 3911 1028 advertit

2422 1066 2686 1148 Propter
2710 1068 2933 1148 quod
2916 1086 2979 1128 ιιι
3012 1066 3450 1129 Ecclesiastico
3477 1066 3783 1127 habetur:
3802 1064 3917 1136 Qui
4000 1078 4147 1121 Ecce:

2424 1166 2781 1229 minoratur
2804 1174 2975 1230 actu.
2998 1165 3375 1246 sapientiam
3412 1164 3743 1245 percipiet.
3766 1155 3999 1225 Prae-¹¹

2424 1274 2613 1338 terea,
2642 1264 2711 1325 in
2738 1265 2957 1345 quiete
2992 1264 3363 1343 hujusmodi
3399 1264 3577 1325 audit
3606 1262 3799 1324 verba
3834 1262 3921 1323 di-

2430 1363 2579 1424 vina
2632 1380 2787 1424 aure
2844 1362 3129 1435 mentali,
3190 1362 3319 1423 illis
3374 1360 3726 1424 obediendo
3778 1378 3923 1441 quae

2428 1462 2585 1542 legit
2622 1470 2733 1523 aut
2774 1462 3139 1523 meditatur.

2508 1560 2747 1622 Martha
2792 1568 3007 1621 autem
3054 1558 3377 1639 satagebat
3408 1558 3577 1620 circa
3622 1556 3923 1638 frequens

2432 1660 2885 1721 ministerium.
2920 1658 3046 1721 Hoc
3084 1658 3391 1739 competit
3428 1655 3531 1718 his
3565 1654 3679 1737 qui
3720 1655 3925 1737 operi-

2434 1758 2555 1819 bus
2612 1757 3067 1819 misericordiae
3112 1764 3175 1817 et
3220 1756 3450 1817 ceteris
3504 1754 3923 1816 exterioribus

2357 1858 2407 1920 B
2436 1858 2745 1919 virtutum
2774 1856 3023 1917 actibus
3052 1855 3491 1937 corporalibus
3518 1862 3927 1934 occupantur.

2433 1954 2509 2017 Et
2548 1956 2717 2016 sicut
2754 1954 2991 2015 Martha
3028 1960 3377 2034 conquesta
3412 1960 3511 2013 αεὶ
3554 1950 3799 2014 Christo
3834 1951 3927 2012 di-

2434 2072 2617 2127 cenS,
2676 2052 2965 2127 Domine,
3024 2070 3151 2114 non
3208 2059 3305 2112 est
3358 2051 3477 2112 tibi
3532 2068 3703 2112 curae
3754 2050 3924 2130 quod

2434 2170 2614 2214 soror
2648 2168 2793 2213 mea
2830 2151 3093 2232 reliquit
3130 2168 3235 2211 mc
3278 2150 3477 2212 solam
3516 2148 3924 2209 ministrare3

2434 2250 2527 2311 sic
2568 2251 2889 2311 interdum
2930 2268 3219 2331 personae
3254 2250 3517 2321 devotae,
3546 2266 3693 2328 quae
3722 2245 3928 2328 operi-

2434 2348 2557 2410 bus
2596 2349 2743 2411 vitae
2787 2349 3011 2411 activae
3057 2348 3388 2409 intendere
3434 2344 3925 2427 compelluntur,

2434 2456 2497 2508 et
2554 2448 3115 2529 contemplativam
3172 2446 3369 2507 vitam
3434 2444 3633 2524 magis
3688 2442 3931 2505 deside-

2436 2556 2591 2621 rant,
2610 2555 3095 2629 conqueruntur
3122 2545 3373 2608 Christo
3400 2562 3513 2605 seu
3542 2542 3681 2623 ejus
3712 2541 3929 2623 praela-

2435 2646 2532 2721 tis,
2556 2648 2728 2728 quod
2760 2647 2917 2727 ipsae
2948 2664 3079 2727 prae
3110 2644 3339 2707 ceteris
3366 2643 3491 2705 sibi
3522 2649 3705 2715 statu,
3728 2641 3927 2722 gradu

2434 2764 2547 2807 seu
2592 2745 2987 2828 professione
3034 2743 3375 2816 similibuS,
3404 2742 3472 2803 in
3510 2739 3927 2803 exterioribus

2434 2845 2677 2907 servire
2722 2852 3057 2925 coguntur.
3098 2842 3175 2904 Et
3220 2842 3389 2903 sicut
3432 2840 3523 2902 ait
3566 2838 3629 2900 S.
3672 2838 3931 2899 Bernar-

2434 2945 2554 3005 dus
2606 2962 2623 3005 :
2671 2942 2859 3005 Beata
2910 2950 3009 3003 est
3054 2940 3477 3022 congregatio,
3528 2937 3639 2999 ubi
3696 2936 3929 2998 Martha

827 3056 954 3103 non
997 3048 1168 3113 sunt,
1209 3046 1274 3101 et
1315 3040 1752 3103 necessitatem
1799 3044 2136 3105 excedunt.
2176 3042 2327 3106 Gra·
2360 3046 2407 3111 G
2435 3044 2647 3105 taliter
2696 3041 3114 3124 conqueritur
3160 3042 3241 3102 de
3284 3038 3495 3101 Maria.
3544 3036 3687 3111 Sed,
3738 3037 3863 3097 heu
3906 3040 3921 3095 !

827 3146 934 3201 vat
969 3138 1142 3200 enim
1193 3139 1432 3221 passim
1467 3140 1532 3201 in
1573 3141 1861 3221 qualibet
1899 3160 1966 3203 re
2003 3144 2176 3224 quod
2220 3163 2328 3205 su-

829 3235 1096 3319 perfluit
1145 3255 1160 3299 :
1213 3237 1685 3320 hospitantibus
1743 3259 2021 3321 namque
2065 3250 2327 3322 generat

825 3335 1120 3415 tedium3
1151 3336 1440 3399 convivis
1467 3345 1680 3399 autem
1713 3338 1964 3400 videtur
1991 3341 2164 3420 quod
2194 3340 2327 3402 sint

827 3434 974 3497 aliis
1011 3452 1202 3497 causa
1238 3434 1498 3498 laboris.

909 3532 1030 3595 Sed
1065 3534 1371 3614 quoniam
1401 3553 1626 3597 sensus
1653 3535 1944 3598 litteralis
1977 3537 2205 3619 planus
2234 3547 2331 3600 est

831 3632 1005 3706 satiS,
1049 3633 1403 3713 tangendus
1451 3642 1548 3695 est
1589 3635 1892 3716 mysticus
1941 3636 2327 3699 intellectus.

829 3730 1016 3793 Juxta
1061 3749 1280 3813 quem,
1333 3751 1448 3813 per
1493 3731 1884 3809 Bethaniam,
1936 3754 2081 3817 quaa
2139 3736 2335 3798 inter-

834 3836 1118 3912 pretatur
1143 3831 1372 3893 domus
1401 3831 1800 3907 obedientiae,
1829 3834 2197 3916 designatur
2224 3854 2333 3898 cor

832 3926 1064 3990 bonam
1103 3930 1558 3992 conscientiam
1609 3931 1869 4007 habens,
1913 3950 1988 3995 eo
2025 3934 2198 4014 quod
2240 3934 2335 3996 di-

835 4025 1004 4089 vinis
1059 4026 1344 4089 obedivit
1401 4030 1735 4111 praeceptis
1786 4050 1802 4093 ε
1855 4031 1998 4094 ideo
2047 4032 2333 4094 Christus

835 4124 996 4186 illud
1043 4125 1318 4188 libenter
1363 4127 1723 4208 ingreditur
1769 4148 1885 4212 per
1919 4130 2136 4210 gratiae
2182 4150 2335 4212 aug-

2432 3142 2566 3223 jam
2610 3140 2819 3215 multi,
2852 3140 3054 3201 instar
3090 3137 3483 3221 perfidorum
3526 3135 3810 3197 filiorum
3844 3134 3927 3195 ls-

2438 3241 2565 3302 rael
2606 3240 2929 3303 coelestem
2968 3237 3412 3300 nauseantium
3456 3252 3706 3318 panem,
3736 3233 3923 3294 etiam
3950 3246 4155 3352 snam-x
4134 3256 4205 3294 m.

2437 3340 2515 3402 ad
2554 3339 2897 3421 Egyptias‚
2930 3338 2995 3400 id
3024 3346 3122 3399 cst
3150 3336 3525 3409 mundanaS,
3558 3312 4000 3396 consolatio-⁵·

2439 3456 2553 3500 nes
2600 3438 2950 3519 adspirant,
3001 3436 3240 3517 quibus
3287 3432 3793 3515 contemplativae
3838 3430 3931 3493 vi-

2438 3544 2519 3599 tae
2557 3556 2683 3599 non
2730 3536 2897 3618 sapit
2936 3534 3221 3597 refectio.
3252 3531 3793 3606 Quemadmodum
3830 3547 3935 3590 ve-

2440 3655 2513 3699 ro
2550 3636 2839 3699 Christus
2876 3634 3177 3696 Martham
3218 3630 3539 3705 instruxit,
3570 3647 3651 3691 ne
3684 3626 3933 3690 Mariam

2439 3736 2520 3797 ad
2572 3734 2887 3797 exteriora
2932 3753 2969 3796 a
3016 3729 3574 3813 contemplationis
3622 3726 3938 3789 exercitiis

2442 3842 2753 3907 evocaret,
2806 3833 2901 3895 sic
2949 3831 3191 3914 praelati
3241 3837 3391 3891 sunt
3440 3825 3818 3906 instruendi,
3858 3842 3939 3886 ne

2442 3933 2687 4014 absque
2742 3933 3118 3995 necessitate
3168 3938 3279 3994 aut
3332 3928 3613 3993 evidenti
3672 3926 3941 3987 utilitate

2446 4032 2769 4114 postulent
2826 4032 3107 4113 aliquem
3158 4049 3195 4092 a
3242 4025 3749 4109 contemplativae
3794 4024 3938 4087 vitae

2442 4131 2691 4193 actibus
2731 4130 3037 4192 abstrahi.

835 4223 1309 4301 mentationem‚
1359 4236 1664 4309 tanquam
1719 4247 1936 4290 carum
1993 4228 2335 4292 familiare-
2362 4230 2417 4294 D
2524 4229 2703 4293 Circa
2758 4230 2933 4291 hunc
2990 4229 3201 4291 locum
3248 4224 3685 4306 evangelicum
3742 4222 3940 4285 multa

835 4342 964 4405 que
1001 4323 1150 4386 sibi.
1185 4322 1394 4399 Porro,
1431 4344 1546 4408 per
1581 4325 1906 4401 Martham,
1939 4328 2153 4391 anima
2189 4329 2335 4393 vitae

837 4422 1061 4485 activae
1107 4422 1426 4485 exercitiis
1476 4424 1688 4486 dedita
1731 4425 2090 4507 explicatur
2131 4446 2145 4489 :
2191 4447 2336 4509 quae

837 4519 1158 4584 Christum
1197 4520 1263 4583 in
1303 4540 1418 4584 sua
1463 4522 1692 4604 recipit
1727 4524 1938 4599 domo,
1971 4524 2092 4587 hoc
2129 4534 2227 4587 est
2266 4526 2333 4589 in

836 4619 1084 4683 arcanis
1125 4620 1532 4684 conscientiae
1567 4639 1738 4703 suae3
1780 4622 1966 4704 cujus
2007 4642 2184 4688 soror
2220 4625 2337 4687 hla-

839 4716 954 4793 ria,
987 4716 1108 4781 hoc
1143 4725 1240 4779 est
1277 4736 1702 4800 quacumque
1743 4720 1954 4783 anima
1993 4720 2087 4783 illi
2129 4730 2201 4784 ut
2236 4741 2335 4785 so-

839 4835 944 4880 ror
983 4816 1234 4892 dilecta,
1277 4818 1785 4899 contemplativae
1823 4820 1968 4883 vitae
2007 4820 2331 4898 insistenS‚

839 4915 1014 4977 sedet
1041 4932 1225 4978 secus
1256 4916 1450 4997 pedes
1476 4915 1644 4991 Iesu,
1681 4916 1744 4978 id
1773 4925 1890 4993 est,
1915 4920 1972 4980 ei
2005 4921 2337 4984 humiliter

839 5029 910 5074 se
941 5012 1266 5095 supponit,
1300 5013 1572 5095 ejusque
1607 5014 2030 5080 humilitatem
2071 5037 2337 5101 perpen-

841 5110 954 5185 dit,
981 5128 1055 5173 ac
1095 5110 1358 5193 vestigia
1395 5112 1700 5188 imitatur,
1731 5114 1912 5194 juxta
1949 5116 2108 5179 illud
2141 5108 2339 5180 Thre—

547 5224 810 5332 gmmm,
843 5228 1094 5285 norum,
1133 5208 1390 5272 Sedebit
1433 5211 1751 5274 solitarius
1793 5220 1857 5275 et
1895 5215 2150 5291 tacebit,
2184 5218 2339 5299 quia

844 5307 1080 5371 levabit
1121 5326 1188 5371 se
1235 5326 1429 5391 super
1473 5328 1580 5391 se;
1625 5320 1688 5373 et
1733 5313 1909 5374 audit
1953 5314 2220 5377 verbum
2268 5317 2338 5378 il-

2446 4336 2706 4411 possent
2732 4329 2811 4390 de
2840 4328 2971 4391 vita
3000 4324 3491 4407 contemplativa
3518 4330 3580 4386 et
3606 4322 3824 4398 activa,
3848 4340 3945 4383 ea-

2444 4445 2721 4511 rumque
2750 4428 3157 4491 distinctione
3195 4425 3437 4500 induci,
3470 4432 3533 4486 et
3558 4441 3703 4506 quae
3739 4421 3820 4483 sit
3847 4420 3944 4482 di-

2440 4528 2628 4610 gnior
2684 4527 3050 4609 investigari
3106 4546 3120 4589 :
3172 4526 3253 4588 de
3308 4525 3546 4608 quibus
3602 4520 3940 4604 specialem

2442 4634 2782 4690 tractatum
2814 4627 3167 4709 composui.
3192 4624 3268 4687 Et
3297 4641 3468 4686 nunc
3497 4620 3771 4685 breviter
3804 4628 3943 4681 tan-

2441 4727 2505 4808 gi
2566 4734 2795 4809 potest,
2846 4727 3019 4808 quod
3074 4724 3363 4788 absolute
3421 4720 3758 4803 loquendo,
3810 4718 3939 4781 vita

2446 4825 2939 4907 contemplativa
2981 4824 3065 4885 sit
3104 4822 3355 4904 dignior
3396 4838 3591 4902 quam
3626 4816 3847 4891 activa,
3878 4816 3934 4878 si

2448 4925 2511 4987 in
2562 4924 2692 4987 vita
2740 4923 2947 4986 activa
3004 4922 3213 4985 solum
3270 4927 3572 5002 pensetur
3616 4916 3785 4998 quod
3838 4922 3935 4976 est

2446 5023 2591 5087 vitae
2630 5023 2873 5085 activae.
2916 5021 3011 5084 Ad
3053 5020 3225 5102 quod
3262 5016 3647 5089 AristoteleS‚
3688 5012 3932 5077 decimo

2444 5122 2837 5197 Ethicorum,
2886 5128 3027 5183 octo
3078 5118 3376 5201 pulchras
3426 5123 3619 5196 atque
3668 5110 3929 5174 subtiles

2446 5221 2719 5283 rationes
2756 5218 3035 5281 adducit.
3072 5216 3281 5278 Prima
3317 5221 3435 5289 est,
3467 5211 3768 5294 quoniam
3804 5209 3931 5270 vita

2445 5315 2937 5398 contemplativa
2972 5312 3276 5395 competit
3305 5310 3547 5375 homini
3584 5307 3929 5370 secundum

4032 1141 4199 1188 m&-
