4300 6259
835 480 954 545 474

1605 504 1954 551 zumulo
1996 502 2062 549 1N
2103 504 2243 551 GAP.
2288 504 2330 551 Χ
2371 504 2647 553 sommis.
2692 522 2775 537 -··
2816 506 2959 552 ΛΒΤ.
3003 504 3174 551 nvn

835 671 1070 733 tialiter
1117 680 1404 736 sanctum
1462 675 1704 755 genuit,
1753 675 2104 737 secundum
2158 675 2329 756 quod
2356 673 2411 737 A
2437 674 2833 740 divinitatem
2868 677 3302 759 participatam
3332 675 3775 749 attribuebant,
3800 694 3933 758 pro-

836 770 998 832 Deus
1047 791 1212 847 sum,
1245 774 1551 854 quoniam
1597 775 1957 855 generando
2002 792 2124 848 me,
2159 792 2329 837 com-

835 870 1184 933 municavit
1211 872 1369 933 mihi
1402 874 1687 935 eamdem
1719 873 2106 935 sanctitatem
2139 891 2329 953 quam

833 967 1022 1030 habet
1071 969 1229 1051 ipse,
1272 990 1417 1052 quae
1465 978 1561 1033 est
1606 971 1822 1033 divina
1871 972 2167 1045 essentia,
2213 991 2329 1053 pu-

833 1066 983 1128 ritas
1032 1069 1764 1151 supersplendidissima,
1817 1069 2075 1133 fontana
2121 1078 2185 1132 et
2232 1070 2329 1131 in-

830 1163 1062 1245 finita),
1096 1174 1158 1228 et
1199 1168 1373 1229 misit
1413 1167 1478 1229 in
1519 1170 1833 1230 mundum
1859 1170 2004 1251 (per
2031 1168 2328 1231 humanae

831 1270 1072 1327 naturae
1127 1266 1652 1347 assumptionem,
1709 1266 2028 1328 visibilem
2077 1266 2329 1348 appari-

831 1360 1092 1436 tionem,
1153 1381 1226 1425 ac
1293 1382 1600 1427 novorum
1671 1364 2016 1426 effectuum
2090 1366 2325 1446 produ-

833 1462 1130 1537 ctionem,
1177 1464 1472 1544 quamvis
1523 1465 1874 1526 secundum
1928 1464 2327 1527 divinitatem

833 1558 1067 1622 fuerim
1098 1569 1244 1622 ante
1280 1561 1780 1625 incarnationem
1821 1562 1888 1624 in
1919 1563 2181 1635 mundo,
2212 1562 2329 1624 im-

835 1657 1040 1740 plens,
1086 1678 1466 1722 conservans
1519 1667 1580 1722 et
1624 1660 1912 1723 ambiens
1960 1660 2322 1739 mundum),

833 1776 945 1820 vos
977 1757 1332 1840 blasphemi
1366 1758 1598 1833 dicitis,
1622 1758 1776 1832 Quia
1807 1759 2232 1841 blasphemaS,
2263 1759 2325 1821 id

2438 783 2578 857 pter
2606 775 3089 839 similitudinem
3122 795 3266 838 cum
3298 775 3685 857 perfectione
3712 776 3929 838 divina

2439 874 2503 935 in
2555 874 2887 956 sapientia,
2932 881 3259 957 potestate,
3299 873 3661 935 causalitate
3708 881 3770 935 et
3812 892 3927 954 gu-

2437 972 2828 1035 bernatione.
2863 973 3037 1035 Unde
3084 972 3256 1036 Plato
3304 972 3369 1034 in
3410 972 3643 1035 Timaeo
3681 972 3927 1035 inducit

2438 1090 2760 1135 summum
2794 1073 2982 1133 deum
3024 1072 3385 1153 loquentem
3418 1072 3497 1133 ad
3534 1069 3675 1133 illos
3711 1090 3725 1133 :
3758 1070 3805 1133 Ο
3836 1073 3924 1134 dii

2438 1172 2699 1234 deorum
2743 1174 2756 1231 Ξ
2818 1191 3092 1253 quorum
3153 1178 3331 1253 pater
3385 1168 3731 1252 opifexque
3782 1189 3921 1251 ego.

2434 1267 2801 1332 Aristoteles
2832 1288 3089 1351 quoque
3118 1268 3370 1344 fatetur,
3403 1270 3575 1350 quod
3618 1269 3803 1333 homo
3833 1288 3927 1333 so-

2436 1369 2559 1443 luS,
2602 1376 2699 1430 est
2744 1370 2899 1430 deus
2948 1368 3048 1431 vel
3097 1368 3321 1442 bestia,
3366 1386 3491 1432 non
3543 1368 3764 1449 utique
3811 1386 3927 1450 per

2436 1466 2797 1541 essentiam,
2833 1468 2939 1528 sed
2988 1467 3425 1541 mutationem,
3460 1466 3579 1529 hoc
3627 1474 3723 1528 est
3768 1467 3927 1529 divi—

2438 1585 2558 1627 nus
2591 1565 2687 1628 vel
2732 1564 3037 1627 bestialis.
3072 1564 3543 1644 Verumtamen,
3574 1566 3923 1628 secundum

2437 1664 2885 1743 Augustinum‚
2920 1682 3095 1726 sacra
3125 1662 3450 1745 Scriptura
3486 1683 3609 1727 non
3640 1664 3927 1726 attribuit

2436 1762 2677 1842 angelis
2736 1780 2967 1825 nomen
3022 1762 3395 1835 divinitatiS‚
3448 1780 3529 1824 ne
3585 1763 3769 1825 detur
3816 1762 3927 1825 ho-

833 1864 948 1931 est,
983 1858 1154 1938 quod
1203 1856 1312 1918 Dei
1360 1865 1479 1930 est,
1518 1877 1692 1939 purae
1742 1865 2044 1921 creaturae
2091 1858 2327 1919 adscri-
2362 1858 2411 1921 B
2440 1861 2721 1923 minibus
2764 1861 3138 1924 idololatriae
3179 1860 3445 1924 occasio.

832 1953 954 2027 bis,
987 1958 1148 2033 quia
1194 1957 1368 2027 dimi,
1401 1958 1621 2017 Filius
1659 1958 1782 2018 Dei
1825 1977 1971 2017 sum
2021 1956 2326 2019 naturalis

833 2061 896 2116 et
953 2053 1223 2115 unicus?
1271 2054 1425 2116 Nam
1476 2054 1669 2116 Deum
1723 2056 2004 2119 vocando
2056 2054 2325 2131 Patrem,

834 2152 1177 2214 declaravit
1225 2170 1292 2214 se
1335 2170 1474 2215 esse
1524 2152 1663 2234 ejus
1714 2153 1966 2217 Filium.
2000 2152 2326 2235 Tanquam

835 2252 1005 2314 dicat
1053 2270 1065 2314 :
1114 2249 1177 2313 Si
1228 2252 1321 2313 illi
1371 2253 1448 2313 ad
1499 2270 1659 2333 quos
1709 2271 1918 2316 sermo
1965 2252 2071 2315 Dei
2121 2251 2327 2315 factus

838 2357 954 2422 est,
1009 2349 1146 2411 sine
1195 2350 1591 2431 blasphemia
1649 2350 1737 2411 dii
1795 2349 2111 2425 feruntur,
2165 2350 2329 2413 mul-

545 2466 806 2517 Marcam.
837 2456 975 2511 tum
1023 2448 1269 2523 erratis,
1303 2448 1414 2529 qui
1461 2448 1619 2510 mihi
1669 2448 1895 2512 Sancto
1933 2449 2065 2524 Dei,
2098 2450 2330 2512 sancti-

837 2546 1028 2610 ficato
1074 2566 1111 2608 a
1157 2546 1336 2608 Patre
1383 2555 1446 2608 et
1493 2546 1853 2627 specialiter
1901 2548 1965 2609 in
2017 2549 2329 2611 mundum

835 2647 1053 2726 misse,
1097 2646 1426 2727 imponitis
1477 2645 1718 2708 crimen
1768 2646 2203 2729 blasphemiae,
2256 2666 2330 2711 eo

833 2747 1005 2829 quod
1036 2744 1166 2807 dixi
1209 2764 1310 2807 me
1350 2762 1488 2806 esse
1517 2742 1744 2806 Filium
1790 2745 1918 2819 Dei,
1953 2764 2153 2826 quum
2196 2764 2331 2808 cer-

833 2853 968 2908 tum
1021 2845 1104 2907 sit
1154 2864 1258 2908 me
1310 2864 1448 2909 esse
1498 2846 1804 2927 majorem
1864 2846 1990 2908 illis
2041 2847 2119 2909 ad
2167 2866 2329 2928 quos

833 2944 1038 3007 factus
1087 2953 1182 3007 est
1230 2964 1438 3008 sermo
1485 2945 1616 3021 Dei,
1668 2945 1972 3027 quoniam
2021 2962 2137 3025 ego
2185 2963 2327 3007 sum

2517 1962 2597 2021 Si
2646 1980 2773 2020 non
2818 1961 2992 2038 facio
3039 1979 3231 2037 opera
3272 1961 3494 2022 Patris
3540 1961 3690 2029 mei,
3722 1959 3784 2021 id
3833 1967 3930 2022 est
4070 1964 4139 2020 37

2437 2076 2629 2139 opera
2669 2058 3047 2120 miraculosa
3090 2058 3209 2122 soli
3249 2057 3483 2121 divinae
3521 2056 3741 2120 virtuti
3784 2077 3930 2139 pos-

2438 2156 2671 2229 sibilia,
2708 2156 2874 2219 sicut
2913 2164 3062 2219 sunt
3101 2156 3385 2219 cordium
3424 2175 3651 2218 arcana
3694 2174 3930 2219 resera-

2440 2272 2529 2327 re,
2562 2262 2845 2318 mortuos
2887 2256 3217 2329 suscitare,
3250 2273 3485 2318 eaecum
3529 2262 3747 2317 natum
3788 2255 3931 2317 illu-

2440 2360 2659 2426 strare,
2712 2354 2910 2415 nolite
2958 2356 3211 2413 credere
3258 2354 3425 2413 mihi
3472 2352 3706 2415 dicenti
3757 2355 3927 2434 quod

2439 2452 2561 2515 sim
2605 2451 2891 2515 Christus
2937 2450 3135 2513 Filius
3182 2451 3313 2513 Dei.
3349 2450 3485 2514 Non
3532 2451 3705 2513 enim
3753 2453 3927 2515 omni
3960 2472 4227 2519 mmm

2440 2550 2697 2632 spiritui
2726 2556 2822 2613 est
2852 2550 3261 2612 credendum.
3293 2548 3371 2611 Et
3402 2549 3513 2631 qui
3546 2550 3671 2613 cito
3704 2550 3927 2625 credit,
3962 2541 4135 2641 ¹1}oest
4152 2612 4231 2641 m·

2442 2648 2599 2711 levis
2644 2656 2740 2710 est
2778 2649 2987 2711 corde.
3021 2647 3285 2711 Possunt
3331 2656 3545 2710 autem
3590 2666 3703 2730 per
3742 2667 3933 2731 opera
3961 2665 4010 2703 ⁴-

2440 2746 2635 2808 Patris
2667 2746 2831 2808 facta
2863 2764 2899 2807 a
2926 2746 3194 2820 Christo,
3230 2744 3499 2826 intelligi
3537 2745 3936 2809 sanctissima

2441 2844 2837 2909 conversatio
2880 2844 3043 2925 ejus,
3076 2862 3203 2926 qua
3245 2862 3499 2926 semper
3536 2842 3779 2907 Patrem
3822 2846 3933 2909 ho·
3974 2869 4231 2912 ,ποιμα

2442 2942 2824 3018 norificavit,
2869 2953 2932 3005 et
2976 2943 3117 3024 ejus
3167 2942 3473 3024 placitum
3517 2943 3929 3025 adimplevit3
3960 2934 4139 2981 ⁴⁹³³·

833 3041 1112 3106 Verbum
1156 3051 1218 3106 et
1261 3062 1468 3107 sermo
1513 3044 1643 3118 Dei,
1686 3052 1749 3105 et
1791 3044 1868 3106 de
1913 3062 2052 3105 mea
2099 3042 2332 3105 divini·-
2368 3046 2411 3110 C
2443 3043 2885 3106 inenarrabilis
2917 3061 3177 3125 quoque
3208 3042 3511 3125 patientia
3538 3042 3679 3124 ejus
3709 3043 3773 3106 in
3804 3062 3935 3107 om-

836 3148 962 3202 tate
1006 3148 1155 3202 sunt
1197 3140 1389 3204 locuti
1434 3140 1779 3223 Prophetae.

918 3240 1392 3302 Advertendum
1425 3242 1595 3321 quod
1633 3240 1876 3322 aliquid
1911 3239 2144 3302 dieitur
2177 3240 2331 3302 deus

843 3337 1288 3419 multipliciter
1323 3355 1335 3399 ε
1371 3336 1600 3409 Primo,
1636 3346 1896 3420 propter
1942 3344 2182 3399 naturae
2230 3356 2335 3399 vc-

845 3436 1116 3498 ritatem.
1169 3435 1272 3499 Sic
1322 3436 1454 3499 sola
1503 3435 1775 3497 Trinitas
1833 3444 1930 3497 est
1976 3435 2138 3497 Deus
2190 3454 2204 3498 :
2257 3437 2335 3498 de

541 3550 662 3598 Beni
667 3563 810 3601 1111111
841 3554 972 3617 quo
1023 3534 1276 3615 legitur,
1321 3534 1538 3596 Videte
1585 3536 1754 3615 quod
1803 3552 1918 3615 ego
1965 3534 2086 3597 sim
2135 3534 2330 3609 εοΙυε,

845 3641 906 3695 et
957 3652 1082 3696 non
1125 3633 1208 3695 sit
1250 3632 1414 3695 alius
1463 3633 1626 3695 Deus
1679 3640 1907 3715 praeter
1943 3651 2068 3695 me.
2102 3631 2337 3695 Secun-

845 3734 945 3805 de,
1010 3739 1268 3813 propter
1326 3732 1674 3794 sanctitatis
1739 3731 2216 3813 praerogativam
2275 3737 2338 3792 et

841 3831 1058 3912 gratim
1099 3829 1512 3892 eminentiam
1549 3847 1562 3891 ε
1599 3830 2133 3910 quemadmodum
2184 3829 2339 3892 scri—

637 3962 742 3999 ιω,
803 3980 814 3991 .
846 3935 1026 4010 ptum
1059 3937 1155 3991 est
1192 3930 1271 3990 de
1299 3927 1638 4011 Apostolis,
1671 3927 1977 4000 Quoniam
2017 3927 2102 3989 dii
2142 3928 2338 3990 fortes

843 4035 1028 4089 terrae
1056 4027 1465 4090 vehementer
1493 4026 1718 4089 elevati
1753 4034 1914 4088 sunt.
1941 4026 2170 4101 Tertio,
2198 4045 2340 4108 pro-

845 4134 987 4207 pter
1030 4125 1421 4187 mirabilium
1471 4124 1888 4187 efficientiam
1932 4132 1994 4186 et
2041 4126 2339 4207 potentiae

845 4224 1344 4303 magnitudinem
1387 4241 1400 4285 :
1445 4222 1611 4285 sicut
1657 4224 1734 4284 ad
1781 4222 2029 4305 Moysen
2079 4224 2333 4298 dicitur,
2371 4224 2418 4285 D
2446 4224 2661 4306 aliqua
2707 4222 2902 4285 fuerit
2950 4242 3123 4298 usuS,
3171 4224 3246 4285 ad
3296 4224 3756 4287 ostendendum
3806 4244 3939 4288 suae

583 4338 816 4389 uacuas-u,
847 4322 1154 4385 Constitui
1197 4329 1256 4383 te
1294 4322 1481 4384 deum
1523 4320 1882 4384 PharaoniS.
1917 4320 2167 4395 Quarto,
2203 4340 2340 4403 pro-

848 4428 989 4502 pter
1037 4420 1363 4502 sapientiae
1413 4419 1932 4501 profunditatem.
1985 4419 2088 4481 Sic
2136 4420 2340 4483 homi-

847 4536 958 4581 nes
1007 4517 1503 4600 contemplativi,
1546 4518 1820 4579 multum
1862 4518 2118 4593 eruditi,
2153 4526 2215 4579 et
2262 4520 2340 4580 de

846 4615 1082 4679 divinis
1137 4617 1262 4678 alte
1321 4615 1692 4690 scribenteS,
1746 4615 1833 4677 dii
1893 4615 2214 4690 dicuntur,
2271 4623 2341 4677 ut

847 4714 1201 4797 DionysiuS‚
1259 4714 1700 4793 HieronymuS,
1752 4714 2074 4795 ceterique
2132 4714 2340 4776 excel-

847 4813 1048 4876 lentes
1089 4814 1396 4876 doctores.
1430 4811 1681 4885 Quinto,
1718 4820 1976 4893 propter
2007 4811 2340 4875 hominum

848 4930 1176 4975 erroneam
1219 4911 1725 4986 aestimationem,
1759 4911 1873 4991 qui
1913 4910 2098 4973 idolis
2130 4918 2193 4972 et
2222 4912 2343 4973 dae-

848 5011 1146 5075 monibus
1186 5010 1584 5072 divinitatem
1632 5009 2129 5091 adscripserunt,
2164 5009 2343 5091 juxta

556 5124 819 5174 Panna
851 5110 1009 5171 illud
1063 5109 1130 5171 in
1179 5108 1445 5183 Psalmo,
1480 5106 1709 5170 Omnes
1756 5107 1844 5169 dii
1894 5108 2182 5187 gentium
2224 5109 2346 5170 dae-

852 5207 1083 5271 monia.
1101 5206 1290 5271 Porro
1321 5206 1683 5289 philosophi
1719 5206 2179 5287 intelligentiiS,
2204 5206 2346 5268 stel-

853 5306 933 5368 lis
982 5313 1043 5368 et
1091 5305 1380 5381 orbibuS,
1430 5324 1590 5387 quos
1642 5305 1950 5369 animatos
2000 5304 2342 5387 ponebant,

2445 3143 2511 3205 ni
2571 3142 2969 3205 adversitate.
3031 3141 3173 3204 Haec
3234 3141 3447 3205 omnia
3508 3149 3935 3223 protestantur

2443 3242 2613 3322 quod
2648 3258 2795 3303 vera
2834 3242 2962 3303 sint
3000 3239 3195 3302 verba
3230 3240 3435 3321 ipsius
3472 3258 3485 3301 :
3517 3240 3673 3321 quia
3710 3258 3937 3303 seeun-

2444 3340 2594 3401 dum
2631 3338 3063 3420 philosophOS‚
3098 3336 3379 3419 operatio
3407 3338 3615 3418 arguit
3642 3337 3933 3413 formam,

2444 3446 2508 3500 et
2563 3437 2773 3519 qualis
2832 3437 3109 3519 quisque
3166 3444 3281 3510 est,
3334 3436 3483 3498 talia
3528 3446 3826 3518 operatur
3872 3446 3938 3499 et

2447 3536 2750 3617 loquitur.
2805 3534 3065 3617 Propter
3115 3535 3289 3616 quod
3344 3534 3432 3596 ait
3486 3533 3769 3599 Salvator
3818 3554 3832 3597 :
3884 3536 3935 3597 A
3979 3552 4227 3597 umam.

2444 3634 2761 3696 fructibus
2802 3651 3024 3696 eorum
3068 3632 3456 3713 cognoscetis
3498 3650 3626 3696 eos,
3967 3618 4043 3659 ¹⁶·

2527 3732 2812 3813 Denique
2852 3732 2917 3793 in
2960 3732 3283 3794 miraculis
3324 3730 3577 3806 Christi,
3610 3733 3737 3794 duo
3776 3733 3941 3795 mira

2447 3838 2509 3892 et
2540 3829 3123 3912 incomparabiliter
3154 3829 3343 3910 digna
3381 3838 3729 3911 pensantur
3761 3850 3777 3893 ε
3810 3831 3943 3893 Pri-

2448 3949 2648 4003 mum,
2683 3929 2853 4010 quod
2897 3946 2971 3990 ea
3012 3928 3141 4009 egit
3183 3928 3437 4010 propria
3482 3936 3809 4010 potestate,
3840 3948 3941 3993 so-

2447 4028 2509 4091 lo
2561 4026 2851 4109 imperio,
2888 4027 2953 4088 in
3000 4026 3282 4101 instanti,
3318 4033 3387 4087 ut
3428 4027 3683 4108 saepius,
3716 4046 3941 4109 quam-

2448 4126 2543 4191 vis
2586 4126 2903 4188 interdum
2945 4124 3187 4187 Patrem
3224 4125 3631 4199 invocaverit,
3664 4135 3726 4188 et
3760 4145 3939 4190 mora
3964 4140 4219 4247 ⁴{huf-ium.

2448 4321 2900 4385 incarnationis
2960 4321 3289 4383 veritatem
3342 4328 3404 4383 et
3460 4320 3657 4383 Patris
3719 4330 3937 4385 aueto-

2448 4421 2721 4483 ritatem.
2774 4418 3160 4497 Secundum,
3210 4420 3380 4500 quod
3431 4419 3764 4501 discipulis
3818 4430 3943 4483 tra-

2449 4520 2610 4582 didit
2656 4526 3025 4601 potestatem
3076 4517 3350 4580 faciendi
3399 4516 3707 4580 miracula
3746 4519 3940 4581 etiam

2450 4617 2691 4698 maj0ra
2728 4636 2921 4697 quam
2956 4616 3103 4697 —ipse
3144 4634 3258 4697 per
3294 4633 3362 4677 se
3405 4615 3471 4676 in
3510 4617 3751 4679 mundo
3794 4636 3944 4679 con-
4006 4634 4219 4677 mam.

2450 4732 2708 4777 versans
2738 4712 2976 4775 effecit.
3012 4713 3139 4775 Hoc
3170 4712 3340 4775 enim
3382 4729 3785 4794 nequaquam
3827 4713 3944 4775 hu-
3974 4700 4045 4741 ¹²·

2449 4830 2674 4887 mame,
2708 4812 2836 4874 imo
2868 4829 2985 4874 nec
3023 4811 3325 4893 angelicae
3360 4818 3451 4873 est
3484 4810 3760 4884 virtutiS,
3794 4813 3944 4874 dare

2448 4911 2590 4974 aliis
2648 4917 3019 4993 potestatem
3078 4917 3269 4991 atque
3326 4908 3681 4972 dominium
3741 4912 3946 4991 quod-

2452 5012 2594 5072 dam
2646 5026 2840 5091 super
2887 5016 3140 5069 naturas
3188 5014 3447 5080 creataS‚
3490 5016 3553 5071 et
3601 5007 3767 5070 ultra
3812 5027 3948 5071 om-

2452 5126 2599 5169 nem
2650 5106 2998 5168 naturalem
3051 5124 3262 5167 rerum
3312 5104 3699 5179 facultatem,
3744 5104 3941 5187 legem

2452 5225 2525 5268 ac
2572 5204 2883 5267 ordinem.
2931 5203 3098 5265 Dixit
3147 5221 3377 5285 nempe
3415 5203 3731 5285 Apostolis
3776 5204 3942 5285 apud

2452 5304 2811 5367 matthaeum
2848 5321 2861 5365 :
2895 5301 3191 5365 Infirmos
3219 5308 3456 5377 curate,
3490 5310 3773 5367 mortuos
3814 5322 3941 5365 sus·
3968 5319 4217 5368 aarum
