4300 6259
554 2580 818 2632 licor-‚nna

568 2877 663 2921 Deu

579 3859 765 3903 lloamt.
780 3872 822 3911 n,

681 4483 738 4522 vn,
762 4471 801 4512 ¹.

660 5325 732 5381 38

666 2883 799 2922 um

848 500 969 564 378

1660 519 2012 566 malumno
2054 519 2116 566 m
2159 519 2298 566 cAP.
2348 520 2385 564 V
2430 517 2708 566 mamus.
2753 537 2834 548 -·
2873 518 3017 564 Aur.
3061 518 3143 563 XV

847 688 1044 752 Filius
1101 709 1283 753 meus
1345 691 1633 754 dilectus,
1683 691 1807 753 Alii
1866 690 2109 764 dicunt,
2170 691 2343 772 quod
2375 689 2420 750 A
2450 691 2693 751 habetis
2731 691 2802 751 in
2835 692 3008 752 vobis
3049 709 3332 752 manens.
3371 687 3544 760 Quod
3594 687 3797 770 primo
3841 707 3947 750 ac-

848 789 990 852 ideo
1040 789 1326 853 Christus
1373 790 1482 864 ait,
1514 789 1733 872 Neque
1771 807 1991 852 vocem
2036 789 2176 870 ejus
2226 808 2342 849 un-

846 907 1041 970 quam
1088 889 1377 959 audistis,
1423 907 1631 970 neque
1680 888 1957 970 speciem
2000 887 2139 968 ejus
2181 887 2342 950 vidi-

845 987 980 1060 stiS,
1016 994 1085 1049 ut
1123 987 1402 1050 insinuet
1442 988 1637 1050 Deum
1682 987 1921 1050 Patrem
1960 1005 2098 1048 esse
2135 986 2340 1050 omni-

844 1104 925 1148 no
956 1085 1418 1168 incorporalem
1448 1105 1521 1148 ac
1552 1086 2016 1160 insensibilem,
2051 1086 2137 1147 ita
2165 1086 2338 1166 quod

842 1203 1049 1265 neque
1106 1185 1311 1247 audiri
1370 1193 1578 1266 potest
1625 1202 1833 1266 neque
1884 1184 2081 1247 videri
2144 1202 2336 1245 sensu

840 1301 1166 1364 corporee,
1209 1302 1410 1365 quum
1462 1302 1588 1347 non
1634 1283 1860 1345 habeat
1898 1301 1989 1357 οε,
2026 1283 2332 1363 linguam,

838 1389 901 1444 et
940 1389 1147 1444 cetera
1184 1382 1606 1444 instrumenta
1644 1381 1967 1463 loquendi.
2006 1381 2077 1442 Et
2113 1400 2338 1462 quam-

840 1479 936 1542 vis
976 1498 1091 1561 per
1126 1479 1479 1561 subjectam
1510 1489 1863 1542 creaturam
1902 1480 2220 1562 loquatur,
2255 1487 2338 1540 ta-

840 1597 987 1640 men
1034 1597 1159 1642 non
1197 1579 1453 1641 auditur
1493 1597 1611 1641 vox
1650 1578 1811 1658 ejuS,
1844 1579 2027 1661 quasi
2074 1578 2212 1660 ipse
2255 1578 2338 1640 sit

841 1677 1244 1740 immediatus
1294 1678 1721 1759 propriusque
1762 1677 2067 1740 formator
2114 1677 2338 1758 hujus-

842 1776 1085 1838 cemodi
1130 1777 1324 1839 vocis.
1358 1812 1437 1821 —
1468 1775 1587 1838 Sed
1635 1776 1788 1858 quia
1836 1775 2117 1839 Salvator
2160 1776 2336 1838 duris

2450 790 2578 872 cipi
2629 798 2834 872 potest
2871 791 2949 852 de
2986 790 3175 852 unico
3222 788 3380 852 Filio
3427 787 3644 860 PatriS‚
3685 787 3764 849 de
3805 806 3944 868 quo

2449 890 2691 952 dictum
2739 896 2834 951 est
2886 908 2899 952 :
2952 889 3020 951 In
3081 887 3400 971 principio
3455 893 3588 948 erat
3636 885 3939 948 Verbum.
3971 899 4216 947 amm.

2449 987 2577 1052 Hoc
2607 988 2710 1049 isti
2751 987 3059 1050 increduli
3103 1006 3228 1050 non
3261 985 3620 1048 habuerunt
3655 1003 3942 1059 manenS,

2449 1087 2514 1150 id
2544 1095 2641 1149 est
2678 1086 2880 1149 fixum
2912 1106 2986 1150 ac
3024 1086 3338 1160 habitanS,
3374 1085 3438 1146 in
3471 1083 3766 1148 cordibus
3803 1084 3944 1146 suis

2450 1204 2563 1269 per
2619 1186 2815 1248 fidem
2863 1194 2926 1248 et
2983 1185 3328 1248 caritatem.
3381 1183 3556 1246 Unde
3601 1182 3944 1265 Apostolus

2447 1285 2671 1348 asserit
2727 1284 3045 1348 Christum
3109 1283 3391 1346 habitare
3446 1301 3560 1364 per
3616 1281 3810 1344 fidem
3873 1282 3946 1343 in
4001 1301 4218 1356 eptam.

2447 1385 2745 1448 cordibus
2777 1385 3028 1447 nostris.
3054 1383 3314 1466 Propter
3343 1383 3514 1465 quod
3545 1381 3781 1444 dictum
3817 1379 3948 1442 fuit
3977 1368 4043 1406 ¹⁷·

2867 1481 2939 1543 Et
2995 1483 3094 1543 sui
3145 1501 3292 1544 eum
3353 1499 3478 1544 non
3538 1485 3942 1561 receperunt.
3975 1499 4218 1546 :mm

2447 1503 2522 1545 su
2571 1501 2744 1545 erius
2798 1501 2811 1544 ε

2447 1503 2737 1644 ὃθξιιηᾱο
2784 1579 3126 1663 exponitur
3173 1579 3265 1642 sic
3309 1598 3322 1642 :
3365 1577 3442 1640 Et
3483 1576 3751 1640 verbum
3799 1577 3948 1658 ejus

2449 1699 2574 1744 non
2636 1679 2880 1741 habetis
2939 1679 3002 1740 in
3065 1678 3245 1742 vobis
3303 1696 3590 1752 manenS,
3645 1675 3766 1740 hoc
3822 1684 3945 1750 est,

2447 1778 2682 1841 divinis
2724 1777 3126 1840 sermonibus
3156 1785 3219 1838 et
3259 1775 3601 1858 Scripturis
3643 1794 3768 1838 non
3795 1775 3954 1837 obe-

842 1881 903 1936 et
953 1873 1218 1956 perfidis
1268 1874 1647 1955 loquebatur
1691 1875 1943 1946 JudaeiS‚
1986 1874 2099 1955 qui
2142 1873 2339 1936 verba
2377 1876 2420 1938 B
2447 1876 2618 1950 ditis,
2653 1877 2762 1938 sed
2803 1875 2983 1938 vacui
3025 1875 3177 1937 estis
3211 1895 3246 1937 a
3283 1874 3642 1954 cognitione
3679 1872 3952 1936 formata

842 1972 1059 2035 divina
1110 1972 1335 2035 tradita
1382 1972 1447 2034 in
1498 1971 1843 2055 Scripturis
1904 1991 2029 2036 non
2080 1991 2228 2035 vere
2275 1980 2338 2034 et

842 2070 1258 2153 spiritualiter
1300 2070 1771 2146 intellexerunt,
1806 2071 2056 2133 videtur
2098 2071 2192 2134 sic
2231 2089 2339 2132 ex-

845 2171 1211 2252 ponendum
1239 2188 1252 2232 :
1280 2171 1498 2248 Neque
1526 2190 1735 2230 vocem
1764 2171 1924 2246 ejus,
1956 2170 2019 2232 id
2050 2177 2147 2232 est
2175 2169 2337 2232 Scri-

847 2276 1065 2350 pturas
1094 2286 1301 2330 sacras
1330 2267 1490 2330 mihi
1522 2268 1956 2331 testimonium
2000 2268 2340 2350 perhiben-

843 2374 961 2440 teS,
1011 2386 1048 2428 a
1104 2365 1281 2429 Patre
1340 2367 1665 2441 revelem,
1716 2387 2009 2446 unquam
2057 2368 2340 2427 audistis

847 2464 1110 2527 auribus
1170 2465 1417 2541 cordis;
1464 2466 1571 2526 sed
1619 2483 1835 2545 grosse
1882 2471 2073 2546 atque
2125 2483 2342 2527 carna-

848 2561 1014 2635 liter,
1058 2561 1121 2625 id
1165 2568 1261 2624 est
1306 2563 1658 2624 secundum
1708 2561 2004 2637 litteram,
2049 2579 2192 2644 quae
2240 2581 2342 2624 oc-

848 2659 1023 2730 cidit,
1058 2659 1459 2721 intellexistis
1489 2677 1617 2720 eas.
1647 2658 1829 2720 Juxta
1868 2659 2041 2721 hunc
2078 2660 2340 2722 modum

848 2757 1084 2840 Moyses
1130 2758 1378 2821 locutus
1422 2765 1517 2820 est
1560 2757 1789 2820 Judaeis
1848 2756 1913 2819 in
1963 2757 2344 2820 Deuterono-

808 2857 977 2929 ,mio
1012 2876 1025 2920 :
1060 2855 1179 2932 Vos
1220 2857 1469 2921 vidistis
1509 2857 1806 2918 universa
1852 2855 2164 2937 magnalia
2205 2856 2338 2930 Dei,

848 2962 909 3017 et
940 2974 1065 3018 non
1098 2955 1271 3018 dedit
1300 2955 1477 3018 vobis
1508 2955 1812 3018 Dominus
1842 2974 1951 3018 cor
1981 2954 2342 3036 intelligens

2447 1983 2508 2037 et
2546 1974 2803 2038 salutari
2838 1974 3147 2037 memoria
3183 1973 3545 2036 divinorum
3577 1971 3948 2035 verborum.

2446 2073 2800 2146 Quocontra
2851 2073 2938 2135 ait
2989 2071 3319 2134 Psalmista
3369 2090 3384 2134 ε
3437 2070 3505 2132 In
3560 2071 3747 2133 corde
3801 2089 3952 2133 meo
4007 2086 4216 2132 Ριωπι,
4259 2074 4261 2164 4

2445 2171 2750 2235 abscondi
2795 2170 3053 2252 eloquia
3101 2178 3229 2244 tua,
3273 2177 3344 2232 ut
3391 2188 3516 2233 non
3569 2169 3954 2251 peccem-ti-
3983 2153 4048 2192 ¹¹·

2445 2271 2536 2333 bi.
2578 2269 3123 2343 Quemadmodum
3175 2268 3344 2330 enim
3399 2267 3604 2349 impii,
3649 2267 3952 2348 quamvis

2448 2369 2738 2442 subtileS,
2783 2367 3085 2430 dicuntur
3133 2386 3260 2430 non
3307 2383 3684 2447 cognoscere
3723 2363 3950 2438 Deum,

2447 2468 2753 2550 quoniam
2784 2486 2911 2530 non
2949 2467 3263 2530 honorant
3301 2483 3448 2527 eum
3481 2473 3552 2526 ut
3581 2463 3801 2537 Deum,
3837 2465 3952 2526 sed

2448 2567 2633 2629 factis
2701 2573 2988 2646 negant3
3049 2565 3142 2627 sic
3211 2562 3492 2647 perversi
3558 2570 3623 2626 et
3685 2563 3952 2645 perfidi,
4003 2583 4204 2632 retnis.

2449 2665 2745 2748 quamvis
2793 2665 2859 2727 in
2913 2663 3260 2746 Scripturis
3319 2661 3804 2744 promptissimi,
3858 2662 3959 2724 di-

2452 2770 2686 2827 cuntur
2735 2770 2943 2825 tamen
2993 2781 3121 2825 non
3170 2761 3404 2824 habere
3452 2759 3518 2822 in
3571 2778 3638 2822 se
3681 2760 3956 2823 verbum

2451 2863 2584 2937 Dei,
2637 2862 2940 2944 quoniam
2991 2879 3067 2924 eo
3115 2860 3486 2922 abutuntur.
3541 2857 3752 2922 Tertio
3797 2859 3896 2922 sic
3940 2879 3957 2921 ε

2451 2961 2528 3024 Et
2560 2961 2828 3024 verbum
2869 2959 3009 3041 ejus
3051 2978 3178 3023 non
3220 2958 3466 3021 habetis
3508 2958 3572 3020 in
3605 2957 3786 3021 vobis
3823 2977 3965 3020 ma-

849 3063 911 3116 et
966 3072 1151 3116 aures
1208 3072 1352 3136 quae
1410 3053 1657 3135 possint
1712 3053 1953 3127 audire,
2014 3070 2221 3134 usque
2277 3052 2340 3113 in
2379 3054 2636 3134 Cnens,
2671 3059 2735 3121 id
2782 3067 2898 3132 est,
2944 3058 3256 3120 internam
3311 3056 3416 3119 Dei
3468 3054 3960 3138 inspirationem

852 3159 1225 3234 praesentcm
1258 3152 1448 3214 diem.
1480 3151 1639 3214 Huic
1669 3151 2046 3233 expositioni
2079 3169 2344 3233 sequen-

850 3250 937 3312 tia
976 3269 1233 3332 quoque
1276 3259 1643 3324 consonant,
1689 3259 1755 3313 ut
1797 3250 2057 3332 patebit.

933 3352 1153 3429 Neque
1196 3351 1465 3427 speciem
1511 3350 1653 3426 ejus
1703 3350 1979 3409 vidistis,
2030 3348 2159 3411 Hoc
2216 3367 2343 3411 uno

852 3449 1039 3510 modo
1078 3447 1344 3528 intelligi
1390 3456 1614 3529 potest,
1659 3448 1828 3529 quod
1880 3465 2006 3510 non
2046 3447 2344 3510 viderunt

853 3546 1048 3608 Deum
1096 3564 1210 3628 per
1248 3546 1549 3628 speciem,
1588 3546 1649 3608 id
1680 3553 1775 3608 est
1812 3545 2093 3609 divinam
2132 3564 2345 3607 essen-

851 3645 1027 3720 tiam,
1077 3646 1397 3727 quomodo
1446 3646 1663 3708 vident
1712 3663 1859 3707 eum
1906 3644 2069 3706 Beati
2121 3645 2187 3706 in
2239 3663 2346 3726 pa-

853 3744 993 3807 tria.
1036 3743 1345 3819 Secundo,
1379 3746 1550 3826 quod
1602 3763 1719 3807 nec
1765 3743 1897 3806 fide
1944 3743 2191 3805 sincera
2232 3762 2347 3824 pu-

856 3860 1051 3923 raque
1089 3850 1301 3904 mente
1338 3840 1746 3924 contemplati
1788 3848 1936 3902 sunt
1975 3841 2194 3902 Deum.
2229 3838 2344 3912 Qui

854 3941 1025 4004 enim
1064 3941 1151 4004 ait
1188 3959 1255 4003 se
1295 3959 1479 4005 nosse
1515 3941 1736 4014 Deum,
1773 3947 1835 4002 et
1874 3931 2166 4002 mandata
2207 3939 2346 4019 ejus

856 4059 981 4101 non
1040 4040 1332 4110 custodit,
1396 4040 1664 4101 mendax
1724 4046 1840 4100 est.
1894 4073 1968 4083 —-
2027 4036 2349 4109 Quomodo

854 4155 1003 4217 ergo
1064 4146 1269 4219 patres
1328 4146 1389 4199 et
1448 4146 1617 4200 vates
1677 4137 1907 4200 veteris
1966 4137 2348 4199 Testamenti

2455 3178 2580 3222 non
2638 3157 2992 3240 percipitiS,
3055 3175 3265 3238 neque
3329 3173 3443 3239 per
3501 3154 3960 3219 revelationem

2453 3257 2768 3322 occultam
2797 3255 3029 3318 Filium
3059 3254 3169 3317 Dei
3211 3253 3610 3336 cognoscitis.
3643 3251 3964 3316 Omnibus

2455 3356 2624 3419 enim
2675 3353 3181 3436 expositionibus
3228 3353 3365 3416 istis
3421 3353 3806 3416 concordant
3865 3371 3966 3414 se-

2455 3454 2754 3537 quentia:
2781 3454 2940 3532 quia
2971 3471 3160 3530 quem
3197 3453 3380 3512 misit
3406 3451 3542 3519 ille,
3575 3450 3638 3512 id
3668 3457 3765 3511 est
3795 3451 3958 3513 mihi

2457 3551 2614 3615 Filio
2662 3549 2771 3612 Dei
2822 3549 3019 3613 misso
3055 3568 3092 3610 a
3129 3547 3308 3610 Patre
3355 3547 3618 3623 coelesti‚
3653 3549 3808 3609 huic
3851 3570 3960 3610 vos

2456 3671 2586 3712 non
2623 3651 2909 3710 creditis,

2541 3748 2612 3810 Et
2641 3747 2794 3829 quia
2821 3746 3104 3810 Salvator
3132 3745 3260 3826 jam
3291 3745 3496 3826 tetigit
3525 3745 3696 3826 quod
3731 3763 3954 3808 vocem

2457 3846 2676 3920 PatriS,
2738 3845 2802 3908 id
2857 3851 2954 3906 est
3010 3843 3366 3925 Scripturas
3425 3844 3502 3906 de
3560 3841 3808 3906 Christo
3867 3842 3956 3906 lo-

2457 3953 2750 4027 quenteS,
2792 3962 2918 4007 non
2968 3950 3138 4005 recte
3184 3960 3257 4004 ac
3308 3940 3722 4024 spiritualiter
3770 3941 3956 4004 intel-

2459 4044 2771 4116 lexerunt,
2835 4044 2946 4105 sed
3013 4038 3508 4122 superficialiter
3571 4058 3645 4101 ac
3713 4039 3955 4102 ruditer

2459 4141 2668 4218 nimiS,
2687 4141 2924 4203 idcirco
2955 4138 3286 4220 subjungit
3312 4157 3386 4200 ac
3415 4138 3740 4200 hortatur:
3763 4139 3958 4200 Scru-

858 4235 1136 4318 speciem
1188 4234 1294 4296 Dei
1346 4234 1581 4297 vidisse
1638 4235 2049 4298 scribuntur?
2101 4235 2431 4305 dicenteD
2462 4240 2723 4310 camini,
2777 4237 2841 4300 id
2897 4245 3013 4311 est,
3077 4236 3341 4299 solerter
3400 4234 3716 4310 discutite,
3780 4235 3958 4298 inve-

567 4357 679 4449 aofn'
700 4357 827 4394 xxm.
859 4333 1214 4417 patriarcha
1247 4332 1433 4396 Jacob
1469 4351 1483 4396 :
1518 4333 1657 4396 Vidi
1698 4333 2033 4396 Dominum
2073 4331 2234 4394 facie
2273 4333 2349 4394 ad

590 4468 656 4512 1⁸.

858 4433 1107 4495 faciem.
1144 4431 1217 4494 Et
1262 4431 1448 4494 isaias
1484 4451 1497 4494 ε
1532 4431 1670 4494 Vidi
1708 4432 1977 4513 (inquit)
2015 4431 2350 4494 Dominum

859 4533 1181 4596 sedentem
1230 4549 1423 4614 super
1472 4532 1702 4595 solium
1746 4531 2090 4594 excelsum.
2134 4530 2350 4592 Daniel

700 4663 769 4702 vn,
818 4631 1047 4694 ‚etiam
1098 4629 1394 4712 perhibet
1440 4648 1507 4692 se
1550 4630 1785 4692 vidisse
1821 4629 2176 4711 Antiquum
2224 4629 2356 4691 die-

859 4751 1025 4805 rum,
1059 4737 1121 4792 et
1164 4729 1347 4810 cujus
1391 4729 1604 4810 capilli
1654 4737 1835 4791 erant
1868 4729 2036 4790 sicut
2074 4729 2220 4790 lana
2263 4729 2356 4790 al-

856 4830 959 4892 ba.
999 4828 1069 4890 Et
1114 4828 1649 4910 respondendum,
1682 4828 1852 4908 quod
1892 4845 2018 4890 non
2057 4827 2356 4889 viderunt

856 4929 1055 4990 Deum
1112 4927 1178 4989 in
1240 4925 1453 5009 specie
1510 4926 1788 5008 propria,
1840 4927 1950 4988 sed
2006 4925 2234 5001 aliena,
2289 4927 2354 4988 in

861 5025 1310 5106 imaginatione
1367 5024 1655 5099 formata,
1712 5023 1810 5087 vel
1868 5025 1947 5086 ab
2004 5023 2230 5105 angelo
2289 5024 2353 5085 in

862 5143 1133 5206 persona
1170 5122 1277 5184 Dei
1317 5130 1663 5204 apparente
1698 5129 2045 5204 assumpta,
2090 5121 2190 5184 vel
2231 5122 2356 5184 alio

862 5223 1051 5286 modo
1093 5221 1434 5285 consimili.

946 5323 1028 5382 Et
1059 5321 1321 5381 verbum
1346 5321 1513 5398 ejus,
1545 5318 1789 5382 scilicet
1823 5319 1933 5381 Dei
1972 5317 2192 5394 Patris,
2225 5338 2356 5380 non

2461 4337 2704 4416 stigate,
2737 4334 3066 4408 advertite,
3103 4336 3480 4412 Scripturas
3511 4333 3667 4414 legis
3705 4351 3780 4395 ac
3817 4332 3960 4397 Pro-

2463 4434 2820 4518 phetarum.
2894 4431 3003 4494 Est
3073 4449 3222 4512 ergo
3293 4432 3583 4512 quaedam
3657 4431 3962 4495 scrutatio

2464 4533 2828 4595 divinorum
2857 4531 3044 4606 bona,
3080 4529 3351 4592 discreta
3378 4548 3452 4592 ac
3483 4529 3798 4603 salutaris,
3831 4549 3960 4594 non

2463 4649 2541 4693 ex
2590 4628 2976 4703 curiositate,
3031 4627 3528 4711 praesumptione
3576 4628 3675 4691 vel
3733 4627 3964 4690 infide—

2463 4729 2639 4791 litate
2675 4729 2950 4810 quadam
2993 4727 3365 4809 procedenS,
3401 4727 3510 4788 sed
3549 4744 3626 4788 ex
3664 4725 3966 4789 aviditate

2463 4827 2876 4908 agnoscendae
2916 4824 3198 4888 veritatis
3240 4831 3500 4906 propter
3537 4823 3644 4886 Dei
3683 4843 3964 4887 amorem

2463 4935 2656 5006 atque
2703 4924 3031 4987 honorem.
3076 4921 3161 4984 De
3207 4941 3338 5003 qua
3383 4922 3448 4984 in
3490 4921 3752 4985 Actibus
3802 4923 3968 5005 Apo-

2467 5023 2771 5086 stolorum
2830 5020 3028 5084 Lucas
3087 5028 3373 5094 testatur,
3436 5019 3514 5082 de
3569 5019 3969 5084 Thessaloni-

2465 5120 2764 5184 censibus
2811 5120 3081 5201 loquens
3117 5137 3129 5181 :
3163 5117 3515 5181 Nobiliores
3562 5136 3638 5180 ex
3685 5117 3778 5180 eis
3826 5138 3966 5181 sus·
4033 5142 4222 5184 actm.

2466 5225 2775 5301 ceperunt
2807 5217 3071 5282 verbum
3109 5217 3218 5278 Dei
3249 5235 3394 5279 cum
3426 5216 3600 5280 omni
3637 5217 3960 5290 aviditate,
3995 5207 4062 5246 ¹¹·

2463 5317 2750 5400 quotidie
2793 5323 3147 5379 scrutantes
3195 5313 3575 5397 Scripturas,
3619 5315 3672 5378 si
3717 5316 3852 5379 haec
3893 5333 3964 5379 se

4261 2424 4263 2488 4
