4300 6259
577 784 841 839 Gen.in.k‚5.

574 1070 638 1114 1²2
639 1084 767 1123 xxxxxx
777 1073 841 1115 12.

623 3836 845 3884 Icauna.

585 3900 650 3949 183
673 3911 757 3949 vm,
779 3898 845 3948 {33

583 3976 642 4013 nx,
666 3962 733 4003 1⁶.

585 4532 696 4588 Sap.
704 4535 847 4585 νιιβῦ.

869 492 994 557 440

1609 508 1958 556 ENARRATIO
1999 508 2065 556 m
2105 508 2245 557 cAP.
2288 509 2399 555 vm
2438 509 2716 559 Jomms.
2761 532 2843 544 ·-
2882 512 3025 559 ΛΒΤ.
3072 514 3239 560 xxm·

871 679 1118 744 tissimo
1140 700 1157 761 ;
1209 681 1492 762 itemque
1549 680 1816 744 dicendo
1862 681 1941 743 ad
1999 681 2358 757 mulierem,
2391 681 2444 744 A
2470 681 2569 744 lus
2609 683 2879 765 primus.
2912 683 3236 747 Manichaei
3275 692 3580 767 ponentes
3621 684 3745 745 duo
3786 682 3963 765 prin-

870 778 1280 861 Nequaquam
1343 779 1728 854 moriemini,
1791 781 1899 842 sed
1959 780 2134 843 eritis
2198 781 2364 843 sicut

870 877 981 952 dii,
1026 878 1295 940 scientes
1344 878 1585 941 bonum
1633 885 1697 940 et
1743 878 2005 941 malum.
2049 882 2135 941 Ec
2173 889 2365 957 pater

867 978 1025 1054 ejus,
1058 977 1123 1039 id
1152 985 1246 1038 est
1287 976 1532 1059 primus
1572 978 1865 1040 inventor
1895 984 1956 1039 et
1982 984 2155 1041 actor
2186 996 2364 1039 men-

870 1075 1054 1137 dacii.
1088 1074 1342 1137 Mentita
1381 1083 1476 1137 est
1513 1082 1722 1138 autem
1765 1075 2068 1157 iniquitas
2113 1075 2259 1151 sibi,
2302 1084 2365 1139 et

869 1174 1008 1255 ipse
1040 1175 1118 1236 ad
1146 1172 1486 1235 falsitatem
1523 1173 1778 1255 angelos
1816 1174 2237 1256 hominesque
2268 1175 2365 1236 in-

868 1271 1071 1334 duxit.
1105 1271 1645 1344 Quemadmodum
1679 1291 1825 1335 vero
1865 1272 2097 1354 triplex
2136 1279 2233 1334 est
2262 1292 2365 1337 ve—

869 1369 1040 1445 ritas,
1095 1377 1313 1452 utpote
1361 1370 1526 1445 vitae,
1577 1370 1855 1452 justitiae,
1909 1378 1971 1432 et
2019 1370 2360 1451 doctrinae3

867 1468 961 1530 sic
1007 1475 1102 1531 est
1150 1468 1381 1551 triplex
1431 1469 1831 1531 mendacium
1879 1468 2155 1532 triformi
2201 1471 2365 1533 veri-

867 1566 977 1628 tati
1013 1568 1401 1650 oppositum,
1437 1567 1681 1630 scilicet
1715 1569 2116 1630 mendacium
2155 1588 2364 1652 pravae

865 1664 1154 1740 actionis,
1203 1665 1538 1747 injustitia,
1587 1672 1648 1727 et
1696 1684 1892 1741 error,
1943 1666 2363 1748 omniumque

867 1763 1345 1827 mendaciorum
1387 1763 1656 1827 istorum
1695 1772 1872 1847 pater
1909 1771 2112 1826 exstat
2149 1764 2363 1827 diabo-

2470 781 2637 863 cipia
2666 800 2902 857 rerum,
2921 782 3218 845 videlicet
3244 782 3440 844 Deum
3472 781 3647 855 lucia,
3672 789 3736 843 et
3764 780 3961 843 Deum

2470 879 2899 955 tenebrarum,
2952 880 3250 943 dixerunt
3299 881 3470 962 quod
3523 878 3811 942 diabolus
3864 898 3965 941 es-

2472 986 2567 1040 set
2614 980 2905 1053 mendax,
2938 986 3001 1041 et
3046 987 3222 1060 pater
3264 979 3426 1060 ejuS,
3468 978 3533 1041 id
3581 986 3677 1041 est
3722 985 3965 1041 creator

2473 1076 2730 1152 diaboli,
2776 1076 2964 1138 etiam
3015 1084 3179 1139 esset
3228 1078 3517 1139 mendax.
3564 1076 3685 1139 Sed
3733 1078 3816 1138 ita
3862 1077 3965 1138 in·—

2472 1175 2886 1255 telligendum
2922 1194 3047 1239 non
3085 1184 3183 1238 est
3220 1177 3486 1239 verbum
3526 1176 3959 1257 Evangelistae.

2552 1276 2691 1352 Eyo
2738 1284 2953 1335 autem
3001 1276 3162 1353 quia
3210 1276 3546 1336 veritatem
3592 1278 3759 1341 dico,
3812 1292 3961 1337 vera

2472 1372 2775 1447 docend0,
2823 1380 2886 1434 et
2934 1381 3141 1436 vestra
3187 1373 3467 1437 facinora
3514 1373 3819 1437 veraciter
3863 1392 3963 1434 ar-

2470 1472 2743 1551 guendo,
2786 1492 2915 1533 non
2952 1474 3217 1533 creditis
3254 1474 3422 1533 mihi
3449 1491 3473 1533 .·
3505 1473 3571 1534 in
3614 1491 3743 1555 quo
3792 1480 3965 1554 patet

2473 1570 2643 1651 quod
2694 1570 2831 1632 sitis
2872 1588 2948 1632 ex
2993 1578 3171 1652 patre
3220 1571 3491 1647 diabolo,
3534 1572 3647 1653 qui
3698 1572 3761 1633 in
3802 1570 3967 1634 veri-

2476 1674 2599 1729 tate
2649 1687 2773 1731 non
2824 1668 3017 1743 stetit,
3070 1676 3132 1731 et
3188 1669 3515 1732 mendacia
3562 1689 3640 1732 ex
3687 1669 3965 1752 propriis

2471 1766 2755 1848 loquitur
2788 1785 2803 1830 ε
2840 1768 2942 1829 cui
2986 1774 3047 1829 et
3089 1768 3480 1833 consentitiS.

1888 2188 2535 2276 ARTICULUS
2610 2190 2918 2274 XXIII

1242 2463 1626 2511 axrtxnx‘no
1667 2463 1942 2510 aasmuae.
1983 2463 2205 2510 raa-ns
2244 2464 2431 2511 umus
2474 2463 2751 2511 camum
2792 2464 3013 2512 ocrim
3058 2467 3073 2512 :
3119 2466 3253 2521 oms
3299 2467 3379 2511 ax
3419 2465 3591 2513 vonis

2003 2560 2246 2609 Ancum·
2287 2562 2371 2607 ua
2412 2562 2491 2608 nn
2533 2550 2847 2609 ruccas-o?

995 2838 1307 2903 UPERIUS
1347 2838 1666 2919 redarguit
1695 2838 1978 2901 Christus
2006 2837 2361 2900 Judaeorum
2402 2834 2451 2895 B
2480 2844 2753 2899 smatum
2824 2838 3309 2920 plenitudinem,
3383 2839 3776 2921 gratiamque
3844 2848 3973 2902 tam

1015 2938 1520 3001 incredulitatem
1571 2945 1635 2999 et
1679 2937 1854 3011 vitia,
1906 2955 1979 3000 eo
2022 2938 2194 3018 quod
2242 2935 2365 2999 sibi

874 3056 1000 3101 non
1046 3037 1450 3111 crediderint,
1486 3054 1697 3117 neque
1733 3036 1991 3100 obedire
2023 3035 2362 3100 voluerint.

871 3134 1052 3199 Nunc
1100 3136 1377 3199 ostendit
1421 3154 1488 3198 se
1537 3134 1667 3197 fide
1725 3134 2009 3216 dignum,
2063 3152 2138 3197 eo
2194 3135 2367 3216 quod

875 3234 1130 3315 culpam
1175 3252 1300 3297 non
1346 3234 1592 3296 habeat.

956 3332 1115 3401 Quis
1149 3352 1231 3391 ex
1259 3333 1455 3399 vobis,
1486 3349 1523 3393 o
1561 3330 1818 3403 Scribae,
1853 3337 1914 3392 et
1954 3329 2271 3403 Pharisaei,
2307 3337 2371 3391 et

874 3431 1248 3503 sacerdoteS,
1283 3439 1511 3508 arquet
1549 3450 1649 3491 me
1677 3429 1986 3493 veraciter
2012 3432 2092 3489 de
2113 3438 2369 3506 peccato

873 3546 1302 3609 quocumque,
1336 3546 1566 3609 magno
1594 3528 1695 3592 vel
1735 3547 1950 3610 parvo,
1986 3527 2234 3590 mortali
2267 3526 2368 3589 vel

875 3626 1133 3700 veniali,
1165 3626 1457 3707 originali
1504 3626 1604 3689 vel
1655 3626 2011 3709 personali?
2051 3626 2370 3706 Frequen-

877 3732 972 3785 ter
1028 3724 1252 3806 utique
1307 3732 1652 3806 arguerunt
1697 3724 1909 3787 Jesum
1957 3726 2035 3787 de
2088 3730 2365 3806 peccato,

877 3824 1180 3898 dicenteS,
1232 3824 1405 3905 quod
1462 3823 1794 3886 sabbatum
1845 3822 2129 3897 violaret,
2180 3829 2242 3884 et
2292 3823 2370 3884 de

878 3940 946 3985 se
988 3922 1128 4004 ipso
1171 3924 1544 3985 mendosum
1593 3922 2027 3986 testimonium
2078 3922 2372 4004 perhibe-

2480 2934 2846 3015 perfectam,
2890 2937 3060 3018 quod
3106 2936 3307 3018 major
3346 2945 3647 3002 creaturae
3687 2957 3976 3001 commu-

2478 3032 2676 3095 nicari
2718 3053 2843 3097 non
2874 3041 3102 3116 potest.
3136 3034 3310 3097 Unde
3350 3036 3699 3098 secundum
3738 3042 3975 3097 utram-

2476 3149 2603 3212 que
2652 3141 2941 3195 naturam
2984 3133 3111 3195 dici
3151 3141 3357 3215 potest
3402 3132 3667 3197 Sanctus
3716 3132 3976 3197 Sancto-

2479 3250 2643 3307 rum,
2676 3232 2829 3312 quia
2858 3240 2919 3294 et
2949 3233 3245 3295 sanctitas
3275 3232 3415 3314 ejus
3446 3240 3652 3295 creata
3679 3233 3969 3296 omnium

2478 3338 2906 3393 creaturarum
2962 3332 3355 3394 sanctitatem
3406 3331 3597 3394 simul
3648 3340 3967 3415 sumptam

2478 3429 2745 3491 excedit.
2772 3428 3032 3511 Propter
3060 3432 3228 3512 quod
3260 3431 3336 3492 de
3367 3430 3505 3512 ipso
3539 3430 3770 3511 legitur
3796 3431 3968 3512 apud

2478 3528 2698 3589 isaiam
2735 3546 2749 3591 :
2783 3527 3187 3609 Iniquitatem
3221 3547 3346 3592 non
3386 3528 3557 3603 fecit,
3592 3547 3709 3591 nec
3747 3528 3973 3591 iuven·
4018 3538 4191 3585 lauw-

2480 3635 2581 3688 tus
2624 3634 2720 3688 est
2761 3626 2944 3689 dolus
2987 3626 3053 3689 in
3096 3644 3205 3690 ore
3246 3627 3407 3707 ejus.

2558 3724 2780 3787 Decuit
2814 3733 3024 3787 autem
3056 3725 3373 3788 Christum
3412 3732 3481 3786 ut
3510 3724 3833 3788 hominem
3878 3744 3975 3787 es-

2480 3840 2547 3883 se
2586 3822 2723 3884 sine
2760 3824 2934 3886 omni
2978 3831 3255 3906 peccato,
3299 3842 3425 3887 non
3464 3823 3672 3886 solum
3711 3833 3973 3906 propter

2480 3921 2782 3985 unionem
2841 3942 2990 3984 cum
3044 3923 3269 3993 Verbo,
3332 3924 3440 3985 sed
3498 3923 3762 4005 insuper
3814 3925 3973 4005 quia

879 4028 1013 4093 ret3
1065 4022 1174 4083 sed
1229 4020 1618 4083 mendaciter
1676 4020 1739 4083 id
1797 4020 2106 4083 fecerunt.
2159 4020 2373 4081 Innuit
2406 4016 2451 4080 C
2480 4021 2771 4094 salvator,
2806 4020 3113 4084 mediator
3150 4028 3213 4082 et
3248 4007 3587 4084 advocatus
3629 4021 3821 4084 totius
3864 4040 3973 4104 ge-
4036 4046 4205 4092 manu.

878 4136 1028 4199 ergo
1067 4117 1350 4181 Salvator
1388 4119 1583 4182 vitam
1633 4138 1810 4181 suam
1858 4118 2059 4181 fuisse
2109 4137 2369 4203 prorsus

880 4216 1528 4298 irreprehensibilem,
1563 4235 1758 4300 seque
1787 4218 1960 4281 omni
1994 4225 2251 4299 peccato
2282 4236 2374 4279 ca-

881 4333 1040 4378 rere.
1095 4314 1380 4378 Christus
1437 4316 1610 4378 enim
1668 4317 2020 4378 secundum
2082 4322 2372 4379 naturam

880 4413 1185 4490 divinam,
1235 4414 1655 4477 essentialiter
1701 4422 1956 4478 sanctus
2001 4424 2118 4491 est,
2171 4415 2372 4478 virtus

878 4514 1188 4578 virtutum
1217 4522 1282 4577 et
1309 4514 1553 4596 puritas
1587 4514 1862 4595 infinita,
1895 4522 2195 4597 tanquam
2229 4534 2375 4578 can-

877 4614 993 4677 dor
1038 4612 1200 4676 lucis
1248 4621 1517 4687 aeternae,
1569 4620 1633 4675 et
1680 4614 2013 4696 speculum
2063 4614 2202 4675 sine
2248 4632 2375 4676 ma-

877 4712 1021 4775 cula
1064 4712 1409 4793 majestatis
1456 4718 1754 4794 paternae.
1787 4711 1976 4775 Porro
2018 4714 2371 4775 secundum

876 4819 1166 4875 naturam
1205 4820 1617 4894 assumptam,
1669 4811 2084 4876 confirmatus
2130 4811 2255 4875 fuit
2306 4813 2369 4875 in

876 4911 1043 4974 bono
1071 4912 1149 4974 ab
1187 4910 1638 4973 incarnationis
1679 4911 1960 4991 exordio,
1995 4930 2121 4974 non
2164 4911 2371 4974 solum

879 5017 1139 5091 propter
1174 5007 1536 5071 beatificam
1575 5008 1802 5071 animae
1831 5028 1961 5071 suae
1999 5008 2369 5072 fruitionem

878 5106 944 5168 in
1002 5107 1146 5183 Deo,
1197 5108 1311 5170 sed
1367 5108 1570 5172 multo
1616 5107 1893 5191 amplius
1942 5115 2201 5190 propter
2261 5107 2372 5191 hy-

2482 4119 2652 4181 neris
2703 4118 2987 4181 humani.
3030 4118 3094 4181 Si
3140 4120 3311 4182 enim
3349 4128 3413 4181 et
3449 4118 3589 4202 ipse
3635 4126 3966 4201 peccatum
4000 4120 4202 4224 ¹⁵3⁰?ss

2482 4218 2763 4291 haberet,
2827 4238 2951 4282 non
3016 4226 3180 4281 esset
3241 4219 3504 4282 idoneus
3560 4238 3782 4282 omnes
3842 4218 3971 4283 Deo
3997 4198 4089 4234 '¹¹'

2484 4317 2913 4393 reconciliare,
2959 4325 3022 4380 et
3070 4336 3183 4400 per
3232 4336 3299 4380 se
3346 4318 3560 4399 ipsum
3607 4318 3973 4381 immediate

2481 4417 2559 4478 ad
2597 4416 2794 4479 Deum
2837 4418 3157 4489 accedere,
3200 4416 3307 4478 sed
3352 4416 3697 4479 mediatore
3734 4424 3968 4497 egeret.

2481 4514 2651 4576 Idem
2700 4533 2958 4597 quoque
3006 4514 3217 4577 decuit
3265 4521 3524 4596 propter
3566 4514 3972 4596 privilegium

2482 4614 2815 4676 sacerdotii
2845 4614 3007 4694 ejus.
3041 4612 3185 4676 Fuit
3221 4612 3394 4675 enim
3434 4612 3679 4695 primus
3710 4620 3771 4675 et
3800 4632 3976 4676 sum-

2482 4730 2625 4774 mus
2668 4714 2979 4787 sacer-dea,
3014 4711 3197 4793 cujus
3242 4710 3445 4774 hostia
3482 4718 3543 4772 et
3589 4711 3971 4793 obsequium

2483 4829 2608 4874 non
2658 4811 2929 4873 fuissent
2983 4810 3107 4873 Deo
3157 4810 3438 4892 perfecte
3480 4818 3740 4892 accepta
3784 4817 3848 4871 et
3896 4810 3970 4871 ad

2480 4909 2995 4972 satisfaciendum
3056 4910 3299 4983 idonea,
3353 4908 3406 4970 si
3455 4915 3518 4970 et
3563 4908 3701 4989 ipse
3759 4907 3973 4989 subja-

2481 5007 2713 5070 cuisset
2744 5014 3019 5089 peccato.
3046 5007 3305 5089 Propter
3334 5007 3503 5088 quod
3535 5006 3688 5068 dicit
3717 5005 3973 5087 Aposto-

2480 5107 2579 5169 lus
2615 5126 2627 5169 :
2664 5106 2827 5169 Talis
2858 5106 3117 5169 decebat
3150 5115 3220 5168 ut
3247 5113 3412 5168 esset
3442 5104 3624 5169 nobis
3656 5104 3962 5187 pontifex,
4015 5131 4195 5177 mmm.

879 5203 1246 5284 postaticam
1300 5204 1601 5266 unionem
1649 5223 1796 5266 cum
1845 5204 2071 5279 Verbo,
2112 5212 2371 5286 propter
2400 5207 2449 5268 D
2479 5212 2755 5279 sanctuS,
2799 5204 3125 5277 innocens,
3169 5203 3564 5285 impollutuS,
3606 5211 3964 5284 segregatus
3992 5202 4049 5241 ²⁶·

877 5319 1068 5381 quam
1128 5301 1351 5363 habuit
1405 5302 1693 5365 omnium
1743 5302 2105 5366 divinorum
2167 5303 2370 5366 chari-

2478 5323 2515 5365 a
2561 5302 2999 5385 peccatoribus
3044 5310 3108 5364 et
3135 5300 3461 5365 ‚excelsior
3508 5302 3686 5365 coelis
3734 5300 3959 5365 factus,
