4300 6259
1187 521 1539 570 suanm-rio
1581 521 1642 567 m
1685 521 1822 567 mr.
1870 517 2022 568 xvm
2063 519 2255 568 tuem.
2298 537 2379 552 -—
2419 520 2563 567 Aur.
2608 520 2709 566 xm
3379 499 3499 564 155

391 705 618 760 nerent
665 711 980 780 pauperes
1030 699 1517 774 conquerenteS,
1558 699 1623 753 et
1670 707 1896 752 vocare
1924 688 1973 750 A
2005 698 2068 754 et
2116 689 2489 754 delectabile
2534 691 2737 754 oculis
2772 691 2988 756 videre
3036 691 3257 754 solem.
3292 693 3375 752 Εε
3402 694 3501 752 Je-
3634 690 3707 746 42

394 797 534 860 illos
563 797 642 858 ad
685 814 774 869 se,
807 796 886 857 ad
926 791 1319 856 audiendum
1353 808 1574 852 eorum
1603 789 1895 871 querelas
2001 810 2110 850 sus
2156 792 2335 851 dia-it
2384 792 2494 851 illi
2531 811 2553 850 .·
2592 792 2855 868 Respice
2904 790 3045 852 visu
3094 789 3391 853 exteriori
3438 797 3502 853 et

392 915 464 958 ac
513 895 994 977 postulationeS,
1039 899 1112 954 ut
1158 891 1442 953 facerent
1484 889 1575 950 eis
1623 887 1898 951 subven-

393 994 630 1058 tionem
658 1000 852 1074 atque
881 991 1194 1073 justitiam
1227 988 1544 1070 expedite.
1568 987 1712 1062 Sed,
1735 988 1890 1050 heu!

391 1093 520 1173 jam
560 1092 688 1154 dici
732 1099 940 1174 potest
977 1092 1055 1153 de
1093 1090 1222 1152 illis
1261 1089 1422 1150 illud
1462 1087 1655 1160 Isaiae,
1689 1086 1898 1169 Pupil-

395 1193 454 1255 lo
502 1211 630 1254 non
677 1191 991 1271 judicant,
1030 1197 1092 1252 et
1136 1207 1326 1252 causa
1367 1188 1575 1250 viduae
1624 1205 1750 1248 non
1803 1185 1898 1247 in-

389 1291 678 1373 greditur
735 1290 815 1352 ad
880 1307 988 1352 eos
1052 1307 1066 1351 ε
1128 1288 1280 1362 ime,
1343 1285 1396 1348 si
1458 1301 1896 1366 saepenumero

391 1390 772 1471 ingreditur,
808 1388 954 1470 plus
997 1387 1368 1468 expendunt
1415 1401 1728 1466 pauperes
1773 1382 1898 1446 for-

389 1496 453 1550 te
499 1479 696 1570 quam
748 1495 878 1550 tota
927 1503 1150 1549 eorum
1200 1485 1404 1546 valeat
1456 1501 1665 1555 eausa,
1717 1490 1895 1544 ante-

2005 889 2315 952 interiori.
2358 889 2557 962 Quem
2605 889 2779 951 enim
2827 888 3259 970 corporaliter,
3310 889 3501 952 etiam

2006 989 2424 1071 spiritualiter
2472 989 2835 1052 illustravit.
2872 990 3063 1050 Fides
3111 998 3223 1050 tua
3274 999 3330 1050 te
3374 991 3505 1050 sal-

2007 1111 2163 1150 vum
2210 1089 2389 1166 feeit,
2439 1105 2553 1171 per
2602 1089 2861 1151 modum
2912 1106 3117 1150 causae
3164 1087 3504 1151 meritoriae

2005 1195 2068 1251 et
2098 1187 2504 1271 dispositivae,
2526 1207 2649 1250 non
2684 1186 3124 1270 principaliter
3152 1185 3500 1251 effectivae:

2005 1287 2125 1350 hoc
2174 1294 2289 1360 est,
2321 1287 2550 1349 merito
2597 1285 2751 1349 fidei
2799 1294 2923 1348 tuae
2972 1285 3504 1348 illuminationem

2007 1385 2170 1448 hanc
2211 1384 2583 1468 procurasti.
2621 1384 2816 1447 Tanta
2862 1402 3009 1465 crgo
3055 1392 3151 1447 est
3184 1383 3339 1447 fidei
3380 1385 3507 1448 vir-

2007 1493 2132 1558 tuS,
2189 1491 2258 1545 ut
2308 1501 2423 1566 per
2469 1502 2607 1546 eam
2655 1483 3017 1548 obtineatur
3061 1483 3237 1545 salus
3285 1502 3507 1565 corpo-

2007 1583 2183 1654 ralis,
2220 1591 2289 1645 ut
2318 1583 2459 1663 hic;
2488 1582 2657 1645 salus
2698 1581 3072 1662 spiritualiS,
3109 1589 3177 1644 ut
3214 1581 3281 1644 in
3314 1580 3504 1644 Maria

441 1606 586 1649 uam
631 1585 1034 1650 terminetur.

387 1607 432 1670 q
469 1689 556 1748 Ec
615 1705 820 1766 quum
878 1681 1454 1761 appropinquasset
1514 1697 1717 1742 caecus
1775 1678 1895 1740 iste
2005 1681 2385 1764 magdalena,
2416 1680 2517 1743 cui
2550 1688 2614 1742 et
2642 1680 2776 1743 haec
2807 1680 3001 1742 verba
3028 1681 3195 1743 dicta
3224 1688 3408 1760 sunt;
3440 1689 3505 1744 et
3530 1699 3798 1750 Lueamso.

389 1784 640 1848 Christo
688 1781 1104 1864 corporaliter
1150 1799 1164 1842 :
1217 1780 1317 1842 cui
1371 1785 1434 1840 et
1479 1777 1898 1859 spiritualiter
2007 1782 2178 1844 salus
2208 1780 2547 1852 aeternalis,
2582 1781 2933 1842 seeundum
2966 1779 3124 1842 illud
3150 1778 3499 1854 Marci‚Qui
3551 1801 3795 1848 umam.

391 1883 852 1965 propinquavit
881 1897 995 1963 per
1025 1879 1180 1942 fidei
1211 1897 1284 1941 ac
1314 1876 1670 1941 devotionis
1699 1885 1762 1939 et
1791 1876 1896 1940 bo·
1933 1877 1980 1940 B
2009 1879 2351 1943 crediderit
2380 1886 2441 1940 et
2472 1877 2826 1960 baptizatus
2861 1876 3075 1951 suerit,
3110 1877 3323 1939 salvus
3356 1879 3497 1941 erit.
3533 1867 3600 1908 ¹⁶·

388 2001 488 2044 nae
534 1980 900 2044 affectionis
951 1984 1364 2060 augmentum
1403 1997 1418 2054 3
1470 1977 1896 2052 interroyavit
2100 1981 2189 2040 E'c
2236 1978 2571 2056 confestim
2622 1978 2813 2037 vidit.
2864 1976 2933 2036 ln
2982 1994 3111 2056 quo
3169 1982 3338 2057 patet
3394 1996 3503 2058 po—
3637 1987 3711 2044 43

168 2083 234 2137 u
389 2083 586 2141 illum
615 2079 795 2141 Jesus
826 2076 1042 2141 omnia
1071 2074 1302 2152 sciam,
1328 2076 1592 2136 dicens:
1615 2075 1790 2142 Quid
1822 2074 1899 2134 ci-

387 2181 583 2240 bivis
611 2175 1192 2257 faciam?Propter
1222 2173 1426 2237 varias
1466 2191 1685 2236 causas
1731 2191 1896 2234 unus

387 2277 740 2358 interrogat
775 2275 996 2338 alium.
1038 2274 1272 2346 Primo,
1309 2280 1378 2334 ut
1415 2271 1660 2352 aliquid
1699 2271 1899 2333 discat

383 2383 496 2438 aut
533 2375 716 2437 sciat.
749 2371 854 2435 Sic
894 2370 1252 2453 discipulus
1292 2367 1666 2449 magistrum
1707 2367 1900 2430 inter-

385 2480 600 2554 rogat3
633 2470 936 2552 magister
983 2486 1244 2551 quoque
1291 2466 1704 2548 discipulum,
1746 2467 1900 2548 quia

383 2572 506 2634 etsi
539 2571 701 2634 sciat
728 2569 897 2651 quod
927 2566 1172 2649 quaerit,
1197 2564 1460 2629 forsitan
1492 2571 1702 2628 tamen
1735 2565 1899 2644 igno-

387 2679 486 2734 rat
533 2689 614 2733 an
657 2667 1016 2749 discipulus
1061 2665 1222 2728 illud
1263 2664 1439 2726 sciat.
1483 2662 1793 2736 Secundo,
1829 2671 1899 2724 ut

389 2771 688 2833 instruat.
742 2766 974 2840 Tertio,
1029 2772 1101 2827 ut
1155 2763 1418 2826 alterius
1477 2761 1898 2842 ignorantiam

387 2872 806 2933 demonstret.
849 2865 1104 2939 Quarto,
1151 2871 1218 2924 ut
1267 2862 1522 2943 culpam
1572 2860 1713 2942 ejus
1761 2868 1898 2924 tan-

95 2983 352 3034 σει-πω.
383 2978 496 3053 gat
537 2975 600 3032 et
643 2968 954 3048 increpet,
990 2963 1156 3026 sicut
1201 2961 1366 3023 Deus
1416 2960 1576 3022 dixit
1614 2978 1628 3022 :
1671 2959 1893 3034 Adam,

389 3069 502 3134 ubi
559 3070 674 3130 es?
721 3065 976 3139 Quinto,
1030 3070 1100 3125 ut
1149 3059 1514 3140 interrogati
1565 3059 1896 3122 scientiam
1934 3059 1978 3123 C
2008 3081 2134 3136 m0,
2189 3063 2619 3140 maynificans
2666 3063 2897 3132 Deum,
2942 3060 3006 3122 id
3057 3068 3172 3135 est,
3218 3061 3507 3144 omnipo-

381 3169 464 3229 ad
512 3166 789 3229 aliorum
841 3162 1178 3224 utilitatem
1230 3159 1640 3221 demonstret.
1685 3156 1893 3232 Sext0,

383 3272 650 3346 propter
679 3261 1009 3343 mysticam
1054 3257 1360 3321 rationem
1398 3274 1412 3318 :
1449 3263 1512 3318 et
1549 3255 1670 3318 hoc
1709 3257 1898 3320 modo

374 3363 562 3426 Jesus
602 3357 1019 3439 interrogavit
1046 3357 1222 3421 hunc
1259 3373 1521 3428 caecum,
1555 3356 1727 3436 quod
1769 3374 1894 3418 non

379 3461 593 3525 solum
633 3459 777 3542 ipse
816 3456 1106 3521 Christus
1149 3462 1210 3517 et
1252 3471 1477 3527 caecus,
1513 3454 1623 3515 sed
1663 3462 1726 3515 et
1763 3472 1897 3516 om-

381 3578 497 3622 nes
526 3558 641 3640 qui
675 3558 954 3628 aderant,
979 3559 1437 3635 cognoverunt.
1462 3551 1678 3633 ltaque
1708 3553 1894 3615 inter-

379 3657 628 3738 rogavit
675 3663 745 3716 ut
791 3672 868 3715 ex
914 3653 1065 3715 caeci
1111 3649 1526 3733 responsione
1562 3650 1898 3730 gloriosior

377 3761 722 3838 appareret
771 3771 888 3814 sua
935 3750 1201 3826 curatio,
1245 3756 1316 3811 ut
1366 3748 1559 3812 verba
1608 3750 1897 3830 pandunt

377 3851 756 3936 sequentia:
797 3858 992 3931 atque
1028 3850 1108 3911 ad
1154 3847 1618 3911 ostendendum
1657 3855 1898 3928 quanta

379 3955 464 4016 sit
513 3952 610 4015 vis
665 3951 789 4032 piae
829 3947 1134 4012 orationis
1182 3967 1254 4010 ac
1303 3946 1488 4010 bonae
1531 3945 1893 4010 affectionis

381 4049 714 4114 multoties
767 4048 1094 4129 repetitae3
1147 4064 1390 4120 rursuS,
1446 4045 1525 4106 ad
1575 4044 1895 4108 instruen—

377 4151 536 4212 dum
576 4147 754 4229 quod
793 4147 872 4207 ad
913 4145 1182 4207 salutem
1229 4142 1586 4205 necessaria
1627 4143 1731 4216 sit,
1768 4163 1889 4207 non

2008 2084 2198 2140 testas
2257 2083 2319 2138 et
2375 2075 2849 2157 magnificentia
2904 2074 3266 2147 SalvatoriS,
3319 2075 3505 2157 cujus

2007 2175 2359 2254 jussionem
2401 2193 2548 2237 mox
2588 2174 2972 2255 sequebatur
3008 2175 3509 2256 supernaturalis

2005 2274 2303 2346 effectus,
2342 2281 2643 2355 tanquam
2674 2273 3050 2354 potestative
3083 2273 3394 2336 miracula
3422 2272 3512 2336 sa-

2009 2373 2237 2436 cientis
2272 2391 2288 2434 :
2323 2371 2425 2435 cui
2476 2372 2828 2434 secundum
2879 2372 3051 2452 quod
3100 2371 3263 2434 Deus
3312 2379 3409 2434 est
3450 2378 3513 2434 et

2009 2471 2283 2534 infinitae
2333 2469 2651 2553 potentiae,
2705 2470 3010 2552 competit
3062 2489 3247 2552 agere
3296 2471 3362 2533 in
3418 2471 3513 2533 in-

2008 2571 2201 2632 stanti
2231 2568 2487 2652 quando
2518 2568 2823 2647 voluerit;
2858 2568 3079 2651 sicque
3112 2569 3277 2631 inter
3306 2569 3509 2651 ipsius

2008 2669 2251 2731 dictum
2312 2675 2376 2729 et
2420 2666 2659 2730 factum
2715 2686 2841 2731 non
2900 2666 3144 2730 exstitit
3200 2669 3505 2742 medium,

2007 2768 2362 2830 secundum
2404 2765 2733 2828 Hilarium.
2770 2768 2854 2826 Et
2881 2769 3262 2846 sequebatur
3290 2769 3509 2838 illum,

2008 2865 2255 2928 scilicet
2298 2863 2509 2926 Jesum
2558 2883 2747 2926 suum
2799 2863 3316 2938 illuminatorem,
3371 2885 3511 2930 cor-

2010 2981 2164 3046 pore
2210 2982 2363 3025 sano
2404 2971 2467 3024 et
2503 2963 2692 3026 corde
2730 2962 2957 3024 devoto
2994 2970 3185 3044 atque
3226 2965 3509 3044 gratissi-

2007 3160 2267 3223 tentiam
2313 3167 2505 3240 atque
2555 3158 2957 3222 clementiam
2997 3159 3106 3221 Dei
3151 3160 3217 3222 in
3260 3179 3327 3222 se
3368 3161 3506 3242 ipso

2007 3259 2419 3322 materialiter
2458 3265 2917 3340 repraesentans
2968 3257 3034 3321 in
3084 3278 3198 3321 sua
3236 3260 3507 3323 curatio-

2008 3377 2111 3432 ne,
2145 3365 2209 3420 et
2249 3357 2437 3420 corde
2485 3376 2557 3418 ac
2596 3374 2705 3419 ore
2743 3356 3246 3437 magnitudinem
3288 3358 3396 3420 Dei
3437 3359 3502 3421 in

2007 3457 2183 3520 omni
2235 3454 2625 3538 perfectione
2673 3462 2736 3516 et
2780 3455 2981 3537 gloria
3029 3455 3315 3518 hilariter
3364 3477 3505 3540 pro-

2007 3555 2221 3628 fitenS,
2256 3554 2411 3617 alios
2450 3571 2709 3635 quoque
2746 3554 2823 3616 ad
2864 3554 3032 3616 idem
3072 3554 3501 3625 inflammans,

2007 3654 2359 3716 secundum
2404 3653 2575 3733 quod
2620 3651 2936 3714 subditur.

2107 3755 2194 3813 Et
2240 3753 2450 3812 omnis
2490 3753 2671 3828 plebs
2722 3769 2867 3832 quae
2924 3750 3159 3822 aderat,
3214 3761 3287 3812 ut
3337 3753 3505 3812 vidie

2007 3849 2387 3914 miraculum
2438 3849 2608 3912 istud
2652 3867 2667 3911 τ
2711 3849 2776 3911 in
2827 3868 2958 3930 quo
3006 3849 3231 3912 modus
3276 3851 3502 3931 agendi

2006 3949 2362 4014 mirabilior
2394 3948 2517 4012 ruit
2543 3967 2734 4029 quam
2769 3947 3123 4030 opus‚quia
3149 3955 3277 4010 tam
3308 3947 3502 4030 impe-

2005 4048 2247 4110 rialiter
2292 4046 2448 4110 fecit
2493 4046 2612 4110 hoc
2654 4047 2976 4119 Christus;
3008 4047 3191 4107 dedit
3239 4050 3501 4108 laudem

2002 4150 2132 4209 Deo
2162 4167 2189 4207 .·
2216 4148 2293 4209 ad
2337 4147 2508 4228 quod
2556 4146 2909 4209 tenebatur.
2944 4145 3073 4210 Hoc
3122 4145 3297 4208 enim
3336 4145 3499 4208 Deus

377 4247 590 4313 solum
621 4244 836 4308 cordis
867 4242 1155 4316 creditio,
1191 4243 1300 4304 sed
1339 4239 1530 4303 etiam
1571 4241 1890 4304 interdum
1922 4247 1974 4312 D
2001 4264 2038 4307 a
2087 4244 2271 4308 nobis
2321 4243 2611 4325 requirit,
2654 4252 2717 4305 et
2762 4244 3003 4325 justum
3054 4252 3171 4319 est,
3208 4252 3277 4306 ut
3324 4244 3379 4306 ei
3431 4245 3497 4306 in

377 4346 510 4410 oris
555 4341 899 4408 confessio.

447 4447 540 4506 At
569 4445 688 4504 ille
715 4442 896 4502 dimit
917 4460 941 4499 .·
963 4439 1257 4506 Domine,
1281 4445 1350 4498 ut
1383 4439 1639 4499 videam
1671 4457 1893 4519 corpo—

381 4541 627 4616 raliter,
664 4541 797 4603 imo
827 4546 889 4600 et
921 4537 1362 4619 spiritualiter.
1388 4535 1623 4598 Sensus
1655 4537 1890 4598 etenim

381 4641 564 4704 visus
630 4657 768 4722 prae
823 4635 1052 4699 ceteris
1111 4633 1534 4698 exterioribus
1597 4634 1892 4696 sensibus

381 4738 628 4812 utilior,
662 4735 1010 4819 appetitior
1055 4733 1530 4815 jucundiorque
1577 4731 1888 4807 consistit,

377 4835 540 4919 quia
589 4835 658 4896 in
712 4831 1009 4915 pluribus
1059 4829 1337 4893 deservit
1381 4847 1456 4891 ac
1499 4829 1893 4892 necessarius

377 4941 482 4997 est
529 4929 930 5004 hominibus,
983 4936 1047 4992 et
1101 4927 1386 5010 plurium
1447 4945 1660 4990 rerum
1710 4926 1896 4990 diffe-

378 5033 620 5097 rentias
655 5029 844 5093 nobis
885 5027 1181 5092 ostendit.
1217 5025 1394 5088 Unde
1423 5025 1651 5090 Tobias
1683 5027 1844 5089 dixit
1876 5045 1889 5089 ε

93 5147 342 5199 reatus.
375 5131 576 5206 Quale
616 5128 780 5191 mihi
819 5126 1125 5208 gaudium
1168 5132 1284 5199 est,
1317 5125 1430 5206 qui
1473 5125 1578 5187 hie
1617 5125 1682 5186 in
1721 5131 1895 5187 tene—

375 5229 516 5294 bris
565 5228 782 5299 sedec,
816 5231 880 5286 et
928 5224 1146 5286 lumen
1191 5222 1338 5286 coeli
1389 5241 1514 5285 non
1560 5223 1789 5286 video?
1820 5223 1896 5285 Et

83 5352 344 5406 suumn.
377 5329 448 5393 in
481 5323 868 5389 &clesiaste
895 5321 1208 5404 scriptum
1249 5327 1348 5382 est
1378 5338 1392 5382 ε
1428 5319 1620 5383 Dulce
1650 5321 1889 5396 lumen,

2001 4342 2301 4406 omnibus
2351 4341 2697 4406 offeramus
2742 4342 3006 4423 gloriam
3057 4351 3121 4405 et
3167 4343 3496 4418 honorem,

2003 4449 2304 4522 tanquam
2355 4439 2642 4504 omnium
2694 4440 3249 4522 principalissimas
3295 4461 3501 4506 causae

2002 4538 2459 4621 independenti
2489 4545 2553 4599 et
2581 4538 2758 4600 nullo
2788 4539 3011 4620 egenti.
3036 4538 3297 4623 Propter
3326 4541 3498 4622 quod

2003 4657 2118 4720 per
2165 4636 2389 4698 lsaiam
2438 4643 2704 4697 testatur
2756 4655 2767 4699 :
2820 4635 2949 4717 Ego
3000 4637 3324 4714 DominuS,
3380 4638 3499 4702 hoc
3550 4664 3779 4716 hauns.

2001 4743 2100 4799 est
2149 4752 2381 4798 nomen
2436 4753 2695 4813 meum;
2744 4735 3011 4816 gloriam
3062 4754 3267 4798 meam
3316 4737 3499 4802 alteri

2003 4853 2129 4896 non
2182 4832 2367 4908 dabo,
2399 4841 2463 4895 et
2509 4833 2761 4895 laudem
2810 4852 3016 4896 meam
3064 4835 3495 4916 sculptilibus.

2003 4929 2333 4991 Psalmista
2361 4947 2620 5011 quoque
2659 4930 2793 4993 zelo
2823 4929 3024 4994 divini
3064 4930 3321 4994 honoris
3360 4951 3503 4996 suc-

2005 5045 2233 5089 census
2266 5035 2561 5108 precatur
2596 5045 2609 5089 :
2643 5027 2774 5091 Non
2814 5027 3019 5102 nobiS‚
3054 5028 3337 5103 Domine,
3371 5049 3499 5092 non
3530 5056 3793 5106 stema,

2005 5125 2212 5198 nobiS,
2267 5125 2375 5186 sed
2437 5124 2682 5186 nomini
2739 5132 2849 5188 tuo
2899 5127 2979 5187 da
3021 5126 3309 5206 gloriam.
3363 5127 3495 5190 Non
3530 5119 3773 5162 ἀ’-Ηώ-

2005 5223 2200 5304 igitur
2240 5221 2425 5286 nobis
2465 5223 2701 5304 injuste
2738 5231 2849 5285 aut
2886 5224 3227 5287 vanissime
3266 5225 3498 5289 horum

2003 5321 2249 5404 aliquid
2300 5338 2683 5402 usurpemus
2732 5340 2877 5403 quae
2926 5322 3041 5386 soli
3092 5322 3215 5388 Deo
3262 5325 3501 5389 deben-
