4300 6259
1101 526 1453 574 mannum
1495 525 1560 572 m
1601 526 1740 574 car.
1785 527 1898 574 1111
1939 527 2213 574 sommis.
2258 547 2339 558 --
2382 527 2523 576 aar.
2571 530 2767 576 xxxin
3365 512 3486 576 519

382 700 608 768 ειοῖαε,
643 697 709 760 id
759 704 854 759 est
902 698 1144 780 legatus
1193 715 1307 760 seu
1357 697 1612 772 missus,
1650 699 1887 775 major,
1916 697 1967 758 A
1995 698 2360 779 praescitum
2400 707 2462 761 et
2506 699 2871 781 reprobum,
2906 699 3223 782 patefacit.
3256 703 3385 763 Sed
3414 710 3487 761 uc

386 794 454 857 id
510 802 609 857 θεῖ
665 795 937 876 dignior,
987 806 1101 868 esc,
1151 816 1219 856 eo
1271 800 1389 876 qui
1440 797 1619 858 misit
1671 797 1880 856 illum.
1995 798 2350 874 impleatur
2396 800 2744 875 Scriptura
2795 799 3023 880 psalmi
3080 798 3485 882 quadragesi-

111 907 269 950 Mare.
296 920 357 958 ιιι.
382 893 564 956 Unde
633 913 750 957 nec
809 914 921 958 vos
978 896 1334 970 duodecim,
1389 914 1549 976 quos
1604 894 1750 956 misi
1807 895 1885 956 ad
1995 895 2104 968 mi,
2154 895 2339 976 cujus
2388 897 2717 960 exordium
2766 905 2861 959 est
2903 917 2916 960 :
2958 897 3181 960 Beatus
3230 899 3343 979 qui
3392 899 3490 960 in·
3536 916 3752 967 Pana.

81 971 354 1076 &mmm
386 994 888 1074 praedicandum,
924 1001 986 1056 et
1014 994 1346 1076 Apostolos
1380 993 1721 1075 appellavi,
1757 1011 1888 1054 ma·
1996 994 2226 1074 telligit
2272 1013 2467 1076 super
2514 1013 2785 1075 egenum
2836 1005 2899 1059 et
2943 1015 3311 1078 pauperem.
3362 998 3489 1065 Qui

378 1089 554 1171 jores
603 1109 708 1153 me
765 1091 940 1153 estis.
991 1091 1127 1154 Non
1167 1109 1316 1173 ergo
1367 1091 1611 1154 debetis
1659 1091 1887 1153 abhor-
1994 1095 2351 1154 manducat
2385 1114 2633 1154 mecum
2658 1114 2924 1170 panem,
2955 1095 3017 1156 id
3058 1102 3154 1156 est
3196 1094 3493 1158 domesti-

383 1206 528 1251 rere
593 1197 705 1252 aut
771 1191 1185 1253 verecundari
1257 1190 1320 1252 in
1387 1189 1678 1251 faciendo
1744 1207 1886 1269 quae
1995 1208 2129 1264 cuS,
2166 1192 2613 1254 commensalis
2650 1201 2841 1274 atque
2884 1193 3237 1275 discipulus
3284 1211 3487 1268 meuS,

381 1305 500 1368 ego
549 1287 696 1351 feci.
740 1288 946 1351 Simili
999 1288 1350 1351 intentione
1400 1287 1556 1350 dicit
1605 1287 1887 1350 Salvator
1993 1291 2104 1369 qui
2158 1290 2235 1352 de
2285 1290 2705 1372 eleemosynis
2756 1290 2913 1353 mihi
2960 1292 3122 1354 datis
3172 1292 3493 1355 nutrieba-

81 1401 352 1492 0ammam.
379 1389 556 1469 apud
604 1387 962 1450 Matthaeum
1010 1406 1023 1450 :
1067 1387 1197 1450 Non
1243 1394 1340 1448 est
1381 1386 1735 1468 discipulus
1785 1406 1887 1447 su·
1994 1394 2114 1463 tur,
2137 1388 2252 1469 qui
2282 1389 2471 1451 etiam
2506 1407 2733 1470 panem
2766 1388 3173 1452 Eucharistiae
3204 1390 3269 1451 in
3302 1389 3492 1453 Coena

81 1467 150 1506 ‘⁸‘
385 1504 502 1568 per
549 1487 949 1568 magistrum,
1004 1503 1122 1547 nec
1167 1503 1388 1548 servus
1437 1502 1632 1566 super
1688 1484 1888 1547 domi·
1997 1484 2073 1545 de
2113 1505 2305 1548 manu
2349 1505 2490 1548 mea
2528 1487 2791 1569 accepit,
2828 1490 3063 1549 levabit
3090 1492 3488 1556 calcaneum,

385 1604 542 1648 num
583 1604 797 1647 suum.
1997 1582 2060 1644 id
2111 1592 2209 1646 est
2256 1584 2538 1666 plantam
2587 1587 2767 1667 pedis
2815 1586 2937 1660 sui,
2985 1595 3209 1646 contra
3258 1607 3382 1656 me,
3426 1587 3491 1649 id

177 1686 248 1741 17
463 1687 546 1747 Si
575 1687 710 1746 laaec
735 1685 941 1754 scitis,
974 1683 1038 1745 id
1069 1689 1186 1756 est,
1221 1682 1273 1744 si
1305 1701 1466 1764 opus
1505 1679 1884 1742 humilitatis
1995 1688 2110 1755 est,
2165 1700 2267 1744 me
2316 1683 2709 1756 conculcare,
2764 1684 3171 1766 suppeditare
3222 1702 3333 1746 seu
3380 1703 3493 1766 op-

381 1785 556 1867 quod
607 1784 754 1857 feci,
808 1783 1124 1864 istamque
1173 1782 1526 1845 doctrinam
1573 1788 1742 1842 recte
1791 1780 1885 1842 in-
1997 1779 2275 1861 primere
2338 1788 2593 1862 sataget,
2655 1782 2960 1844 tradendo
3028 1800 3129 1844 me
3194 1781 3490 1844 manibus

382 1882 698 1963 telligitis,
749 1885 920 1942 beati
965 1882 1152 1942 eritis
1204 1880 1272 1942 in
1331 1879 1554 1962 patria,
1605 1881 1666 1938 si
1713 1897 1883 1940 nunc
1919 1879 2498 1942 Badvcrsariorum
2558 1898 2869 1943 meorum.
2920 1880 3231 1961 Loquitur
3278 1891 3487 1943 autem

378 1983 672 2058 feceritis
709 2001 806 2051 ea,
839 1979 1147 2042 imitando
1192 1978 1456 2058 vestigia
1502 1996 1663 2052 mea,
1697 1977 1885 2039 meis·
1996 1976 2282 2040 Christus
2344 1980 2697 2041 secundum
2760 1996 3164 2041 communem
3230 1981 3490 2042 modum

381 2099 512 2162 que
549 2079 1052 2161 obtemperando
1091 2077 1418 2140 doctrinis.
1452 2076 1594 2138 Haec
1641 2075 1886 2157 quippe
1995 2075 2321 2157 loquendi,
2355 2095 2485 2158 quo
2535 2077 2809 2139 dicimus
2858 2077 3248 2159 opprimenti
3286 2093 3300 2139 ε
3331 2076 3494 2150 Quid

381 2179 673 2251 scientia,
707 2196 910 2259 quum
953 2177 1036 2239 sit
1075 2175 1351 2258 practica
1389 2182 1451 2237 et
1481 2175 1760 2250 moraliS,
1794 2192 1888 2237 or·
1997 2192 2098 2236 me
2137 2175 2551 2256 suppeditas?
2583 2174 2758 2236 Unde
2809 2193 2922 2256 per
2963 2177 3211 2256 pedem,
3245 2175 3365 2239 hoc
3406 2176 3494 2238 lo—

382 2279 644 2341 dinatur
671 2278 751 2339 ad
789 2294 952 2357 opus
988 2294 1001 2339 :
1037 2275 1182 2338 ideo
1221 2273 1547 2336 beatificat
1579 2274 1884 2336 scientem
1997 2291 2068 2335 co
2114 2273 2532 2355 spiritualiter
2571 2273 2937 2354 designatur
2980 2274 3347 2337 animositas
3392 2274 3491 2337 vel

383 2383 448 2438 et
486 2381 883 2457 operantem.
919 2372 1233 2436 Scientem
1275 2390 1426 2436 vero
1464 2381 1528 2434 et
1565 2371 1888 2452 negligen-
1995 2373 2257 2435 audacia
2304 2373 2533 2447 cordis,
2568 2391 2696 2454 qua
2744 2391 2811 2434 se
2855 2373 3043 2435 Judas
3086 2372 3333 2436 Christo
3381 2391 3495 2454 op-

386 2482 516 2536 tem
577 2475 980 2545 condemnat,
1034 2471 1573 2554 quemadmodum
1618 2470 1884 2533 Jacobus
1996 2471 2229 2552 posuit.
2263 2469 2507 2551 Allegat
2546 2479 2757 2533 autem
2789 2470 3074 2534 Christus
3114 2489 3240 2534 non
3274 2471 3487 2547 verba,

112 2591 354 2642 amau,
382 2572 473 2635 ait
507 2592 522 2636 :
556 2571 794 2635 Scienti
836 2572 1077 2635 bonum
1116 2570 1344 2646 facere,
1379 2576 1441 2631 et
1485 2588 1612 2632 non
1652 2568 1886 2631 facien·
1947 2585 1954 2591 ·
1996 2569 2104 2629 sed
2147 2586 2406 2630 sensum
2444 2552 2806 2650 Scriptu'rae.
2840 2568 3061 2632 Nostra
3100 2587 3249 2633 vero
3292 2577 3493 2634 trans-

91 2657 154 2694 Π·
386 2672 455 2746 ῖὶ,
503 2679 837 2754 peccatum
887 2677 982 2732 est
1021 2669 1136 2732 illi.
1179 2668 1338 2730 Hinc
1381 2667 1469 2729 ait
1505 2667 1834 2729 Psalmista
1867 2685 1880 2729 :
1995 2666 2143 2729 latio
2186 2666 2375 2728 habet
2413 2666 2505 2729 sic
2540 2685 2553 2729 :
2588 2666 2837 2729 Etenim
2879 2668 3068 2730 homo
3104 2668 3276 2750 pacis
3307 2687 3485 2744 meae,
3544 2689 3664 2734 [ωσι.
3693 2692 3761 2734 ¹0.

111 2770 636 2838 12..0...¹·1,Justitia
686 2768 860 2830 illius
898 2767 1170 2849 (scilicet
1212 2766 1348 2846 Dei)
1387 2766 1451 2826 in
1501 2764 1671 2827 filios
1721 2764 1887 2827 filio-
1995 2765 2060 2827 in
2111 2785 2241 2846 quo
2296 2766 2571 2847 speravi,
2605 2767 2717 2847 qui
2768 2766 2994 2828 edebat
3042 2785 3238 2849 panes
3287 2786 3485 2842 meOS,

91 2853 158 2893 ¹⁸·
385 2890 553 2945 rum,
608 2869 708 2931 his
756 2867 870 2949 qui
921 2873 1175 2930 servant
1227 2871 1668 2927 testamentum
1719 2864 1882 2945 ejus,
1993 2862 2430 2944 magnificavit
2460 2883 2650 2946 super
2675 2883 2779 2926 me
2808 2865 3396 2946 supplantationem.
3421 2866 3488 2927 In

381 2977 446 3032 et
514 2985 828 3031 memores
891 2973 1040 3028 sunt
1110 2965 1546 3027 mandatorum
1607 2965 1748 3043 ejus
1807 2964 1884 3026 ad
1993 2961 2118 3024 alio
2148 2980 2408 3044 quoque
2440 2963 2707 3044 psalmo,
2742 2963 2911 3025 idem
2950 2963 3092 3025 aliis
3122 2971 3313 3045 atque
3346 2983 3491 3046 pro-

381 3067 753 3129 faciendum
811 3083 906 3126 ea.
966 3064 1140 3126 Unde
1202 3062 1552 3124 secundum
1611 3060 1886 3143 philoso—
1922 3053 2332 3124 Glixioribus
2383 3061 2593 3124 verbis
2642 3061 3023 3143 exprimitur
3066 3080 3079 3124 τ
3124 3061 3396 3137 Etenim,
3434 3063 3486 3124 si
3517 3084 3778 3136 raama.

385 3166 571 3248 phoS,
615 3164 775 3245 quid
821 3169 919 3224 est
968 3162 1167 3226 virtus
1216 3169 1594 3234 scrutamur,
1635 3178 1760 3222 non
1811 3159 1888 3221 fi-
1997 3157 2299 3221 inimicus
2351 3177 2531 3221 meus
2582 3159 3009 3222 maledixisset
3066 3159 3247 3233 mihi,
3300 3157 3535 3222 susti-'

383 3263 616 3326 naliter
657 3270 725 3324 ut
764 3279 1124 3332 noscamuS,
1157 3259 1265 3320 sed
1311 3265 1380 3320 ut
1422 3257 1742 3340 operando
1781 3257 1887 3320 bo-
1996 3257 2279 3319 nuissem
2342 3257 2585 3338 utique,
2636 3264 2755 3319 etc.
2807 3257 2996 3321 Porro
3052 3258 3489 3339 praeallegatus

385 3361 451 3424 ni
505 3359 891 3422 efficiamur.
927 3357 1068 3432 Sed,
1105 3356 1488 3420 heulmulti
1540 3356 1774 3419 curiosi
1824 3363 1886 3418 et
1996 3355 2281 3436 psalmus
2336 3356 2879 3437 quadragesimus,
2934 3357 3011 3418 de
3058 3355 3286 3418 Christi
3349 3375 3492 3438 pro-

385 3459 532 3522 vani
577 3459 722 3540 plus
763 3457 1020 3518 student
1057 3462 1121 3517 et
1145 3461 1458 3537 appetunt
1489 3454 1650 3516 scire
1690 3473 1884 3535 quam
1995 3455 2257 3531 ditione,
2320 3453 2635 3536 passione,
2701 3455 3185 3528 resurrectione,
3245 3455 3489 3518 Judaeo-

381 3558 612 3634 facere,
636 3573 944 3638 apparere
974 3572 1167 3636 quam
1199 3570 1354 3628 esse,
1381 3552 1658 3634 reputari
1690 3571 1882 3633 quam
1995 3571 2269 3634 rumque
2300 3552 2673 3633 dejectione,
2698 3561 2915 3634 aperte
2947 3553 3344 3635 conscriptus
3376 3561 3487 3627 est,

383 3655 662 3740 operari.
1993 3652 2159 3714 sicut
2207 3651 2273 3713 in
2322 3650 2717 3732 expositione
2767 3650 2913 3712 libri
2961 3649 3351 3714 Psalmorum
3394 3669 3492 3714 os-

179 3767 246 3822 18
469 3757 618 3816 Non
647 3756 728 3813 de
754 3751 1052 3812 omnibus
1093 3751 1267 3809 vobis
1295 3749 1462 3816 dico,
1493 3749 1665 3829 quod
1706 3747 1882 3810 eritis
1993 3749 2189 3812 tendi.
2226 3748 2531 3830 Loquitur
2569 3749 2764 3829 igitur
2803 3747 3085 3812 Christus
3136 3750 3487 3811 secundum

380 3852 576 3926 beati,
631 3851 731 3914 vel
783 3849 955 3930 quod
1003 3847 1354 3910 doctrinam
1403 3865 1608 3908 meam
1659 3847 1885 3928 imple-
1993 3865 2400 3911 communem
2451 3847 2709 3909 modum
2770 3847 3093 3928 loquendi,
3147 3848 3488 3911 asserendo

382 3951 558 4013 bitis.
611 3949 740 4012 Hoc
787 3946 1030 4009 addidit
1088 3953 1347 4027 propter
1391 3944 1614 4007 Iudam
1674 3945 1885 4026 prodi-
1993 3965 2060 4008 se
2107 3946 2586 4028 supplantatum
2636 3965 2673 4007 a
2718 3946 2896 4020 Juda,
2947 3946 3485 4027 quemadmodum

383 4059 610 4121 torem,
662 4064 856 4128 quem
915 4051 1178 4108 noverat
1234 4041 1370 4105 fore
1428 4044 1878 4106 damnandum.
1992 4052 2055 4106 et
2102 4045 2169 4107 in
2218 4044 2374 4105 lsaia
2421 4043 2737 4105 habetur:
2783 4044 3117 4106 incurvare
3168 4052 3237 4106 ut
3284 4051 3487 4106 trans·
3541 4061 3763 4112 uuaz.

385 4147 650 4228 Propter
706 4145 878 4227 quod
937 4143 1234 4205 subditur
1289 4161 1304 4203 ε
1356 4145 1496 4218 Ερο
1547 4144 1675 4202 scio
1728 4163 1881 4222 quos
1991 4163 2263 4222 eamus;
2314 4151 2377 4204 et
2436 4142 2702 4224 posuisti
2764 4143 3020 4205 dorsum
3083 4149 3261 4204 tuum
3316 4143 3483 4205 viam

382 4247 708 4322 eleqerim,
746 4243 810 4304 id
857 4249 974 4322 est,
1007 4241 1084 4303 ad
1137 4241 1329 4302 vitam
1377 4247 1674 4302 aeternam
1727 4259 1883 4320 prae-
1913 4244 1962 4306 D
1993 4240 2491 4306 transeuntibus,
2543 4239 2919 4303 Calcaneum
2976 4259 3235 4322 quoque
3290 4240 3487 4302 sumit

383 4341 818 4408 ordinaverim
848 4357 957 4401 seu
1000 4338 1605 4420 praedestinaverim.
1639 4336 1741 4399 Sic
1773 4357 1884 4399 au·
1995 4360 2108 4424 pro
2139 4340 2369 4422 planta,
2404 4339 2569 4402 sicut
2598 4350 2660 4401 et
2687 4338 2979 4402 Salomon
3012 4339 3228 4401 dicens
3265 4356 3279 4401 :
3306 4338 3484 4402 Oculi
3514 4355 3778 4410 neman.

385 4451 516 4505 tem
567 4459 694 4503 non
740 4438 865 4500 fuit
904 4438 1092 4500 Judas
1141 4437 1400 4499 electus,
1434 4435 1880 4498 Verumtamen
1994 4437 2299 4519 sapientis
2345 4436 2410 4498 in
2452 4436 2658 4517 capite
2706 4435 2869 4516 ejuS,
2901 4436 3069 4499 oculi
3112 4453 3258 4498 vero
3308 4435 3485 4497 stulti

117 4566 354 4616 :om-ns..
387 4539 686 4622 superius
728 4537 971 4599 dixerat
1002 4534 1286 4598 Christus
1322 4553 1335 4597 ε
1368 4534 1590 4598 Nonne
1629 4552 1742 4615 ego
1774 4553 1882 4598 vos
1994 4536 2060 4598 in
2105 4535 2419 4597 calcane0.

95 4632 156 4672 ⁷¹·
386 4637 724 4702 duodecim
783 4635 998 4716 elegi?
1048 4632 1330 4706 Quorum
1387 4653 1586 4695 unum
1643 4640 1886 4696 constat
2073 4637 2324 4696 Amodo
2351 4635 2495 4693 dico
2526 4635 2699 4694 vobis
2740 4633 2907 4694 istud
2947 4633 3027 4694 de
3056 4651 3196 4695 mea
3227 4632 3491 4714 proditi·
3627 4635 3694 4691 19

385 4737 590 4800 fuisse
643 4735 890 4797 Judam.
953 4731 1073 4795 Sed
1139 4732 1227 4793 ibi
1290 4731 1604 4813 accipitur
1659 4731 1885 4794 electio
1994 4751 2115 4796 one
2154 4739 2219 4793 et
2260 4731 2599 4812 proditoris
2645 4731 3070 4805 damnatione,
3094 4733 3489 4810 priusquam

385 4834 814 4899 communiter
844 4849 960 4914 pro
987 4830 1314 4893 vocatione
1346 4829 1453 4891 Dei
1493 4830 1570 4892 ad
1605 4830 1884 4910 aliquam
1993 4836 2139 4908 fiat,
2171 4839 2244 4890 ut
2274 4850 2477 4909 quum
2504 4830 2756 4906 factum
2783 4830 3015 4906 fuerit,
3049 4829 3111 4890 id
3144 4837 3261 4904 est,
3285 4847 3487 4909 quum

383 4934 656 5016 gratiam
700 4931 896 5012 gratis
946 4930 1152 4991 datam
1202 4929 1301 4990 vel
1353 4936 1601 5008 gratum
1653 4927 1888 4990 facien·
1997 4947 2100 4991 me
2139 4927 2439 4990 traditum
2483 4935 2547 4988 et
2585 4927 2768 4989 illum
2812 4928 3117 4991 noveritis
3166 4947 3203 4989 a
3240 4945 3309 4988 se
3351 4929 3491 5008 ipso

383 5039 536 5106 tem,
573 5031 710 5093 sive
740 5028 1019 5091 finaliter
1049 5033 1548 5100 consummetur,
1574 5026 1710 5088 sive
1739 5035 1889 5088 tem·
1997 5045 2404 5108 suspensum,
2437 5028 2717 5086 credatis
2746 5027 2903 5106 quia
2932 5047 3043 5103 eqo
3071 5046 3243 5096 sum,
3274 5024 3338 5088 id
3371 5033 3488 5098 est,

391 5130 694 5214 poraliter
724 5128 1071 5202 amittatur,
1107 5125 1647 5207 quemadmodum
1677 5125 1766 5186 ibi
1801 5125 1891 5188 di·
1997 5125 2171 5207 quod
2208 5119 2325 5204 ego
2368 5123 2487 5184 sim
2528 5141 2721 5204 quem
2763 5141 2865 5185 me
2906 5140 3045 5185 esse
3087 5122 3365 5200 affirmo,
3402 5122 3497 5184 vi-

393 5237 570 5292 ctum
615 5233 712 5288 est
756 5225 1032 5308 plenius.
2001 5222 2231 5286 delicet
2270 5221 2555 5284 Christus
2604 5219 2802 5282 Filius
2851 5219 2956 5282 Dei
2995 5220 3347 5301 :quoniam
3397 5218 3497 5281 fu-

476 5325 602 5391 Cur
647 5333 861 5388 tamen
911 5322 1197 5386 Christus
1249 5321 1625 5384 sustinuerit
1669 5321 1892 5384 Judam
2002 5330 2144 5384 tura
2204 5338 2363 5403 pure
2422 5318 2849 5400 contingentia
2905 5325 3076 5381 certe
3128 5318 3493 5401 praedicere,
