4300 6259
563 766 630 809 Pe
631 776 816 813 xxxxxxxxx

555 964 689 1007 Pron.
705 974 816 1009 xxvi,

547 1158 815 1209 Ioui-1132.

571 1348 687 1393 Ῑὸἰά.
705 1361 816 1398 xxiv,

552 1413 620 1455 29.

573 3139 678 3185 Lev.
695 3152 762 3191 ιω,
776 3142 814 3183 ³.

583 3334 695 3378 Gen.
721 3348 820 3386 xvn,

555 3400 622 3469 ,¹⁴⁸

554 3924 817 3969 thiado-¹3.

557 4216 686 4260 Rom.
697 4230 768 4268 xv,
781 4219 820 4261 8.

556 4904 660 4948 Len.
685 4917 757 4959 ιιι,
779 4906 819 4948 3.

646 5176 718 5231 23

844 464 966 527 414

1625 478 1975 527 munaum
2018 478 2082 524 m
2125 477 2264 524 GAP.
2310 477 2395 522 vll
2436 476 2709 523 JoANNJs.
2756 494 2834 507 -—
2875 476 3019 523 ΛΒΤ.
3066 477 3174 523 xlx

844 669 988 713 cere
1043 652 1281 714 malum
1342 652 1408 714 in
1465 652 1654 714 bono.
1707 651 1850 714 ldeo
1910 666 2142 733 nempe
2190 647 2345 710 dicit
2370 646 2421 707 Α
2451 652 2555 708 lem
2584 652 2849 726 Moysis,
2884 649 3002 711 hoc
3032 656 3128 710 est
3163 648 3406 730 absque
3445 647 3925 727 transgressione

843 749 1170 812 Psalmista
1205 769 1218 813 :
1253 750 1434 813 Posui
1469 750 1560 813 ori
1606 768 1746 813 meo
1777 749 2150 820 custodiam,
2188 748 2341 808 dum

845 849 1217 911 consisteret
1256 857 1544 930 peccator
1582 849 1920 911 adversum
1966 864 2087 909 me.
2125 845 2200 907 Et
2235 843 2343 907 Sa-

847 948 1058 1010 lomon
1092 948 1156 1009 in
1189 946 1544 1010 Proverbiis
1569 966 1582 1009 :
1607 946 1740 1009 Non
1775 947 2155 1028 respondeas
2188 944 2344 1006 stul-

846 1052 909 1107 to
949 1045 1128 1127 juxta
1176 1045 1508 1107 stultitiam
1559 1064 1761 1118 suam,
1811 1062 1890 1106 ne
1932 1042 2237 1106 efficiaris
2282 1042 2342 1104 ei

845 1143 1095 1205 similis.
1131 1142 1298 1205 Alibi
1345 1160 1603 1224 quoque
1651 1142 1937 1205 hortatur
1971 1160 1984 1203 :
2016 1140 2104 1202 Ne
2142 1140 2337 1215 dicaS,

849 1240 1120 1303 Reddam
1169 1242 1408 1304 malum
1458 1260 1572 1322 pro
1622 1242 1827 1321 malo;
1881 1246 2176 1321 exspecta
2228 1238 2345 1301 Do-

846 1340 1116 1413 minum,
1150 1348 1214 1402 et
1251 1339 1546 1401 liberabit
1575 1346 1678 1419 te;
1719 1347 1802 1413 et,
1835 1338 1924 1401 Ne
1953 1338 2148 1415 dicas,
2182 1336 2343 1409 Quo-

844 1440 1030 1501 modo
1059 1438 1213 1501 fecit
1244 1438 1424 1513 mihi,
1459 1438 1551 1499 sic
1580 1436 1805 1499 faciam
1839 1437 1918 1498 ei.
1943 1472 2023 1481 —
2053 1436 2339 1518 Denique

842 1536 1152 1599 induratis
1213 1536 1349 1599 istis
1403 1536 1656 1610 Judaeis,
1708 1535 1818 1617 qui
1878 1543 2007 1597 tam
2067 1534 2340 1597 faciliter

842 1644 1273 1718 proruperunt
1311 1636 1376 1696 in
1418 1635 1609 1697 verba
1647 1635 2105 1697 contumeliosa
2145 1641 2339 1715 atque

840 1734 1233 1816 blasphema,
1275 1734 1708 1796 assimilantur
1760 1733 2048 1797 homines
2099 1732 2340 1814 passio-

2450 748 2745 828 praecepti
2783 747 2862 808 de
2892 746 3314 809 celebratione
3350 746 3591 807 sabbati
3636 759 3748 827 per
3781 745 3926 829 Moy-

2450 863 2561 906 sen
2612 845 2763 919 dati,
2815 848 2983 905 milii
3030 847 3487 923 indiynamini
3532 847 3690 923 quia
3740 855 3923 905 totum

2449 946 2797 1013 hominem,
2848 944 2967 1007 boc
3014 952 3111 1005 est
3155 943 3571 1025 paralyticum
3630 943 3807 1004 illum
3866 943 3923 1004 in

2450 1060 2715 1124 corpore
2752 1051 2813 1104 et
2850 1044 3083 1115 anima,
3116 1062 3350 1103 sanum
3380 1044 3510 1123 feci
3537 1045 3607 1103 in
3639 1044 3928 1103 sabbato?

2450 1142 2632 1223 quasi
2691 1142 2859 1204 dicat
2913 1160 2926 1204 ε
2988 1140 3117 1205 Hoc
3175 1141 3355 1204 valde
3414 1141 3758 1203 absurdum
3814 1150 3926 1216 est,

2449 1259 2651 1320 quum
2703 1239 2904 1321 maj0r
2944 1248 3137 1321 atque
3185 1240 3402 1303 utilior
3445 1241 3529 1301 sit
3564 1240 3805 1302 curatio
3849 1248 3933 1303 to-

2448 1338 2576 1399 tius
2624 1338 2902 1402 hominis
2950 1358 3143 1420 quam
3189 1338 3591 1401 circumcisio
3635 1337 3929 1419 corporis.

2448 1434 2568 1497 Sed
2618 1444 2679 1497 et
2728 1437 2969 1498 curatio
3018 1436 3128 1498 illa
3174 1436 3552 1499 miraculose
3598 1436 3763 1498 facta
3808 1436 3936 1499 solo

2450 1534 2666 1609 verbo,
2702 1534 2839 1596 sine
2884 1534 3117 1607 labore,
3162 1534 3359 1616 magis
3408 1535 3655 1598 confert
3695 1536 3772 1596 ad
3808 1536 3936 1616 glo-

2450 1633 2608 1694 riam
2647 1633 2756 1695 Dei
2797 1652 2986 1714 quam
3030 1633 3451 1697 circumcisio.
3485 1633 3552 1695 ln
3590 1634 3712 1696 hoc
3750 1633 3937 1697 verbo

2448 1730 2785 1794 Salvatoris
2830 1751 2959 1812 quo
3002 1732 3177 1806 dicit,
3216 1731 3439 1795 'l'otum
3481 1732 3805 1795 hominem
3850 1750 3939 1793 sa-

839 1832 991 1908 nati,
1028 1832 1238 1896 vitiosi
1278 1839 1340 1894 et
1379 1832 1804 1913 impatienteS,
1839 1831 1951 1912 qui
1993 1831 2142 1893 licet
2182 1829 2336 1893 foris
2374 1831 2420 1893 B
2450 1848 2603 1892 num
2639 1829 2787 1905 feci,
2822 1829 3126 1892 fundatur
3168 1830 3326 1892 illud
3372 1830 3613 1892 dictum
3658 1850 3941 1894 commu-

836 1931 1078 2012 aliquid
1118 1931 1269 1993 boni
1309 1948 1494 2011 agere
1526 1930 1880 2003 videantur,
1916 1930 2088 1991 intus
2121 1937 2334 1991 tamen

839 2029 1248 2110 languoribus
1294 2029 1523 2090 animae
1571 2028 1744 2110 pleni
1797 2036 1965 2103 sunt,
2014 2028 2338 2110 praecipue

839 2127 1060 2191 morbo
1099 2127 1212 2208 qui
1244 2127 1498 2200 dicitur,
1530 2126 1668 2189 Noli
1709 2143 1811 2188 me
1850 2133 2126 2207 tangere.
2166 2126 2338 2189 Unde

839 2244 1040 2307 quum
1107 2245 1330 2308 parum
1400 2226 1757 2307 pulsantur,
1821 2232 2172 2305 tanguntur
2237 2224 2336 2287 vel

839 2324 1288 2397 exercitantur,
1323 2331 1628 2387 evomunt
1655 2342 1784 2404 quo
1819 2324 2171 2405 replentur.
2197 2323 2341 2386 Pro-

844 2432 1155 2507 rumpunt
1209 2424 1380 2485 enim
1439 2424 1503 2485 in
1554 2423 1746 2486 verba
1803 2423 2063 2486 malitiae
2111 2431 2175 2485 et
2235 2441 2342 2485 ne-

844 2524 1085 2606 quitiae,
1131 2523 1195 2586 in
1241 2522 1434 2585 verba
1481 2521 1721 2597 l'oetida,
1766 2522 2098 2605 pungitiva
2140 2530 2203 2585 et
2246 2522 2340 2583 in-

845 2622 1335 2687 ordinatissima.

925 2725 1299 2799 Propterea,
1350 2719 1467 2782 hoc
1514 2726 1610 2781 est
1662 2720 1740 2781 ad
1799 2718 2341 2800 praesigurandum

847 2839 1038 2903 opera
1087 2838 1248 2893 mea,
1301 2818 1411 2899 qui
1464 2817 1879 2900 spiritualiter
1927 2818 2338 2893 circumcidO,

2450 1947 2550 2002 ne,
2585 1930 2755 2009 quod
2800 1927 3084 1991 Christus
3130 1929 3373 1991 sanavit
3415 1929 3481 1990 in
3526 1929 3741 1991 anima
3779 1948 3937 2011 quos

2448 2028 2694 2089 curavit
2739 2027 2804 2089 in
2854 2045 3140 2109 corpore.
3184 2027 3291 2088 Dei
3333 2046 3607 2110 namque
3657 2027 3937 2111 perfecta
3964 2048 4222 2090 manu.

2449 2133 2599 2187 sunt
2644 2143 2878 2207 opera3
2929 2133 2993 2187 et
3047 2126 3287 2207 iniquis
3347 2127 3557 2207 potius
3615 2127 3794 2189 obest
3842 2113 4003 2189 so-⁴“

2450 2224 2645 2306 spitas
2694 2224 2901 2286 carnis
2946 2243 3139 2306 quam
3179 2225 3399 2307 prosit,
3442 2227 3597 2287 dum
3636 2225 3937 2287 exhibent
3966 2246 4207 2291 masma

2450 2323 2738 2385 membra
2780 2342 2894 2385 sua
2932 2342 3108 2385 arma
3150 2324 3505 2406 iniquitatis
3550 2333 3826 2406 peccato.

2552 2422 2768 2483 Nolite
2799 2423 3113 2498 judicare
3156 2426 3510 2489 secundum
3562 2426 3824 2503 faciem,
3874 2422 3937 2485 id

2451 2528 2548 2582 est
2575 2519 3087 2602 superficialiter,
3124 2522 3475 2583 secundum
3508 2522 3702 2584 solam
3741 2540 3939 2603 appa-

2454 2619 2743 2694 rentiam,
2792 2620 3143 2682 secundum
3194 2620 3374 2700 signa
3421 2620 3680 2692 incerta,
3716 2638 3943 2683 seeun-

2453 2718 2605 2779 dum
2637 2736 2894 2780 sensum
2924 2718 3321 2781 exteriorem.
3356 2718 3503 2780 Tale
3543 2736 3815 2800 namque
3840 2719 3944 2800 ju-

2455 2816 2693 2878 dicium
2726 2816 2959 2898 saepius
2990 2815 3308 2878 fallitSed
3320 2818 3583 2894 justum
3598 2819 3942 2895 judicium

4067 2434 4141 2488 24

847 2924 1121 2997 Moyses,
1172 2918 1294 2980 Deo
1349 2916 1634 2997 jubente,
1685 2918 1880 2987 dedic,
1935 2916 2055 2979 hoc
2103 2926 2220 2992 est,
2274 2917 2341 2978 in
2438 2915 2765 2991 judicate,
2798 2916 2915 2978 hoc
2956 2923 3073 2989 est,
3105 2914 3453 2995 judicando
3490 2915 3830 2977 discernite
3866 2935 3943 2978 ac

849 3018 1104 3099 scriptis
1136 3016 1376 3096 redegit
1405 3021 1596 3095 atquc
1628 3016 1978 3098 proposuit,
2013 3018 2187 3076 vobis
2216 3017 2344 3076 cir·
2382 3013 2424 3076 C
2456 3012 2753 3094 proferte,
2765 3013 3110 3093 judicando
3138 3015 3489 3076 secundum
3522 3014 3823 3077 rationem
3856 3015 3945 3076 in-

847 3119 1328 3188 cumcisionem,
1362 3116 1482 3177 hoc
1511 3122 1606 3176 est
1645 3122 2032 3198 praeceptum
2072 3116 2345 3177 circum-

849 3215 1108 3279 cisionis
1145 3214 1572 3277 masculorum
1606 3213 1671 3275 in
1703 3214 2036 3295 praeputio‚
2070 3214 2288 3277 dicens
2324 3234 2337 3279 :

846 3314 1157 3377 Masculus
1197 3312 1380 3393 cujus
1430 3311 1721 3393 praeputii
1775 3330 1918 3374 caro
1966 3311 2344 3375 circumcisa

849 3432 974 3475 non
1023 3418 1140 3486 est,
1189 3410 1506 3472 delebitur
1552 3409 1763 3471 anima
1822 3409 1931 3471 illa
1978 3411 2055 3472 de
2105 3412 2343 3494 populo

847 3529 983 3574 suo.
1021 3512 1162 3572 Non
1204 3510 1362 3588 quia
1399 3529 1480 3568 em
1509 3510 1726 3585 Moyse
1764 3518 1880 3577 esc,
1911 3508 2028 3572 hoc
2071 3517 2186 3583 est,
2222 3510 2343 3573 cir-

847 3609 1154 3673 cumcisio
1210 3606 1601 3687 originaliter
1657 3606 1798 3669 data
1853 3626 1926 3669 ac
1979 3607 2156 3688 jussa
2214 3628 2338 3672 non

846 3716 942 3771 est
982 3706 1194 3789 Moysi,
1227 3709 1336 3766 sed
1373 3726 1452 3765 ex
1481 3706 1806 3781 patribus,
1839 3705 1958 3767 hoc
1998 3714 2113 3779 est,
2149 3706 2341 3769 Patri-

846 3805 1056 3869 archis
1104 3806 1245 3866 data
1294 3810 1394 3865 est
1439 3802 1666 3885 primo.
1720 3802 1926 3865 Primo
1975 3804 2144 3865 enim
2200 3805 2341 3867 data

849 3913 943 3967 est
989 3902 1275 3976 Abrahae,
1331 3910 1402 3963 ut
1458 3909 1629 3983 patet
1675 3900 1741 3963 in
1792 3900 2058 3981 Genesi3
2113 3903 2340 3966 deinde

847 4002 1036 4075 Isaac,
1067 4000 1254 4063 Jacob
1293 4007 1354 4060 et
1393 3998 1727 4061 duodecim
1770 3998 2166 4062 Patriarchis.
2202 4000 2345 4065 Pro-

851 4109 991 4183 pter
1020 4100 1190 4181 quod
1219 4099 1296 4160 ad
1327 4097 1636 4160 Romanos
1667 4104 1932 4159 testatur
1960 4099 2298 4180 Apostolus
2324 4120 2337 4163 :

2453 3111 2787 3175 formatam
2856 3112 3211 3193 prudentia,
3274 3112 3619 3193 regulatam
3674 3112 3939 3193 justitia,

2454 3210 2898 3292 procedentem
2943 3212 3293 3272 secundum
3322 3212 3623 3274 ordinem
3661 3211 3843 3292 juris,
3878 3220 3945 3273 et

2453 3309 2779 3372 veritatem
2813 3308 2902 3371 rei
2934 3308 3271 3389 diligenter
3301 3319 3694 3391 pensantem.
3729 3309 3944 3373 Praeci-

2454 3408 2547 3490 pit
2592 3426 2742 3488 ergo
2790 3408 3073 3471 Christus
3118 3416 3189 3469 ut
3227 3408 3587 3488 judicemus
3634 3428 3709 3473 eo
3756 3412 3943 3473 modo

2451 3525 2581 3588 quo
2617 3506 2806 3568 Isaias
2850 3506 3142 3588 praedixit
3187 3507 3265 3569 de
3313 3507 3455 3589 ipso
3489 3526 3502 3569 :
3538 3507 3673 3571 Non
3720 3527 3943 3570 secun·
3974 3523 4131 3573 1211,
4158 3526 4237 3567 u.

2454 3607 2604 3668 dum
2656 3606 2965 3668 visionem
3006 3606 3275 3687 (inquit)
3321 3606 3651 3669 oculorum
3698 3607 3943 3688 judica-

2453 3706 2568 3779 bit,
2607 3723 2815 3786 neque
2854 3705 3203 3767 secundum
3242 3705 3531 3767 auditum
3568 3706 3817 3768 aurium
3848 3726 3943 3768 ar·

2452 3812 2633 3885 guet;
2677 3804 2785 3865 sed
2813 3802 3125 3883 judicabit
3153 3803 3219 3864 in
3247 3802 3511 3883 justitia.
3547 3803 3718 3877 Quod
3748 3805 3943 3885 igitur

2456 3903 2520 3964 in
2566 3901 2848 3964 Matthaeo
2894 3900 2983 3961 ait
3028 3899 3330 3976 Salvator,
3382 3901 3587 3965 Nolite
3631 3902 3937 3983 judicare,
3990 3918 4241 3961 uastas-³.

2457 4008 2525 4063 ut
2564 4019 2690 4064 non
2733 3998 3131 4080 judicemini,
3165 3999 3404 4062 dictum
3454 4009 3549 4063 est
3582 4003 3658 4063 de
3702 4002 3943 4082 judicio
3978 3984 4021 4023 ¹*

2455 4099 2831 4171 inordinato,
2866 4096 3164 4159 videlicet
3193 4099 3612 4179 usurpatorio,
3636 4100 3947 4209 suspicio-

851 4199 1001 4261 Dico
1056 4197 1268 4260 Jesum
1331 4196 1650 4258 Christum
1714 4195 2076 4260 ministrum
2144 4197 2343 4261 fuisse
2382 4194 2548 4271 Dso,
2593 4214 2912 4279 perverso.

851 4296 1376 4369 circumcisioniS,
1427 4297 1503 4357 ad
1556 4293 2023 4358 confirmandas
2076 4298 2347 4379 promis-

849 4396 1058 4460 siones
1117 4400 1391 4476 patrum.
1443 4392 1571 4455 Hoc
1618 4392 1902 4455 Christus
1959 4394 2211 4475 adjecit,
2265 4397 2342 4459 ad

849 4493 1296 4558 declarandum
1337 4491 1840 4571 magnitudinem
1887 4494 2184 4575 praecep‘ti
2226 4494 2347 4557 cir-

851 4592 1279 4656 cumcisionis.
1314 4593 1399 4652 E't
1438 4592 1509 4650 in
1547 4591 1824 4663 sabbato,
1861 4591 1980 4653 hoc
2021 4600 2116 4654 est
2156 4593 2345 4674 septi-

849 4712 952 4755 ma
1008 4692 1132 4766 die,
1184 4709 1326 4771 quae
1383 4689 1650 4751 celebris
1709 4695 1823 4764 est,
1875 4692 2345 4753 circumciditis

847 4793 1168 4853 hominem
1218 4787 1548 4850 infantem.
1602 4785 1990 4870 Praeccptum
2044 4790 2343 4870 equidem

850 4888 993 4963 suit,
1045 4895 1115 4949 ut
1171 4886 1380 4948 infans
1438 4894 1658 4950 octavo
1705 4886 1808 4948 die
1860 4886 2345 4950 circumcidere-

849 4996 976 5049 tur.
1012 4985 1168 5046 Dum
1201 5002 1348 5065 ergo
1389 4984 1762 5046 nascebatur
1801 4984 1866 5046 in
1909 4984 2191 5061 sabbato,
2226 4987 2347 5049 cir-

852 5084 1330 5148 cumcidebatur
1371 5082 1630 5145 sabbato
1673 5082 2112 5164 subsequenti.

933 5184 1012 5244 Si
1039 5183 1593 5242 circumcisionem
1623 5182 1859 5258 accipit
1885 5183 2074 5242 homo
2105 5183 2178 5242 in
2208 5183 2347 5243 sab-

2534 4294 2839 4377 Denique,
2872 4295 2949 4355 ad
2984 4294 3427 4356 rectitudinem
3461 4313 3571 4357 seu
3612 4296 3937 4359 veritatem

2451 4393 2673 4475 judicii
2709 4392 2907 4455 multa
2950 4392 3311 4472 exiguntur.
3348 4392 3577 4469 Primo,
3616 4402 3685 4456 ut
3725 4413 3943 4477 proce-

2456 4495 2560 4555 dat
2617 4510 2691 4553 ex
2754 4491 2997 4552 lumine
3055 4491 3331 4565 rationis
3381 4510 3505 4555 non
3564 4510 3641 4554 ex
3697 4494 3939 4577 impetu

2456 4590 2789 4673 passionis.
2823 4589 2909 4651 De
2946 4588 3065 4651 hoc
3097 4589 3295 4651 multa
3332 4590 3631 4653 dicuntur
3671 4592 3735 4653 in
3777 4593 3940 4658 libro

2452 4690 2564 4753 Job
2618 4708 2631 4752 :
2687 4696 2754 4749 ut
2802 4694 2897 4750 est
2945 4688 3126 4762 illud,
3177 4688 3497 4770 Numquid
3542 4691 3793 4773 sapiens
3846 4711 3943 4756 re-
3989 4710 4241 4759 mna„

2455 4787 2793 4871 spondebit
2820 4786 3001 4868 quasi
3033 4786 3099 4847 in
3134 4795 3391 4849 ventum
3422 4788 3709 4870 loquen5‚
3732 4797 3795 4851 et
3822 4792 3944 4853 im-

2456 4886 2656 4969 plebit
2686 4887 2911 4948 ardore
2952 4884 3346 4947 stomachum
3387 4890 3621 4949 suum?
3654 4886 3725 4949 Et
3756 4889 3937 4965 illud,

2454 4984 2613 5057 Quid
2656 4984 2867 5065 perdis
2908 4983 2972 5043 in
3012 4982 3228 5046 furore
3266 4983 3543 5046 animam
3584 4990 3799 5049 tuam?
3842 4987 3938 5064 Et,
4008 5006 4253 5053 mam.

2456 5082 2849 5164 Respondete
2878 5081 3121 5162 absque
3161 5082 3583 5145 contentione.
3618 5084 3943 5149 Passiones
3974 5072 4247 5182 {Mum

2457 5181 2701 5263 quippe
2744 5189 2953 5242 actum
2995 5179 3255 5242 rationis
3295 5179 3674 5262 impediunt.
3710 5183 3948 5247 Secun—

855 5282 1021 5347 bato,
1073 5280 1202 5341 imo
1248 5278 1401 5359 quia
1449 5278 1542 5340 sic
1591 5287 1705 5355 est,
1758 5289 1831 5340 ut
1879 5300 2010 5341 non
2057 5284 2349 5341 solvatur
2460 5280 2560 5355 do,
2626 5287 2695 5342 ut
2748 5279 2830 5341 sit
2886 5278 3023 5342 sine
3084 5297 3493 5360 personarum
3548 5282 3945 5364 acceptioue,
