4300 6259
124 4045 247 4085 Art.
270 4051 428 4090 xxzn,

94 4119 237 4148 vers.
260 4105 317 4145 Ι.

1254 501 1607 550 ENARRA'no
1650 501 1715 549 ΙΝ
1756 502 1893 550 GAP.
1942 502 2028 548 111
2072 501 2259 550 LucAE.
2307 523 2386 532 —
2429 504 2570 550 Am.
2617 501 2814 550 xxxin

3505 477 3585 552 625

457 691 563 746 θο,
595 680 941 754 antequam
983 671 1296 735 exteriora
1335 681 1397 734 θῖ
1438 673 1757 736 manualia
1784 691 1979 756 opera
2005 673 2056 733 A
2085 674 2226 754 ejus
2263 673 2576 750 voluntas„
2610 694 2808 750 amor,
2844 675 3200 749 clementia,
3237 683 3386 737 sunt
3428 675 3586 739 ratio

456 770 935 850 aggrediamur,
970 769 1180 850 primo
1209 789 1497 852 quaerere
1539 772 1844 834 debemus
1883 791 1978 834 re-

455 886 667 949 gnum
700 870 981 942 coeleste,
1016 869 1215 931 Deum
1244 871 1507 946 orando,
1538 871 1756 934 divina
1786 872 1977 933 medi-

456 968 680 1040 tand0,
717 976 997 1030 mentem
1040 968 1120 1028 ad
1157 968 1357 1030 Deum
1400 970 1691 1044 levando,
1726 969 1976 1031 Missam

458 1066 808 1139 audiendo,
850 1073 959 1128 aut
1009 1066 1247 1128 similia
1295 1067 1463 1130 bona
1509 1069 1752 1149 agendo
1798 1087 1811 1132 :
1857 1069 1978 1130 sic-

458 1182 597 1245 que
625 1166 703 1227 ad
735 1165 856 1228 hoc
889 1165 1245 1248 principale
1274 1166 1514 1230 bonum
1548 1175 1756 1230 cetera
1784 1185 1977 1248 opera

458 1272 685 1326 nostra
714 1261 954 1325 referre
985 1263 1315 1326 debemus.
1351 1263 1471 1327 Sed
1504 1265 1674 1327 istud
1706 1265 1976 1348 implere

460 1381 597 1425 non
644 1363 813 1426 valet
860 1363 1073 1437 homo,
1114 1366 1426 1446 quamdiu
1477 1366 1539 1433 iu
1593 1365 1844 1428 mortali
1885 1366 1978 1447 ja-

458 1470 565 1524 cet
610 1470 889 1544 peccato.
922 1461 1083 1525 Hinc
1123 1463 1409 1545 quotidie
1448 1465 1843 1527 discutienda
1882 1473 1978 1528 est

460 1559 897 1640 conscientia3
930 1568 993 1622 θῖ
1033 1561 1085 1623 si
1119 1563 1197 1624 de
1238 1571 1497 1644 peccato
1534 1563 1785 1625 mortali
1830 1582 1979 1626 con-

459 1657 641 1720 scius
690 1658 815 1720 sibi
866 1659 1063 1721 fuerit
1111 1660 1323 1734 homo,
1358 1661 1569 1722 statim
1619 1661 1981 1724 cordialiter

460 1757 698 1831 doleat,
744 1757 993 1820 veniam
1043 1767 1280 1840 poscat,
1317 1758 1635 1834 confiteri,
1680 1760 1879 1822 vitare
1918 1768 1981 1822 et

2085 772 2657 854 praedestinationis
2688 781 2750 835 θῖ
2773 774 2991 854 gratiae
3020 780 3256 848 vestrm,
3277 793 3387 835 scu
3419 793 3584 836 com·

2085 871 2416 951 placentiae
2475 890 2602 952 qua
2650 871 2707 932 ei
2766 872 3150 953 complacuit
3205 873 3353 933 dare
3403 871 3582 935 vobis

2086 986 2355 1048 regnum
2395 970 2724 1044 coelorum,
2760 978 2823 1032 θῖ
2852 970 3015 1032 dona
3050 970 3266 1050 gratiae
3297 987 3412 1051 per
3440 988 3584 1050 quae

2085 1066 2244 1128 illud
2275 1067 2644 1130 mereamini
2684 1068 2974 1150 adipisci.
3009 1067 3167 1130 Hinc
3197 1067 3530 1131 Christus
3517 1087 3581 1128 m

2082 1165 2319 1227 Joanne
2368 1165 2455 1228 ait
2496 1166 2878 1248 discipulis,
2911 1165 3046 1230 Non
3087 1185 3196 1228 vos
3244 1185 3346 1228 me
3395 1166 3586 1247 elegi·
3627 1181 3828 1225 Joanm
3833 1195 3876 1232 v,

2087 1264 2223 1338 stis,
2259 1265 2367 1326 sed
2405 1281 2520 1345 ego
2558 1265 2718 1345 elegi
2751 1283 2884 1328 vos.
2918 1263 2993 1326 Et
3028 1265 3231 1326 alibi.
3268 1264 3584 1328 Confiteor
3615 1247 3807 1350 ’ζωὴ
3816 1319 3874 1358 ῃ,

2087 1362 2228 1436 tibi,
2260 1361 2459 1436 Pater,
2493 1363 2646 1444 quia
2681 1363 3067 1426 abscondisti
3099 1364 3233 1426 haec
3270 1383 3308 1425 a
3336 1364 3587 1445 sapien-
3613 1372 3680 1422 2⁵
3701 1371 3769 1411 2⁶

2089 1461 2261 1523 tibus
2301 1469 2364 1522 et
2401 1462 2844 1542 prudentibuS,
2878 1469 2940 1524 et
2985 1462 3276 1524 revelasti
3325 1481 3398 1525 ea
3447 1481 3586 1544 par-

2091 1559 2258 1621 vulis
2293 1576 2307 1621 :
2343 1560 2556 1634 etiam,
2599 1560 2797 1635 Pater,
2840 1560 2993 1641 quia
3031 1560 3124 1622 sic
3162 1560 3400 1642 placuit
3440 1569 3586 1624 ante

2093 1665 2175 1718 te.
2211 1657 2546 1739 Apostolus
2575 1677 2832 1740 quoque
2862 1659 2939 1721 ad
2969 1658 3276 1740 Ephesios
3305 1659 3538 1722 fatetur
3567 1679 3581 1723 z

2092 1754 2254 1816 Deus
2294 1755 2766 1836 praedcstinavit
2803 1776 2916 1820 nos
2958 1756 3022 1818 in
3064 1757 3469 1838 adoptionem
3509 1758 3588 1820 fi·
3615 1771 3782 1828 Bphoe.
3798 1775 3876 1823 1‚⁵.

460 1853 837 1917 satisfacere
885 1875 959 1917 ac
997 1858 1337 1918 emendare
1387 1856 1663 1920 firmiter
1712 1859 1983 1938 integra-
2017 1848 2062 1910 Β
2092 1853 2326 1916 liorum
2393 1871 2506 1935 pet·
2559 1853 2772 1916 lesum
2832 1853 3173 1930 Christum,
3237 1857 3584 1918 secundum

460 1953 747 2034 literque
796 1961 1130 2036 proponat.
1168 1958 1252 2017 E't
1300 1957 1435 2018 hoec
1480 1959 1727 2028 omnia,
1772 1956 1833 2018 id
1886 1965 1981 2019 θεῖ

462 2051 786 2133 corporali
825 2051 975 2115 vitae
1021 2052 1401 2128 necessaria,
1433 2056 1839 2132 adjicientur
1876 2076 1981 2116 vo-

461 2153 595 2220 bis,
616 2151 680 2212 id
712 2157 829 2224 θεῖ,
856 2150 1167 2213 divinitus
1199 2153 1649 2228 concedentur,
1677 2161 1980 2235 tanquam

459 2248 687 2310 minus
730 2248 1131 2330 principalia.
1166 2248 1379 2313 Nihilo
1416 2250 1629 2312 minus
1672 2251 1861 2314 homo
1891 2251 1984 2314 sa-

462 2365 615 2409 cere
646 2347 835 2410 debet
864 2349 1038 2428 quod
1076 2349 1153 2410 ad
1186 2367 1376 2410 suum
1418 2350 1694 2431 pertinet
1723 2357 1978 2426 statum,

460 2454 527 2507 et
581 2446 754 2527 quod
803 2445 871 2506 in
920 2464 989 2508 se
1046 2455 1163 2520 θεῖ,
1218 2465 1299 2508 ne
1350 2447 1433 2509 sit
1491 2447 1673 2529 quasi
1733 2456 1983 2510 tentans

464 2543 695 2606 Deum.

548 2641 713 2706 Ecce
744 2661 861 2725 per
891 2643 1086 2705 verba
1123 2651 1187 2705 θῖ
1217 2645 1599 2706 documenta
1637 2644 1985 2726 praehabita

464 2742 657 2803 docet
695 2759 816 2804 nos
850 2739 1135 2803 Christus
1176 2741 1597 2804 certissimam
1638 2742 1873 2804 habere
1910 2741 1984 2804 fi-

466 2839 619 2902 dem
667 2840 746 2901 de
800 2839 1199 2920 providentia
1248 2838 1381 2914 Dei,
1420 2839 1676 2922 plenam
1726 2859 1985 2922 quoque

468 2937 803 3019 possidere
844 2935 1150 2999 fiduciam
1188 2939 1267 2999 ad
1306 2938 1529 3013 Deum,
1564 2946 1865 3020 tanquam
1906 2940 1985 3001 ad

2093 1953 2490 2033 propositum
2532 1952 2872 2015 voluntatis
2914 1971 3065 2015 suae.
3104 1954 3386 2035 Itemque
3424 1954 3590 2017 Psal—

2090 2049 2278 2111 mista
2311 2069 2325 2112 t
2359 2050 2694 2113 Brachium
2733 2069 2954 2114 eorum
2993 2070 3118 2114 non
3161 2053 3425 2117 salvavit
3454 2071 3584 2128 θοε,
3618 2067 3694 2110 P·-
3715 2069 3878 2116 xum.

2092 2148 2336 2210 scilicet
2383 2157 2592 2230 patres
2643 2157 2939 2229 nostros3
2993 2151 3102 2212 sed
3148 2153 3402 2213 dextera
3455 2160 3584 2225 tua,

2091 2248 2396 2329 quoniam
2438 2248 2876 2329 complacuisti
2923 2249 2988 2310 in
3031 2249 3146 2311 eis.

2191 2349 2454 2406 Vendite
2492 2367 2635 2426 quoe
2663 2348 3025 2423 possidetis,
3060 2357 3118 2409 ec
3146 2352 3294 2408 date
3332 2352 3590 2409 eleemo-
3723 2355 3794 2410 33

2090 2464 2348 2520 synam.
2383 2443 2509 2506 Hoc
2549 2444 2890 2507 consilium
2929 2453 3024 2506 θεῖ
3063 2445 3495 2526 perfectioniS‚
3529 2456 3590 2509 et

2093 2560 2254 2622 opus
2303 2542 2899 2622 supererogationiS,
2955 2543 3008 2604 si
3063 2543 3148 2605 ita
3201 2545 3591 2627 intelligatur

2096 2647 2168 2700 ut
2212 2638 2426 2702 omnia
2475 2639 2730 2701 vendita
2776 2641 3006 2702 dentur
3055 2643 3464 2724 pauperibus,
3505 2644 3591 2706 ita

2094 2738 2266 2818 quod
2297 2737 2590 2801 venditor
2618 2737 2707 2799 nil
2749 2738 3083 2820 proprium
3123 2740 3245 2802 sibi
3287 2750 3585 2806 reservet.

2094 2835 2158 2896 Si
2191 2854 2341 2898 vero
2381 2836 2545 2896 ultra
2583 2835 2722 2910 hoc,
2757 2836 2946 2898 etiam
2985 2839 3064 2899 de
3093 2846 3302 2902 cetero
3334 2841 3411 2902 de
3447 2859 3592 2922 pro·-

2097 2934 2253 3015 priis
2294 2932 2618 2996 laboribus
2660 2934 2850 3010 vivat,
2885 2943 2947 2997 θῖ
2994 2936 3422 3020 eleemosynas
3472 2939 3592 3000 lar-

470 3033 931 3096 l'idelissimum
979 3041 1247 3116 patrem,
1290 3035 1711 3117 omniumque
1750 3035 1987 3098 infalli-
2022 3034 2065 3097 C
2092 3033 2322 3113 giatur,
2348 3033 2512 3095 sicut
2542 3051 2610 3095 se
2639 3033 2867 3096 fecisse
2895 3033 3123 3096 Paulus
3152 3044 3436 3112 testatur,
3470 3038 3591 3100 erit
3631 3051 3762 3094 Aeu
3767 3053 3879 3102 xm:

472 3133 677 3194 bilem
724 3133 1145 3214 provisorem.
1188 3131 1449 3215 Propter
1487 3136 1660 3245 quod
1696 3135 1785 3196 ait
1823 3134 1989 3197 Psal-

420 3231 719 3294 .mista:
750 3230 974 3295 Junior
1019 3229 1139 3300 fui,
1191 3233 1427 3294 etenim
1478 3233 1698 3312 senui3
1748 3241 1811 3295 et
1858 3253 1983 3297 non

476 3329 613 3392 vidi
658 3329 908 3410 justum
956 3329 1355 3405 derelictum,
1408 3349 1523 3393 nec
1576 3349 1793 3393 semen
1845 3331 1984 3412 ejus

470 3444 775 3511 quaerens
821 3445 1073 3509 panem.

554 3525 679 3588 Sed
728 3526 883 3607 quia
922 3525 1285 3589 sollicitudo
1328 3525 1659 3608 superflua
1701 3546 1778 3590 ex
1818 3529 1986 3592 inor-

469 3623 693 3687 dinato
734 3623 963 3686 timore
1005 3623 1311 3706 procedit,
1351 3622 1638 3686 Christus
1678 3625 1869 3687 talem
1908 3626 1985 3688 ti-

470 3739 719 3785 morem
768 3722 953 3784 docet
1000 3721 1352 3797 vitandum,
1392 3723 1627 3802 datque
1676 3721 1981 3786 fiduciam

468 3820 805 3902 quaerendi
840 3839 1108 3900 regnum
1138 3821 1471 3884 coelorum.
1508 3823 1729 3885 Nolite
1762 3824 1983 3883 timere

468 3919 715 3983 carnali
760 3927 871 3981 aut
908 3920 1193 3982 saeculari
1238 3919 1486 3984 timore.
1521 3921 1607 3982 De
1646 3922 1981 4003 speciebus

464 4027 688 4081 autem
730 4018 978 4081 timoris
1018 4017 1261 4081 dictum
1300 4027 1396 4080 est
1433 4020 1702 4083 articulo
1740 4021 1984 4082 tricesi-

468 4137 581 4181 mo
612 4118 910 4179 secundo.
948 4119 1251 4179 Pusillus
1278 4137 1461 4195 yreoe,
1496 4119 1559 4180 id
1590 4125 1685 4180 θεῖ
1724 4138 1855 4194 νοε,
1890 4118 1984 4190 ἀὶτ

3617 3126 3728 3164 xxiv,
3760 3115 3808 3154 1.
3821 3113 3880 3164 31

3619 3175 3879 3232 c·.or1x,12,

2096 3229 2347 3310 ligatur,
2391 3237 2457 3291 ut
2501 3231 2757 3293 vendita
2805 3231 3035 3313 partim
3087 3233 3315 3294 dentur
3353 3254 3588 3316 paupe-
3619 3239 3685 3281 ¹⁵·

2096 3327 2296 3402 ribuS,
2348 3335 2410 3389 et
2459 3328 2689 3410 partim
2735 3337 3102 3391 remaneant
3150 3332 3461 3395 venditori
3509 3335 3586 3396 ad

2095 3426 2450 3488 necessaria
2499 3427 2663 3501 vitai,
2715 3427 2838 3489 erit
2887 3428 3246 3504 consilium,
3300 3431 3408 3492 sed
3461 3450 3586 3494 non

2095 3524 2474 3608 perfectum.

2153 3625 2373 3686 Facite
2395 3625 2568 3684 vobis
2584 3629 2866 3684 sacculos
2884 3627 3004 3704 qui
3021 3646 3150 3686 non
3172 3637 3584 3698 veterascunt,

2096 3723 2160 3785 id
2191 3730 2306 3797 est,
2341 3722 2537 3785 nolite
2568 3720 2632 3783 in
2675 3722 2794 3785 hoc
2832 3722 3063 3785 saeculo
3103 3725 3404 3805 pecunias
3441 3745 3589 3789 con-

2092 3839 2374 3902 gregare,
2418 3828 2610 3902 atque
2659 3820 2724 3882 in
2774 3821 2986 3883 bursis
3035 3840 3146 3884 seu
3196 3824 3586 3905 repositoriis

2096 3918 2622 4001 corruptibilibus
2655 3937 2890 4000 ponere
2916 3920 2993 3981 ad
3024 3923 3427 3984 commodum
3461 3923 3589 4005 pri-

2096 4027 2312 4080 vatum
2343 4023 2406 4078 et
2434 4016 2898 4096 inordinatum3
2933 4019 3041 4079 sed
3073 4018 3138 4080 in
3171 4037 3364 4100 regno
3397 4022 3588 4085 coelo-

2096 4135 2238 4177 rum
2268 4134 2371 4176 eas
2407 4115 2706 4195 colligite,
2742 4117 2946 4178 dando
2981 4134 3085 4178 eas
3125 4119 3311 4181 modo
3345 4121 3581 4199 egeniS,

2097 3151 2258 3213 opus
2307 3131 2488 3194 valde
2533 3131 2910 3213 perfectum.
2955 3131 3017 3194 Si
3064 3152 3213 3196 vero
3263 3135 3355 3197 sic
3404 3135 3656 3218 intel-0

468 4214 709 4297 scipuli
760 4215 1088 4295 ceterique
1125 4214 1337 4289 electi,
1369 4217 1482 4296 qui
1537 4217 1753 4298 pusilli
1804 4217 1977 4292 estis,
2014 4221 2063 4281 D
2093 4223 2164 4277 ut
2221 4214 2309 4276 ibi
2361 4213 2699 4275 inveniatis
2746 4216 3126 4277 mercedem.
3173 4215 3588 4288 Quemadmo-

466 4313 779 4394 quoniam'
822 4312 1101 4374 humiles
1141 4312 1207 4374 in
1252 4313 1455 4376 oculis
1492 4314 1740 4390 vestriS‚
1774 4323 1838 4377 et
1877 4335 1985 4398 pa-

468 4431 621 4474 rum
672 4411 947 4492 reputati
996 4411 1076 4474 ab
1125 4411 1290 4486 aliis,
1345 4412 1661 4494 paucique
1716 4432 1983 4478 numero

126 4527 431 4576 κωκυ.
470 4515 771 4591 respectu
822 4509 1267 4591 reproborum.
1304 4509 1477 4571 Multi
1528 4511 1699 4572 enim
1752 4513 1977 4588 vocati,

110 4598 187 4642 ἱὸς
208 4605 333 4640 uu,
350 4592 427 4632 14.

468 4607 663 4692 pauci
718 4606 928 4669 electi.
983 4609 1303 4677 Quoniam
1354 4611 1743 4686 complacuit
1784 4613 1983 4672 Patri

465 4716 707 4774 vestro,
737 4706 859 4770 hoc
899 4715 995 4768 θεῖ
1032 4705 1159 4768 Deo
1200 4707 1465 4770 creatori
1506 4707 1619 4788 qui
1660 4726 1769 4771 vos
1823 4727 1982 4790 prae-

463 4804 839 4879 destinavit,
890 4807 1050 4865 dare
1106 4807 1280 4866 vobis
1338 4826 1611 4884 reynum
1672 4807 1979 4870 coelorum

466 4909 619 4984 post
647 4903 843 4965 vitam
884 4910 1263 4984 praesent-em
1304 4903 1369 4964 in
1411 4921 1477 4964 re
1516 4911 1579 4965 et
1615 4904 1803 4986 plena
1841 4925 1979 4988 pos·

467 5000 779 5076 sessione,
834 5019 1007 5063 nunc
1054 5009 1267 5064 autem
1317 5002 1384 5064 in
1432 5021 1545 5084 spe
1594 5012 1655 5065 et
1702 5005 1979 5084 quodam

466 5108 821 5182 praegustu.
855 5099 932 5162 Et
980 5100 1101 5163 hoc
1139 5101 1380 5183 placuit
1418 5101 1542 5163 sibi
1587 5101 1667 5163 ab
1716 5111 1974 5180 aeterno,

468 5199 621 5261 dare
652 5197 837 5262 vobis
869 5199 1006 5262 haec
1040 5199 1209 5263 hona
1238 5207 1525 5282 tempore
1565 5199 1705 5282 ipso
1748 5220 1981 5283 praeor-

469 5297 710 5372 dinato,
764 5297 853 5359 ita
898 5297 1073 5380 quod
1133 5316 1260 5361 non
1309 5305 1517 5362 vestra
1566 5298 1813 5374 merita,
1868 5302 1977 5364 sed

717 5429 785 5482 Τ.
820 5430 903 5482 12.

2093 4315 2246 4374 dum
2277 4311 2338 4374 S.
2371 4312 2746 4373 Laurentius
2777 4311 2962 4374 Decio
2997 4313 3156 4376 dixit
3189 4333 3203 4377 t
3239 4315 3584 4378 Facultates

2092 4410 2388 4472 Ecclesiae
2433 4428 2592 4491 quas
2652 4411 2948 4492 requiriS,
3001 4411 3065 4473 in
3116 4413 3403 4476 coelcstes
3451 4415 3587 4477 the-

2092 4527 2310 4572 sauros
2367 4526 2594 4570 manus
2654 4527 3009 4591 pauperum
3067 4511 3578 4593 deportaverunt.

2090 4607 2250 4669 Hinc
2298 4606 2594 4668 subditur
2636 4625 2648 4668 ε
2695 4610 3068 4668 thesaurum
3117 4630 3244 4670 non
3282 4614 3584 4689 deficien-

2092 4717 2215 4767 tem
2244 4707 2317 4767 in
2348 4707 2521 4766 coelis
2550 4726 2573 4766 .·
2602 4705 2754 4786 quia
2783 4705 2850 4768 hi
2881 4706 3116 4769 sacculi
3157 4715 3306 4769 sunt
3334 4709 3584 4771 thesau—

2091 4824 2200 4866 rus
2249 4803 2524 4867 coelestis
2573 4822 2901 4884 nunquam
2951 4804 3279 4880 deficienS,
3322 4807 3442 4870 hoc
3488 4817 3584 4870 θεῖ

2091 4904 2316 4966 merita
2345 4902 2600 4984 copiosa
2631 4909 2692 4964 et
2721 4902 2958 4966 divitiae
2987 4903 3317 4968 interiores
3348 4923 3462 4988 per
3491 4907 3585 4969 in·

2088 5004 2438 5067 tentionem
2487 5002 2553 5063 in
2603 5001 2765 5064 coelo
2813 5002 3106 5083 reposita,
3153 5021 3269 5084 per
3313 5023 3458 5086 quae
3504 5007 3581 5068 ad

2091 5121 2356 5184 regnum
2407 5099 2743 5163 devenitur
2783 5100 3075 5182 coeleste;
3118 5121 3242 5181 quo
3290 5104 3411 5180 fur
3451 5125 3580 5167 non

2088 5202 2456 5280 appropiat,
2500 5219 2703 5278 neque
2751 5201 2925 5259 tinea
2967 5204 3326 5280 corrumpit
3366 5223 3388 5262 .·
3429 5203 3582 5284 quia

2091 5300 2156 5362 in
2213 5298 2375 5361 coelo
2429 5297 2604 5359 nulla
2655 5303 2750 5358 est
2801 5297 3120 5373 violentia,
3173 5299 3350 5362 nulla
3405 5300 3580 5382 inju-

3303 5436 3335 5486 5
