4300 6259
794 499 873 562 54
1578 518 1923 565 nmmum-io
1968 519 2030 564 m
2072 519 2210 564 car.
2257 519 2345 564 xu
2387 518 2573 564 mem.
2621 539 2702 549 —
2742 519 2884 565 Ait-r.
2931 520 3104 566 xxxu

794 689 1000 750 cunda
1030 691 1340 763 secundae,
1375 689 1723 770 quaestionc
1752 690 1811 763 3,
1846 691 2046 763 docet,
2082 691 2288 751 dicen·
2317 690 2367 750 A
2401 691 2570 753 tione
2618 709 2762 770 quae
2807 709 2919 772 per
2963 690 3406 752 contritionem
3449 688 3694 750 deletur
3735 705 3748 748 :
3793 685 3887 746 sic

794 788 873 848 do
907 805 920 848 :
957 786 1278 849 Confessio
1326 787 1478 851 fidei
1528 808 1727 870 quum
1776 789 1857 850 sit
1904 789 2057 870 quid
2110 787 2288 850 affir-

792 884 1123 960 mativum,
1168 905 1294 948 non
1344 887 1468 948 nisi
1518 886 1635 948 suh
1685 885 2071 949 affirmativo
2120 887 2287 948 cadit

794 991 1130 1064 praecepto.
1169 983 1357 1047 Porro
1401 993 1713 1066 praecepta
1751 984 2135 1047 affirmativa
2175 984 2286 1048 oh-

792 1080 987 1160 ligant
1037 1099 1311 1163 semper,
1358 1084 1467 1144 sed
1515 1103 1639 1146 non
1678 1085 1751 1145 ad
1800 1101 2051 1164 semper
2096 1103 2107 1146 :
2155 1083 2284 1145 imo

790 1178 1073 1259 obligant
1111 1180 1314 1242 solum
1349 1200 1462 1261 pro
1497 1181 1633 1244 loco
1663 1190 1725 1244 et
1761 1189 2067 1263 tempore,
2102 1190 2164 1243 et
2195 1199 2285 1243 se-

792 1278 1072 1339 cundum
1102 1278 1255 1340 alias
1288 1279 1790 1342 circumstantias
1820 1282 1894 1342 ad
1926 1288 2135 1342 actum
2169 1280 2286 1342 vir·

794 1375 945 1437 tutis
978 1376 1330 1457 requisitas
1356 1378 1571 1459 Itaque
1601 1377 1797 1440 fidem
1828 1397 1939 1440 seu
1972 1378 2282 1441 Christum

795 1474 1085 1537 confiteri
1118 1495 1325 1538 coram
1368 1476 1736 1551 increduliS,
1770 1485 1923 1540 tunc
1954 1478 2161 1540 solum
2191 1485 2287 1539 est

794 1575 1218 1636 necessarium
1266 1576 1345 1636 ad
1393 1576 1681 1651 salutem,
1716 1578 1970 1658 quando
2017 1596 2132 1658 per
2170 1577 2288 1638 hu-

790 1673 895 1754 jus
925 1680 1101 1734 actus
1140 1672 1547 1736 omissionem
1587 1674 1789 1737 honor
1817 1673 1923 1736 Dei
1961 1675 2286 1736 subtrahe-

794 1778 987 1844 retur,
1022 1778 1131 1832 aut
1182 1771 1615 1852 proximorum
1666 1773 1925 1834 utilitas,
1959 1773 2021 1834 Si
2070 1781 2282 1834 autem

794 1867 955 1930 fides
1006 1869 1327 1931 videretur
1383 1871 1748 1952 periclitari,
1802 1879 1953 1933 tunc
2011 1872 2284 1953 quilibet
2322 1872 2367 1932 B
2399 1883 2564 1938 tetur
2603 1875 2993 1949 hominibuS,
3026 1873 3300 1955 Spiritus
3339 1880 3551 1934 autem
3594 1871 3892 1952 blasphe-

792 1974 1042 2028 tenetur
1086 1966 1284 2029 fidem
1336 1968 1591 2048 publice
1644 1969 1957 2032 confiteri.
2008 1969 2182 2042 Quod
2231 1970 2282 2032 si

793 2083 871 2126 ex
920 2064 1071 2126 fidei
1122 2064 1519 2128 confessione
1566 2067 1767 2147 maj0r
1808 2067 2079 2129 oriretur
2124 2069 2287 2130 sedi-

793 2163 903 2236 tio,
954 2172 1063 2226 aut
1112 2164 1471 2226 infidelium
1518 2164 1747 2240 irrisio,
1800 2174 1862 2227 et
1910 2167 2084 2229 nulla
2143 2187 2288 2249 pro-

798 2262 1113 2324 ximorum
1168 2262 1427 2338 utilitas,
1479 2271 1632 2326 tunc
1682 2283 1806 2326 non
1858 2273 2023 2327 esset
2071 2266 2287 2327 lauda-

518 2370 767 2424 Mauh-vu.
795 2361 924 2423 hile
964 2361 1162 2423 fidem
1206 2361 1519 2438 confiteri,
1564 2381 1643 2425 ne
1685 2364 1949 2426 canibus
1997 2373 2284 2428 sanctum

796 2461 994 2522 detur.

876 2558 1212 2632 Postremo,
1249 2567 1475 2641 praeter
1506 2568 1865 2642 praetactam
1905 2562 2284 2624 laudabilem

796 2654 1280 2731 confessionem,
1314 2676 1457 2738 quae
1495 2666 1589 2720 est
1628 2658 1781 2720 fidei
1822 2666 2019 2733 actus,
2053 2669 2149 2722 est
2182 2663 2289 2722 ad-

796 2754 921 2816 huc
970 2755 1205 2836 duplex
1254 2755 1566 2818 confessio
1616 2756 1896 2820 virtuosa
1947 2776 1960 2820 :
2012 2778 2286 2840 quarum

799 2871 924 2915 una
954 2861 1048 2916 est
1086 2863 1261 2916 actus
1305 2855 1521 2930 latriae,
1558 2865 1710 2938 puta
1740 2857 2014 2921 laudatio
2042 2858 2175 2932 Dei,
2210 2861 2286 2921 de

507 2973 768 3079 istum,
798 2971 925 3034 qua
974 2952 1177 3014 fertur
1225 2953 1286 3015 in
1342 2953 1606 3030 Psalmo,
1660 2954 2093 3018 Confiteantur
2141 2957 2282 3032 tihi,

798 3149 1207 3231 poenitentiae,
1242 3159 1462 3231 estque
1500 3151 1814 3215 accusatio
1856 3153 2129 3235 propriae
2159 3154 2291 3215 cul-

502 3266 767 3320 Jaeob.v.¹a
800 3268 915 3330 pae‚
959 3249 1037 3310 de
1079 3267 1205 3330 qua
1239 3248 1504 3312 lacobus
1542 3250 1631 3311 ait
1676 3251 1996 3332 apostolus
2032 3270 2045 3313 :
2081 3252 2290 3316 Confi-

798 3347 1017 3408 temini
1061 3345 1436 3408 alterutrum
1480 3356 1735 3428 peccata
1778 3358 2005 3410 vestra.

875 3445 1183 3506 Debemus
1216 3462 1363 3526 ergo
1394 3445 1714 3509 Christum
1745 3446 2036 3509 confiteri
2076 3457 2290 3511 mente

792 3551 853 3606 et
899 3562 1030 3619 ore,
1066 3543 1193 3606 imo
1242 3551 1306 3605 et
1350 3561 1562 3625 opere,
1596 3563 1806 3608 eoram
1857 3547 2125 3608 cunctis,
2163 3545 2289 3608 Ali-

795 3643 907 3724 qui
949 3661 1096 3706 vero
1134 3643 1265 3705 fide
1315 3643 1574 3705 informi
1612 3651 1675 3705 et
1711 3662 1820 3706 ore
1863 3644 2033 3705 inani
2076 3663 2286 3708 coram

797 3741 1098 3804 fidelihus
1136 3741 1457 3805 Christum
1497 3742 1831 3804 Dominum
1876 3744 2284 3818 confitentur,

528 3853 755 3902 wama.
799 3842 906 3902 sed
950 3859 1139 3921 opere
1188 3848 1437 3921 negant,
1479 3840 1658 3922 juxta
1706 3841 1866 3904 illud
1901 3861 1914 3905 ε
1950 3842 2180 3907 Dicunt
2221 3863 2289 3906 se

799 3957 983 4001 nosse
1029 3939 1247 4012 Deum,
1300 3938 1483 4000 factis
1532 3947 1743 4001 autem
1793 3951 2042 4022 negant.
2086 3943 2286 4006 Factis

798 4037 1041 4118 quippe
1086 4037 1468 4116 (secundum
1515 4035 1827 4119 Glossam)
1874 4047 2056 4120 negat
2107 4039 2285 4102 Chri-

799 4142 988 4208 stum,
1031 4135 1142 4215 qui
1182 4134 1319 4215 ejus
1360 4134 1755 4217 jussionibus
1800 4156 1923 4199 non
1968 4137 2203 4200 obedit.

2398 789 2570 850 enim
2615 789 2830 851 Petrus
2875 789 3147 869 negavit.

2478 893 2564 951 Ec
2599 891 2810 950 omnis
2857 891 2974 968 qui
3011 890 3174 948 dicit
3213 889 3474 947 verbum
3521 888 3592 946 in
3633 887 3889 947 Filium
4049 889 4128 944 10

2397 989 2702 1060 hominia,
2743 989 3109 1048 remittetur
3139 987 3285 1057 icli,·
3311 987 3374 1044 ei
3411 995 3627 1046 autem
3661 985 3777 1062 qui
3815 984 3886 1041 in

2396 1087 2728 1163 Spiritum
2777 1089 3096 1148 Sanctum
3151 1083 3708 1160 blasphemaverit,
3757 1101 3888 1140 non

2397 1188 2782 1246 remittetur.
2823 1185 3024 1246 Locus
3083 1184 3224 1257 iste,
3276 1182 3628 1244 secundum
3677 1180 3890 1260 Augu-

2398 1283 2659 1358 stinum‚
2712 1283 2798 1344 ita
2851 1281 3140 1344 difficilis
3193 1288 3308 1354 est,
3363 1288 3431 1341 ut
3487 1279 3592 1341 vix
3646 1279 3711 1340 in
3765 1286 3894 1340 tota

2396 1382 2722 1463 Scriptura
2771 1381 3074 1444 canonica
3119 1379 3362 1461 aliquid
3413 1377 3744 1440 difficilius
3795 1376 3893 1438 in-

2397 1481 2708 1544 veniatur.
2743 1479 3051 1562 Denique,
3087 1486 3156 1539 ut
3193 1479 3333 1559 ejus
3371 1475 3717 1538 difficultas
3755 1476 3892 1536 elu-

2395 1587 2551 1655 ceat,
2603 1578 3062 1641 advertendum
3111 1577 3266 1658 quid
3319 1576 3428 1638 alii
3477 1573 3890 1654 Evangelistae

2396 1677 2819 1740 conscribant.
2869 1677 3085 1756 ltaque
3135 1675 3200 1736 in
3248 1673 3531 1736 Matthaeo
3579 1672 3888 1754 scriptum

2396 1785 2491 1839 est
2525 1796 2538 1839 :
2575 1776 2772 1839 Omne
2803 1784 3132 1859 peccatum
3164 1783 3228 1836 et
3256 1772 3652 1856 blasphemia
3681 1772 3893 1834 remit·
3919 1791 4222 1896 ff“;{*'¹¹¹'

2399 1975 2526 2036 mia
2555 1994 2680 2037 non
2723 1973 3100 2035 remittetur.
3135 1972 3211 2034 Et
3241 1971 3633 2053 quicumque
3663 1969 3894 2031 dixerit.

2399 2072 2666 2136 verbum
2717 2081 2933 2135 contra
2981 2071 3210 2133 Filium
3262 2069 3563 2144 hominiS‚
3617 2068 3894 2131 remitte-

2399 2179 2503 2232 tur
2541 2172 2631 2250 ei3
2666 2171 2778 2252 qui
2819 2178 3030 2232 autem
3070 2170 3300 2232 dixerit
3335 2176 3551 2232 contra
3585 2166 3890 2249 Spiritum

2398 2269 2720 2344 Sanctum,
2757 2289 2882 2332 non
2925 2269 3283 2330 remittetur
3313 2268 3394 2342 ei,
3431 2285 3639 2348 neque
3677 2267 3738 2327 in
3772 2265 3892 2328 hoc

2399 2369 2652 2443 saeculo,
2687 2387 2896 2450 neque
2945 2369 3008 2430 in
3060 2367 3298 2429 futuro.
3339 2366 3525 2429 Porro
3572 2365 3638 2426 in
3692 2363 3891 2426 Marco

2399 2467 2710 2549 scriptum
2740 2473 2834 2529 est
2869 2485 2881 2528 :
2915 2465 3138 2528 Omnia
3175 2465 3574 2526 dimittentur
3601 2463 3756 2525 filiis
3787 2463 3892 2525 ho-
3955 2478 4130 2522 aare.
4157 2495 4220 2526 m.

2399 2567 2647 2628 minum
2682 2573 2934 2647 peccata
2963 2572 3026 2626 et
3053 2563 3483 2645 blasphemiae,
3505 2561 3740 2643 quibus
3769 2561 3894 2622 bla-
3919 2543 3996 2592 ²⁸·
4015 2544 4092 2585 ²⁹·

2399 2666 2931 2747 sphemaverunt;
2965 2663 3078 2745 qui
3108 2669 3318 2724 autem
3358 2659 3893 2742 blasphemaverit

2401 2764 2464 2825 in
2506 2763 2812 2844 Spiritum
2854 2761 3176 2835 Sanctum,
3211 2779 3336 2822 non
3378 2758 3637 2821 habebit
3675 2758 3895 2820 remis-

2399 2861 2644 2924 sionem
2693 2859 2756 2920 in
2798 2867 3128 2930 aeternum‚
3164 2858 3275 2919 sed
3325 2875 3468 2918 reus
3518 2856 3639 2917 erit
3675 2855 3890 2918 aeterni

2399 2959 2634 3021 delicti.
2669 2959 2886 3038 ltaque
2923 2975 2999 3018 ex
3039 2954 3251 3018 verbis
3292 2954 3391 3016 his
3431 2973 3556 3016 non
3601 2953 3894 3035 explana-

798 3049 1081 3126 Domine,
1123 3051 1336 3114 omnia
1382 3070 1573 3133 opera
1620 3062 1760 3129 tua3
1798 3053 1920 3116 alia
1968 3062 2063 3116 est
2108 3063 2287 3118 actus
2326 3055 2368 3118 C
2397 3066 2523 3134 tur,
2558 3058 2666 3119 sed
2707 3056 2917 3139 potius
2957 3054 3380 3116 difficultatur
3410 3053 3672 3114 verbum
3708 3051 3893 3113 Lucae

2396 3155 2526 3236 jam
2556 3155 3026 3235 exponendum.
3049 3152 3182 3215 Non
3216 3151 3388 3214 enim
3419 3151 3510 3212 sic
3540 3150 3896 3230 intelligen-

2400 3255 2478 3316 da
2526 3261 2676 3315 sunt
2732 3253 2925 3315 verba
2975 3251 3516 3332 Evangelistarum
3570 3266 3888 3330 expressa,

2399 3351 2579 3433 quasi
2615 3358 2870 3433 peccata
2900 3350 3190 3431 quaedam
3232 3347 3521 3410 mortalia
3551 3349 3628 3408 de
3657 3345 3894 3427 quibus

2401 3449 2466 3511 in
2506 3451 2623 3512 hac
2663 3449 2790 3512 vita
2841 3449 3028 3511 homo
3068 3446 3376 3509 contritus
3427 3464 3552 3508 non
3603 3452 3716 3518 est,
3753 3451 3896 3526 post

2401 3548 2594 3612 vitam
2654 3547 2818 3610 hanc
2873 3546 3296 3620 dimittantur,
3349 3544 3434 3606 ita
3481 3545 3650 3626 quod
3707 3561 3896 3626 poena

2401 3647 2634 3709 inferni
2674 3646 3018 3727 aliquando
3056 3643 3354 3722 finiatur3
3397 3661 3515 3704 nec
3556 3661 3771 3704 rursus
3809 3641 3896 3703 ita

2401 3754 2550 3808 sunt
2589 3745 3017 3825 intelligenda,
3052 3743 3230 3824 quasi
3273 3742 3529 3823 aliquod
3564 3748 3892 3822 peccatum

2400 3843 2874 3927 quantumlibet
2919 3860 3110 3922 grave
3159 3841 3261 3914 sit,
3298 3840 3584 3903 absolute
3633 3839 3896 3920 loquen—

2402 3945 2502 4019 do,
2538 3942 2885 4005 viatoribus
2917 3939 3379 4014 irremissibile,
3414 3938 3566 4021 quia
3601 3945 3730 4002 tota
3759 3938 3892 4000 haec

2400 4043 2528 4106 vita
2568 4042 2670 4104 via
2713 4048 2810 4102 est
2849 4041 2924 4102 ad
2963 4040 3154 4101 vitam
3198 4037 3500 4112 futuram,
3535 4044 3597 4098 et
3635 4037 3700 4098 in
3739 4055 3890 4117 qua-

2399 4159 2674 4222 cumque
2720 4141 2873 4203 hora
2923 4135 3303 4218 ingemuerit
3352 4143 3641 4218 peccator
3680 4134 3896 4198 condi-

621 4229 656 4284 9
883 4235 1010 4302 Qui
1038 4242 1252 4292 autem
1280 4237 1612 4311 neyaverit
1644 4255 1741 4296 me
1769 4255 1983 4297 coram
2014 4239 2290 4298 homini-
2319 4240 2368 4300 D
2396 4258 2518 4320 gne
2561 4258 2638 4301 ex
2682 4240 2889 4313 corde,
2933 4237 3096 4298 Deus
3141 4234 3450 4315 indulget.

798 4335 928 4400 bus,
960 4331 1023 4392 id
1054 4338 1169 4406 est,
1203 4330 1396 4393 fidem
1432 4332 1862 4406 christianam,
1897 4351 2008 4394 seu
2042 4353 2166 4410 me,
2193 4355 2290 4398 co-

797 4450 929 4492 ram
960 4429 1471 4512 persecutoribus
1508 4431 1731 4492 timore
1766 4433 2039 4512 quodam
2074 4434 2286 4496 verbis

796 4528 1150 4610 negaverit:
1182 4537 1291 4590 aut
1318 4528 1523 4602 factis,
1558 4530 1878 4610 peccando
1912 4531 2282 4607 mortaliter,

795 4645 1029 4708 negans
1072 4645 1173 4688 me
1220 4626 1445 4707 fuerit3
1476 4629 1898 4704 denegabitur
1927 4649 2135 4689 coram
2172 4652 2287 4691 an-

790 4728 953 4803 yelis
980 4727 1125 4794 Dei,
1157 4725 1218 4787 id
1270 4732 1385 4799 est,
1420 4743 1534 4805 ego
1582 4726 1869 4787 omnium
1906 4727 2101 4809 judex
2143 4747 2287 4809 pro-

793 4824 1089 4898 testabor,
1127 4830 1255 4885 tam
1303 4823 1368 4885 in
1418 4823 1783 4904 particulari
1834 4823 1971 4905 ejus
2017 4825 2281 4906 judicio,

795 4940 987 5002 quam
1046 4921 1112 4982 in
1157 4920 1435 5000 generali
1494 4921 1783 4983 omnium
1841 4921 2103 5003 judicio,
2157 4945 2285 4988 non

796 5020 1114 5101 pertinere
1161 5037 1309 5080 eum
1356 5020 1435 5080 ad
1482 5037 1585 5080 me
1633 5037 1747 5101 per
1796 5022 2290 5102 praedestinatio-

796 5135 943 5178 nem
980 5125 1042 5179 et
1090 5117 1411 5179 meritum.
1447 5117 1621 5189 Quod
1670 5118 2152 5200 intelligendum
2193 5132 2289 5185 est

798 5216 875 5276 de
914 5213 1142 5277 Christi
1194 5215 1523 5295 negatione
1567 5215 1769 5286 finali,
1805 5219 1881 5279 de
1928 5239 2055 5300 qua
2097 5220 2287 5286 homo

797 5320 941 5373 ante
990 5318 1256 5376 mortem
1306 5332 1429 5375 non
1483 5315 1766 5394 poenitet,
1802 5335 1924 5379 non
1976 5318 2053 5379 de
2102 5337 2288 5400 nega—

2477 4339 2672 4418 Igitur
2712 4337 2830 4398 iste
2870 4345 2965 4398 est
3005 4353 3229 4396 sensus
3265 4352 3279 4395 τ
3317 4335 3541 4396 Omnis
3579 4334 3696 4411 qui
3729 4334 3892 4392 dicit

2400 4439 2661 4497 verbum
2700 4439 2772 4495 in
2804 4437 3057 4497 Filium
3096 4433 3402 4500 hominis,
3438 4430 3499 4492 id
3543 4438 3658 4506 est,
3701 4449 3892 4512 opera

2400 4534 2626 4597 Christi
2671 4534 2948 4595 humana
2996 4528 3532 4611 blasphemaverit
3573 4546 3649 4590 ex
3689 4529 3894 4592 consi-

2400 4633 2720 4696 deratione
2751 4630 3055 4692 naturalis
3086 4625 3584 4710 imperfectionis
3619 4645 3748 4688 suae
3776 4627 3892 4688 hu·-

2401 4732 2738 4805 manitatiS‚
2793 4730 2960 4792 sicut
3015 4728 3307 4790 fecerunt
3358 4725 3552 4788 Judaei
3611 4726 3889 4788 dicentes

2399 4830 2474 4890 dc
2523 4829 2769 4893 Christo
2823 4847 2835 4890 :
2897 4827 3095 4891 Homo
3154 4845 3365 4901 vorax,
3430 4832 3673 4907 potator
3731 4822 3885 4899 vini,
3944 4845 4214 4900 nautia„

2396 4927 2638 4990 amicus
2670 4935 3106 5010 peccatorum3
3139 4926 3503 4985 remittetur
3529 4924 3661 4993 illi,
3684 4922 3746 4984 id
3776 4929 3889 4997 est,
3921 4911 3988 4951 ¹⁹·

2398 5044 2474 5088 ex
2515 5045 2582 5088 se
2625 5044 2878 5089 causam
2929 5025 3119 5086 habet
3168 5022 3706 5094 remissibilitatis,
3739 5021 3889 5102 quia

2397 5125 2862 5206 quodammodo
2921 5120 3418 5184 excusabilitatis
3477 5119 3718 5200 aliquid
3779 5119 3887 5180 ha—

2398 5222 2521 5297 het,
2541 5230 2798 5304 propter
2829 5220 3182 5284 naturalem
3216 5217 3758 5281 defectuositatem
3790 5235 3890 5278 na·

2397 5329 2556 5384 turae
2587 5328 2828 5383 creatae.
2855 5319 2964 5380 Vel
2999 5319 3091 5381 sic
3125 5337 3138 5380 z
3174 5316 3390 5380 Omnis
3431 5315 3540 5397 qui
3575 5315 3726 5378 dicit
3759 5331 3890 5378 ver-
