4300 6259
809 482 890 547 28
1623 500 1973 548 manuario
2015 500 2080 546 nv
2121 499 2261 546 car.
2306 499 2371 545 xi
2413 499 2602 546 Lucas.
2648 520 2729 531 -
2770 502 2911 548 Am.
2957 502 3109 549 xxix

810 673 922 735 stis
962 672 1271 756 Spiritum
1309 672 1667 755 adoptionis
1706 671 2014 736 filiorum.
2048 670 2300 746 Octavo,
2335 670 2382 731 A
2414 690 2755 735 commune
2783 673 3065 736 divinius
3095 682 3191 737 est
3219 693 3410 756 quam
3452 674 3802 756 proprium,
3832 690 3905 735 eo

807 772 1024 853 gloriae
1055 772 1408 845 collatione,
1444 774 1792 835 secundum
1836 771 1992 833 illud
2022 770 2196 832 Pauli
2228 770 2304 831 ad

519 886 778 937 calaum-1.
809 870 1051 933 Galatas
1089 890 1101 934 :
1135 872 1350 953 ltaque
1397 871 1526 952 jam
1579 890 1702 933 non
1755 878 1850 932 est
1897 888 2140 943 servus,
2195 868 2305 930 sed

809 968 988 1031 filius
1023 989 1036 1032 :
1072 971 1244 1051 quod
1285 970 1336 1031 si
1377 968 1577 1044 filiuS,
1611 979 1672 1032 et
1712 971 1895 1031 heres
1935 987 2048 1050 per
2079 968 2301 1030 Deum.

890 1067 1117 1130 Omnes
1166 1068 1230 1130 hi
1283 1068 1453 1131 modi
1498 1067 1704 1130 tribus
1747 1067 2035 1130 Personis
2086 1086 2308 1149 super-

811 1166 1200 1247 dignissimis
1245 1175 1306 1229 et
1349 1168 1600 1229 aeternis
1649 1167 1840 1229 simul
1891 1168 2302 1242 conveniunt,

810 1265 1112 1346 quoniam
1155 1283 1347 1347 opera
1395 1266 1938 1347 superbenedicta&
1982 1264 2305 1326 Trinitatis

812 1374 960 1427 sunt
999 1364 1290 1427 indivisa.
1327 1364 1434 1425 His
1473 1381 1731 1445 quoque
1775 1363 1978 1426 modis
2023 1370 2199 1445 pater
2239 1363 2305 1425 in

811 1462 1100 1526 Oratione
1160 1463 1480 1526 dominica
1536 1462 1831 1536 sumitur,
1889 1480 2002 1544 per
2061 1469 2305 1544 patrem

812 1561 1219 1643 intelligendo
1248 1568 1441 1625 totam
1483 1561 2077 1642 superessentialem
2119 1561 2311 1623 incir-

811 1660 1392 1742 cumscriptamque
1421 1659 1814 1734 Trinitatem,
1850 1678 2048 1721 unum
2083 1677 2306 1721 verum

812 1758 1358 1841 simplicissimum
1396 1757 1618 1833 Deum,
1647 1758 1749 1820 cui
1792 1776 1937 1820 cum
1976 1757 2150 1821 omni
2192 1758 2311 1819 hu-

2416 770 2559 852 plus
2590 771 2881 834 divinum
2910 771 3439 854 meritoriumque
3468 772 3755 835 consistit
3781 790 3905 834 ora·

2416 887 2482 931 re
2540 890 2657 952 pro
2715 871 2955 945 multiS‚
3012 871 3364 954 praesertim
3416 891 3531 954 pro
3584 870 3899 943 omnibus,

2415 988 2609 1051 quam
2661 988 2778 1052 pro
2820 988 2885 1031 se
2937 970 3071 1034 solo
3110 978 3217 1033 aut
3255 970 3497 1052 paucis,

2495 1070 2825 1129 Adveniat
2872 1090 3143 1147 requam
3198 1078 3406 1130 tuum.
3462 1067 3743 1149 Regnum
3794 1066 3900 1127 Dei

2416 1172 2510 1227 est
2549 1166 2829 1228 militans
2865 1186 2939 1228 ac
2966 1166 3370 1249 triumphans
3408 1164 3685 1228 Ecclesia
3716 1184 3731 1226 ε
3768 1164 3905 1226 ideo

2419 1266 2495 1327 de
2528 1272 2799 1346 utroque
2842 1284 3033 1347 regno
3075 1266 3244 1328 istud
3284 1264 3641 1347 exponitur.
3674 1263 3901 1336 Primo,

2416 1363 2729 1425 Adveniat
2777 1382 3043 1445 regnum
3082 1372 3263 1425 tuum
3311 1382 3324 1425 :
3370 1364 3431 1425 id
3477 1370 3591 1437 est,
3633 1361 3909 1424 militans

2418 1460 2700 1524 Ecclesia
2742 1481 3010 1526 numero
3038 1481 3111 1525 ac
3142 1461 3368 1524 merito
3408 1468 3665 1535 crescat,
3700 1466 3757 1521 et
3798 1477 3913 1519 un-

2419 1559 2613 1642 dique
2661 1559 3079 1636 diffundatur,
3124 1569 3185 1623 et
3222 1568 3293 1622 tu
3342 1560 3513 1623 solus
3563 1576 3677 1642 per
3716 1558 3910 1619 fidem

2418 1667 2481 1721 et
2508 1659 2774 1741 gratiam
2817 1660 3275 1723 multiformem
3317 1677 3539 1740 regnes
3570 1658 3635 1719 in
3668 1676 3760 1732 ea,
3793 1657 3911 1719 hoc

2420 1766 2515 1820 est
2571 1759 2637 1820 in
2698 1759 2997 1823 cordibus
3062 1759 3507 1821 universorum
3567 1776 3638 1819 ac
3696 1756 3909 1836 singu-

812 1856 1098 1931 militate,
1151 1856 1504 1919 reverentia
1551 1864 1613 1918 et
1656 1855 2004 1937 gratiarum
2061 1856 2309 1919 actione
2348 1856 2628 1920 Blorum
2686 1857 3004 1932 fidelium,
3068 1856 3446 1920 adversariis
3506 1856 3596 1917 tui
3655 1854 3911 1919 honoris

811 1954 1205 2017 confidenter
1244 1963 1434 2036 atque
1473 1956 1766 2016 ardenter
1809 1955 2018 2017 dicere
2057 1974 2129 2016 ac
2160 1973 2310 2036 sup-

810 2054 1045 2135 plicare
1091 2053 1420 2117 debemus

904 2152 1104 2227 Pater,
1157 2154 1599 2229 sanctificetur
1645 2172 1878 2213 nomen
1929 2163 2137 2219 tuum,
2190 2151 2309 2215 hoc

814 2258 928 2324 est,
952 2258 1021 2312 tu
1055 2251 1212 2332 ipse,
1246 2268 1283 2312 o
1312 2250 1490 2311 Pater
1520 2250 1921 2332 omnipotens
1953 2258 2015 2312 et
2046 2250 2310 2313 immen-

815 2368 903 2423 se,
935 2349 1013 2411 ab
1052 2348 1351 2411 omnibus
1390 2348 1740 2422 honoreris,
1772 2355 1833 2410 et
1870 2356 1979 2410 tua
2012 2348 2308 2410 sanctitas

537 2458 782 2511 Luc-nu.
813 2446 1110 2509 omnibus
1159 2446 1530 2521 innotescat,
1573 2464 1646 2507 ac
1693 2446 1809 2508 tibi
1864 2446 1929 2508 in
1981 2446 2309 2507 sanctitate

522 2524 590 2563 ⁷⁵·
814 2552 876 2607 et
910 2544 1156 2625 justitia
1202 2543 1280 2605 ab
1326 2544 1640 2606 universis
1688 2544 1924 2625 jugiter
1970 2544 2304 2606 serviatur.

815 2642 939 2705 Hoc
979 2649 1073 2704 est
1113 2643 1286 2723 quod
1337 2643 1544 2724 primo
1583 2662 1656 2704 ac
1695 2642 1970 2704 maxime
2009 2641 2309 2705 affectare

813 2740 1133 2815 debemus
1172 2740 1467 2803 videlicet
1493 2740 2023 2821 glorificationem
2055 2758 2165 2803 seu
2201 2740 2311 2804 ho-

815 2856 1031 2902 norem
1073 2846 1134 2901 et
1170 2839 1436 2919 gloriam
1477 2838 1584 2900 Dei
1628 2839 1693 2901 in
1735 2839 2033 2902 omnibus
2069 2858 2083 2902 :
2126 2840 2311 2901 aliter

813 2937 966 3000 boni
1009 2937 1128 2999 filii
1169 2938 1307 3018 ejus
1358 2956 1483 2999 non
1525 2957 1769 3012 sumuS,
1805 2956 1923 3000 nec
1962 2955 2109 3001 vere
2149 2938 2311 3001 fide-

2419 1974 2493 2017 ac
2532 1963 2762 2018 nostrae
2802 1955 3047 2027 salutis,
3091 1955 3445 2037 praesertim
3494 1952 3905 2025 daemonibuS,

2420 2054 2569 2116 inde
2600 2053 2835 2135 ejectis.
2859 2052 3167 2128 Secundo,
3188 2052 3497 2116 Adveniat
3524 2069 3789 2132 regnum
3817 2058 3915 2112 tu-

2421 2172 2530 2215 um
2566 2172 2579 2215 ε
2617 2153 2679 2215 id
2719 2160 2837 2227 est,
2883 2152 3286 2233 triumphans
3332 2150 3613 2213 Ecclesia
3656 2149 3915 2231 implea-

2420 2259 2544 2325 tur,
2584 2252 2663 2313 ad
2704 2251 3024 2314 coelestem
3063 2250 3408 2313 Jerusalem
3451 2249 3739 2332 protinus
3778 2266 3918 2330 per-

2421 2351 2751 2427 ducamur,
2786 2351 2864 2412 ad
2906 2366 3172 2429 regnum
3215 2349 3523 2411 coelorum
3562 2364 3915 2409 mereamur

2422 2449 2664 2510 venire.

2500 2545 2631 2609 Sub
2672 2547 2772 2609 his
2812 2546 3059 2608 duabus
3107 2544 3523 2628 petitionibus
3568 2543 3915 2605 includitur

2417 2647 2624 2721 tertia,
2667 2665 2704 2707 a
2749 2643 3034 2709 Matthaeo
3082 2662 3401 2726 expressa,
3444 2662 3572 2725 qua
3619 2641 3851 2705 dicitur
3892 2658 3906 2702 ε
4271 2728 4272 2731 ¹

2418 2743 2555 2806 Fiat
2594 2745 2885 2807 voluntas
2923 2751 3033 2805 tua
3072 2744 3238 2805 sicut
3276 2742 3343 2804 in
3384 2742 3544 2805 coelo
3581 2748 3642 2803 et
3682 2741 3746 2803 in
3788 2748 3910 2802 ter·
3963 2765 4207 2814 mnam,

2420 2862 2509 2917 ra,
2545 2843 2610 2905 id
2654 2851 2769 2917 est,
2814 2841 2979 2904 sicut
3020 2860 3057 2904 a
3095 2841 3459 2904 coelestibus
3504 2840 3751 2903 civibus
3794 2838 3911 2900 tibi
3940 2832 4005 2871 ¹⁰·

2421 2942 2486 3003 in
2537 2941 2837 3004 omnibus
2886 2940 3204 3015 obeditur,
3256 2940 3343 3001 ita
3388 2946 3453 3001 et
3496 2958 3533 3001 a
3579 2936 3911 3018 terrigenis

815 3038 928 3111 leS‚
982 3038 1519 3119 quemadmodum
1567 3039 1736 3119 apud
1783 3038 2085 3101 Joannem
2135 3038 2312 3101 Chri·
2348 3036 2731 3121 Cquantum
2788 3037 3095 3121 possibile
3154 3046 3270 3112 est,
3323 3036 3441 3099 tibi
3495 3037 3561 3098 in
3614 3035 3912 3099 omnibus

1921 3156 1933 3199 :
1987 3135 2311 3208 Quomodo

819 3234 1079 3316 potestis
1111 3252 1221 3295 vos
1263 3234 1540 3307 credere,
1570 3233 1681 3314 qui
1720 3234 1986 3313 gloriam
2026 3234 2105 3296 ab
2146 3235 2314 3297 invi-

819 3351 956 3395 cem
1005 3332 1315 3413 accipitis‚
1349 3339 1413 3394 et
1447 3332 1714 3412 gloriam
1755 3350 1898 3413 quae
1935 3352 1972 3394 a
2011 3333 2143 3396 solo
2185 3333 2311 3396 Deo

819 3437 933 3503 est,
969 3450 1093 3493 non
1134 3429 1462 3511 quaeritis?
1496 3429 1800 3511 Denique,
1826 3431 1990 3492 sicut
2020 3432 2311 3494 homines

820 3529 1081 3592 virtuosi
1142 3528 1340 3589 Deum
1399 3527 1820 3602 sanctificant,
1883 3530 2034 3591 dum
2097 3537 2312 3591 sancte

821 3628 1112 3701 vivendo,
1165 3626 1362 3687 Deum
1423 3626 1525 3687 cui
1585 3626 1670 3688 ita
1730 3627 2117 3702 deserviunt,
2173 3648 2314 3689 san-

819 3735 990 3789 ctum
1023 3743 1160 3787 esse
1200 3726 1652 3799 demonstrant,
1687 3724 1956 3806 ejusque
1995 3727 2311 3791 sanctitati

817 3824 1095 3886 fideliter
1123 3829 1497 3885 attestantur
1531 3842 1544 3885 :
1579 3823 1672 3885 sic
1703 3823 1937 3898 vitiosi,
1973 3824 2211 3905 injuste
2239 3844 2312 3887 ac

818 3924 1090 4004 turpiter
1137 3921 1589 3995 conversand0‚
1645 3940 1876 3984 nomen
1928 3922 2037 3983 Dei
2098 3942 2315 3986 macu-

819 4022 948 4084 lare
988 4021 1309 4093 dicuntur,
1344 4020 1496 4100 quia
1537 4020 1628 4081 sic
1670 4020 1898 4084 vivunt
1934 4040 2006 4084 ac
2049 4021 2103 4084 si
2147 4022 2313 4084 Deus

819 4119 1201 4199 injustitiam
1230 4117 1561 4199 approbet,
1596 4136 1710 4180 nec
1742 4126 1994 4182 sanctus
2025 4120 2136 4193 sit:
2171 4120 2313 4183 aliis

523 3149 724 3253 donna.
743 3163 786 3201 v,
817 3145 950 3198 stus
999 3136 1078 3197 ad
1126 3154 1456 3217 perversos
1504 3135 1593 3197 ait
1625 3136 1869 3198 Judaeos

2420 3138 2773 3201 obediatur.

2499 3239 2751 3299 Panem
2790 3244 3081 3296 nostrum
3121 3236 3583 3315 quotidianum
3620 3235 3707 3293 da
3736 3234 3914 3292 nobis
4054 3238 4093 3292 3

2419 3338 2627 3397 hodie.
2672 3334 2799 3397 Hoc
2840 3335 2918 3396 de
2962 3333 3302 3415 multiplici
3351 3350 3515 3414 pane
3552 3330 3912 3413 exponitur.

2420 3434 2653 3507 Primo,
2697 3432 2775 3494 de
2827 3450 2990 3515 pane
3038 3430 3497 3505 sacramentali,
3540 3431 3659 3492 hoc
3702 3436 3797 3491 est
3838 3429 3916 3490 de

2422 3549 2685 3614 corpore
2716 3539 2778 3593 et
2816 3531 3123 3612 sanguine
3154 3530 3383 3593 Christi
3423 3530 3489 3592 in
3519 3528 3915 3591 Sacramento

2420 3630 2656 3705 altaris,
2692 3631 3228 3711 quemadmodum
3268 3629 3355 3690 ait
3402 3626 3679 3690 Salvator
3713 3646 3727 3689 ε
3762 3626 3915 3690 Caro
3968 3654 4139 3697 1002...
4155 3666 4210 3703 ῃ,
4271 3618 4272 3623 ’

2423 3747 2562 3792 mea
2604 3745 2750 3791 vere
2789 3735 2884 3789 est
2918 3727 3122 3802 cibuS,
3156 3735 3218 3789 et
3257 3726 3513 3807 sanguis
3552 3742 3730 3787 meus
3769 3742 3916 3787 vere
3943 3720 4013 3760 ⁵⁶·

2422 3835 2517 3890 est
2548 3834 2773 3910 potus3
2817 3831 2880 3887 et
2910 3826 3138 3899 denu0,
3174 3824 3300 3905 Ego
3330 3844 3472 3887 sum
3505 3823 3685 3905 panis
3715 3823 3914 3893 vivus,
3968 3850 4095 3894 μω,
4116 3854 4186 3893 52,

2422 3927 2534 4008 qui
2580 3926 2658 3987 de
2700 3923 2861 3987 coelo
2905 3924 3226 3985 descendi.
3260 3922 3371 3985 Hic
3416 3924 3597 4005 panis
3642 3920 3916 3983 animam

2422 4024 2654 4097 reficit,
2707 4021 3250 4104 spiritualiterque
3308 4021 3570 4101 saginat,
3622 4020 3676 4081 si
3733 4019 3919 4099 digne

2422 4121 2741 4204 acceperit
2788 4139 2958 4183 eum.
2992 4156 3073 4165 —
3102 4118 3415 4194 Secundo,
3456 4118 3795 4201 exponitur
3842 4118 3919 4180 de

818 4235 1076 4299 quoque
1107 4225 1417 4297 quantum
1451 4216 1515 4277 in
1549 4217 1703 4298 ipsis
1736 4224 1851 4292 est,
1881 4226 2178 4299 praestant
2206 4239 2313 4281 au-
2345 4223 2395 4284 D
2426 4240 2587 4303 pane
2627 4219 2967 4302 spirituali,
3003 4218 3297 4281 videlicet
3336 4218 3413 4279 de
3457 4216 3777 4279 habitibus
3818 4235 3919 4277 ac-

820 4317 1063 4379 daciam
1111 4323 1174 4377 et
1216 4315 1582 4397 exemplum
1628 4315 2046 4378 inhonorandi
2094 4316 2308 4380 Deum.

820 4415 978 4477 Hinc
1035 4433 1148 4495 per
1206 4413 1548 4495 Prophetas
1607 4413 1770 4474 Deus
1834 4414 2097 4494 persidis
2155 4414 2312 4478 filiis

538 4527 788 4579 [ηψπ.
823 4513 1007 4575 lsrael
1059 4513 1498 4593 improperans
1558 4530 1572 4573 :
1627 4510 2166 4587 Commaculastis,
2220 4514 2316 4575 in-

531 4594 593 4633 ¹⁶·
821 4612 983 4694 quit,
1037 4628 1268 4674 nomen
1320 4617 1608 4671 sanctum
1656 4627 1912 4689 meum3
1959 4619 2019 4673 et
2069 4630 2310 4688 rursuS‚

580 4724 747 4767 ezech.
822 4708 1244 4773 sanctificabo
1276 4726 1506 4771 nomen
1542 4725 1752 4769 meum
1787 4727 2108 4789 magnum,
2145 4713 2316 4793 quod

527 4799 670 4836 nm·
693 4789 760 4829 ²⁸·
825 4809 1140 4892 pollutum
1179 4813 1273 4869 est
1323 4824 1436 4888 per
1475 4824 1585 4869 vos
1626 4805 1790 4868 inter
1825 4815 2066 4887 gentes.
2100 4809 2318 4892 ltaque

825 4910 976 4970 dum
1027 4926 1302 4981 oramus,
1347 4905 1792 4968 Sanctificetur
1835 4926 2065 4972 nomen
2108 4918 2314 4985 tuum,

831 5026 942 5088 pro
973 5012 1100 5069 toto
1132 5006 1371 5067 mundo
1401 5004 1520 5066 hoc
1550 5004 1762 5086 ipsum
1793 5024 2150 5087 precemur,
2186 5029 2321 5071 cor-

829 5103 1174 5166 dialissime
1217 5103 1547 5184 cupientes
1589 5110 1659 5163 ut
1697 5104 1993 5166 sanctitas
2038 5107 2171 5167 veri
2211 5106 2319 5168 Dei

831 5202 1076 5265 cunctis
1109 5202 1458 5264 innotescat
1486 5200 1878 5276 hominibus,
1904 5210 1966 5264 et
1995 5203 2184 5283 digne
2215 5205 2324 5268 ho-

833 5299 1206 5363 norificetur
1251 5301 1331 5362 ab
1373 5298 1693 5363 omnibus.
1727 5300 1879 5376 lmo,
1914 5320 2043 5382 quo
2081 5301 2322 5365 bonum

2425 4319 2727 4399 tibusque
2772 4317 3103 4391 virtutum,
3139 4318 3217 4378 de
3260 4315 3688 4378 consolatione
3731 4314 3922 4376 inter-

2426 4437 2527 4493 na,
2548 4418 2625 4479 de
2656 4414 3114 4480 confortatione
3143 4415 3425 4489 mentali,
3452 4416 3529 4477 de
3558 4413 3917 4477 divinorum

2426 4534 2651 4599 sapore
2694 4534 2708 4579 :
2753 4516 2830 4578 de
2872 4515 3109 4596 quibus
3158 4514 3248 4576 ait
3289 4512 3633 4595 Scriptura,
3677 4511 3923 4575 Cibabit
3949 4532 4215 4582 Eceti.xv‚3.

2428 4617 2613 4679 illum
2643 4614 2947 4679 Dominus
2988 4632 3151 4695 panc
3182 4614 3327 4676 vitae
3356 4620 3417 4675 et
3448 4612 3826 4684 intellectus,
3860 4616 3923 4672 et

2426 4734 2592 4796 aqua
2630 4713 2957 4795 sapientiae
2996 4712 3288 4774 salutaris
3328 4710 3571 4793 potabit
3601 4710 3804 4772 illum.
3838 4707 3923 4770 De

2430 4832 2593 4897 pane
2622 4830 2880 4894 quoque
2908 4810 3286 4875 obedientiae
3322 4809 3411 4871 ait
3440 4810 3505 4871 in
3533 4809 3767 4872 Ioanne
3796 4805 3927 4869 Sal-

2432 4920 2608 4977 vator
2651 4929 2665 4973 :
2712 4910 2883 4973 Meus
2934 4909 3115 4971 cibus
3164 4915 3260 4970 est
3309 4916 3377 4971 ut
3425 4907 3651 4971 faciam
3700 4906 3925 4970 volun-
3982 4924 4216 4970 :mmm

2430 5019 2619 5073 tatem
2671 5009 2869 5072 Patris
2919 5008 3067 5070 mei.
3111 5006 3418 5069 Similiter
3453 5009 3532 5070 de
3580 5025 3743 5088 pane
3791 5024 3925 5089 poe-
3952 4990 4021 5031 ³⁴·

2435 5108 2717 5171 nitentiae
2753 5107 2880 5170 fert
2909 5106 3235 5169 Psalmista
3270 5124 3283 5169 :
3320 5105 3569 5168 Cibabis
3612 5124 3723 5167 nos
3762 5122 3923 5185 pane
3951 5122 4215 5167 pamas.

2434 5206 2896 5287 lacrimarum3
2956 5213 3039 5280 et,
3100 5204 3382 5267 Fuerunt
3434 5203 3592 5265 mihi
3651 5201 3925 5263 lacrimae
3965 5219 4200 5268 Fama.

2438 5323 2594 5368 meae
2636 5324 2831 5387 panes
2872 5306 2975 5367 die
3015 5322 3087 5367 ac
3126 5310 3331 5367 nocte.
3378 5302 3459 5364 De
3496 5299 3922 5382 spiritualium
