4300 6259
157 1173 221 1228 15

160 5211 228 5267 16

1148 514 1498 561 ENARRATIO
1541 512 1604 558 IN
1645 511 1785 560 GAP.
1831 511 1962 558 xxll
2003 511 2194 559 LUCAE.
2237 531 2319 542 —
2358 509 2503 560 ΛΒΤ.
2546 511 2711 560 nvn

3355 489 3477 558 209

362 682 664 746 Christus
706 703 852 747 cum
893 685 1027 746 suis
1062 685 1380 767 Apostolis
1421 685 1487 747 in
1527 691 1696 746 terra
1733 703 1879 748 con-
1905 680 1956 743 A
1993 687 2389 746 manducabo
2427 688 2601 746 illud
2638 686 2893 768 pascha,
2936 703 3048 746 seu
3091 701 3325 765 agnum
3371 702 3481 766 pa-

361 781 560 849 sedit‚
593 781 777 861 juxta
815 783 1343 844 consuetudinem
1382 790 1692 844 veterum.
1728 780 1879 843 Rur-

361 899 484 941 sus
513 879 718 962 aliqui
759 881 1001 956 dicunt,
1037 882 1209 962 quod
1249 881 1439 944 etiam
1480 881 1878 962 septuaginta

361 978 502 1040 duo
551 977 854 1060 discipuli
901 979 1182 1052 aderant,
1236 979 1457 1041 saltem
1507 998 1623 1060 pro
1673 988 1873 1060 parte,

360 1083 430 1136 et
479 1094 717 1157 agnum
763 1077 827 1138 in
871 1076 996 1139 alia
1039 1095 1260 1139 mensa
1301 1077 1592 1140 edebant.

465 1177 554 1235 Ec
599 1177 698 1236 ait
747 1177 886 1236 illis
929 1197 953 1234 .·
995 1178 1328 1237 Desiderio
1378 1177 1768 1244 desideravi,
1814 1176 1878 1237 id

361 1280 493 1348 est,
527 1273 780 1336 intense
819 1293 892 1336 ac
929 1273 1176 1337 fervide
1219 1274 1582 1356 concupivi,
1617 1278 1732 1336 hoc
1762 1294 1880 1352 pa-

357 1375 552 1442 scha,
604 1371 904 1435 videlicet
951 1391 1188 1454 agnum
1237 1372 1430 1434 istum
1492 1372 1874 1454 paschalem,

359 1475 783 1533 manducare
829 1473 1178 1543 vobiscum,
1226 1482 1576 1551 antequam
1625 1473 1877 1548 patiar,

361 1569 436 1631 id
499 1576 620 1644 est,
681 1588 716 1630 a
772 1569 1004 1632 Judaeis
1059 1569 1334 1633 occidar.
1395 1569 1524 1632 Hoc
1579 1567 1877 1650 equidem

361 1666 666 1730 Christus
695 1667 1140 1729 ardentissime
1168 1666 1513 1741 affectavit,
1548 1686 1675 1730 non
1709 1667 1882 1749 prin-

361 1765 672 1848 cipaliter
699 1773 961 1848 propter
997 1784 1234 1846 agnum
1276 1765 1460 1826 illum
1500 1765 1766 1846 legalem
1807 1784 1880 1827 ac

1988 781 2289 857 schalem,
2328 787 2527 844 donec
2564 787 2937 862 impleatur,
2980 783 3044 845 id
3093 789 3209 856 est,
3242 783 3482 845 veraci-

1987 889 2082 941 ter
2139 882 2555 963 compleatur,
2605 885 2776 964 quod
2834 901 2949 964 per
3003 900 3238 962 agnum
3294 881 3479 943 illum

1987 976 2342 1058 figuraliter
2372 979 2873 1060 significabatur,
2908 982 2979 1042 in
3010 999 3203 1057 reyno
3237 981 3379 1052 Dei,
3413 979 3477 1041 id

1985 1084 2083 1137 est
2111 1077 2177 1138 in
2210 1077 2488 1140 Ecclesia
2515 1078 2837 1153 militanti,
2871 1097 3015 1160 quae
3044 1076 3109 1138 in
3141 1076 3479 1159 Evangelio

1989 1173 2508 1256 frequentissime
2556 1195 2822 1258 regnum
2872 1176 2980 1238 Dei
3031 1184 3311 1240 vocatur.
3364 1176 3483 1238 Le-

1986 1274 2145 1353 galis
2196 1275 2431 1336 etenim
2479 1275 2589 1338 ille
2638 1294 2839 1357 agnus
2897 1274 3355 1358 praefiguravit,
3412 1282 3485 1336 ut

1990 1372 2233 1434 dietum
2280 1381 2395 1447 est,
2444 1372 2909 1436 institutionem
2950 1381 3011 1435 et
3052 1392 3233 1436 esum
3276 1371 3486 1436 Sacra·

1991 1470 2189 1532 menti
2218 1470 2455 1546 altaris,
2489 1471 3120 1553 immolationemque
3152 1471 3383 1535 Christi
3416 1471 3483 1532 in

1990 1589 2098 1631 ara
2144 1569 2352 1632 crucis
2400 1588 2415 1632 ε
2467 1589 2611 1652 quae
2661 1571 2875 1634 omnia
2924 1577 3065 1653 post
3110 1571 3246 1633 haec
3292 1569 3487 1633 verba

1992 1667 2445 1750 implebantur,
2478 1668 2631 1749 quia
2664 1669 2853 1750 paulo
2893 1676 3035 1750 post
3066 1668 3349 1732 Christus
3380 1666 3486 1730 Sa-

1991 1775 2387 1829 cramentum
2418 1767 2565 1830 novi
2598 1767 2979 1829 Testamenti
3011 1766 3306 1841 instituit,
3330 1767 3485 1830 suis-

362 1863 951 1946 praefigurativum,
985 1866 1096 1927 sed
1139 1871 1397 1947 propter
1437 1864 1876 1947 impletionem
1915 1862 1962 1924 B
1990 1882 2116 1946 que
2175 1865 2367 1937 dedit,
2419 1871 2481 1926 et
2528 1864 2691 1926 Patri
2750 1864 2983 1928 obtulit
3038 1865 3477 1948 semetipsum.

359 1962 516 2043 ejus
567 1965 740 2044 quod
791 1963 902 2025 ille
948 1981 1151 2045 agnus
1203 1962 1658 2044 praefiguravit,
1709 1963 1881 2026 vide-

361 2061 526 2124 licet
558 2069 821 2144 propter
851 2061 1318 2124 institutionem
1347 2060 1734 2123 Sacramenti
1770 2080 1880 2125 no-

363 2179 471 2222 vae
507 2169 574 2222 et
609 2160 992 2241 evangelicae
1030 2159 1188 2241 legis
1225 2177 1238 2222 :
1274 2158 1458 2240 cujus
1491 2158 1876 2221 Sacramenti

358 2259 586 2339 figura
633 2258 958 2340 praecessit
1006 2257 1072 2319 in
1112 2276 1274 2339 agno
1314 2256 1618 2338 paschali,
1663 2267 1727 2320 et
1764 2276 1878 2320 esu

357 2377 440 2419 ac
484 2356 921 2421 immolatione
961 2357 1188 2438 ipsius,
1224 2356 1349 2419 Hoc
1384 2356 1557 2418 enim
1590 2356 1880 2438 superdi-

355 2456 756 2538 gnissimum
798 2454 1278 2517 Sacramentum
1322 2454 1657 2516 instituere
1701 2454 1879 2517 Chri-

359 2563 509 2616 stus
541 2571 794 2616 summe
824 2561 888 2615 et
927 2551 1345 2616 ineffabiliter
1375 2553 1764 2636 concupivit,
1800 2554 1877 2615 ad

355 2653 480 2715 Dei
523 2652 722 2715 Patris
773 2661 1083 2715 aeternum
1135 2651 1442 2715 honorem
1485 2659 1546 2714 et
1582 2651 1872 2732 gloriam,

357 2760 428 2814 et
461 2753 540 2814 ad
573 2751 917 2814 maximam
947 2749 1243 2812 fidelium
1276 2750 1635 2825 utilitatem,
1659 2769 1878 2832 quem-

356 2849 720 2912 admodum
763 2846 1274 2910 inaestimahilem
1317 2847 1723 2910 dilectionem
1770 2848 1878 2910 ha-

359 2947 516 3008 buit
561 2947 642 3008 ad
690 2944 936 3008 Patrem
988 2953 1052 3007 et
1099 2945 1176 3007 ad
1226 2965 1361 3008 nos.
1412 2945 1672 3020 RursuS,
1717 2947 1876 3008 desi-

1988 1961 2191 2037 Unde,
2249 1961 2428 2043 juxta
2486 1963 2650 2025 hanc
2711 1962 3202 2045 expositionem,
3260 1967 3480 2037 donec,

1989 2077 2264 2141 sequens
2312 2069 2565 2141 tempus
2606 2060 2905 2136 excludit,
2940 2062 3093 2143 quia
3131 2069 3271 2144 post
3320 2063 3484 2125 hane

1988 2158 2209 2222 horam
2240 2159 2525 2222 Christus
2556 2161 2841 2243 typicum
2871 2179 3105 2242 agnum
3147 2179 3274 2223 non
3315 2180 3485 2223 man·

1986 2257 2263 2320 ducavit.
2298 2256 2495 2332 Unde,
2528 2258 2881 2320 secundum
2912 2257 3163 2332 Bedam,
3199 2257 3485 2322 Christus

1987 2355 2086 2416 his
2129 2355 2339 2418 verbis
2381 2356 2677 2437 prohibet
2715 2374 2949 2436 agnum
2990 2357 3348 2438 paschalem
3392 2359 3487 2420 ul-

1987 2461 2082 2515 tra
2131 2454 2467 2516 carnaliter
2514 2454 2823 2529 exhiberi,
2877 2464 2940 2517 et
2984 2456 3208 2518 asserit
3256 2475 3325 2519 se
3384 2457 3483 2518 ul-

1985 2559 2080 2613 tra
2121 2571 2525 2634 nequaquam
2563 2553 2797 2634 pascha
2824 2552 3161 2617 Mosaicum
3202 2555 3483 2618 celebra-

1986 2658 2225 2713 turum.

2067 2753 2152 2811 Ec
2182 2759 2430 2827 accepto
2458 2752 2678 2818 calice,
2712 2750 2776 2813 id
2813 2759 2909 2813 est
2938 2753 3193 2816 vasculo
3232 2772 3308 2815 ex
3348 2773 3477 2836 quo

1984 2848 2309 2928 biberunt,
2328 2850 2573 2924 qratias
2602 2851 2730 2926 eyit
2760 2848 2886 2912 Deo
2912 2849 3099 2924 Patri,
3126 2853 3477 2914 seeundum

1983 2946 2156 3027 quod
2204 2945 2393 3010 homo
2442 2945 2585 3021 fuit,
2632 2948 2863 3010 docens
2913 2966 3027 3010 nos
3078 2949 3204 3013 Deo
3248 2951 3479 3031 gratias

359 3045 620 3109 det-avit
663 3046 782 3108 hoe
824 3045 1060 3127 pascha
1097 3044 1520 3108 novissimum
1563 3046 1770 3121 edere,
1807 3053 1877 3108 ut
1912 3040 1955 3105 C
1985 3062 2170 3124 agere
2217 3063 2332 3125 pro
2391 3045 2705 3107 universis
2762 3045 3096 3110 beneficiis
3149 3048 3310 3129 ejuS,
3364 3069 3481 3132 pro

358 3144 688 3225 legalibus
717 3143 1142 3206 observantiis
1172 3142 1369 3206 finem
1407 3143 1784 3226 imponeret,
1815 3151 1876 3206 et

359 3243 608 3306 veteris
658 3242 1041 3305 Testamenti
1091 3243 1426 3324 completis
1468 3241 1717 3324 figuris,
1765 3263 1875 3307 no-

361 3361 524 3404 vum
565 3341 880 3422 inciperet
909 3339 1400 3418 Testamentum,
1435 3349 1628 3423 atque
1666 3349 1735 3403 ut
1775 3359 1874 3404 ce-

357 3447 502 3501 tera
555 3438 792 3502 faceret
835 3457 908 3500 ac
949 3439 1202 3501 doceret
1239 3457 1386 3520 quae
1431 3447 1574 3520 post
1615 3439 1872 3503 Coenam

356 3538 496 3619 egit
539 3557 615 3599 ac
659 3536 895 3600 docuit.
940 3535 1130 3600 Porro
1179 3535 1569 3620 Theophilus
1623 3538 1715 3600 sic
1765 3555 1873 3600 ex-

358 3637 554 3718 ponit
590 3655 604 3698 :
641 3635 967 3698 Desiderio
997 3635 1375 3709 desideravi,
1410 3643 1529 3698 etc.
1563 3635 1748 3708 Quasi
1781 3637 1874 3698 di-

357 3742 470 3798 cat
520 3752 536 3796 :
589 3734 736 3796 Haec
793 3733 1020 3795 ultima
1075 3732 1235 3795 mihi
1293 3733 1484 3796 Coena
1541 3733 1872 3797 vobiscum

357 3841 485 3906 est,
525 3839 790 3914 propter
818 3832 990 3913 quod
1021 3830 1428 3911 singulariter
1456 3832 1748 3894 amabilis
1780 3840 1875 3894 est

359 3931 530 3993 mihi
577 3949 590 3993 :
635 3929 804 3992 sicut
847 3929 960 4011 qui
1006 3946 1269 4011 peregre
1315 3928 1660 4010 profecturi
1700 3937 1870 4006 sunt,

357 4029 600 4091 ultima
638 4047 754 4090 sua
791 4026 957 4090 facta
994 4035 1058 4088 et
1095 4025 1289 4090 verba
1324 4025 1738 4090 affectuosius
1769 4046 1875 4090 ex-

358 4127 615 4189 hibent.
635 4125 827 4189 Porro
857 4125 1210 4187 secundum
1243 4124 1567 4207 Cyrillum,
1590 4126 1874 4189 Christus

1985 3142 2421 3225 corporalibus
2464 3143 2654 3205 etiam
2702 3143 3063 3223 alimentis3
3109 3146 3206 3209 vel
3248 3149 3479 3228 gratias

1983 3241 2111 3321 egit
2166 3241 2245 3303 de
2302 3240 2847 3304 consummatione
2901 3262 2975 3305 ac
3037 3245 3480 3310 terminatione

1982 3339 2283 3420 legalium
2341 3339 2569 3402 horum
2630 3340 2941 3417 ciborum,
2994 3343 3147 3424 quia
3194 3354 3256 3407 et
3314 3345 3477 3408 calix

1983 3456 2094 3500 seu
2129 3445 2314 3520 potus
2354 3439 2473 3500 iste
2509 3439 2586 3501 ad
2628 3447 2809 3502 vetus
2851 3441 3104 3522 pascha,
3140 3442 3241 3505 cui
3273 3442 3475 3507 finem

1982 3537 2373 3618 imponebat,
2416 3536 2759 3620 spectabat.
2801 3537 2901 3600 Bis
2950 3540 3193 3623 quippe
3236 3541 3302 3603 in
3341 3541 3477 3606 Coe-

1983 3653 2064 3698 na
2112 3636 2229 3698 hac
2269 3635 2500 3716 legitur
2537 3635 2797 3698 calicem
2842 3638 3183 3720 accepisse.
3228 3639 3475 3702 Primus

1983 3732 2344 3815 pertinebat
2378 3733 2457 3794 ad
2501 3738 2681 3794 vetus
2722 3734 2955 3815 pascha
3000 3754 3075 3797 ac
3116 3733 3477 3801 Testamen-

1982 3839 2142 3906 tum,
2196 3832 2511 3893 secundus
2558 3831 2637 3893 ad
2686 3850 2944 3906 novum,
2992 3833 3158 3896 sicut
3204 3835 3470 3898 dicetur.

1983 3932 2070 3990 Εὐ
2097 3931 2319 3990 dixit:
2339 3931 2629 4005 Accipite
2656 3939 2715 3990 et
2742 3930 3023 3992 dividite
3051 3934 3224 3994 inter
3250 3954 3384 4005 υοε,
3411 3934 3475 3996 id

1983 4033 2099 4102 est,
2164 4027 2521 4090 successive
2585 4035 2646 4089 et
2704 4045 2819 4109 per
2874 4029 3161 4092 ordinem
3222 4032 3300 4094 de
3354 4032 3476 4096 hoc

1985 4134 2138 4207 potu
2170 4142 2283 4187 seu
2315 4125 2571 4188 vasculo
2606 4125 2807 4189 bibite
2841 4146 2855 4190 :
2893 4136 3080 4209 prout
3118 4130 3313 4192 moris
3352 4129 3478 4193 fuit

361 4226 514 4289 ideo
553 4224 826 4287 verbum
867 4223 988 4286 hoc
1025 4222 1312 4304 protulit,
1347 4225 1647 4304 quoniam
1686 4224 1874 4287 Judas
1906 4222 1954 4285 D
1987 4225 2050 4285 in
2080 4243 2192 4286 esu
2224 4224 2367 4304 agni
2412 4224 2725 4307 paschalis
2764 4233 3001 4307 potare.
3035 4226 3112 4290 Et
3141 4235 3325 4310 potus
3367 4229 3476 4293 ille

357 4342 599 4388 avarus
631 4329 887 4405 tempus
917 4321 1296 4404 proditionis
1325 4322 1724 4404 explorabat3
1767 4324 1877 4386 sed

361 4440 450 4485 ne
499 4422 782 4484 traderet
830 4420 1151 4483 Christum
1195 4426 1340 4481 ante
1383 4421 1876 4502 completionem

361 4519 568 4602 hujus
626 4517 858 4592 Coenae,
922 4537 1049 4582 non
1109 4517 1538 4600 explicaverat
1592 4519 1876 4582 Christus

363 4620 660 4692 domum,
712 4624 824 4679 aut
872 4616 1084 4679 virum
1137 4633 1334 4698 penes
1389 4635 1584 4698 quem
1643 4618 1877 4700 pascha

363 4723 707 4800 perageret
751 4732 767 4777 τ
809 4715 996 4796 cujus
1039 4733 1294 4778 causam
1339 4732 1454 4796 per
1501 4716 1634 4780 haec
1684 4717 1878 4779 verba

362 4815 674 4879 ostendit.

461 4913 642 4986 Quod
695 4929 848 4975 vero
906 4910 1166 4993 praefata
1221 4912 1624 4975 manducatio
1683 4912 1876 4993 hujus

367 5013 519 5092 agni
571 5009 894 5093 paschalis
953 5017 1119 5072 esset
1177 5009 1402 5072 ultima
1449 5009 1681 5073 Christi
1729 5030 1878 5073 cum

371 5110 512 5172 suis
551 5107 894 5190 discipulis
934 5106 1144 5182 Coena,
1181 5114 1242 5170 et
1282 5108 1424 5172 ideo
1465 5107 1587 5170 sibi
1633 5128 1881 5193 praeop-

371 5215 525 5282 tata,
571 5206 798 5289 pandit
837 5205 1168 5269 subdendo
1215 5224 1229 5269 ξ
1273 5208 1432 5267 Dico
1469 5209 1643 5268 enim
1685 5210 1880 5278 vebia,

372 5307 538 5387 quia
564 5326 650 5366 ex
679 5307 821 5374 hoc,
853 5303 915 5365 id
955 5309 1051 5366 est
1089 5311 1232 5386 post
1271 5304 1436 5366 hanc
1467 5305 1708 5381 horam,
1742 5326 1874 5368 non

626 5439 694 5492 T.
723 5438 804 5490 12.

1985 4324 2417 4406 sumptionem
2446 4323 2772 4404 sanguinis
2802 4324 3033 4388 Christi
3074 4327 3193 4389 sub
3236 4329 3478 4410 specie-

1984 4423 2104 4485 bus
2162 4422 2723 4485 sacramentalibus
2769 4422 3073 4505 figuravit
3124 4445 3138 4489 :
3191 4427 3362 4490 unde
3410 4427 3475 4489 in

1984 4520 2382 4584 institutione
2439 4523 2813 4584 sacramenti
2872 4522 3283 4587 Eucharistiae
3346 4543 3481 4588 ces-

1984 4625 2284 4682 saverunt
2342 4619 2585 4700 legalia,
2646 4630 2957 4702 quantum
3014 4623 3094 4684 ad
3149 4623 3482 4705 obligatio-

1984 4735 2155 4792 nem,
2208 4725 2272 4779 et
2315 4716 2468 4779 finis
2516 4717 2853 4798 impositus
2912 4727 3007 4782 est
3054 4721 3265 4803 typico
3312 4740 3479 4802 agno

1984 4834 2058 4878 ac
2116 4814 2289 4896 potui
2356 4814 2518 4894 ejus.
2579 4815 2885 4880 Veniente
2952 4817 3124 4879 enim
3185 4819 3472 4894 veritate,

1985 4921 2049 4975 et
2087 4931 2156 4975 re
2193 4912 2464 4994 figurata
2506 4912 2807 4989 exhibita,
2850 4924 3097 4978 cessant
3142 4915 3367 4997 figurae
3415 4925 3479 4979 et

1985 5012 2218 5094 typica.

2067 5111 2224 5171 Dico
2270 5111 2447 5170 enim
2495 5111 2693 5179 vobiS,
2742 5114 2915 5190 quod
2960 5132 3091 5174 non
3140 5113 3351 5175 bibam
3399 5116 3478 5174 de

1982 5207 2395 5286 generatione
2442 5208 2621 5278 vitia,
2670 5207 2734 5269 id
2782 5216 2879 5270 est
2927 5209 3005 5272 de
3053 5210 3204 5274 vino
3252 5211 3481 5292 hujus—

1991 5305 2189 5387 modi,
2230 5305 2403 5387 quod
2442 5313 2780 5386 generatur
2822 5306 2887 5370 in
2932 5307 3080 5385 vite,
3126 5316 3191 5371 et
3232 5308 3479 5373 fructus

3170 5445 3233 5498 14

3616 2762 3682 2818 17

3614 5115 3684 5172 18
