4300 6259
1126 552 1475 604 mumulo
1517 551 1580 599 m
1620 550 1759 600 (m’.
1805 550 1912 598 xlx
1953 551 2142 600 LUGAE.
2189 572 2271 584 -—
2311 554 2453 601 ΛΒΤ.
2496 556 2621 602 an

3300 538 3419 603 165

315 721 690 784 universum
719 723 905 787 illum
935 726 1350 808 reproborum
1379 725 1816 790 tristissimum
1844 723 1899 786 A
1927 723 2312 802 Bethaniam,
2374 727 2617 790 scilicet
2672 727 2931 792 sabbato
2986 736 3132 790 ante
3191 725 3417 790 Ramos

315 820 674 898 cumulum,
736 823 982 887 scilicet
1045 823 1112 887 in
1177 823 1527 899 infernum,
1589 831 1658 886 ut
1719 823 1814 887 di-

312 925 494 981 ctum
533 926 652 983 est.

390 1016 662 1090 Quidam
707 1027 1039 1102 exponunt
1080 1022 1216 1085 haec
1257 1023 1336 1084 de
1375 1021 1816 1106 interfectione

312 1115 674 1182 Judaeorum
714 1137 830 1201 per
858 1119 1069 1182 Titum
1109 1127 1172 1184 et
1211 1121 1557 1184 exercitum
1593 1121 1816 1184 Roma-

316 1234 570 1292 norum,
603 1236 748 1299 quae
794 1217 860 1280 in
912 1219 1222 1282 ultionem
1272 1219 1599 1300 sanguinis
1639 1219 1817 1283 Chri·—

315 1313 396 1376 sti
445 1312 612 1378 facta
653 1325 750 1378 est
791 1317 1278 1398 quadragesimo
1323 1317 1603 1382 secundo
1649 1336 1816 1381 anno

316 1421 462 1495 post
511 1413 871 1496 passionem
921 1415 1126 1497 ipsius
1169 1434 1184 1478 :
1225 1417 1304 1478 ad
1347 1435 1542 1499 quam
1589 1416 1818 1498 impio-

315 1531 460 1573 rum
501 1511 886 1575 occisionem
916 1512 1079 1576 Deus
1120 1513 1446 1595 instigavit
1480 1513 1812 1590 RomanOS‚

317 1609 384 1672 in
439 1618 752 1691 quantum
811 1609 1012 1674 fiebat
1066 1611 1136 1674 in
1199 1613 1526 1693 sanguinis
1587 1612 1815 1676 Christi

315 1708 688 1784 vindictam,
739 1710 1037 1791 quamvis
1083 1709 1348 1774 Romani
1397 1711 1518 1774 boc
1570 1711 1820 1792 ignora·—

317 1815 479 1880 rent‚
528 1815 722 1889 atque
779 1807 862 1870 ob
920 1808 1110 1870 aliam
1164 1827 1417 1871 causam
1471 1807 1537 1870 id
1595 1827 1821 1890 perpe-

1926 823 2333 906 palmarum3
2383 835 2448 889 et
2499 826 2590 889 ibi
2638 834 2794 889 tunc
2840 826 3081 889 factum
3130 833 3227 888 est
3272 844 3419 889 con-

1925 922 2194 999 vivium,
2228 925 2305 986 de
2346 943 2477 1006 quo
2520 925 2587 988 in
2627 925 2862 989 Ioanne
2900 925 3151 1006 legitur,
3185 925 3251 987 in
3289 942 3418 1007 quo

1921 1020 2191 1084 Lazarus
2221 1042 2387 1086 unus
2425 1023 2551 1086 fuit
2580 1023 3143 1099 discumbentium,
3174 1030 3238 1086 et
3263 1023 3421 1086 Mar-

1921 1119 2030 1182 tha
2079 1121 2500 1185 ministrabat.
2546 1122 2655 1185 Die
2704 1131 2915 1185 autem
2963 1121 3279 1204 sequenti,
3313 1140 3420 1186 ve—

1924 1218 2107 1281 niens
2135 1219 2314 1282 Jesus
2345 1238 2382 1281 a
2408 1219 2709 1283 Bethania
2736 1221 2815 1282 ad
2842 1219 3187 1283 Jerusalem
3218 1227 3421 1283 trans-

1924 1317 2042 1380 ivit
2082 1336 2196 1400 per
2224 1317 2606 1400 Bethphage,
2640 1337 2783 1401 quae
2822 1326 2956 1381 erat
2986 1318 3051 1380 in
3093 1319 3324 1393 medio,
3357 1325 3420 1380 et

1923 1415 2018 1478 sic
2055 1416 2231 1479 venit
2266 1418 2343 1480 ad
2385 1424 2666 1480 montem
2705 1415 2954 1492 Oliveti,
2988 1417 3101 1498 qui
3144 1416 3289 1480 ideo
3327 1415 3421 1478 sic

1926 1521 2207 1588 vocatur,
2240 1515 2543 1596 quoniam
2584 1515 2801 1577 multae
2838 1515 3024 1578 olivae
3050 1512 3420 1576 crescebant

1927 1611 1993 1673 in
2036 1628 2131 1674 eo.

2006 1711 2193 1771 Misit
2232 1712 2394 1770 duos
2430 1712 2785 1790 discipulos
2819 1730 2985 1771 suos.
3018 1709 3273 1772 Eisdem
3323 1728 3419 1772 ra-

1928 1807 2210 1870 tionibus
2256 1808 2434 1870 misit
2478 1809 2656 1884 duOS,
2700 1807 2960 1891 quibuS,
2995 1816 3065 1871 ut
3114 1807 3180 1871 in
3230 1826 3421 1890 expo-

315 1912 558 1966 trarent
591 1923 606 1968 :
648 1907 1189 1987 quemadmodum
1230 1923 1344 1988 per
1381 1905 1716 1969 Ieremiam
1757 1915 1820 1969 et
1855 1905 1902 1966 B
1930 1905 2158 1970 sitione
2205 1905 2436 1968 decimi
2484 1907 2745 1988 capituli
2797 1907 3035 1969 dictum
3084 1913 3202 1975 est.
3244 1905 3420 1969 misit

317 2001 712 2067 Ezechielem
743 2003 1018 2066 asseruit
1047 2021 1114 2066 se
1153 2004 1468 2067 adducere
1499 2004 1818 2068 Chaldaeos

319 2108 536 2164 contra
582 2102 828 2165 Judaeos
886 2101 1320 2184 pravissimoS,
1371 2102 1818 2184 praedictorum

319 2199 720 2282 temporibus
769 2199 1248 2282 Prophetarum,
1292 2208 1362 2262 ut
1411 2207 1584 2282 patet
1629 2201 1697 2263 in
1744 2200 1822 2262 li-

321 2298 454 2361 bris
497 2316 744 2362 eorum.

403 2400 488 2459 Ec
519 2398 624 2458 his
664 2394 1025 2478 parabolice
1052 2399 1274 2468 dictis,
1294 2400 1691 2475 praecedebat
1729 2399 1822 2460 di-

323 2495 628 2578 scipuloS,
692 2494 904 2559 verbis
961 2503 1025 2556 et
1085 2493 1270 2558 factis
1335 2497 1657 2559 instruens
1714 2515 1820 2561 eos

322 2595 398 2656 ad
427 2594 629 2656 animi
669 2592 1110 2656 fortitudinem
1149 2600 1342 2676 atque
1384 2595 1820 2671 constantiam,

1929 2003 2277 2092 discipulos
2336 2023 2482 2067 suos
2540 2003 2724 2068 binos
2781 2007 2860 2067 ad
2920 2005 3415 2086 praedicandum.

1928 2101 2287 2184 Dicuntque
2334 2103 2556 2185 aliqui,
2607 2105 2778 2184 quod
2835 2104 3186 2167 secundum
3236 2103 3425 2186 Chry-

1931 2207 2301 2275 sostomum,
2337 2201 2461 2264 duo
2499 2201 2604 2263 isti
2644 2200 2905 2264 fuerunt
2940 2200 3158 2264 Petrus
3189 2209 3253 2264 et
3288 2201 3425 2263 Phi-

1931 2299 2147 2382 lippus
2211 2318 2225 2362 :
2286 2319 2562 2382 quorum
2626 2299 2805 2374 alter,
2870 2300 3116 2363 scilicet
3178 2299 3421 2376 PetruS,

1932 2397 2296 2461 Cornelium
2334 2397 2517 2479 quasi
2556 2397 2826 2474 asinum,
2862 2395 3193 2479 Philippus
3225 2395 3428 2459 Sama-

1933 2495 2092 2558 riam
2135 2495 2319 2577 quasi
2359 2494 2625 2570 asinam,
2660 2512 2775 2577 per
2810 2493 3007 2558 fidem
3047 2495 3309 2556 adduxit
3348 2496 3426 2557 ad

1929 2595 2166 2669 lesum,
2198 2594 2334 2656 sive
2372 2593 2703 2658 convertit.
2738 2592 2858 2658 Sed
2886 2593 3066 2674 juxta
3094 2593 3229 2667 hoc,
3257 2593 3427 2656 istud

325 2701 394 2754 ut
439 2699 655 2755 essent
695 2691 893 2775 parati
934 2693 1011 2754 ad
1064 2701 1334 2756 mortem
1375 2712 1491 2774 pro
1529 2692 1660 2757 side
1707 2712 1819 2756 seu
1933 2695 2012 2756 de
2048 2692 2345 2775 Philippo
2386 2689 2670 2774 apostolo
2710 2709 2837 2754 non
2879 2700 3092 2774 posset
3130 2691 3422 2772 intelligi,

319 2790 567 2872 justitia
615 2790 1076 2866 sustinendam,
1119 2793 1464 2853 ascendens
1502 2795 1820 2870 Jerosoly-
1934 2791 2237 2874 quoniam
2287 2789 2425 2872 ipse
2481 2788 2825 2852 Samariam
2884 2807 3012 2852 non
3063 2789 3423 2870 convertit3

323 2911 518 2962 mam,
553 2890 620 2952 in
660 2907 790 2970 qua
827 2907 895 2950 se
934 2889 1146 2951 statim
1189 2908 1526 2972 passurum
1572 2891 1823 2973 praesci-
1935 2891 2045 2953 sed
2092 2891 2172 2952 de
2219 2888 2535 2972 Philippo,
2586 2908 2713 2952 uno
2771 2888 2849 2951 de
2906 2895 3150 2971 septem
3199 2887 3424 2969 primis

321 2987 410 3050 vit
439 2997 504 3050 et
531 2987 948 3071 praenarravit
973 3006 988 3050 ε
1013 2987 1231 3069 sicque
1257 2987 1426 3052 facto
1454 2989 1826 3052 monstravit
1935 2986 2329 3061 diaconibuS,
2362 2986 2475 3069 qui
2506 2985 2817 3049 convertit
2849 2984 3214 3060 Samariam,
3249 2994 3319 3048 ut
3356 2985 3422 3047 in

321 3085 492 3166 quod
537 3085 757 3149 verbis
807 3085 1122 3167 praedixit.
1159 3085 1229 3148 In
1280 3105 1410 3168 quo
1457 3087 1821 3170 exemplum
1861 3090 1906 3155 C
1933 3085 2197 3149 Actibus
2245 3083 2649 3159 describitur,
2703 3090 2890 3166 prout
2947 3082 3183 3146 ibidem
3236 3101 3427 3166 expo-

323 3184 494 3246 dedit
524 3183 802 3267 praelatis
833 3182 1188 3247 voluntarie
1230 3185 1554 3267 praeeundi
1582 3187 1661 3248 ad
1693 3204 1825 3268 poe-
1935 3185 2159 3248 sitores
2208 3189 2538 3245 testantur.
2573 3181 3019 3246 Verumtamen
3065 3181 3428 3264 chrysosto-

324 3300 468 3345 nam
499 3289 565 3344 et
595 3289 866 3345 mortem
899 3300 1014 3364 pro
1054 3282 1256 3344 salute
1283 3283 1494 3364 gregis
1531 3283 1623 3346 eis
1655 3303 1826 3348 com-

323 3381 524 3456 missi,
561 3387 672 3442 aut
700 3379 890 3443 etiam
920 3379 1215 3455 aliorum,
1250 3400 1452 3462 quum
1487 3380 1682 3444 fuerit
1712 3402 1825 3464 op-

325 3487 697 3562 portunum,
741 3485 931 3561 prout
980 3478 1048 3540 in
1096 3477 1278 3541 libris
1325 3478 1820 3543 Macbabaeorum

83 3591 239 3638 umen
251 3611 298 3648 n.
325 3579 399 3640 de
439 3578 722 3659 quodam
761 3575 854 3638 sic
892 3576 1196 3639 scribitur
1229 3595 1243 3640 ε
1277 3576 1606 3640 Eleazarus
1645 3585 1826 3640 aetate

83 3659 134 3704 13.
150 3661 204 3702 19.

87 4049 136 4088 1⁶.

159 4363 218 4420 29

327 3683 688 3758 provectuS,
730 3673 1257 3756 gloriosissimam
1305 3683 1573 3739 mortem
1623 3675 1824 3756 magis

323 3795 514 3857 quam
545 3773 855 3838 odibilem
888 3773 1082 3837 vitam
1119 3773 1568 3855 complecten3‚
1604 3774 1827 3838 volun-

323 3875 477 3936 tarie
521 3872 793 3956 praeibat
827 3873 908 3935 ad
945 3871 1362 3954 supplicium.
1398 3872 1554 3935 Hinc
1593 3873 1659 3935 in
1695 3873 1827 3955 epi-

85 3981 234 4030 um
247 4002 300 4038 ω,
325 3973 482 4036 stola
507 3971 770 4036 Joannis
811 3970 1125 4052 scriptum
1163 3977 1260 4032 est
1292 3988 1306 4032 ε
1341 3969 1408 4033 In
1449 3971 1570 4034 hoc
1601 3989 1828 4052 cogno-

327 4071 536 4132 vimus
569 4069 898 4131 caritatem
927 4066 1056 4144 Dei,
1078 4067 1381 4150 quoniam
1412 4068 1523 4130 ille
1548 4069 1828 4131 animam

328 4187 506 4230 suam
557 4186 677 4250 pro
725 4165 911 4230 nobis
959 4166 1208 4249 posuit3
1246 4172 1312 4227 et
1359 4184 1472 4229 nos
1522 4165 1828 4229 debemus

327 4285 440 4348 pro
481 4264 794 4328 fratribus
837 4265 1082 4326 animas
1127 4281 1385 4346 ponere.

403 4367 491 4426 Ec
537 4365 800 4442 factum
847 4371 963 4432 est,
1006 4383 1210 4442 quum
1257 4363 1830 4442 appropinquasset

324 4461 502 4524 lesus
532 4464 627 4524 ad
647 4463 1018 4538 Bethphaye
1044 4470 1106 4520 et
1125 4461 1528 4528 Bethaniam‚
1546 4463 1636 4521 ad
1662 4481 1832 4522 mon-

329 4569 448 4621 tem
498 4561 624 4641 qui
662 4567 929 4619 vocatur
961 4559 1217 4619 oliveti.
1251 4556 1613 4620 Secundum
1661 4557 1834 4623 Glos-

329 4677 482 4732 sam,
519 4655 886 4738 Bethphage
927 4654 1052 4718 fuit
1089 4655 1242 4718 villa
1289 4673 1399 4717 seu
1440 4656 1689 4719 viculus
1739 4676 1835 4718 sa-

330 4758 660 4820 cerdotum
692 4772 893 4836 prope
921 4760 1204 4818 montem
1233 4752 1480 4817 Oliveti.
1508 4753 1836 4817 Habebant

331 4855 501 4916 enim
553 4852 914 4916 sacerdotes
966 4852 1195 4914 veteris
1235 4851 1615 4916 Testamenti
1661 4852 1833 4916 vicos

333 4959 504 5014 extra
555 4950 883 5014 civitatem
929 4950 1008 5012 ad
1057 4949 1358 5013 alendum
1419 4968 1648 5033 pecora
1695 4971 1829 5014 sua.

335 5049 634 5113 Bethania
683 5066 942 5131 quoque
992 5048 1148 5112 villa
1203 5046 1329 5110 fuit
1376 5069 1502 5114 non
1560 5049 1746 5131 longe
1799 5070 1836 5112 a

337 5148 528 5212 latere
557 5147 798 5211 montis
829 5146 1096 5230 praefati.
1117 5146 1456 5210 Sciendum
1488 5166 1638 5212 vero
1667 5150 1836 5230 quod

339 5246 532 5310 Lucas
586 5265 714 5310 non
765 5245 1060 5310 observat
1119 5245 1224 5309 hic
1282 5246 1498 5309 stricte
1547 5247 1836 5310 ordinem

345 5345 432 5408 rei
469 5353 685 5429 gestae.
719 5344 928 5409 Primo
967 5345 1205 5408 etenim
1245 5345 1421 5407 venit
1450 5344 1733 5408 Christus
1774 5345 1839 5408 in

1933 3303 2076 3346 mus
2117 3283 2278 3345 illud
2317 3300 2443 3345 non
2486 3280 2732 3356 asserit,
2767 3280 2877 3342 sed
2916 3279 2983 3342 in
3031 3280 3426 3362 expositione

1935 3381 2267 3463 cujusdam
2326 3378 2620 3463 perhibet
2665 3396 2733 3440 se
2782 3377 3030 3458 legisse.
3082 3377 3157 3441 Et
3203 3378 3257 3441 si
3306 3379 3427 3441 rite

1936 3478 2251 3551 recordor,
2287 3476 2409 3556 legi
2452 3476 2622 3556 quod
2662 3473 2959 3555 Origenes
3002 3474 3122 3538 hoc
3170 3475 3421 3538 dixerit.

1933 3576 2047 3650 Qui
2100 3593 2251 3640 vero
2308 3573 2375 3635 hi
2424 3574 2550 3637 duo
2596 3573 2893 3655 discipuli
2951 3571 3212 3648 fuerint,
3264 3571 3427 3635 Scri-

1935 3683 2120 3758 ptura
2163 3692 2288 3738 non
2332 3671 2653 3753 exprimit,
2699 3689 2816 3733 nec
2858 3677 3102 3733 certum
3144 3678 3259 3733 est.

2013 3774 2247 3834 Dicens
2296 3791 2319 3831 .·
2367 3774 2465 3832 Ite
2512 3771 2585 3830 in
2632 3773 2989 3840 castellum,
3029 3769 3150 3833 hoc
3207 3776 3302 3832 est
3356 3769 3423 3832 in

1935 3871 2251 3935 civitatem
2302 3867 2646 3931 Jerusalem
2681 3885 2695 3929 :
2730 3885 2872 3949 quae
2913 3867 3012 3931 vel
3064 3867 3426 3950 despective

1936 3976 2199 4033 vocatur
2227 3966 2579 4042 castellum,
2613 3965 2765 4049 quia
2794 3984 2920 4029 non
2962 3964 3086 4027 suit
3123 3965 3189 4029 in
3220 3985 3292 4028 ea
3323 3984 3427 4029 ve-

1936 4089 2006 4130 ra
2035 4067 2188 4130 unio
2217 4066 2473 4141 civium,
2507 4067 2616 4128 sed
2647 4083 2875 4146 magna
2902 4064 3211 4129 dissensio
3240 4073 3434 4146 atque

1939 4165 2215 4245 invidia3
2268 4165 2369 4227 vel
2420 4172 2679 4247 propter
2728 4164 2919 4226 situm
2968 4162 3114 4238 loci,
3165 4163 3318 4244 quia
3366 4163 3433 4226 in

1860 4264 1910 4326 D
1939 4263 2265 4329 montibus
2315 4263 2519 4346 posita
2564 4270 2716 4337 erat,
2755 4269 2817 4325 et
2863 4261 2945 4325 ob
2994 4260 3435 4325 fortitudinem

1938 4381 2271 4426 murorum
2302 4361 2849 4442 munitionumque
2876 4360 3030 4442 ejus.
3052 4359 3259 4424 Potest
3288 4380 3437 4443 quo-

1939 4479 2089 4544 que,
2135 4468 2209 4522 ut
2254 4459 2453 4542 aliqui
2506 4465 2750 4542 putant,
2804 4475 2919 4539 per
2965 4457 3292 4521 castellum
3341 4459 3439 4521 in-

1940 4561 2140 4643 telligi
2179 4561 2394 4643 aliqua
2431 4560 2655 4622 domus
2700 4557 2948 4640 lapidea
2988 4575 3098 4620 seu
3145 4557 3438 4621 fortaliti-

1941 4679 2051 4722 um
2079 4659 2260 4740 juxta
2290 4675 2569 4731 murum,
2606 4656 2669 4718 in
2700 4675 2848 4737 qua,
2884 4655 2980 4719 vel
3015 4673 3213 4738 prope
3241 4674 3433 4737 quam

1938 4758 2117 4819 asina
2162 4755 2307 4818 fuit.
2344 4757 2527 4825 Quod
2553 4763 2778 4816 contra
2821 4775 2925 4815 vos
2958 4763 3067 4827 est,
3104 4754 3167 4816 id
3216 4761 3312 4816 est
3358 4771 3436 4817 ex

1940 4855 2232 4939 opposito
2262 4852 2479 4927 vestri,
2515 4853 2866 4914 secundum
2904 4852 3166 4916 localem
3203 4852 3440 4915 distan-

1941 4955 2132 5033 tiam3
2182 4952 2306 5026 vel,
2354 4949 2582 5014 Contra
2631 4968 2763 5025 voe,
2806 4950 2957 5031 quia
3004 4967 3109 5011 me
3155 4957 3438 5013 vestrum

1943 5050 2283 5116 Dominum
2330 5066 2403 5110 ac
2448 5048 2819 5129 magistrum
2868 5046 3249 5109 habitatores
3299 5047 3439 5128 ejus

1945 5151 2239 5212 nituntur
2288 5145 2597 5220 occidere,
2642 5163 2883 5227 vosque
2931 5145 3314 5227 dispergere.
3354 5148 3440 5208 In

1946 5250 2116 5329 quod
2149 5249 2555 5315 introeuntes,
2580 5243 2926 5305 invenietis
2947 5246 3210 5320 pullum
3238 5245 3443 5307 asinae

1949 5346 2298 5424 alliyatum
2348 5342 2617 5426 praesepi
2667 5347 2773 5404 aut
2820 5339 3001 5402 alteri
3051 5340 3166 5416 rei,
3209 5359 3290 5404 ne
3338 5360 3444 5406 va-

3462 945 3624 990 Jocnn.
3635 959 3708 1000 κει,

3445 1012 3486 1063 2,
3512 1012 3577 1054 12.

3458 1827 3567 1872 Luc.
3590 1831 3693 1878 x,1.

3478 3101 3580 3145 Act.
3602 3114 3660 3153 vi,
3675 3104 3715 3155 ⁵3

3453 3167 3715 3221 vuasonem
