4300 6259
148 1391 210 1446 21

100 2977 258 3021 Mutila.
279 2993 323 3028 v.

90 4557 313 4611 Iamno.

114 4656 219 4700 11n‘d.
243 4661 283 4703 ί.

1165 519 1519 568 mannum
1562 519 1627 567 m
1668 519 1807 568 cAP.
1854 520 1923 566 111
1965 521 2244 568 JOANNIS.
2290 540 2371 552 --
2412 521 2554 570 ΛΒΤ.
2599 523 2664 568 lx

3343 501 3462 568 337

348 685 568 750 lucem
618 697 679 751 et
730 689 964 771 refugit
1006 709 1168 766 eam,
1222 692 1541 774 loquendo
1591 693 1669 754 de
1716 709 1857 774 pec·
1884 689 1935 750 A
1964 698 2115 768 tem,
2162 692 2224 754 id
2273 700 2389 769 est,
2423 693 2746 756 meritorie
2786 675 3105 776 operatur,
3158 691 3333 757 venit
3379 691 3456 753 ad

348 787 513 848 catis
552 806 589 848 a
627 788 866 870 quibus
912 791 1103 854 homo
1144 791 1370 854 merito
1410 790 1857 854 denominatur

347 893 671 965 peccator.
731 887 943 952 Nihilo
998 889 1213 952 minus
1272 897 1420 951 sunt
1474 888 1670 970 aliqui
1735 887 1854 950 viri

347 983 623 1047 virtuosi
674 993 804 1046 tam
852 985 1171 1049 ferventes
1220 995 1283 1049 et
1333 987 1631 1060 humileS,
1683 987 1854 1068 quod

346 1099 611 1163 semper
655 1085 856 1165 parati
902 1093 1052 1147 sunt
1096 1085 1435 1167 increpari,
1478 1092 1541 1146 et
1586 1085 1857 1166 cupiunt

346 1199 471 1242 sua
510 1190 767 1263 peccata
808 1183 1234 1259 manifestare,
1269 1184 1855 1266 correctionemque

350 1280 489 1360 pati
520 1281 891 1362 pronissimi
924 1291 1093 1345 sunt.

442 1381 571 1447 Qui
610 1391 829 1442 autem
865 1383 1031 1459 facit
1064 1385 1402 1443 veritatem
1441 1381 1743 1444 doctrinae
1792 1387 1855 1442 et

348 1477 501 1540 vitae
540 1485 731 1560 atque
771 1479 1055 1559 justitiae,
1098 1480 1218 1544 hoc
1263 1487 1379 1556 est,
1422 1480 1535 1562 qui
1565 1469 1727 1542 'vera
1766 1480 1855 1542 lo-

346 1576 596 1658 quitur,
648 1586 711 1640 et
768 1580 988 1641 eadem
1040 1587 1361 1661 operatur,
1410 1579 1853 1661 justitiamque

346 1683 652 1738 sectatur.
688 1674 945 1759 Triplex
976 1677 1151 1740 enim
1188 1685 1285 1740 est
1323 1678 1574 1752 veritam,
1608 1677 1853 1739 scilicet

346 1773 679 1856 doctrina),
732 1775 900 1850 vitae,
954 1783 1017 1836 et
1070 1776 1381 1856 justitiae3
1434 1783 1497 1838 et
1549 1775 1851 1856 quaelibet

1964 790 2197 866 lucem,
2231 810 2376 873 quae
2405 792 2689 856 Christus
2721 801 2836 868 est,
2873 801 2943 854 ut
2969 792 3458 855 manifestentur
3483 812 3748 866 mamas.

1963 910 1999 952 a
2030 891 2277 954 Christo
2307 911 2498 974 opera
2536 893 2674 972 ejus
2721 894 2785 954 in
2832 893 2934 956 die
2975 893 3221 974 judicii,
3257 911 3457 974 quan·

1966 990 2045 1052 do
2086 988 2223 1050 laus
2269 991 2390 1052 erit
2437 991 2788 1073 unicuique
2825 1011 2862 1053 a
2901 992 3044 1065 Deo,
3081 999 3143 1053 ct
3184 998 3252 1053 ut
3283 989 3458 1052 Chri-
3493 1011 3749 1064 icor.1v.5.

1965 1095 2099 1149 stus
2130 1088 2510 1151 confiteatur
2540 1109 2688 1152 eum
2730 1109 2936 1153 coram
2977 1091 3153 1152 Patre
3193 1109 3307 1152 suo
3338 1108 3458 1152 coe-
3512 1103 3750 1154 uatum,

1964 1184 2129 1248 lesti.
2159 1186 2420 1262 RursuS,
2453 1188 2846 1270 quicumque
2878 1189 2969 1251 sic
2997 1189 3140 1269 agit,
3176 1189 3350 1251 venit
3378 1189 3456 1250 ad
3485 1169 3554 1210 ³²·

1965 1284 2195 1359 lucem,
2215 1286 2276 1348 id
2306 1294 2402 1348 est
2429 1287 2504 1348 ad
2539 1295 2723 1348 rectae
2753 1287 3012 1350 rationis
3040 1287 3369 1367 judicium,
3389 1293 3460 1348 ut

1964 1383 2452 1446 manifestentur
2488 1403 2680 1466 opera
2728 1385 2867 1466 ejus
2913 1403 3026 1468 pro
3073 1385 3231 1460 loco,
3270 1403 3458 1447 causa

1963 1490 2027 1544 et
2070 1488 2378 1564 tempore,
2433 1484 2674 1546 scilicet
2730 1485 2986 1566 quando
3035 1484 3192 1547 ratio
3240 1483 3452 1558 dictat,

1962 1589 2023 1643 et
2062 1581 2287 1644 caritas
2329 1582 2542 1662 exigit.
2577 1581 2694 1654 Qui
2740 1601 2888 1646 vero
2936 1584 3014 1645 de
3060 1582 3306 1646 actibus
3354 1583 3458 1647 bo·

1962 1679 2060 1740 nis
2094 1699 2218 1742 non
2264 1680 2716 1743 excedentibus
2747 1698 3149 1743 communem
3183 1682 3459 1744 devotio-

1960 1795 2106 1840 nem
2153 1780 2681 1852 verecundantur,
2717 1787 2866 1840 sunt
2908 1779 3196 1842 homines
3237 1780 3452 1861 pusilli

347 1873 581 1935 harum
631 1880 726 1936 θεῖ
774 1893 887 1937 ειιο
935 1876 1123 1938 modo
1173 1874 1483 1936 facienda.
1534 1876 1717 1936 Venit
1763 1877 1851 1936 ad
1886 1873 1933 1934 B
1961 1886 2023 1938 et
2071 1877 2453 1960 imperfecti,
2500 1879 2611 1961 qui
2671 1881 3159 1961 apprehendunt
3216 1879 3454 1941 bonum

348 1975 581 2043 lucem,
631 1973 750 2035 hoc
800 1979 916 2045 est,
963 1991 1271 2054 apparere
1322 1991 1447 2035 non
1498 1972 1844 2046 erubescit,

349 2071 562 2133 lucem
614 2071 945 2153 sapientiae
982 2071 1293 2152 sequitur,
1338 2079 1401 2132 et
1446 2090 1657 2134 coram
1706 2071 1848 2133 aliis

350 2169 785 2252 exemplarem
822 2188 891 2232 se
930 2169 1211 2244 exhibet,
1248 2181 1321 2232 uc
1351 2171 1849 2247 manifestentur

348 2288 544 2346 opera
574 2270 714 2348 ejus
750 2270 829 2331 ad
867 2267 1135 2350 gloriam
1176 2268 1284 2330 Dei
1334 2267 1851 2332 aedificationem-

348 2386 479 2448 que
529 2367 827 2450 proximi,
860 2369 1023 2447 quia
1070 2369 1139 2427 in
1189 2371 1315 2427 Deo
1356 2376 1509 2426 sunt
1550 2367 1755 2444 facta,
1786 2367 1851 2429 id

350 2475 447 2529 est
490 2468 843 2529 secundum
891 2466 1284 2531 voluntatem
1322 2465 1452 2539 Dei,
1486 2485 1631 2547 quae
1668 2465 1850 2528 nobis

352 2567 419 2628 in
464 2565 811 2648 Scripturis
869 2564 1245 2628 declaratur.
1298 2564 1469 2626 Istud
1528 2565 1851 2646 praecipue

356 2684 579 2729 verum
621 2672 717 2727 θεῖ
755 2665 835 2726 de
871 2663 1175 2746 operibus
1219 2662 1403 2726 bonis
1446 2664 1524 2725 ad
1566 2681 1711 2744 quae
1740 2663 1854 2725 ali-

354 2767 502 2847 quis
532 2764 870 2844 obligatur,
904 2782 1049 2844 quae
1079 2761 1319 2824 nullam
1352 2762 1848 2842 singularitatem

358 2863 783 2947 praetendunt,
816 2869 879 2924 et
909 2862 1047 2924 sine
1080 2868 1225 2924 nota
1252 2861 1547 2922 vanitatis
1588 2869 1855 2943 possunt

356 2963 774 3027 manifestari.
803 2961 889 3023 De
920 2960 1020 3022 his
1061 2960 1233 3023 enim
1272 2959 1359 3021 ait
1390 2958 1671 3022 Salvator
1704 2977 1717 3022 :
1752 2959 1855 3022 Sic

1961 1976 2300 2038 honestum
2331 1977 2450 2038 sub
2483 1978 2725 2039 ratione
2757 1978 2845 2039 rei
2886 1977 3116 2058 turpiS,
3150 1977 3215 2038 in
3258 1996 3458 2059 quan-

1961 2079 2098 2134 tum
2131 2073 2474 2136 formidant
2503 2083 2764 2157 propter
2795 2075 2958 2137 bona
2987 2094 3180 2157 opera
3211 2075 3458 2138 deride—

1963 2169 2039 2231 ri.
2072 2169 2346 2240 Solitarii
2378 2181 2591 2235 autem
2633 2173 2899 2236 veniunt
2937 2175 3014 2236 ad
3054 2174 3262 2235 lucem
3305 2174 3458 2235 inte·

1965 2271 2220 2344 riorem,
2255 2272 2552 2353 quamvis
2585 2291 2710 2334 non
2742 2273 3007 2334 veniunt
3037 2274 3114 2334 ad
3146 2272 3456 2336 humanos

1962 2371 2320 2451 adspectus,
2369 2368 2558 2434 Porro
2608 2370 2800 2433 verba
2841 2369 3178 2433 Salvatoris
3227 2371 3459 2433 intelli-

1961 2469 2166 2549 genda
2205 2475 2356 2530 sunt
2403 2477 2718 2550 quantum
2766 2470 2841 2531 ad
2895 2469 3332 2544 intentionem,
3367 2469 3460 2531 vi-

1965 2567 2214 2640 delicet,
2253 2574 2320 2628 ut
2360 2586 2484 2629 non
2525 2585 2780 2630 oremus
2831 2585 2948 2629 nec
2995 2567 3161 2630 bona
3196 2586 3456 2648 agamus

1966 2665 2043 2726 ad
2112 2665 2284 2726 hunc
2351 2664 2575 2739 finem,
2638 2673 2952 2747 quatenus
3011 2665 3340 2728 videamur
3395 2674 3458 2729 et

1968 2764 2489 2825 commendemur
2518 2783 2555 2825 a
2585 2763 2908 2846 proximiS,
2945 2765 3054 2826 sed
3084 2765 3162 2826 ad
3189 2763 3456 2844 gloriam

1966 2860 2096 2934 Dei,
2132 2862 2585 2944 propriamque
2615 2862 2905 2937 salutem,
2929 2870 2992 2924 et
3023 2863 3456 2944 proximorum

1965 2958 2473 3022 aedificationem.

356 3065 567 3126 luceat
614 3063 725 3124 lux
786 3069 995 3124 vestra
1056 3079 1266 3123 coram
1333 3059 1724 3133 hominibuS,
1788 3068 1856 3121 ut
1892 3067 1934 3130 C
2048 3057 2362 3120 Elucescit
2409 3075 2486 3119 ex
2536 3058 2658 3132 his,
2701 3060 2874 3140 quod
2921 3058 3167 3139 justitia
3216 3065 3312 3121 est
3359 3077 3458 3122 res

358 3163 617 3226 videant
662 3179 854 3242 opera
901 3167 1111 3221 vestra
1157 3159 1344 3232 bona,
1388 3165 1449 3220 et
1493 3158 1859 3239 glorificent
1963 3157 2188 3232 audax,
2223 3175 2465 3230 secura,
2498 3156 2840 3231 fiducialiS,
2863 3158 3147 3238 jucunda
3175 3164 3236 3218 et
3267 3157 3462 3221 victo-

353 3262 601 3325 Patrem
646 3267 929 3323 vestrum
971 3257 1082 3340 qui
1128 3258 1192 3319 in
1236 3257 1415 3320 coelis
1456 3265 1573 3319 est.

435 3359 557 3423 Sed
598 3359 649 3421 si
691 3357 901 3422 omnis
951 3355 1064 3437 qui
1111 3355 1263 3419 facit
1307 3356 1636 3418 veritatem
1682 3357 1857 3420 venit

354 3461 431 3522 ad
462 3460 674 3522 lucem
708 3465 779 3518 ut
798 3455 1283 3518 manifestentur
1309 3472 1501 3536 opera
1526 3454 1855 3537 ejuS,quid

355 3567 450 3620 est
506 3558 679 3640 quod
740 3555 941 3637 aliqui
999 3555 1077 3616 de
1134 3553 1317 3616 bonis
1373 3553 1619 3615 actibus
1679 3573 1855 3617 vere-

355 3658 763 3720 cundantur?
795 3653 958 3716 Sunt
998 3653 1171 3715 enim
1218 3652 1533 3726 nonnulli,
1568 3653 1679 3734 qui
1728 3653 1779 3715 si
1819 3673 1855 3716 a

354 3758 488 3818 suis
528 3752 933 3819 consortibus
974 3751 1383 3814 inveniantur
1420 3768 1621 3824 orare,
1658 3751 1857 3813 confi-

355 3857 495 3930 teri,
531 3855 633 3920 vel
676 3852 923 3934 aliquid
967 3849 1320 3914 devotionis
1364 3867 1684 3930 peragere,
1718 3869 1855 3912 eru-

353 3954 647 4026 bescunt,
683 3951 1015 4033 cupientes
1046 3949 1262 4021 latere,
1298 3966 1424 4010 non
1462 3954 1591 4009 tam
1630 3965 1706 4009 ex
1738 3949 1856 4010 hu-

352 4053 851 4133 militate,quam
884 4067 959 4110 ex
993 4047 1271 4109 humano
1303 4045 1551 4108 rubore.
1573 4045 1855 4129 Denique

354 4157 505 4214 sunt
534 4149 733 4231 aliqui
778 4145 1043 4210 solitarii
1082 4152 1143 4206 et
1183 4143 1439 4217 inclusi,
1473 4143 1729 4225 optimae
1767 4145 1853 4207 vi-

1966 3254 2150 3318 riosa.
2214 3255 2530 3335 Injustitia
2583 3273 2732 3318 vero
2791 3257 3104 3319 contrario
3147 3258 3333 3319 modo
3391 3275 3460 3318 se

1966 3353 2176 3416 habet.
2223 3353 2482 3436 Propter
2519 3354 2690 3434 quod
2729 3354 3040 3436 scriptum
3073 3361 3167 3417 est
3203 3373 3216 3417 :
3251 3354 3456 3427 Quum
3526 3378 3747 3435 sanun,

1966 3452 2310 3514 sit-timida
2347 3451 2652 3534 nequitia,
2688 3453 2792 3513 dat
2833 3453 3267 3516 testimonium
3313 3471 3458 3515 con·
3487 3443 3552 3485 ¹⁰·

1964 3553 2294 3631 demnata3
2353 3567 2606 3632 semper
2663 3550 2832 3611 enim
2883 3550 3213 3631 praesumit
3268 3569 3452 3626 saeva,

1966 3650 2331 3732 perturbata
2361 3647 2762 3712 conscientia.
2784 3647 2944 3710 Hinc
2975 3648 3163 3709 etiam
3191 3647 3306 3712 Job
3336 3649 3452 3710 ait:

1963 3748 2219 3810 Sonitus
2251 3747 2510 3810 terroris
2542 3764 2790 3828 semper
2821 3746 2887 3808 in
2931 3746 3194 3808 auribus
3226 3746 3451 3829 impii,
3482 3772 3566 3816 ,ιώ
3587 3787 3656 3826 xv,
3678 3774 3746 3816 ῃ,

1963 3856 2026 3909 θῖ
2053 3864 2255 3928 quum
2298 3865 2419 3928 pax
2463 3845 2564 3919 sit,
2608 3844 2718 3907 ille
2757 3844 3019 3907 insidias
3067 3844 3450 3927 suspicatur.

1961 3945 2086 4008 Nec
2127 3945 2408 4008 dissonat
2446 3945 2618 4026 quod
2648 3942 2939 4006 Salomon
2971 3941 3455 4006 Proverbiorum

1966 4043 2268 4105 vicesimo
2317 4051 2536 4105 octavo
2593 4041 2862 4104 adstruit
2915 4059 2928 4103 :
2979 4041 3161 4121 Fugit
3217 4041 3456 4123 impius
3537 4063 3673 4108 em.

1965 4139 2220 4203 nemine
2270 4148 2691 4223 persequente
2719 4159 2734 4218 3
2762 4139 2972 4219 justus
3018 4147 3229 4201 autem
3270 4138 3454 4221 quasi
3484 4139 3624 4178 '‘⁸¹⁰¹'‘
3653 4130 3692 4170 ¹·

352 4259 454 4324 tae,
507 4249 623 4332 qui
674 4264 1003 4328 nunquam
1056 4244 1121 4306 in
1172 4242 1504 4326 publicum
1565 4243 1848 4306 veniunt.
1884 4243 1931 4304 D
1965 4242 2063 4303 leo
2093 4239 2426 4303 confidens
2466 4238 2709 4320 absque
2737 4246 2978 4300 terrore
3009 4238 3150 4300 erit.
3185 4238 3328 4302 Ideo
3359 4238 3454 4300 di-

353 4349 430 4414 Et
476 4347 666 4410 multi
716 4364 793 4408 ex
846 4362 996 4408 vera
1051 4342 1409 4405 humilitate
1456 4341 1854 4404 abscondunt

353 4448 523 4510 bona
551 4463 699 4527 quae
726 4449 1092 4524 operantur.
1126 4439 1303 4501 Unde
1338 4447 1402 4501 et
1438 4439 1724 4502 Christus
1752 4439 1855 4520 ju-

354 4546 461 4608 bet
502 4545 569 4606 in
621 4540 944 4617 cubiculo,
980 4539 1042 4601 id
1092 4545 1187 4600 est
1227 4537 1292 4598 in
1331 4538 1469 4601 loco
1516 4537 1846 4613 absconso,

353 4662 555 4709 orare.
599 4641 679 4704 Et
708 4658 931 4702 rursus
967 4656 979 4700 :
1014 4637 1254 4711 Videte,
1288 4638 1397 4710 ait,
1431 4654 1510 4699 ne
1538 4636 1850 4717 justitiam

353 4751 633 4808 vestram
678 4737 924 4801 faciatis
967 4754 1179 4800 coram
1221 4734 1611 4810 hominibuS,
1647 4742 1716 4796 ut
1762 4735 1854 4798 vi-

354 4839 635 4907 deamini
681 4837 761 4901 ab
806 4837 956 4899 illis.

433 4938 809 5010 Dicendum,
843 4935 1014 5016 quod
1065 4932 1259 4996 verba
1307 4933 1443 4994 haec
1492 4931 1854 5012 evangelica

354 5038 691 5102 verissima
729 5041 879 5096 sunt
915 5040 1108 5114 atque
1149 5029 1603 5113 pulcherrima,
1638 5031 1744 5092 sed
1778 5031 1853 5092 de

354 5135 628 5200 diversis
674 5133 994 5216 justorum
1040 5129 1383 5211 generibus
1442 5126 1855 5190 verificantur

354 5236 551 5300 variis
604 5233 833 5298 modis.
888 5230 1099 5293 Primo
1166 5227 1337 5290 enim
1409 5226 1856 5290 universaliter

354 5353 581 5399 verum
620 5339 738 5406 est,
772 5330 946 5412 quod
992 5327 1387 5410 quicumque
1437 5324 1591 5388 facit
1632 5323 1857 5388 verita-

606 5468 675 5520 Τ.
709 5466 791 5518 12.

1962 4340 2048 4401 cit
2076 4338 2413 4420 Apostolus
2447 4355 2460 4400 :
2487 4336 2592 4398 Vis
2625 4356 2749 4399 non
2781 4337 3007 4398 timere
3036 4339 3453 4418 potestatem?
3481 4355 3742 4409 Romanus.

1961 4438 2061 4500 fac
2109 4437 2296 4512 bene,
2348 4443 2411 4498 et
2452 4435 2717 4497 habebis
2767 4435 3015 4497 laudem
3067 4453 3144 4497 ex
3191 4453 3279 4496 ea.
3314 4433 3459 4498 Pro-

1964 4544 2179 4618 pterea
2221 4551 2478 4616 quoque
2521 4534 2608 4595 ait
2654 4533 3097 4616 PhilosophuS,
3133 4534 3302 4615 quod
3342 4533 3457 4614 qui

1963 4635 2147 4697 bene·
2167 4652 2234 4696 se
2285 4632 2520 4695 habent
2570 4633 2634 4694 in
2685 4633 2943 4708 diviniS,
2978 4639 3125 4694 sunt
3173 4631 3458 4694 melioris

1962 4732 2238 4795 fiduciae.
2275 4730 2622 4792 Audiamus
2670 4749 2890 4793 vocem
2937 4730 3091 4811 justi
3142 4729 3458 4794 venientis

1961 4832 2039 4893 ad
2090 4831 2319 4904 lucem,
2365 4835 2427 4890 et
2475 4829 2748 4890 sciemus
2807 4834 3045 4910 quanta
3089 4827 3174 4889 sit
3219 4845 3460 4889 securae

1966 4928 2194 4991 mentis
2233 4925 2496 4988 fiducia.
2543 4925 2701 4988 Ecce
2739 4928 2909 5008 apud
2954 4925 3176 4988 Isaiam
3223 4925 3314 4988 ait
3360 4925 3459 4989 vir

1963 5027 2172 5108 justus
2209 5024 2438 5086 :Juxta
2485 5032 2581 5086 est
2627 5024 2739 5105 qui
2787 5023 3100 5104 justificat
3142 5042 3267 5098 me,
3308 5025 3457 5105 quis
3502 5043 3751 5096 lanan.

1966 5122 2340 5189 contradicit
2387 5123 2587 5184 mihi?
2628 5121 2878 5184 Stemus
2919 5122 3134 5197 simul,
3170 5123 3316 5204 quis
3365 5129 3460 5184 est

1964 5221 2364 5286 adversarius
2413 5223 2638 5283 meus?
2686 5221 2942 5282 accedat
2996 5221 3072 5282 ad
3121 5239 3246 5282 me.
3303 5221 3458 5284 Ecce

1964 5320 2271 5385 Dominus
2319 5319 2482 5381 Deus
2534 5318 2870 5382 auxiliator
2917 5337 3120 5394 meuS,
3172 5318 3318 5402 quis
3365 5327 3462 5381 θεῖ

3147 5453 3210 5502 22
