4300 6259
77 1988 424 2038 Manava.

80 2184 224 2227 Dan.
239 2197 316 2235 w,
333 2186 417 2226 2⁴.

85 2588 210 2631 Tea.
243 2602 340 2640 ιη,
365 2590 420 2631 9.

83 2878 282 2983 ³³3

195 3851 284 3905 ⁴2

285 2909 300 2919 .
327 2889 420 2925 xv,

1309 519 1659 566 sumum
1703 519 1767 564 m
1809 518 1948 565 uxr.
1996 518 2060 564 xi
2102 518 2293 565 Luem.
2338 538 2417 549 —
2460 520 2600 565 aar.
2648 520 2795 566 xxx1
3516 497 3596 561 45

461 681 682 747 fusam
731 688 1112 769 pertinentis
1149 709 1163 753 :
1202 690 1288 753 ita
1331 691 1504 773 quod
1553 690 1986 773 eleemosyna·
2013 691 2065 752 A
2096 691 2401 771 servatis3
2436 693 2546 753 sed
2598 710 2807 773 neque
2848 709 2957 755 vos
3008 691 3179 773 ipsos
3229 690 3347 751 rite
3388 688 3599 750 discu-

460 801 614 845 rum
648 783 904 866 largitio
943 795 1042 850 est
1079 807 1240 871 opus
1276 790 1631 852 virtuosum
1661 808 1697 850 a
1727 789 1984 850 caritate

461 882 884 964 imperatum,
919 895 983 948 et
1020 906 1058 948 a
1086 888 1323 949 virtute
1358 906 1504 969 quae
1549 888 1986 950 misericordia

461 992 910 1064 nuncupatur,
971 985 1252 1049 elicitive
1311 987 1712 1069 procedens;
1765 986 1986 1067 sicque

461 1080 944 1165 eleemosynam
993 1102 1201 1165 agere,
1245 1085 1646 1148 meritorium
1697 1093 1790 1146 est
1841 1085 1986 1147 vitae

459 1186 747 1241 aeternae.
779 1180 906 1243 Nec
957 1183 1100 1245 ideo
1141 1182 1428 1246 Christus
1474 1184 1608 1245 haec
1655 1183 1766 1256 ait,
1801 1182 1982 1264 quasi

462 1276 608 1339 sola
645 1278 1196 1362 eleemosynarum
1235 1282 1486 1362 largitio
1526 1282 1608 1343 sit
1653 1280 1987 1363 purgativa

459 1394 506 1436 a
555 1376 786 1457 vitiis3
837 1379 949 1442 sed
995 1380 1150 1461 quia
1205 1380 1374 1442 inter
1427 1380 1709 1441 remedia
1767 1388 1986 1443 contra

463 1484 734 1555 peccata
783 1484 880 1537 est
927 1478 1252 1558 quoddam
1305 1479 1702 1561 praecipuum
1753 1487 1817 1539 et
1871 1496 1986 1560 per

457 1575 1064 1656 appropriationem
1106 1579 1473 1659 quamdam,
1510 1578 1764 1640 veniam
1805 1578 1986 1638 desu-

467 1692 590 1753 per
643 1682 1067 1755 promeretur,
1130 1676 1284 1757 quia
1342 1677 1698 1739 condecens
1758 1683 1854 1737 est
1917 1682 1986 1736 ut

461 1770 638 1833 Deus
687 1774 782 1833 sic
830 1771 1019 1835 faciat
1067 1774 1275 1849 nobiS,
1325 1775 1491 1836 sicut
1541 1794 1658 1836 nos
1713 1773 1983 1836 facimus

2096 789 2313 851 tiendo
2362 789 2703 851 salubriter
2748 789 3070 870 judicatiS‚
3115 787 3594 858 considerando,

2096 886 2482 959 confitendo,
2537 889 2878 968 arguendo,
2932 895 2996 949 et
3044 886 3404 966 castigando
3454 902 3600 965 pro-

2097 987 2235 1067 pria
2284 993 2491 1047 vestra
2541 994 2829 1067 peccata3
2860 997 2920 1048 et
2958 987 3296 1046 caritatem
3331 984 3475 1055 Dei,
3510 982 3597 1043 ita

2095 1084 2267 1163 quod
2319 1101 2435 1145 nec
2474 1083 2671 1146 Deum
2716 1102 2863 1147 vere
2907 1083 3193 1163 diligitis,
3229 1100 3345 1143 nec
3386 1080 3597 1163 proxi-

2096 1182 2219 1244 mis
2259 1182 2585 1244 caritatem
2625 1182 2756 1257 Dei,
2793 1184 2855 1244 id
2891 1191 2985 1243 est
3024 1182 3347 1243 caritatem
3379 1198 3595 1241 veram

2095 1299 2169 1341 ac
2219 1280 2617 1361 spiritualem
2658 1300 2695 1341 a
2737 1280 2861 1343 Deo
2899 1280 3177 1341 infusam
3216 1298 3290 1341 ac
3326 1277 3592 1358 jussam,

2097 1378 2502 1460 impenditis;
2538 1380 2647 1441 sed
2690 1379 2925 1441 carnali
2958 1378 3132 1461 pleni
3176 1377 3326 1439 estis
3357 1392 3591 1438 amore.

2096 1476 2382 1558 Denique
2426 1476 2712 1539 Christus
2762 1477 3093 1559 aptissime
3138 1474 3453 1556 judicium
3505 1491 3601 1535 ca-

2096 1575 2265 1636 ritati
2316 1575 2669 1656 conjunxit,
2705 1577 2857 1658 quia
2904 1575 3216 1656 judicium
3268 1574 3406 1636 sine
3441 1574 3601 1635 cari-

2096 1679 2221 1734 tate
2272 1673 2336 1735 in
2388 1674 2827 1735 crudelitatem
2880 1674 3320 1753 convertitur3
3372 1673 3597 1734 caritas

2095 1778 2309 1832 autem
2351 1772 2488 1833 sine
2526 1773 2789 1853 judicic,
2827 1772 2890 1833 in
2936 1772 3411 1849 remissionem3
3442 1770 3600 1832 cari-

463 1869 788 1951 proximis
837 1872 1092 1934 nostris.
1140 1870 1402 1954 Propter
1449 1874 1622 1954 quod
1669 1873 1760 1934 ait
1809 1872 1985 1935 Chri-
2023 1870 2070 1931 B
2101 1876 2191 1929 tas
2234 1888 2383 1933 vero
2432 1890 2577 1932 cum
2623 1872 2890 1952 judicio,
2935 1871 3001 1932 in
3046 1870 3408 1952 aequitatem
3455 1888 3467 1931 :
3512 1870 3600 1932 ita

463 1977 610 2030 stus
662 1987 677 2031 ε
733 1969 904 2032 Beati
966 1971 1432 2047 misericordeS,
1490 1972 1796 2052 quoniam
1859 1970 1982 2052 ipsi

463 2066 983 2131 misericordiam
1031 2078 1525 2151 consequentur.
1568 2069 1728 2131 Hinc
1768 2067 1985 2131 Daniel

455 2165 1052 2231 Nabuchodonosor
1100 2169 1232 2249 regi
1282 2168 1608 2231 consuluit
1661 2188 1674 2231 :
1726 2169 1987 2231 Peccata

457 2274 600 2339 tua,
635 2266 963 2347 inquienS,
997 2266 1419 2349 eleemosynis
1463 2268 1728 2341 redime,
1765 2275 1827 2329 et
1867 2266 1988 2329 ini-

455 2364 748 2445 quitates
780 2373 924 2427 tuas
954 2366 1410 2429 misericordiis
1445 2384 1827 2448 pauperum.
1862 2366 1986 2428 Un-

461 2464 548 2525 de
601 2463 668 2524 in
711 2463 908 2526 Tobia
944 2472 1204 2526 sanctus
1245 2464 1351 2527 Dei
1397 2464 1662 2545 angelus
1708 2464 1986 2546 Raphael

462 2568 866 2643 protestatur
899 2581 914 2624 :
952 2561 1368 2645 Eleemosyna
1401 2582 1438 2623 a
1480 2570 1684 2625 morte
1736 2562 1983 2636 liberat,

462 2668 533 2721 et
565 2660 710 2742 ipsa
738 2668 836 2721 est
865 2679 1011 2741 quae
1053 2669 1281 2743 purgat
1320 2668 1578 2744 peccata
1617 2667 1679 2722 et
1709 2659 1862 2722 facit
1892 2660 1990 2721 in—

463 2758 696 2821 venire
736 2758 936 2821 vitam
975 2766 1300 2821 aeternam.
1338 2758 1634 2823 Salomon
1674 2777 1934 2841 quoque
1968 2776 1982 2821 :

457 2856 586 2918 Per
624 2855 848 2933 fidem,
895 2858 1128 2939 inquit,
1169 2866 1234 2920 et
1284 2858 1788 2921 misericordiam
1838 2876 1988 2939 pur-

459 2963 708 3037 gantur
751 2962 1030 3035 peccata.

2095 1968 2269 2047 quod
2312 1969 2514 2049 pietas
2559 1970 2867 2031 miscetur
2907 1970 3191 2050 justitiae.

2165 2070 2320 2127 Hoec
2343 2072 2627 2143 oportuit
2654 2071 2886 2147 facere,
2902 2068 2967 2129 id
2998 2076 3112 2143 est,
3134 2068 3457 2129 caritatem
3488 2066 3596 2129 Dei

2093 2162 2541 2246 judiciumque
2581 2182 2835 2227 servare
2876 2166 2942 2227 in
2986 2166 3211 2248 primis
3252 2184 3323 2227 ac
3365 2165 3602 2247 princi—

2099 2262 2329 2343 paliter
2369 2272 2464 2325 est
2512 2281 2792 2326 necesse.
2828 2264 3063 2328 Caritas
3104 2282 3381 2345 namque
3430 2282 3601 2325 sum-

2097 2380 2203 2423 ma
2254 2368 2349 2422 est
2400 2362 2625 2435 virtuS,
2670 2364 2927 2444 vitaque
2974 2364 3203 2425 animae
3238 2382 3251 2426 :
3288 2363 3426 2424 sine
3473 2382 3601 2445 qua

2099 2460 2277 2521 nulla
2326 2459 2529 2522 virtus
2582 2461 2841 2543 proficit
2886 2464 2963 2524 ad
3012 2462 3301 2536 salutem,
3340 2480 3456 2525 nec
3506 2481 3602 2523 ra-

2095 2558 2337 2621 tionem
2379 2559 2633 2622 virtutis
2680 2560 2958 2643 perfecte
2997 2562 3289 2641 sortitur3
3331 2579 3448 2623 nec
3486 2562 3600 2623 ali-

2097 2676 2226 2738 qua
2254 2658 2418 2721 actio
2458 2658 2595 2720 sine
2630 2659 2888 2721 caritate
2926 2666 3022 2721 est
3060 2660 3403 2723 meritoria.
3438 2660 3597 2723 Hinc

2098 2756 2165 2817 in
2210 2756 2465 2819 Michaea
2512 2757 2781 2818 habetur
2814 2776 2828 2820 :
2862 2757 3159 2821 Indicabo
3205 2758 3346 2833 tibi,
3380 2760 3591 2834 hom0,
3622 2786 3889 2841 Mich‚v.‚3,

2097 2854 2257 2935 quid
2310 2854 2393 2915 sit
2449 2854 2690 2917 bonum
2746 2874 2759 2918 :
2814 2857 3037 2938 utique
3094 2855 3303 2919 facere
3357 2856 3591 2937 judici-

2096 2972 2231 3014 um.
2260 2955 2347 3014 Ει
2378 2955 2497 3013 illa
2528 2954 2799 3029 minora,
2835 2962 3072 3037 utpote,
3109 2956 3593 3019 decimationem

559 3053 912 3128 Postremo,
965 3052 1252 3116 Christus
1312 3061 1616 3135 tanquam
1675 3052 1988 3135 sapientia
2023 3056 2066 3119 C
2097 3058 2327 3113 mentae
2377 3058 2441 3113 et
2487 3060 2645 3113 rutae
2691 3070 2765 3113 ac
2812 3053 3079 3127 olerum,
3116 3074 3243 3114 non
3282 3056 3596 3125 omittere,

459 3151 676 3214 Patris
715 3152 988 3214 discrete
1028 3152 1278 3215 locutus
1308 3160 1425 3226 est,
1458 3151 1635 3224 Quod
1670 3158 1982 3234 superest,

461 3250 536 3312 id
567 3258 668 3312 est
699 3250 778 3311 de
808 3249 1143 3331 superfluo
1173 3251 1569 3313 necessitatis
1600 3259 1846 3325 vestrae,
1881 3250 1986 3311 da-

459 3358 532 3411 te
561 3348 1036 3431 eleemosynam
1073 3366 1087 3411 :
1121 3349 1275 3430 quia
1305 3368 1430 3411 non
1473 3349 1560 3410 ita
1590 3349 1832 3428 agenda
1862 3357 1979 3425 est,

461 3447 832 3509 secundum
879 3446 1132 3521 Bedam,
1186 3447 1610 3529 eleemosyna,
1661 3455 1732 3509 ut
1777 3454 1838 3507 te
1889 3447 1986 3529 ip-

459 3564 620 3607 sum
650 3561 988 3606 consumas
1028 3545 1267 3626 inopia.
1303 3544 1467 3607 Dicit
1503 3562 1762 3626 quoque
1792 3543 1986 3627 Chry-

459 3650 810 3719 sostomuS,
829 3643 1002 3724 quod
1033 3642 1434 3725 eleemosyna
1465 3643 1859 3725 praestantior
1887 3650 1984 3705 est

457 3740 744 3823 jejunio,
785 3740 1082 3821 quamvis
1126 3740 1288 3802 illud
1327 3741 1412 3803 sit
1456 3740 1854 3804 laboriosius.

551 3844 688 3903 Sed
725 3862 824 3902 voe
859 3843 1036 3901 vobis
1070 3843 1444 3913 Pharisoez'S,
1479 3840 1544 3902 id
1593 3848 1708 3914 est,
1745 3848 1982 3903 aeterna

459 3938 800 4003 damnatio
847 3938 1145 4000 imminet
1187 3938 1391 4013 vobiS‚
1439 3938 1562 4001 nisi
1619 3938 1981 4020 poenitenti-

455 4056 574 4100 am
629 4037 884 4118 dignam
933 4036 1212 4117 egeritis,
1256 4040 1374 4117 qui
1417 4039 1760 4097 decimatis
1808 4058 1982 4099 men-

459 4148 612 4199 tam
639 4145 700 4195 et
727 4144 948 4196 rutam
988 4144 1047 4195 ec
1085 4156 1272 4195 omne
1309 4140 1478 4206 olus,
1510 4136 1574 4197 id
1619 4143 1734 4210 est,
1769 4136 1848 4197 de
1887 4153 1982 4196 re-

2096 3150 2207 3211 sed
2265 3149 2556 3231 implere,
2610 3152 2961 3213 secundum
3021 3150 3181 3213 illud
3229 3150 3594 3215 Proverbio·

2097 3267 2239 3310 rum
2275 3267 2288 3310 :
2324 3247 2573 3312 Honora
2601 3249 2940 3312 Dominum
2972 3252 3049 3312 de
3080 3258 3189 3313 tua
3217 3250 3589 3327 substantia,
3621 3278 3886 3331 Prov„..‚0,

2094 3353 2158 3407 et
2202 3348 2279 3407 de
2328 3346 2630 3429 primitiis
2672 3346 2927 3427 frugum
2978 3355 3251 3411 tuarum.
3296 3348 3593 3422 Quamvis

2093 3453 2307 3507 autem
2339 3446 2459 3507 ista
2490 3446 2823 3509 decimatio
2852 3447 2929 3507 ad
2959 3448 3409 3511 caerimonialia
3439 3468 3599 3531 prae-

2095 3552 2279 3625 cepta
2318 3544 2647 3626 pertinuit,
2684 3544 2887 3607 nihilo
2928 3544 3141 3606 minus
3173 3545 3457 3609 Christus
3498 3566 3597 3609 as-

2093 3642 2295 3703 seruit
2323 3660 2461 3704 eam
2495 3661 2623 3705 non
2663 3642 2960 3705 debuisse
2994 3643 3223 3719 omitti,
3258 3644 3410 3726 quia
3441 3646 3593 3708 dum

2092 3738 2214 3802 ista
2254 3740 2501 3802 locutus
2544 3748 2659 3814 est,
2696 3742 2978 3803 nondum
3019 3740 3223 3803 fuerat
3266 3741 3597 3823 Evangeli-

2095 3857 2203 3899 um
2256 3838 2541 3919 undique
2590 3838 2847 3919 publice
2895 3839 3313 3919 divulgatum,
3355 3841 3593 3905 idcirco

2092 3936 2543 3999 caerimonialia
2590 3937 2745 4017 legis
2785 3937 2992 3999 adhuc
3040 3945 3219 3999 erant
3259 3942 3585 4003 servanda.

2089 4033 2395 4097 Praeterea
2442 4036 2895 4109 contuendum,
2942 4037 3111 4116 quod
3164 4036 3229 4097 in
3280 4037 3416 4118 lege
3466 4037 3586 4101 fuit

2090 4134 2427 4197 decimatio
2455 4133 2710 4215 triplex.
2735 4134 2867 4196 Una
2896 4134 3019 4196 fuit
3047 4134 3259 4197 debita
3288 4154 3399 4198 seu
3431 4156 3589 4218 prae-
3632 4156 3761 4202 ivm
3773 4172 3882 4210 xvm,

455 4236 594 4297 bus
645 4233 746 4296 his
797 4233 1012 4315 parvis
1059 4252 1132 4295 ac
1175 4233 1414 4295 vilibus
1465 4234 1743 4296 decimas
1793 4234 1975 4308 datis,
2012 4239 2061 4301 D
2091 4240 2293 4314 cepta,
2347 4251 2491 4314 quae
2548 4232 2813 4295 dabatur
2867 4232 3102 4295 Levitis
3161 4234 3239 4295 de
3296 4234 3586 4316 frugibus
3616 4226 3685 4269 ²¹·

456 4334 612 4397 sive
659 4331 912 4413 exigitis
963 4350 1168 4414 usque
1214 4334 1293 4395 ad
1342 4332 1631 4406 minima,
1683 4352 1978 4413 magnam

459 4434 608 4495 vim
639 4431 944 4494 facientes
976 4431 1042 4493 in
1074 4431 1495 4495 observantiis
1537 4431 1974 4506 minimorum,

457 4539 532 4594 et
565 4529 814 4592 nullam
843 4537 954 4591 aut
984 4548 1246 4612 parvam
1278 4530 1343 4590 in
1374 4530 1794 4593 observantiis
1827 4548 1980 4611 prae-

457 4629 816 4710 eipuorum
872 4646 886 4690 :
939 4634 1128 4710 prout
1178 4635 1644 4710 consequenter
1692 4626 1978 4690 Christus

459 4726 775 4789 declarat.
809 4725 1021 4801 Porro,
1055 4727 1594 4807 quemadmodum
1633 4725 1774 4789 olus
1816 4725 1980 4788 valet

457 4826 546 4887 ad
577 4824 983 4899 alimentum,
1019 4825 1110 4886 sic
1153 4834 1292 4887 ruta
1320 4833 1385 4887 et
1413 4833 1626 4885 menta
1663 4825 1741 4885 ad
1781 4824 1982 4885 medi-

460 4930 842 4987 camentum
877 4942 890 4985 ε
927 4942 1072 4984 nam
1114 4930 1254 4984 ruta
1291 4923 1464 4985 acuit
1501 4923 1733 4996 visum,
1769 4929 1981 4985 menta

463 5022 688 5084 reficit
717 5030 782 5084 et
809 5020 1121 5085 confortat
1160 5020 1487 5083 olfactum.
1523 5023 1609 5081 Ec
1627 5022 1981 5097 praeteritis

445 5122 828 5200 judicium,
847 5120 911 5183 id
941 5128 1058 5193 est,
1079 5137 1294 5183 veram
1324 5119 1768 5182 discretionem
1802 5120 1983 5181 omit-

467 5218 630 5291 titis,
667 5236 788 5279 nec
829 5217 1136 5299 proximis
1173 5235 1247 5280 ac
1290 5216 1561 5279 subditis
1603 5225 1845 5279 rectum
1884 5216 1985 5297 ju-

471 5314 720 5377 dicium
751 5314 986 5391 facitiS,
1021 5334 1139 5379 nec
1163 5315 1493 5397 judicialia
1521 5314 1630 5377 Dei
1668 5323 1983 5398 praecepta

2093 4331 2435 4394 universis.
2488 4330 2699 4393 Altera
2754 4330 2879 4393 fuit
2937 4331 3167 4413 partim
3217 4342 3583 4415 spontanea,

2093 4430 2453 4513 partimque
2502 4429 2733 4505 debita,
2771 4437 2839 4491 ut
2886 4430 3236 4493 oblationes
3285 4451 3429 4513 quae
3473 4433 3591 4496 fie-
3655 4457 3878 4511 neuma,

2091 4528 2245 4591 bant
2270 4530 2336 4591 in
2375 4527 2781 4610 Scenopegia‚
2815 4527 3049 4590 Pascha
3078 4537 3140 4591 et
3171 4528 3534 4595 Pentecoste
3568 4552 3581 4595 :
3618 4522 3869 4571 ¹⁷²¹'¹·¹⁷·

2089 4627 2245 4708 quia
2274 4646 2390 4709 pro
2430 4626 2611 4689 libito
2642 4644 2758 4689 suo
2787 4625 3019 4688 licebat
3043 4626 3272 4690 Judaeis
3309 4636 3462 4691 tunc
3492 4630 3589 4693 of-

2091 4726 2259 4787 ferre
2290 4726 2433 4807 plus
2464 4734 2573 4788 aut
2611 4726 2825 4787 minus
2862 4744 2875 4788 :
2910 4734 2971 4787 et
3001 4728 3211 4807 quoad
3243 4728 3382 4803 hoc,
3416 4728 3589 4791 obla-

2094 4824 2181 4887 tio
2216 4824 2360 4885 talis
2401 4824 2728 4886 dicebatur
2767 4832 3145 4906 spontanea3
3179 4832 3242 4887 et
3283 4828 3587 4907 quoniam

2091 4923 2335 5004 aliquid
2376 4924 2751 4986 tenebantur
2789 4922 3044 4997 offerre,
3079 4924 3405 4988 dicebatur
3433 4946 3591 5008 quo-

2094 5021 2430 5083 dammodo
2461 5021 2691 5083 debita.
2727 5022 2933 5084 Tertia
2962 5022 3086 5083 fuit
3116 5023 3375 5086 omnino
3406 5044 3589 5106 spon·

2091 5125 2296 5193 tanea,
2343 5136 2486 5199 quae
2526 5120 2719 5199 gratis
2764 5120 3050 5182 dabatur.

2175 5215 2335 5278 Dicit
2381 5223 2593 5277 autem
2642 5217 2809 5279 circa
2858 5218 2977 5279 ista
3036 5217 3514 5300 Chrysostomus
3568 5239 3582 5284 ε

2094 5315 2427 5389 Justitiam,
2455 5314 2955 5379 misericordiam
2986 5322 3048 5377 et
3076 5314 3295 5391 fidem,
3325 5326 3589 5400 propter
