<?xml version="1.0" encoding="UTF-8"?>
<!DOCTYPE html PUBLIC "-//W3C//DTD XHTML 1.0 Transitional//EN"
    "http://www.w3.org/TR/xhtml1/DTD/xhtml1-transitional.dtd">
<html xmlns="http://www.w3.org/1999/xhtml" xml:lang="en" lang="en">
 <head>
  <title>
</title>
<meta http-equiv="Content-Type" content="text/html;charset=utf-8" />
  <meta name='ocr-system' content='tesseract 3.04.00' />
  <meta name='ocr-capabilities' content='ocr_page ocr_carea ocr_par ocr_line ocrx_word'/>
</head>
<body>
  <div class='ocr_page' id='page_1' title='image "./doctorisecstati09unkngoog_0672.png"; bbox 0 0 4300 6259; ppageno 0'>
   <div class='ocr_carea' id='block_1_1' title="bbox 839 479 3219 544">
    <p class='ocr_par' dir='ltr' id='par_1_1' title="bbox 839 479 3219 544">
     <span class='ocr_line' id='line_1_1' title="bbox 839 479 3219 544; baseline 0 -2"><span class='ocrx_word' id='word_1_1' title='bbox 839 479 960 544; x_wconf 79' lang='lat'>580</span> <span class='ocrx_word' id='word_1_2' title='bbox 1573 494 1918 541; x_wconf 58' lang='lat' dir='ltr'>mannum</span> <span class='ocrx_word' id='word_1_3' title='bbox 1961 493 2024 540; x_wconf 79' lang='lat' dir='ltr'>m</span> <span class='ocrx_word' id='word_1_4' title='bbox 2066 492 2204 539; x_wconf 59' lang='lat' dir='ltr'>car.</span> <span class='ocrx_word' id='word_1_5' title='bbox 2253 492 2401 538; x_wconf 85' lang='lat' dir='ltr'>xv111</span> <span class='ocrx_word' id='word_1_6' title='bbox 2442 492 2719 539; x_wconf 73' lang='grc' dir='ltr'>ιοΑΝιῐιε.</span> <span class='ocrx_word' id='word_1_7' title='bbox 2764 511 2846 522; x_wconf 92' lang='grc'><strong>-</strong></span> <span class='ocrx_word' id='word_1_8' title='bbox 2887 494 3027 539; x_wconf 72' lang='lat' dir='ltr'>Am.</span> <span class='ocrx_word' id='word_1_9' title='bbox 3074 495 3219 542; x_wconf 78' lang='lat' dir='ltr'>mn</span> 
     </span>
    </p>
   </div>
   <div class='ocr_carea' id='block_1_2' title="bbox 473 657 4221 2516">
    <p class='ocr_par' dir='ltr' id='par_1_2' title="bbox 473 657 4221 1142">
     <span class='ocr_line' id='line_1_2' title="bbox 840 657 3939 749; baseline -0.002 -19"><span class='ocrx_word' id='word_1_10' title='bbox 840 657 1208 749; x_wconf 70' lang='lat' dir='ltr'>sacrilegam</span> <span class='ocrx_word' id='word_1_11' title='bbox 1269 668 1334 729; x_wconf 91' lang='lat' dir='ltr'>in</span> <span class='ocrx_word' id='word_1_12' title='bbox 1383 664 1614 727; x_wconf 87' lang='lat' dir='ltr'>Filium</span> <span class='ocrx_word' id='word_1_13' title='bbox 1664 664 1796 726; x_wconf 89' lang='lat' dir='ltr'>Dei.</span> <span class='ocrx_word' id='word_1_14' title='bbox 1849 665 1978 727; x_wconf 87' lang='lat' dir='ltr'>Hoc</span> <span class='ocrx_word' id='word_1_15' title='bbox 2033 664 2331 746; x_wconf 83' lang='lat' dir='ltr'>equidem</span> <span class='ocrx_word' id='word_1_16' title='bbox 2363 661 2416 723; x_wconf 81' lang='lat' dir='ltr'>A</span> <span class='ocrx_word' id='word_1_17' title='bbox 2442 662 2661 738; x_wconf 79' lang='lat' dir='ltr'>bortiS,</span> <span class='ocrx_word' id='word_1_18' title='bbox 2704 663 2817 746; x_wconf 93' lang='lat' dir='ltr'>qui</span> <span class='ocrx_word' id='word_1_19' title='bbox 2866 672 3046 726; x_wconf 88' lang='lat' dir='ltr'>erant</span> <span class='ocrx_word' id='word_1_20' title='bbox 3090 664 3361 745; x_wconf 80' lang='lat' dir='ltr'><strong>gentiles</strong></span> <span class='ocrx_word' id='word_1_21' title='bbox 3406 683 3445 726; x_wconf 97' lang='lat' dir='ltr'>a</span> <span class='ocrx_word' id='word_1_22' title='bbox 3490 663 3688 734; x_wconf 80' lang='lat' dir='ltr'>Pilato</span> <span class='ocrx_word' id='word_1_23' title='bbox 3734 671 3939 724; x_wconf 88' lang='lat' dir='ltr'>trans-</span> 
     </span>
     <span class='ocr_line' id='line_1_3' title="bbox 841 761 3937 848; baseline -0.002 -20"><span class='ocrx_word' id='word_1_24' title='bbox 841 767 993 830; x_wconf 79' lang='lat' dir='ltr'>secit</span> <span class='ocrx_word' id='word_1_25' title='bbox 1047 766 1265 829; x_wconf 87' lang='lat' dir='ltr'>Petrus</span> <span class='ocrx_word' id='word_1_26' title='bbox 1321 765 1577 848; x_wconf 90' lang='lat' dir='ltr'>quando</span> <span class='ocrx_word' id='word_1_27' title='bbox 1643 771 1976 846; x_wconf 89' lang='lat' dir='ltr'>coeperunt</span> <span class='ocrx_word' id='word_1_28' title='bbox 2042 780 2331 845; x_wconf 84' lang='lat' dir='ltr'>compre·</span> <span class='ocrx_word' id='word_1_29' title='bbox 2442 761 2643 836; x_wconf 90' lang='lat' dir='ltr'>missi,</span> <span class='ocrx_word' id='word_1_30' title='bbox 2684 773 2742 822; x_wconf 80' lang='lat' dir='ltr'>ec</span> <span class='ocrx_word' id='word_1_31' title='bbox 2790 765 3085 824; x_wconf 79' lang='lat' dir='ltr'>ministri</span> <span class='ocrx_word' id='word_1_32' title='bbox 3130 767 3533 833; x_wconf 79' lang='lat' dir='ltr'>Judoeorum,</span> <span class='ocrx_word' id='word_1_33' title='bbox 3579 762 3937 844; x_wconf 69' lang='lat' dir='ltr'>praesertim</span> 
     </span>
     <span class='ocr_line' id='line_1_4' title="bbox 840 858 3939 944; baseline -0.001 -16"><span class='ocrx_word' id='word_1_34' title='bbox 840 866 1118 928; x_wconf 80' lang='lat' dir='ltr'>bendere</span> <span class='ocrx_word' id='word_1_35' title='bbox 1174 864 1492 928; x_wconf 81' lang='lat' dir='ltr'>Christum</span> <span class='ocrx_word' id='word_1_36' title='bbox 1547 881 1561 925; x_wconf 73' lang='grc' dir='ltr'>ε</span> <span class='ocrx_word' id='word_1_37' title='bbox 1612 862 1750 944; x_wconf 91' lang='lat' dir='ltr'>qui,</span> <span class='ocrx_word' id='word_1_38' title='bbox 1808 862 2159 928; x_wconf 88' lang='lat' dir='ltr'>secundum</span> <span class='ocrx_word' id='word_1_39' title='bbox 2215 858 2337 920; x_wconf 94' lang='lat' dir='ltr'>Lu-</span> <span class='ocrx_word' id='word_1_40' title='bbox 2443 859 2845 940; x_wconf 76' lang='lat' dir='ltr'><strong>pontificum,</strong></span> <span class='ocrx_word' id='word_1_41' title='bbox 2878 865 3495 938; x_wconf 73' lang='lat' dir='ltr'>comprehenderunt</span> <span class='ocrx_word' id='word_1_42' title='bbox 3526 863 3773 930; x_wconf 74' lang='lat' dir='ltr'>lesum,</span> <span class='ocrx_word' id='word_1_43' title='bbox 3804 862 3939 924; x_wconf 75' lang='lat' dir='ltr'>vio-</span> 
     </span>
     <span class='ocr_line' id='line_1_5' title="bbox 473 955 4221 1043; baseline 0.001 -23"><span class='ocrx_word' id='word_1_44' title='bbox 473 955 483 962; x_wconf 82' lang='grc'><strong>’</strong></span> <span class='ocrx_word' id='word_1_45' title='bbox 579 976 808 1029; x_wconf 61' lang='lat' dir='ltr'>Luam,</span> <span class='ocrx_word' id='word_1_46' title='bbox 839 980 1001 1037; x_wconf 91' lang='lat' dir='ltr'>cam,</span> <span class='ocrx_word' id='word_1_47' title='bbox 1051 961 1256 1043; x_wconf 86' lang='lat' dir='ltr'>tetigit</span> <span class='ocrx_word' id='word_1_48' title='bbox 1312 961 1523 1025; x_wconf 90' lang='lat' dir='ltr'>locum</span> <span class='ocrx_word' id='word_1_49' title='bbox 1582 960 1886 1034; x_wconf 87' lang='lat' dir='ltr'>vulneris,</span> <span class='ocrx_word' id='word_1_50' title='bbox 1937 967 2001 1020; x_wconf 90' lang='lat' dir='ltr'>et</span> <span class='ocrx_word' id='word_1_51' title='bbox 2057 957 2336 1020; x_wconf 88' lang='lat' dir='ltr'>restituit</span> <span class='ocrx_word' id='word_1_52' title='bbox 2441 957 2702 1021; x_wconf 88' lang='lat' dir='ltr'>lentiam</span> <span class='ocrx_word' id='word_1_53' title='bbox 2761 959 3108 1022; x_wconf 81' lang='lat' dir='ltr'>inferentes</span> <span class='ocrx_word' id='word_1_54' title='bbox 3166 960 3249 1034; x_wconf 91' lang='lat' dir='ltr'>ei,</span> <span class='ocrx_word' id='word_1_55' title='bbox 3299 961 3413 1042; x_wconf 91' lang='lat' dir='ltr'>qui</span> <span class='ocrx_word' id='word_1_56' title='bbox 3474 979 3601 1024; x_wconf 89' lang='lat' dir='ltr'>non</span> <span class='ocrx_word' id='word_1_57' title='bbox 3660 959 3937 1022; x_wconf 87' lang='lat' dir='ltr'>habebat</span> <span class='ocrx_word' id='word_1_58' title='bbox 3996 979 4163 1022; x_wconf 77' lang='lat' dir='ltr'>lPetr.</span> <span class='ocrx_word' id='word_1_59' title='bbox 4183 996 4221 1024; x_wconf 83' lang='lat'>.1.</span> 
     </span>
     <span class='ocr_line' id='line_1_6' title="bbox 544 1042 4029 1142; baseline 0 -22"><span class='ocrx_word' id='word_1_60' title='bbox 544 1042 613 1083; x_wconf 85' lang='lat'>⁵¹·</span> <span class='ocrx_word' id='word_1_61' title='bbox 837 1077 1058 1121; x_wconf 89' lang='lat' dir='ltr'>aurem</span> <span class='ocrx_word' id='word_1_62' title='bbox 1097 1068 1290 1142; x_wconf 89' lang='lat' dir='ltr'>atque</span> <span class='ocrx_word' id='word_1_63' title='bbox 1333 1058 1600 1121; x_wconf 88' lang='lat' dir='ltr'>sanavit.</span> <span class='ocrx_word' id='word_1_64' title='bbox 2442 1066 2794 1138; x_wconf 90' lang='lat' dir='ltr'>peccatum.</span> <span class='ocrx_word' id='word_1_65' title='bbox 2840 1057 2947 1120; x_wconf 85' lang='lat' dir='ltr'>Est</span> <span class='ocrx_word' id='word_1_66' title='bbox 2992 1067 3201 1121; x_wconf 89' lang='lat' dir='ltr'>autem</span> <span class='ocrx_word' id='word_1_67' title='bbox 3248 1067 3311 1121; x_wconf 89' lang='lat' dir='ltr'>et</span> <span class='ocrx_word' id='word_1_68' title='bbox 3350 1059 3474 1121; x_wconf 88' lang='lat' dir='ltr'>alia</span> <span class='ocrx_word' id='word_1_69' title='bbox 3514 1059 3937 1140; x_wconf 87' lang='lat' dir='ltr'>comprehen-</span> <span class='ocrx_word' id='word_1_70' title='bbox 3964 1045 4029 1085; x_wconf 66' lang='lat'>²²</span> 
     </span>
    </p>

    <p class='ocr_par' dir='ltr' id='par_1_3' title="bbox 635 1155 3937 1241">
     <span class='ocr_line' id='line_1_7' title="bbox 635 1155 3937 1241; baseline 0 -20"><span class='ocrx_word' id='word_1_71' title='bbox 635 1166 700 1221; x_wconf 77' lang='lat' dir='ltr'>ss</span> <span class='ocrx_word' id='word_1_72' title='bbox 915 1160 1110 1220; x_wconf 73' lang='lat' dir='ltr'>Dioeit</span> <span class='ocrx_word' id='word_1_73' title='bbox 1139 1177 1286 1236; x_wconf 70' lang='lat' dir='ltr'>erqo</span> <span class='ocrx_word' id='word_1_74' title='bbox 1313 1160 1496 1219; x_wconf 72' lang='lat' dir='ltr'>,lesus</span> <span class='ocrx_word' id='word_1_75' title='bbox 1524 1160 1770 1218; x_wconf 78' lang='lat' dir='ltr'>Petro:</span> <span class='ocrx_word' id='word_1_76' title='bbox 1802 1158 1992 1216; x_wconf 77' lang='lat' dir='ltr'>Mitte</span> <span class='ocrx_word' id='word_1_77' title='bbox 2023 1156 2331 1232; x_wconf 70' lang='lat' dir='ltr'>qladium</span> <span class='ocrx_word' id='word_1_78' title='bbox 2440 1155 2535 1218; x_wconf 92' lang='lat' dir='ltr'>sio</span> <span class='ocrx_word' id='word_1_79' title='bbox 2576 1157 2807 1220; x_wconf 83' lang='lat' dir='ltr'>Christi</span> <span class='ocrx_word' id='word_1_80' title='bbox 2851 1157 3018 1220; x_wconf 89' lang='lat' dir='ltr'>bona</span> <span class='ocrx_word' id='word_1_81' title='bbox 3060 1176 3134 1220; x_wconf 88' lang='lat' dir='ltr'>ac</span> <span class='ocrx_word' id='word_1_82' title='bbox 3178 1157 3551 1240; x_wconf 89' lang='lat' dir='ltr'>spiritualis,</span> <span class='ocrx_word' id='word_1_83' title='bbox 3598 1175 3717 1241; x_wconf 89' lang='lat' dir='ltr'>per</span> <span class='ocrx_word' id='word_1_84' title='bbox 3762 1177 3937 1221; x_wconf 88' lang='lat' dir='ltr'>amo-</span> 
     </span>
    </p>

    <p class='ocr_par' dir='ltr' id='par_1_4' title="bbox 837 1253 3935 1338">
     <span class='ocr_line' id='line_1_8' title="bbox 837 1253 3935 1338; baseline 0 -22"><span class='ocrx_word' id='word_1_85' title='bbox 837 1265 1024 1317; x_wconf 79' lang='lat' dir='ltr'>tuum</span> <span class='ocrx_word' id='word_1_86' title='bbox 1055 1259 1127 1317; x_wconf 80' lang='lat' dir='ltr'>in</span> <span class='ocrx_word' id='word_1_87' title='bbox 1159 1261 1491 1335; x_wconf 62' lang='lat' dir='ltr'>vaginam.</span> <span class='ocrx_word' id='word_1_88' title='bbox 1524 1254 1831 1328; x_wconf 81' lang='lat' dir='ltr'>ChristuS,</span> <span class='ocrx_word' id='word_1_89' title='bbox 1874 1253 2193 1336; x_wconf 81' lang='lat' dir='ltr'>patientiae</span> <span class='ocrx_word' id='word_1_90' title='bbox 2230 1253 2332 1316; x_wconf 94' lang='lat' dir='ltr'>do-</span> <span class='ocrx_word' id='word_1_91' title='bbox 2440 1273 2573 1316; x_wconf 89' lang='lat' dir='ltr'>rem</span> <span class='ocrx_word' id='word_1_92' title='bbox 2630 1265 2693 1318; x_wconf 89' lang='lat' dir='ltr'>et</span> <span class='ocrx_word' id='word_1_93' title='bbox 2750 1257 3349 1338; x_wconf 86' lang='lat' dir='ltr'>contemplationem</span> <span class='ocrx_word' id='word_1_94' title='bbox 3404 1276 3419 1320; x_wconf 77' lang='grc' dir='ltr'><em>τ</em></span> <span class='ocrx_word' id='word_1_95' title='bbox 3471 1258 3549 1320; x_wconf 89' lang='lat' dir='ltr'>de</span> <span class='ocrx_word' id='word_1_96' title='bbox 3600 1275 3731 1338; x_wconf 92' lang='lat' dir='ltr'>qua</span> <span class='ocrx_word' id='word_1_97' title='bbox 3776 1256 3935 1318; x_wconf 88' lang='lat' dir='ltr'>dicit</span> 
     </span>
    </p>

    <p class='ocr_par' dir='ltr' id='par_1_5' title="bbox 551 1352 4217 2516">
     <span class='ocr_line' id='line_1_9' title="bbox 571 1352 4217 1436; baseline 0.001 -22"><span class='ocrx_word' id='word_1_98' title='bbox 571 1370 806 1424; x_wconf 54' lang='lat' dir='ltr'>nautia,</span> <span class='ocrx_word' id='word_1_99' title='bbox 837 1362 992 1428; x_wconf 93' lang='lat' dir='ltr'>ctor,</span> <span class='ocrx_word' id='word_1_100' title='bbox 1042 1355 1157 1436; x_wconf 92' lang='lat' dir='ltr'>qui</span> <span class='ocrx_word' id='word_1_101' title='bbox 1205 1355 1422 1418; x_wconf 91' lang='lat' dir='ltr'>docuit</span> <span class='ocrx_word' id='word_1_102' title='bbox 1477 1360 1541 1415; x_wconf 89' lang='lat' dir='ltr'>et</span> <span class='ocrx_word' id='word_1_103' title='bbox 1587 1353 1888 1435; x_wconf 81' lang='lat' dir='ltr'>praecepit</span> <span class='ocrx_word' id='word_1_104' title='bbox 1935 1352 2327 1416; x_wconf 88' lang='lat' dir='ltr'>adversarios</span> <span class='ocrx_word' id='word_1_105' title='bbox 2436 1352 2795 1435; x_wconf 80' lang='lat' dir='ltr'>ApostoluS,</span> <span class='ocrx_word' id='word_1_106' title='bbox 2855 1354 3098 1436; x_wconf 88' lang='lat' dir='ltr'>Sequor</span> <span class='ocrx_word' id='word_1_107' title='bbox 3151 1362 3385 1430; x_wconf 88' lang='lat' dir='ltr'>autem,</span> <span class='ocrx_word' id='word_1_108' title='bbox 3446 1355 3499 1417; x_wconf 90' lang='lat' dir='ltr'>si</span> <span class='ocrx_word' id='word_1_109' title='bbox 3556 1374 3687 1436; x_wconf 91' lang='lat' dir='ltr'>quo</span> <span class='ocrx_word' id='word_1_110' title='bbox 3743 1357 3935 1418; x_wconf 90' lang='lat' dir='ltr'>modo</span> <span class='ocrx_word' id='word_1_111' title='bbox 3960 1372 4217 1428; x_wconf 69' lang='grc' dir='ltr'>Ριειερρ-ι,</span> 
     </span>
     <span class='ocr_line' id='line_1_10' title="bbox 835 1439 4029 1537; baseline 0.001 -23"><span class='ocrx_word' id='word_1_112' title='bbox 835 1453 1038 1534; x_wconf 82' lang='lat' dir='ltr'><strong>diligi,</strong></span> <span class='ocrx_word' id='word_1_113' title='bbox 1098 1461 1160 1515; x_wconf 89' lang='lat' dir='ltr'>ct</span> <span class='ocrx_word' id='word_1_114' title='bbox 1217 1451 1730 1535; x_wconf 79' lang='lat' dir='ltr'>persecutoribus</span> <span class='ocrx_word' id='word_1_115' title='bbox 1791 1451 1958 1514; x_wconf 89' lang='lat' dir='ltr'>bona</span> <span class='ocrx_word' id='word_1_116' title='bbox 2015 1451 2323 1534; x_wconf 91' lang='lat' dir='ltr'>impendi,</span> <span class='ocrx_word' id='word_1_117' title='bbox 2438 1453 2972 1534; x_wconf 90' lang='lat' dir='ltr'>comprehendam</span> <span class='ocrx_word' id='word_1_118' title='bbox 3019 1454 3085 1516; x_wconf 89' lang='lat' dir='ltr'>in</span> <span class='ocrx_word' id='word_1_119' title='bbox 3143 1472 3273 1535; x_wconf 93' lang='lat' dir='ltr'>quo</span> <span class='ocrx_word' id='word_1_120' title='bbox 3320 1462 3382 1516; x_wconf 89' lang='lat' dir='ltr'>et</span> <span class='ocrx_word' id='word_1_121' title='bbox 3427 1453 3933 1537; x_wconf 88' lang='lat' dir='ltr'>comprehensus</span> <span class='ocrx_word' id='word_1_122' title='bbox 3962 1439 4029 1479; x_wconf 73' lang='lat'>¹²·</span> 
     </span>
     <span class='ocr_line' id='line_1_11' title="bbox 834 1550 4213 1636; baseline -0.001 -22"><span class='ocrx_word' id='word_1_123' title='bbox 834 1553 1128 1635; x_wconf 88' lang='lat' dir='ltr'>implevit</span> <span class='ocrx_word' id='word_1_124' title='bbox 1172 1554 1344 1634; x_wconf 89' lang='lat' dir='ltr'>quod</span> <span class='ocrx_word' id='word_1_125' title='bbox 1403 1551 1638 1616; x_wconf 88' lang='lat' dir='ltr'>docuit.</span> <span class='ocrx_word' id='word_1_126' title='bbox 1691 1550 1805 1612; x_wconf 91' lang='lat' dir='ltr'>Per</span> <span class='ocrx_word' id='word_1_127' title='bbox 1851 1551 2024 1631; x_wconf 92' lang='lat' dir='ltr'>quod</span> <span class='ocrx_word' id='word_1_128' title='bbox 2071 1551 2328 1612; x_wconf 89' lang='lat' dir='ltr'>damna·</span> <span class='ocrx_word' id='word_1_129' title='bbox 2438 1569 2622 1631; x_wconf 81' lang='lat' dir='ltr'>sum3</span> <span class='ocrx_word' id='word_1_130' title='bbox 2662 1551 2905 1633; x_wconf 81' lang='lat' dir='ltr'>Sponsa</span> <span class='ocrx_word' id='word_1_131' title='bbox 2946 1570 3205 1634; x_wconf 89' lang='lat' dir='ltr'>quoque</span> <span class='ocrx_word' id='word_1_132' title='bbox 3253 1552 3317 1614; x_wconf 91' lang='lat' dir='ltr'>in</span> <span class='ocrx_word' id='word_1_133' title='bbox 3362 1552 3657 1626; x_wconf 80' lang='lat' dir='ltr'>CanticiS,</span> <span class='ocrx_word' id='word_1_134' title='bbox 3692 1553 3933 1636; x_wconf 85' lang='lat' dir='ltr'>Appre-</span> <span class='ocrx_word' id='word_1_135' title='bbox 3958 1569 4213 1616; x_wconf 52' lang='lat' dir='ltr'>emma.</span> 
     </span>
     <span class='ocr_line' id='line_1_12' title="bbox 832 1649 3929 1733; baseline 0 -20"><span class='ocrx_word' id='word_1_136' title='bbox 832 1659 936 1713; x_wconf 91' lang='lat' dir='ltr'>tur</span> <span class='ocrx_word' id='word_1_137' title='bbox 1003 1652 1097 1713; x_wconf 88' lang='lat' dir='ltr'>ira</span> <span class='ocrx_word' id='word_1_138' title='bbox 1160 1660 1222 1714; x_wconf 88' lang='lat' dir='ltr'>et</span> <span class='ocrx_word' id='word_1_139' title='bbox 1288 1649 1685 1733; x_wconf 82' lang='lat' dir='ltr'>impatientia</span> <span class='ocrx_word' id='word_1_140' title='bbox 1742 1655 1976 1722; x_wconf 88' lang='lat' dir='ltr'>nostra,</span> <span class='ocrx_word' id='word_1_141' title='bbox 2035 1649 2148 1729; x_wconf 93' lang='lat' dir='ltr'>qui</span> <span class='ocrx_word' id='word_1_142' title='bbox 2208 1665 2326 1710; x_wconf 90' lang='lat' dir='ltr'>nec</span> <span class='ocrx_word' id='word_1_143' title='bbox 2438 1649 2711 1711; x_wconf 89' lang='lat' dir='ltr'>hendam</span> <span class='ocrx_word' id='word_1_144' title='bbox 2766 1651 2909 1730; x_wconf 91' lang='lat' dir='ltr'>(ait)</span> <span class='ocrx_word' id='word_1_145' title='bbox 2964 1657 3047 1724; x_wconf 92' lang='lat' dir='ltr'>te,</span> <span class='ocrx_word' id='word_1_146' title='bbox 3108 1659 3170 1712; x_wconf 92' lang='lat' dir='ltr'>et</span> <span class='ocrx_word' id='word_1_147' title='bbox 3235 1651 3461 1713; x_wconf 86' lang='lat' dir='ltr'>ducam</span> <span class='ocrx_word' id='word_1_148' title='bbox 3529 1651 3595 1712; x_wconf 91' lang='lat' dir='ltr'>in</span> <span class='ocrx_word' id='word_1_149' title='bbox 3664 1652 3929 1714; x_wconf 91' lang='lat' dir='ltr'>domum</span> 
     </span>
     <span class='ocr_line' id='line_1_13' title="bbox 833 1747 3931 1829; baseline 0 -19"><span class='ocrx_word' id='word_1_150' title='bbox 833 1767 1032 1811; x_wconf 90' lang='lat' dir='ltr'>unum</span> <span class='ocrx_word' id='word_1_151' title='bbox 1065 1749 1333 1813; x_wconf 84' lang='lat' dir='ltr'>verbum</span> <span class='ocrx_word' id='word_1_152' title='bbox 1364 1749 1584 1810; x_wconf 88' lang='lat' dir='ltr'>durius</span> <span class='ocrx_word' id='word_1_153' title='bbox 1617 1747 1932 1829; x_wconf 87' lang='lat' dir='ltr'>prolatum</span> <span class='ocrx_word' id='word_1_154' title='bbox 1963 1765 2323 1829; x_wconf 80' lang='lat' dir='ltr'>possumuS,</span> <span class='ocrx_word' id='word_1_155' title='bbox 2436 1749 2653 1810; x_wconf 85' lang='lat' dir='ltr'>matris</span> <span class='ocrx_word' id='word_1_156' title='bbox 2703 1767 2879 1811; x_wconf 83' lang='lat' dir='ltr'>meae.</span> <span class='ocrx_word' id='word_1_157' title='bbox 2930 1752 3013 1812; x_wconf 75' lang='lat' dir='ltr'>Et</span> <span class='ocrx_word' id='word_1_158' title='bbox 3064 1752 3435 1826; x_wconf 71' lang='lat' dir='ltr'>liqaverunt</span> <span class='ocrx_word' id='word_1_159' title='bbox 3480 1770 3628 1810; x_wconf 76' lang='lat' dir='ltr'>eum</span> <span class='ocrx_word' id='word_1_160' title='bbox 3680 1750 3745 1811; x_wconf 92' lang='lat' dir='ltr'>in</span> <span class='ocrx_word' id='word_1_161' title='bbox 3799 1769 3931 1812; x_wconf 89' lang='lat' dir='ltr'>ma-</span> 
     </span>
     <span class='ocr_line' id='line_1_14' title="bbox 833 1845 3929 1930; baseline 0 -21"><span class='ocrx_word' id='word_1_162' title='bbox 833 1847 930 1910; x_wconf 91' lang='lat' dir='ltr'>vel</span> <span class='ocrx_word' id='word_1_163' title='bbox 987 1849 1197 1930; x_wconf 89' lang='lat' dir='ltr'>potius</span> <span class='ocrx_word' id='word_1_164' title='bbox 1255 1847 1555 1910; x_wconf 90' lang='lat' dir='ltr'>nolumus</span> <span class='ocrx_word' id='word_1_165' title='bbox 1613 1846 1948 1920; x_wconf 90' lang='lat' dir='ltr'>sustinere,</span> <span class='ocrx_word' id='word_1_166' title='bbox 2011 1851 2075 1906; x_wconf 89' lang='lat' dir='ltr'>et</span> <span class='ocrx_word' id='word_1_167' title='bbox 2133 1845 2325 1906; x_wconf 89' lang='lat' dir='ltr'>inter-</span> <span class='ocrx_word' id='word_1_168' title='bbox 2360 1845 2645 1910; x_wconf 90' lang='lat' dir='ltr'>Bnibus.</span> <span class='ocrx_word' id='word_1_169' title='bbox 2692 1845 2913 1908; x_wconf 84' lang='lat' dir='ltr'>Fertur</span> <span class='ocrx_word' id='word_1_170' title='bbox 2966 1865 3223 1928; x_wconf 92' lang='lat' dir='ltr'>quoque</span> <span class='ocrx_word' id='word_1_171' title='bbox 3280 1848 3452 1928; x_wconf 93' lang='lat' dir='ltr'>quod</span> <span class='ocrx_word' id='word_1_172' title='bbox 3506 1847 3777 1910; x_wconf 77' lang='lat' dir='ltr'>ferream</span> <span class='ocrx_word' id='word_1_173' title='bbox 3828 1867 3929 1910; x_wconf 89' lang='lat' dir='ltr'>ca-</span> 
     </span>
     <span class='ocr_line' id='line_1_15' title="bbox 829 1943 3929 2026; baseline 0 -18"><span class='ocrx_word' id='word_1_174' title='bbox 829 1947 980 2008; x_wconf 93' lang='lat' dir='ltr'>dum</span> <span class='ocrx_word' id='word_1_175' title='bbox 1013 1965 1130 2008; x_wconf 89' lang='lat' dir='ltr'>nec</span> <span class='ocrx_word' id='word_1_176' title='bbox 1159 1946 1436 2008; x_wconf 89' lang='lat' dir='ltr'>contenti</span> <span class='ocrx_word' id='word_1_177' title='bbox 1479 1963 1700 2006; x_wconf 92' lang='lat' dir='ltr'>sumus</span> <span class='ocrx_word' id='word_1_178' title='bbox 1741 1943 1984 2025; x_wconf 63' lang='lat' dir='ltr'>aequale</span> <span class='ocrx_word' id='word_1_179' title='bbox 2019 1944 2324 2006; x_wconf 89' lang='lat' dir='ltr'>damnum</span> <span class='ocrx_word' id='word_1_180' title='bbox 2431 1954 2641 2006; x_wconf 44' lang='lat' dir='ltr'>&gt;tenant</span> <span class='ocrx_word' id='word_1_181' title='bbox 2690 1946 3004 2007; x_wconf 90' lang='lat' dir='ltr'>miserunt</span> <span class='ocrx_word' id='word_1_182' title='bbox 3060 1945 3127 2007; x_wconf 91' lang='lat' dir='ltr'>in</span> <span class='ocrx_word' id='word_1_183' title='bbox 3178 1945 3409 2008; x_wconf 89' lang='lat' dir='ltr'>collum</span> <span class='ocrx_word' id='word_1_184' title='bbox 3456 1946 3621 2026; x_wconf 81' lang='lat' dir='ltr'>ejuS.</span> <span class='ocrx_word' id='word_1_185' title='bbox 3676 1945 3929 2008; x_wconf 80' lang='lat' dir='ltr'>Dixerat</span> 
     </span>
     <span class='ocr_line' id='line_1_16' title="bbox 830 2041 4205 2126; baseline 0.002 -21"><span class='ocrx_word' id='word_1_186' title='bbox 830 2045 1199 2126; x_wconf 86' lang='lat' dir='ltr'>rependere,</span> <span class='ocrx_word' id='word_1_187' title='bbox 1242 2045 1352 2106; x_wconf 90' lang='lat' dir='ltr'>sed</span> <span class='ocrx_word' id='word_1_188' title='bbox 1402 2043 1650 2106; x_wconf 90' lang='lat' dir='ltr'>modice</span> <span class='ocrx_word' id='word_1_189' title='bbox 1699 2041 1854 2115; x_wconf 82' lang='lat' dir='ltr'>laesi,</span> <span class='ocrx_word' id='word_1_190' title='bbox 1898 2041 2193 2105; x_wconf 83' lang='lat' dir='ltr'>volumus</span> <span class='ocrx_word' id='word_1_191' title='bbox 2231 2041 2327 2104; x_wconf 82' lang='lat' dir='ltr'>ol&#39;-</span> <span class='ocrx_word' id='word_1_192' title='bbox 2431 2043 2603 2105; x_wconf 89' lang='lat' dir='ltr'>enim</span> <span class='ocrx_word' id='word_1_193' title='bbox 2646 2045 2739 2106; x_wconf 90' lang='lat' dir='ltr'>eis</span> <span class='ocrx_word' id='word_1_194' title='bbox 2779 2044 2967 2106; x_wconf 86' lang='lat' dir='ltr'>Judas</span> <span class='ocrx_word' id='word_1_195' title='bbox 3014 2063 3027 2106; x_wconf 92' lang='lat'>:</span> <span class='ocrx_word' id='word_1_196' title='bbox 3076 2043 3294 2106; x_wconf 86' lang='lat' dir='ltr'>Ducite</span> <span class='ocrx_word' id='word_1_197' title='bbox 3336 2063 3483 2106; x_wconf 89' lang='lat' dir='ltr'>eum</span> <span class='ocrx_word' id='word_1_198' title='bbox 3524 2053 3731 2106; x_wconf 89' lang='lat' dir='ltr'>caute.</span> <span class='ocrx_word' id='word_1_199' title='bbox 3966 2067 4023 2108; x_wconf 74' lang='grc' dir='ltr'>,ιι</span> <span class='ocrx_word' id='word_1_200' title='bbox 4022 2081 4205 2118; x_wconf 64' lang='grc' dir='ltr'><strong>ιιιιιι</strong></span> 
     </span>
     <span class='ocr_line' id='line_1_17' title="bbox 825 2134 4128 2241; baseline -0 -37"><span class='ocrx_word' id='word_1_201' title='bbox 825 2141 1146 2206; x_wconf 74' lang='lat' dir='ltr'>sensorem</span> <span class='ocrx_word' id='word_1_202' title='bbox 1178 2149 1464 2205; x_wconf 89' lang='lat' dir='ltr'>nostrum</span> <span class='ocrx_word' id='word_1_203' title='bbox 1499 2160 1759 2223; x_wconf 90' lang='lat' dir='ltr'>prorsus</span> <span class='ocrx_word' id='word_1_204' title='bbox 1790 2139 2169 2222; x_wconf 88' lang='lat' dir='ltr'>deprimere.</span> <span class='ocrx_word' id='word_1_205' title='bbox 2191 2139 2324 2213; x_wconf 88' lang='lat' dir='ltr'>Quo</span> <span class='ocrx_word' id='word_1_206' title='bbox 2530 2145 2614 2204; x_wconf 83' lang='grc' dir='ltr'>Ει</span> <span class='ocrx_word' id='word_1_207' title='bbox 2660 2145 3085 2202; x_wconf 71' lang='lat' dir='ltr'>adduxerunt</span> <span class='ocrx_word' id='word_1_208' title='bbox 3131 2161 3281 2204; x_wconf 84' lang='lat' dir='ltr'>eum</span> <span class='ocrx_word' id='word_1_209' title='bbox 3336 2146 3424 2203; x_wconf 84' lang='lat' dir='ltr'>ad</span> <span class='ocrx_word' id='word_1_210' title='bbox 3472 2145 3741 2204; x_wconf 80' lang='lat' dir='ltr'>Annam</span> <span class='ocrx_word' id='word_1_211' title='bbox 3784 2145 3929 2221; x_wconf 80' lang='lat' dir='ltr'>pn‘-</span> <span class='ocrx_word' id='word_1_212' title='bbox 3954 2134 4022 2174; x_wconf 76' lang='lat'>⁴⁴·</span> <span class='ocrx_word' id='word_1_213' title='bbox 4066 2187 4128 2241; x_wconf 64' lang='lat'>43</span> 
     </span>
     <span class='ocr_line' id='line_1_18' title="bbox 827 2238 3927 2323; baseline 0 -19"><span class='ocrx_word' id='word_1_214' title='bbox 827 2249 1046 2304; x_wconf 88' lang='lat' dir='ltr'>contra</span> <span class='ocrx_word' id='word_1_215' title='bbox 1086 2241 1241 2304; x_wconf 89' lang='lat' dir='ltr'>dicit</span> <span class='ocrx_word' id='word_1_216' title='bbox 1279 2240 1616 2322; x_wconf 83' lang='lat' dir='ltr'>Apostolus</span> <span class='ocrx_word' id='word_1_217' title='bbox 1661 2257 1674 2302; x_wconf 91' lang='lat'>:</span> <span class='ocrx_word' id='word_1_218' title='bbox 1713 2238 1853 2301; x_wconf 90' lang='lat' dir='ltr'>Noli</span> <span class='ocrx_word' id='word_1_219' title='bbox 1899 2238 2070 2301; x_wconf 87' lang='lat' dir='ltr'>vinci</span> <span class='ocrx_word' id='word_1_220' title='bbox 2113 2257 2152 2300; x_wconf 90' lang='lat' dir='ltr'>a</span> <span class='ocrx_word' id='word_1_221' title='bbox 2194 2257 2325 2300; x_wconf 88' lang='lat' dir='ltr'>ma-</span> <span class='ocrx_word' id='word_1_222' title='bbox 2435 2261 2635 2313; x_wconf 84' lang='lat' dir='ltr'>mum,</span> <span class='ocrx_word' id='word_1_223' title='bbox 2688 2242 2752 2303; x_wconf 94' lang='lat' dir='ltr'>id</span> <span class='ocrx_word' id='word_1_224' title='bbox 2810 2248 2926 2314; x_wconf 90' lang='lat' dir='ltr'>est,</span> <span class='ocrx_word' id='word_1_225' title='bbox 2980 2241 3357 2323; x_wconf 86' lang='lat' dir='ltr'>priusquam</span> <span class='ocrx_word' id='word_1_226' title='bbox 3414 2243 3718 2304; x_wconf 89' lang='lat' dir='ltr'>ducerent</span> <span class='ocrx_word' id='word_1_227' title='bbox 3776 2261 3927 2303; x_wconf 88' lang='lat' dir='ltr'>eum</span> 
     </span>
     <span class='ocr_line' id='line_1_19' title="bbox 827 2335 3927 2422; baseline 0 -21"><span class='ocrx_word' id='word_1_228' title='bbox 827 2339 912 2414; x_wconf 95' lang='lat' dir='ltr'>lo,</span> <span class='ocrx_word' id='word_1_229' title='bbox 963 2341 1074 2402; x_wconf 87' lang='lat' dir='ltr'>sed</span> <span class='ocrx_word' id='word_1_230' title='bbox 1123 2339 1308 2402; x_wconf 88' lang='lat' dir='ltr'>vince</span> <span class='ocrx_word' id='word_1_231' title='bbox 1365 2339 1432 2401; x_wconf 92' lang='lat' dir='ltr'>in</span> <span class='ocrx_word' id='word_1_232' title='bbox 1491 2337 1659 2401; x_wconf 90' lang='lat' dir='ltr'>bono</span> <span class='ocrx_word' id='word_1_233' title='bbox 1717 2336 1980 2399; x_wconf 91' lang='lat' dir='ltr'>malum.</span> <span class='ocrx_word' id='word_1_234' title='bbox 2033 2335 2109 2398; x_wconf 87' lang='lat' dir='ltr'>Et</span> <span class='ocrx_word' id='word_1_235' title='bbox 2156 2336 2325 2398; x_wconf 89' lang='lat' dir='ltr'>Psal-</span> <span class='ocrx_word' id='word_1_236' title='bbox 2430 2340 2509 2401; x_wconf 91' lang='lat' dir='ltr'>ad</span> <span class='ocrx_word' id='word_1_237' title='bbox 2552 2339 2852 2422; x_wconf 89' lang='lat' dir='ltr'>Caipham</span> <span class='ocrx_word' id='word_1_238' title='bbox 2898 2357 2912 2401; x_wconf 92' lang='lat'><strong>:</strong></span> <span class='ocrx_word' id='word_1_239' title='bbox 2954 2359 3101 2401; x_wconf 88' lang='lat' dir='ltr'>nam</span> <span class='ocrx_word' id='word_1_240' title='bbox 3146 2341 3353 2422; x_wconf 90' lang='lat' dir='ltr'>primo</span> <span class='ocrx_word' id='word_1_241' title='bbox 3394 2341 3672 2403; x_wconf 88' lang='lat' dir='ltr'>occurrit</span> <span class='ocrx_word' id='word_1_242' title='bbox 3712 2341 3807 2402; x_wconf 92' lang='lat' dir='ltr'>eis</span> <span class='ocrx_word' id='word_1_243' title='bbox 3844 2340 3927 2402; x_wconf 87' lang='lat' dir='ltr'>ab</span> 
     </span>
     <span class='ocr_line' id='line_1_20' title="bbox 551 2434 3929 2516; baseline 0.002 -23"><span class='ocrx_word' id='word_1_244' title='bbox 551 2449 777 2502; x_wconf 50' lang='lat' dir='ltr'>Pomm.</span> <span class='ocrx_word' id='word_1_245' title='bbox 826 2439 1014 2500; x_wconf 89' lang='lat' dir='ltr'>mista</span> <span class='ocrx_word' id='word_1_246' title='bbox 1061 2456 1074 2500; x_wconf 92' lang='lat'>:</span> <span class='ocrx_word' id='word_1_247' title='bbox 1123 2436 1186 2499; x_wconf 92' lang='lat' dir='ltr'>Si</span> <span class='ocrx_word' id='word_1_248' title='bbox 1232 2436 1501 2510; x_wconf 88' lang='lat' dir='ltr'>reddidi,</span> <span class='ocrx_word' id='word_1_249' title='bbox 1543 2435 1774 2516; x_wconf 91' lang='lat' dir='ltr'>inquit,</span> <span class='ocrx_word' id='word_1_250' title='bbox 1819 2434 2321 2497; x_wconf 87' lang='lat' dir='ltr'>retribuentibus</span> <span class='ocrx_word' id='word_1_251' title='bbox 2430 2446 2605 2500; x_wconf 87' lang='lat' dir='ltr'>extra</span> <span class='ocrx_word' id='word_1_252' title='bbox 2663 2437 3093 2512; x_wconf 80' lang='lat' dir='ltr'>venientibuS,</span> <span class='ocrx_word' id='word_1_253' title='bbox 3148 2439 3374 2501; x_wconf 91' lang='lat' dir='ltr'>domus</span> <span class='ocrx_word' id='word_1_254' title='bbox 3430 2438 3647 2502; x_wconf 83' lang='lat' dir='ltr'>Annae.</span> <span class='ocrx_word' id='word_1_255' title='bbox 3700 2439 3929 2501; x_wconf 86' lang='lat' dir='ltr'>Volue-</span> 
     </span>
    </p>
   </div>
   <div class='ocr_carea' id='block_1_3' title="bbox 533 2253 794 2360">
    <p class='ocr_par' dir='ltr' id='par_1_6' title="bbox 533 2253 794 2360">
     <span class='ocr_line' id='line_1_21' title="bbox 571 2253 794 2306; baseline -0.004 -8"><span class='ocrx_word' id='word_1_256' title='bbox 571 2253 700 2298; x_wconf 82' lang='lat' dir='ltr'>Rom.</span> <span class='ocrx_word' id='word_1_257' title='bbox 722 2267 794 2306; x_wconf 70' lang='grc' dir='ltr'>ιιι,</span> 
     </span>
     <span class='ocr_line' id='line_1_22' title="bbox 533 2319 602 2360; baseline 0.014 -1"><span class='ocrx_word' id='word_1_258' title='bbox 533 2319 602 2360; x_wconf 77' lang='lat'>21.</span> 
     </span>
    </p>
   </div>
   <div class='ocr_carea' id='block_1_4' title="bbox 817 2533 2321 3006">
    <p class='ocr_par' dir='ltr' id='par_1_7' title="bbox 817 2533 2321 3006">
     <span class='ocr_line' id='line_1_23' title="bbox 822 2533 2321 2611; baseline -0.002 -13"><span class='ocrx_word' id='word_1_259' title='bbox 822 2536 984 2599; x_wconf 89' lang='lat' dir='ltr'>mihi</span> <span class='ocrx_word' id='word_1_260' title='bbox 1034 2536 1218 2611; x_wconf 89' lang='lat' dir='ltr'>mala,</span> <span class='ocrx_word' id='word_1_261' title='bbox 1271 2535 1558 2598; x_wconf 88' lang='lat' dir='ltr'>decidam</span> <span class='ocrx_word' id='word_1_262' title='bbox 1617 2533 1845 2597; x_wconf 89' lang='lat' dir='ltr'>merito</span> <span class='ocrx_word' id='word_1_263' title='bbox 1899 2533 1979 2595; x_wconf 90' lang='lat' dir='ltr'>ab</span> <span class='ocrx_word' id='word_1_264' title='bbox 2041 2533 2321 2595; x_wconf 90' lang='lat' dir='ltr'>inimicis</span> 
     </span>
     <span class='ocr_line' id='line_1_24' title="bbox 821 2633 2321 2711; baseline -0.005 -14"><span class='ocrx_word' id='word_1_265' title='bbox 821 2635 982 2698; x_wconf 84' lang='lat' dir='ltr'>meis</span> <span class='ocrx_word' id='word_1_266' title='bbox 1041 2634 1271 2697; x_wconf 81' lang='lat' dir='ltr'>inanis.</span> <span class='ocrx_word' id='word_1_267' title='bbox 1329 2635 1608 2696; x_wconf 82' lang='lat' dir='ltr'>Calicem</span> <span class='ocrx_word' id='word_1_268' title='bbox 1665 2652 1854 2711; x_wconf 84' lang='lat' dir='ltr'>quem</span> <span class='ocrx_word' id='word_1_269' title='bbox 1909 2634 2091 2692; x_wconf 78' lang='lat' dir='ltr'>dedic</span> <span class='ocrx_word' id='word_1_270' title='bbox 2152 2633 2321 2693; x_wconf 76' lang='lat' dir='ltr'>mihi</span> 
     </span>
     <span class='ocr_line' id='line_1_25' title="bbox 819 2725 2321 2812; baseline -0.003 -16"><span class='ocrx_word' id='word_1_271' title='bbox 819 2737 1043 2807; x_wconf 79' lang='lat' dir='ltr'>Pater,</span> <span class='ocrx_word' id='word_1_272' title='bbox 1095 2733 1160 2795; x_wconf 91' lang='lat' dir='ltr'>id</span> <span class='ocrx_word' id='word_1_273' title='bbox 1217 2740 1315 2794; x_wconf 92' lang='lat' dir='ltr'>est</span> <span class='ocrx_word' id='word_1_274' title='bbox 1373 2725 1641 2794; x_wconf 84' lang='lat' dir='ltr'>mortem</span> <span class='ocrx_word' id='word_1_275' title='bbox 1701 2749 1896 2812; x_wconf 91' lang='lat' dir='ltr'>quam</span> <span class='ocrx_word' id='word_1_276' title='bbox 1945 2729 2124 2791; x_wconf 89' lang='lat' dir='ltr'>Pater</span> <span class='ocrx_word' id='word_1_277' title='bbox 2182 2729 2321 2792; x_wconf 89' lang='lat' dir='ltr'>vult</span> 
     </span>
     <span class='ocr_line' id='line_1_26' title="bbox 820 2827 2320 2913; baseline -0.003 -20"><span class='ocrx_word' id='word_1_278' title='bbox 820 2849 924 2893; x_wconf 91' lang='lat' dir='ltr'>me</span> <span class='ocrx_word' id='word_1_279' title='bbox 973 2831 1288 2894; x_wconf 90' lang='lat' dir='ltr'>sustinere</span> <span class='ocrx_word' id='word_1_280' title='bbox 1337 2849 1452 2913; x_wconf 92' lang='lat' dir='ltr'>pro</span> <span class='ocrx_word' id='word_1_281' title='bbox 1500 2829 1724 2890; x_wconf 91' lang='lat' dir='ltr'>mundi</span> <span class='ocrx_word' id='word_1_282' title='bbox 1773 2827 1995 2902; x_wconf 88' lang='lat' dir='ltr'>salute,</span> <span class='ocrx_word' id='word_1_283' title='bbox 2039 2849 2167 2889; x_wconf 80' lang='lat' dir='ltr'>non</span> <span class='ocrx_word' id='word_1_284' title='bbox 2219 2830 2320 2888; x_wconf 77' lang='lat' dir='ltr'>vis</span> 
     </span>
     <span class='ocr_line' id='line_1_27' title="bbox 817 2927 2317 3006; baseline -0.003 -15"><span class='ocrx_word' id='word_1_285' title='bbox 817 2941 891 2992; x_wconf 75' lang='lat' dir='ltr'>ut</span> <span class='ocrx_word' id='word_1_286' title='bbox 922 2932 1135 2991; x_wconf 80' lang='lat' dir='ltr'>bibam</span> <span class='ocrx_word' id='word_1_287' title='bbox 1171 2932 1390 3000; x_wconf 82' lang='lat' dir='ltr'>illum,</span> <span class='ocrx_word' id='word_1_288' title='bbox 1422 2927 1486 2990; x_wconf 94' lang='lat' dir='ltr'>id</span> <span class='ocrx_word' id='word_1_289' title='bbox 1535 2935 1649 3000; x_wconf 89' lang='lat' dir='ltr'>est,</span> <span class='ocrx_word' id='word_1_290' title='bbox 1694 2934 1960 2989; x_wconf 90' lang='lat' dir='ltr'>mortem</span> <span class='ocrx_word' id='word_1_291' title='bbox 2003 2927 2166 2988; x_wconf 90' lang='lat' dir='ltr'>hanc</span> <span class='ocrx_word' id='word_1_292' title='bbox 2202 2943 2317 3006; x_wconf 86' lang='lat' dir='ltr'>gu-</span> 
     </span>
    </p>
   </div>
   <div class='ocr_carea' id='block_1_5' title="bbox 2429 2535 3928 3013">
    <p class='ocr_par' dir='ltr' id='par_1_8' title="bbox 2429 2535 3928 3013">
     <span class='ocr_line' id='line_1_28' title="bbox 2431 2535 3925 2619; baseline 0.001 -21"><span class='ocrx_word' id='word_1_293' title='bbox 2431 2546 2579 2599; x_wconf 91' lang='lat' dir='ltr'>runt</span> <span class='ocrx_word' id='word_1_294' title='bbox 2620 2555 2769 2617; x_wconf 84' lang='lat' dir='ltr'>ergo</span> <span class='ocrx_word' id='word_1_295' title='bbox 2810 2553 2955 2597; x_wconf 91' lang='lat' dir='ltr'>eum</span> <span class='ocrx_word' id='word_1_296' title='bbox 2997 2535 3344 2611; x_wconf 82' lang='lat' dir='ltr'>laetificare,</span> <span class='ocrx_word' id='word_1_297' title='bbox 3380 2538 3826 2619; x_wconf 79' lang='lat' dir='ltr'>praesentando</span> <span class='ocrx_word' id='word_1_298' title='bbox 3864 2538 3925 2599; x_wconf 90' lang='lat' dir='ltr'>ei</span> 
     </span>
     <span class='ocr_line' id='line_1_29' title="bbox 2430 2634 3928 2716; baseline 0.002 -21"><span class='ocrx_word' id='word_1_299' title='bbox 2430 2635 2692 2716; x_wconf 83' lang='lat' dir='ltr'>ligatum</span> <span class='ocrx_word' id='word_1_300' title='bbox 2740 2651 2933 2715; x_wconf 89' lang='lat' dir='ltr'>quem</span> <span class='ocrx_word' id='word_1_301' title='bbox 2982 2634 3238 2714; x_wconf 84' lang='lat' dir='ltr'>oderat3</span> <span class='ocrx_word' id='word_1_302' title='bbox 3292 2634 3465 2709; x_wconf 90' lang='lat' dir='ltr'>item,</span> <span class='ocrx_word' id='word_1_303' title='bbox 3519 2644 3589 2698; x_wconf 93' lang='lat' dir='ltr'>ut</span> <span class='ocrx_word' id='word_1_304' title='bbox 3636 2637 3695 2698; x_wconf 86' lang='lat' dir='ltr'>ei</span> <span class='ocrx_word' id='word_1_305' title='bbox 3748 2655 3928 2700; x_wconf 78' lang='lat' dir='ltr'>reve-</span> 
     </span>
     <span class='ocr_line' id='line_1_30' title="bbox 2432 2732 3927 2815; baseline 0.003 -22"><span class='ocrx_word' id='word_1_306' title='bbox 2432 2733 2699 2795; x_wconf 90' lang='lat' dir='ltr'>rentiam</span> <span class='ocrx_word' id='word_1_307' title='bbox 2756 2732 3133 2795; x_wconf 84' lang='lat' dir='ltr'>exhiberent</span> <span class='ocrx_word' id='word_1_308' title='bbox 3185 2740 3485 2815; x_wconf 89' lang='lat' dir='ltr'>tanquam</span> <span class='ocrx_word' id='word_1_309' title='bbox 3541 2733 3729 2796; x_wconf 77' lang='lat' dir='ltr'>affini</span> <span class='ocrx_word' id='word_1_310' title='bbox 3790 2735 3927 2798; x_wconf 91' lang='lat' dir='ltr'>Cai-</span> 
     </span>
     <span class='ocr_line' id='line_1_31' title="bbox 2429 2831 3925 2913; baseline 0.001 -19"><span class='ocrx_word' id='word_1_311' title='bbox 2429 2831 2591 2913; x_wconf 82' lang='lat' dir='ltr'>phae,</span> <span class='ocrx_word' id='word_1_312' title='bbox 2644 2832 3181 2912; x_wconf 86' lang='lat' dir='ltr'>quemadmodum</span> <span class='ocrx_word' id='word_1_313' title='bbox 3232 2831 3544 2893; x_wconf 90' lang='lat' dir='ltr'>subditur.</span> <span class='ocrx_word' id='word_1_314' title='bbox 3590 2837 3757 2895; x_wconf 77' lang='lat' dir='ltr'>Erat</span> <span class='ocrx_word' id='word_1_315' title='bbox 3804 2855 3925 2895; x_wconf 79' lang='lat' dir='ltr'>au-</span> 
     </span>
     <span class='ocr_line' id='line_1_32' title="bbox 2430 2929 3922 3013; baseline 0.003 -23"><span class='ocrx_word' id='word_1_316' title='bbox 2430 2940 2551 2990; x_wconf 73' lang='lat' dir='ltr'>tem</span> <span class='ocrx_word' id='word_1_317' title='bbox 2586 2951 2758 2990; x_wconf 83' lang='lat' dir='ltr'>socer</span> <span class='ocrx_word' id='word_1_318' title='bbox 2788 2930 2927 3012; x_wconf 88' lang='lat' dir='ltr'>ipse</span> <span class='ocrx_word' id='word_1_319' title='bbox 2965 2929 3176 2992; x_wconf 89' lang='lat' dir='ltr'>Annas</span> <span class='ocrx_word' id='word_1_320' title='bbox 3218 2932 3503 3009; x_wconf 81' lang='lat' dir='ltr'>Caiplzoe,</span> <span class='ocrx_word' id='word_1_321' title='bbox 3537 2931 3651 3013; x_wconf 93' lang='lat' dir='ltr'>qui</span> <span class='ocrx_word' id='word_1_322' title='bbox 3696 2931 3922 2994; x_wconf 87' lang='lat' dir='ltr'>habuit</span> 
     </span>
    </p>
   </div>
   <div class='ocr_carea' id='block_1_6' title="bbox 514 3024 4258 5374">
    <p class='ocr_par' dir='ltr' id='par_1_9' title="bbox 819 3024 3920 3110">
     <span class='ocr_line' id='line_1_33' title="bbox 819 3024 3920 3110; baseline 0 -19"><span class='ocrx_word' id='word_1_323' title='bbox 819 3031 1016 3091; x_wconf 67' lang='lat' dir='ltr'>stem?</span> <span class='ocrx_word' id='word_1_324' title='bbox 1047 3036 1349 3110; x_wconf 85' lang='lat' dir='ltr'>tanquam</span> <span class='ocrx_word' id='word_1_325' title='bbox 1389 3026 1557 3088; x_wconf 91' lang='lat' dir='ltr'>dicat</span> <span class='ocrx_word' id='word_1_326' title='bbox 1589 3044 1602 3088; x_wconf 76' lang='grc' dir='ltr'>ε</span> <span class='ocrx_word' id='word_1_327' title='bbox 1635 3024 1819 3087; x_wconf 87' lang='lat' dir='ltr'>Erras</span> <span class='ocrx_word' id='word_1_328' title='bbox 1863 3025 1981 3087; x_wconf 88' lang='lat' dir='ltr'>hoc</span> <span class='ocrx_word' id='word_1_329' title='bbox 2021 3025 2311 3089; x_wconf 90' lang='lat' dir='ltr'>volendo.</span> <span class='ocrx_word' id='word_1_330' title='bbox 2356 3027 2399 3090; x_wconf 93' lang='lat' dir='ltr'>C</span> <span class='ocrx_word' id='word_1_331' title='bbox 2428 3027 2629 3090; x_wconf 84' lang='lat' dir='ltr'>filiam</span> <span class='ocrx_word' id='word_1_332' title='bbox 2674 3029 2891 3102; x_wconf 79' lang='lat' dir='ltr'>Annae,</span> <span class='ocrx_word' id='word_1_333' title='bbox 2946 3030 3065 3107; x_wconf 82' lang='lat' dir='ltr'>qui</span> <span class='ocrx_word' id='word_1_334' title='bbox 3122 3028 3387 3109; x_wconf 90' lang='lat' dir='ltr'>Caiphas</span> <span class='ocrx_word' id='word_1_335' title='bbox 3433 3039 3571 3090; x_wconf 80' lang='lat' dir='ltr'>erat</span> <span class='ocrx_word' id='word_1_336' title='bbox 3610 3033 3920 3108; x_wconf 69' lang='lat' dir='ltr'>pontifev</span> 
     </span>
    </p>

    <p class='ocr_par' dir='ltr' id='par_1_10' title="bbox 523 3123 3919 3205">
     <span class='ocr_line' id='line_1_34' title="bbox 523 3123 3919 3205; baseline 0 -15"><span class='ocrx_word' id='word_1_337' title='bbox 523 3143 786 3196; x_wconf 55' lang='lat' dir='ltr'>uanam,</span> <span class='ocrx_word' id='word_1_338' title='bbox 819 3125 992 3190; x_wconf 87' lang='lat' dir='ltr'>Unde</span> <span class='ocrx_word' id='word_1_339' title='bbox 1032 3134 1094 3188; x_wconf 89' lang='lat' dir='ltr'>et</span> <span class='ocrx_word' id='word_1_340' title='bbox 1131 3127 1257 3189; x_wconf 90' lang='lat' dir='ltr'>alio</span> <span class='ocrx_word' id='word_1_341' title='bbox 1303 3126 1462 3200; x_wconf 91' lang='lat' dir='ltr'>loco,</span> <span class='ocrx_word' id='word_1_342' title='bbox 1504 3142 1705 3205; x_wconf 93' lang='lat' dir='ltr'>quum</span> <span class='ocrx_word' id='word_1_343' title='bbox 1743 3123 2026 3186; x_wconf 90' lang='lat' dir='ltr'>Christus</span> <span class='ocrx_word' id='word_1_344' title='bbox 2077 3123 2316 3205; x_wconf 91' lang='lat' dir='ltr'>passio-</span> <span class='ocrx_word' id='word_1_345' title='bbox 2426 3129 2593 3187; x_wconf 82' lang='lat' dir='ltr'>anni</span> <span class='ocrx_word' id='word_1_346' title='bbox 2628 3129 2835 3186; x_wconf 81' lang='lat' dir='ltr'>illius.</span> <span class='ocrx_word' id='word_1_347' title='bbox 2868 3125 3165 3199; x_wconf 88' lang='lat' dir='ltr'>Quamvis</span> <span class='ocrx_word' id='word_1_348' title='bbox 3212 3126 3385 3188; x_wconf 88' lang='lat' dir='ltr'>enim</span> <span class='ocrx_word' id='word_1_349' title='bbox 3432 3129 3785 3191; x_wconf 90' lang='lat' dir='ltr'>secundum</span> <span class='ocrx_word' id='word_1_350' title='bbox 3828 3129 3919 3191; x_wconf 91' lang='lat' dir='ltr'>le-</span> 
     </span>
    </p>

    <p class='ocr_par' dir='ltr' id='par_1_11' title="bbox 522 3211 4197 3416">
     <span class='ocr_line' id='line_1_35' title="bbox 522 3211 4197 3306; baseline 0.001 -18"><span class='ocrx_word' id='word_1_351' title='bbox 522 3212 592 3260; x_wconf 77' lang='lat'>²¹·</span> <span class='ocrx_word' id='word_1_352' title='bbox 618 3211 686 3252; x_wconf 74' lang='lat'>²²·</span> <span class='ocrx_word' id='word_1_353' title='bbox 817 3243 962 3289; x_wconf 90' lang='lat' dir='ltr'>nem</span> <span class='ocrx_word' id='word_1_354' title='bbox 995 3243 1174 3288; x_wconf 92' lang='lat' dir='ltr'>suam</span> <span class='ocrx_word' id='word_1_355' title='bbox 1205 3222 2069 3306; x_wconf 84' lang='lat' dir='ltr'>praedixissct,coepissetque</span> <span class='ocrx_word' id='word_1_356' title='bbox 2097 3221 2313 3284; x_wconf 88' lang='lat' dir='ltr'>Petrus</span> <span class='ocrx_word' id='word_1_357' title='bbox 2422 3241 2566 3304; x_wconf 82' lang='lat' dir='ltr'>gem</span> <span class='ocrx_word' id='word_1_358' title='bbox 2616 3223 2835 3286; x_wconf 89' lang='lat' dir='ltr'>debuit</span> <span class='ocrx_word' id='word_1_359' title='bbox 2881 3241 3020 3286; x_wconf 88' lang='lat' dir='ltr'>esse</span> <span class='ocrx_word' id='word_1_360' title='bbox 3068 3243 3233 3285; x_wconf 90' lang='lat' dir='ltr'>unus</span> <span class='ocrx_word' id='word_1_361' title='bbox 3282 3243 3571 3286; x_wconf 90' lang='lat' dir='ltr'>summus</span> <span class='ocrx_word' id='word_1_362' title='bbox 3620 3228 3913 3290; x_wconf 86' lang='lat' dir='ltr'>sacerdos</span> <span class='ocrx_word' id='word_1_363' title='bbox 3942 3247 4079 3290; x_wconf 65' lang='grc' dir='ltr'>Νι...</span> <span class='ocrx_word' id='word_1_364' title='bbox 4082 3262 4197 3293; x_wconf 59' lang='lat' dir='ltr'>xxxxx</span> 
     </span>
     <span class='ocr_line' id='line_1_36' title="bbox 817 3311 4181 3416; baseline 0.001 -30"><span class='ocrx_word' id='word_1_365' title='bbox 817 3324 1149 3406; x_wconf 89' lang='lat' dir='ltr'>increpare</span> <span class='ocrx_word' id='word_1_366' title='bbox 1197 3341 1366 3396; x_wconf 90' lang='lat' dir='ltr'>eum,</span> <span class='ocrx_word' id='word_1_367' title='bbox 1402 3321 1641 3396; x_wconf 81' lang='lat' dir='ltr'>dicenS,</span> <span class='ocrx_word' id='word_1_368' title='bbox 1675 3320 1959 3394; x_wconf 91' lang='lat' dir='ltr'>Domine,</span> <span class='ocrx_word' id='word_1_369' title='bbox 1995 3321 2311 3402; x_wconf 91' lang='lat' dir='ltr'>propitius</span> <span class='ocrx_word' id='word_1_370' title='bbox 2424 3340 2629 3403; x_wconf 92' lang='lat' dir='ltr'>usque</span> <span class='ocrx_word' id='word_1_371' title='bbox 2662 3324 2739 3385; x_wconf 88' lang='lat' dir='ltr'>ad</span> <span class='ocrx_word' id='word_1_372' title='bbox 2781 3322 2983 3384; x_wconf 79' lang='lat' dir='ltr'>finem</span> <span class='ocrx_word' id='word_1_373' title='bbox 3024 3322 3171 3385; x_wconf 81' lang='lat' dir='ltr'>vitae</span> <span class='ocrx_word' id='word_1_374' title='bbox 3208 3341 3357 3396; x_wconf 83' lang='lat' dir='ltr'>suae,</span> <span class='ocrx_word' id='word_1_375' title='bbox 3400 3323 3501 3385; x_wconf 91' lang='lat' dir='ltr'>cui</span> <span class='ocrx_word' id='word_1_376' title='bbox 3544 3326 3915 3389; x_wconf 86' lang='lat' dir='ltr'>succederet</span> <span class='ocrx_word' id='word_1_377' title='bbox 3941 3311 4181 3416; x_wconf 39' lang='lat' dir='ltr'>{fiam</span> 
     </span>
    </p>

    <p class='ocr_par' dir='ltr' id='par_1_12' title="bbox 743 3407 4194 3503">
     <span class='ocr_line' id='line_1_37' title="bbox 743 3407 4194 3503; baseline 0 -17"><span class='ocrx_word' id='word_1_378' title='bbox 743 3471 750 3476; x_wconf 75' lang='lat'>-</span> <span class='ocrx_word' id='word_1_379' title='bbox 816 3431 951 3486; x_wconf 84' lang='lat' dir='ltr'>esto</span> <span class='ocrx_word' id='word_1_380' title='bbox 1009 3421 1150 3497; x_wconf 90' lang='lat' dir='ltr'>tibi,</span> <span class='ocrx_word' id='word_1_381' title='bbox 1204 3440 1351 3484; x_wconf 89' lang='lat' dir='ltr'>nam</span> <span class='ocrx_word' id='word_1_382' title='bbox 1409 3419 1528 3483; x_wconf 92' lang='lat' dir='ltr'>hoc</span> <span class='ocrx_word' id='word_1_383' title='bbox 1587 3438 1712 3482; x_wconf 89' lang='lat' dir='ltr'>non</span> <span class='ocrx_word' id='word_1_384' title='bbox 1773 3419 1932 3498; x_wconf 86' lang='lat' dir='ltr'>erit3</span> <span class='ocrx_word' id='word_1_385' title='bbox 1985 3419 2314 3500; x_wconf 88' lang='lat' dir='ltr'>respondit</span> <span class='ocrx_word' id='word_1_386' title='bbox 2421 3420 2598 3482; x_wconf 82' lang='lat' dir='ltr'>filius</span> <span class='ocrx_word' id='word_1_387' title='bbox 2655 3421 2817 3501; x_wconf 82' lang='lat' dir='ltr'>ejuS,</span> <span class='ocrx_word' id='word_1_388' title='bbox 2865 3421 2999 3501; x_wconf 87' lang='lat' dir='ltr'>jam</span> <span class='ocrx_word' id='word_1_389' title='bbox 3050 3427 3263 3483; x_wconf 87' lang='lat' dir='ltr'>tamen</span> <span class='ocrx_word' id='word_1_390' title='bbox 3324 3438 3437 3503; x_wconf 90' lang='lat' dir='ltr'>per</span> <span class='ocrx_word' id='word_1_391' title='bbox 3492 3422 3911 3488; x_wconf 87' lang='lat' dir='ltr'>ambitionem</span> <span class='ocrx_word' id='word_1_392' title='bbox 3942 3437 4009 3478; x_wconf 77' lang='lat'>2⁹-</span> <span class='ocrx_word' id='word_1_393' title='bbox 4182 3407 4194 3421; x_wconf 67' lang='grc'>’</span> 
     </span>
    </p>

    <p class='ocr_par' dir='ltr' id='par_1_13' title="bbox 545 3517 3914 3600">
     <span class='ocr_line' id='line_1_38' title="bbox 545 3517 3914 3600; baseline 0.002 -22"><span class='ocrx_word' id='word_1_394' title='bbox 545 3535 785 3588; x_wconf 58' lang='lat' dir='ltr'>Marum,</span> <span class='ocrx_word' id='word_1_395' title='bbox 817 3522 874 3584; x_wconf 87' lang='lat' dir='ltr'>ei</span> <span class='ocrx_word' id='word_1_396' title='bbox 902 3522 1082 3584; x_wconf 86' lang='lat' dir='ltr'>Jesus</span> <span class='ocrx_word' id='word_1_397' title='bbox 1115 3538 1129 3583; x_wconf 76' lang='grc' dir='ltr'><strong><em>ε</em></strong></span> <span class='ocrx_word' id='word_1_398' title='bbox 1165 3520 1331 3582; x_wconf 87' lang='lat' dir='ltr'>Vade</span> <span class='ocrx_word' id='word_1_399' title='bbox 1368 3525 1536 3581; x_wconf 89' lang='lat' dir='ltr'>retro</span> <span class='ocrx_word' id='word_1_400' title='bbox 1571 3537 1696 3592; x_wconf 91' lang='lat' dir='ltr'>me,</span> <span class='ocrx_word' id='word_1_401' title='bbox 1730 3525 1964 3592; x_wconf 84' lang='lat' dir='ltr'>satana,</span> <span class='ocrx_word' id='word_1_402' title='bbox 1999 3519 2153 3598; x_wconf 90' lang='lat' dir='ltr'>quia</span> <span class='ocrx_word' id='word_1_403' title='bbox 2184 3537 2309 3581; x_wconf 92' lang='lat' dir='ltr'>non</span> <span class='ocrx_word' id='word_1_404' title='bbox 2418 3517 2799 3592; x_wconf 78' lang='lat' dir='ltr'>Judaeorum,</span> <span class='ocrx_word' id='word_1_405' title='bbox 2839 3518 3128 3599; x_wconf 90' lang='lat' dir='ltr'>quolibet</span> <span class='ocrx_word' id='word_1_406' title='bbox 3174 3536 3333 3600; x_wconf 88' lang='lat' dir='ltr'>pene</span> <span class='ocrx_word' id='word_1_407' title='bbox 3374 3537 3542 3582; x_wconf 92' lang='lat' dir='ltr'>anno</span> <span class='ocrx_word' id='word_1_408' title='bbox 3584 3521 3914 3584; x_wconf 87' lang='lat' dir='ltr'>mutaban-</span> 
     </span>
    </p>

    <p class='ocr_par' dir='ltr' id='par_1_14' title="bbox 522 3601 4258 4979">
     <span class='ocr_line' id='line_1_39' title="bbox 522 3601 3907 3703; baseline -0 -19"><span class='ocrx_word' id='word_1_409' title='bbox 522 3601 590 3641; x_wconf 79' lang='lat'>³³&#39;</span> <span class='ocrx_word' id='word_1_410' title='bbox 816 3621 986 3703; x_wconf 88' lang='lat' dir='ltr'>sapis</span> <span class='ocrx_word' id='word_1_411' title='bbox 1045 3638 1118 3682; x_wconf 90' lang='lat' dir='ltr'>ea</span> <span class='ocrx_word' id='word_1_412' title='bbox 1173 3638 1318 3701; x_wconf 80' lang='lat' dir='ltr'>quae</span> <span class='ocrx_word' id='word_1_413' title='bbox 1366 3618 1474 3680; x_wconf 92' lang='lat' dir='ltr'>Dei</span> <span class='ocrx_word' id='word_1_414' title='bbox 1535 3625 1704 3691; x_wconf 93' lang='lat' dir='ltr'>sunt,</span> <span class='ocrx_word' id='word_1_415' title='bbox 1759 3618 1867 3679; x_wconf 91' lang='lat' dir='ltr'>sed</span> <span class='ocrx_word' id='word_1_416' title='bbox 1915 3636 2059 3698; x_wconf 82' lang='lat' dir='ltr'>quae</span> <span class='ocrx_word' id='word_1_417' title='bbox 2108 3617 2312 3680; x_wconf 88' lang='lat' dir='ltr'>homi-</span> <span class='ocrx_word' id='word_1_418' title='bbox 2419 3625 2523 3678; x_wconf 91' lang='lat' dir='ltr'>tur</span> <span class='ocrx_word' id='word_1_419' title='bbox 2589 3616 2948 3699; x_wconf 79' lang='lat' dir='ltr'>pontifices,</span> <span class='ocrx_word' id='word_1_420' title='bbox 3010 3617 3221 3678; x_wconf 87' lang='lat' dir='ltr'>Annas</span> <span class='ocrx_word' id='word_1_421' title='bbox 3280 3634 3429 3681; x_wconf 86' lang='lat' dir='ltr'>vero</span> <span class='ocrx_word' id='word_1_422' title='bbox 3495 3626 3557 3679; x_wconf 89' lang='lat' dir='ltr'>et</span> <span class='ocrx_word' id='word_1_423' title='bbox 3615 3619 3907 3702; x_wconf 90' lang='lat' dir='ltr'>Caipbas,</span> 
     </span>
     <span class='ocr_line' id='line_1_40' title="bbox 816 3712 3913 3800; baseline 0 -19"><span class='ocrx_word' id='word_1_424' title='bbox 816 3739 992 3782; x_wconf 92' lang='lat' dir='ltr'>num.</span> <span class='ocrx_word' id='word_1_425' title='bbox 1026 3754 1107 3764; x_wconf 91' lang='lat'>—</span> <span class='ocrx_word' id='word_1_426' title='bbox 1144 3717 1475 3791; x_wconf 69' lang='lat' dir='ltr'>Quaeritur,</span> <span class='ocrx_word' id='word_1_427' title='bbox 1520 3715 1573 3778; x_wconf 92' lang='lat' dir='ltr'>si</span> <span class='ocrx_word' id='word_1_428' title='bbox 1619 3715 1799 3776; x_wconf 88' lang='lat' dir='ltr'>Pater</span> <span class='ocrx_word' id='word_1_429' title='bbox 1846 3715 2020 3777; x_wconf 87' lang='lat' dir='ltr'>dedit</span> <span class='ocrx_word' id='word_1_430' title='bbox 2063 3715 2310 3779; x_wconf 89' lang='lat' dir='ltr'>Christo</span> <span class='ocrx_word' id='word_1_431' title='bbox 2419 3722 2722 3796; x_wconf 86' lang='lat' dir='ltr'>tanquam</span> <span class='ocrx_word' id='word_1_432' title='bbox 2772 3715 3266 3796; x_wconf 82' lang='lat' dir='ltr'>pecuniosioreS,</span> <span class='ocrx_word' id='word_1_433' title='bbox 3300 3712 3701 3796; x_wconf 84' lang='lat' dir='ltr'>frequentius</span> <span class='ocrx_word' id='word_1_434' title='bbox 3754 3737 3913 3800; x_wconf 80' lang='lat' dir='ltr'>prae-</span> 
     </span>
     <span class='ocr_line' id='line_1_41' title="bbox 813 3812 4117 3896; baseline -0.001 -16"><span class='ocrx_word' id='word_1_435' title='bbox 813 3818 985 3880; x_wconf 92' lang='lat' dir='ltr'>hunc</span> <span class='ocrx_word' id='word_1_436' title='bbox 1015 3816 1301 3890; x_wconf 88' lang='lat' dir='ltr'>calicem,</span> <span class='ocrx_word' id='word_1_437' title='bbox 1335 3814 1491 3896; x_wconf 91' lang='lat' dir='ltr'>quid</span> <span class='ocrx_word' id='word_1_438' title='bbox 1523 3821 1945 3896; x_wconf 85' lang='lat' dir='ltr'>peccaverunt</span> <span class='ocrx_word' id='word_1_439' title='bbox 1971 3813 2163 3877; x_wconf 81' lang='lat' dir='ltr'>Judaei</span> <span class='ocrx_word' id='word_1_440' title='bbox 2195 3813 2308 3896; x_wconf 93' lang='lat' dir='ltr'>qui</span> <span class='ocrx_word' id='word_1_441' title='bbox 2420 3813 2709 3875; x_wconf 89' lang='lat' dir='ltr'>sidebant</span> <span class='ocrx_word' id='word_1_442' title='bbox 2768 3812 3016 3875; x_wconf 89' lang='lat' dir='ltr'>vicibus</span> <span class='ocrx_word' id='word_1_443' title='bbox 3071 3813 3419 3874; x_wconf 83' lang='lat' dir='ltr'>alternatis,</span> <span class='ocrx_word' id='word_1_444' title='bbox 3474 3817 3639 3876; x_wconf 77' lang='lat' dir='ltr'>Erat</span> <span class='ocrx_word' id='word_1_445' title='bbox 3690 3827 3909 3877; x_wconf 79' lang='lat' dir='ltr'>autem</span> <span class='ocrx_word' id='word_1_446' title='bbox 4050 3831 4117 3884; x_wconf 73' lang='grc' dir='ltr'>μ</span> 
     </span>
     <span class='ocr_line' id='line_1_42' title="bbox 814 3912 3908 3995; baseline -0.001 -17"><span class='ocrx_word' id='word_1_447' title='bbox 814 3934 962 3978; x_wconf 91' lang='lat' dir='ltr'>eum</span> <span class='ocrx_word' id='word_1_448' title='bbox 1006 3915 1254 3980; x_wconf 90' lang='lat' dir='ltr'>Christo</span> <span class='ocrx_word' id='word_1_449' title='bbox 1297 3914 1628 3989; x_wconf 89' lang='lat' dir='ltr'>dederunt,</span> <span class='ocrx_word' id='word_1_450' title='bbox 1672 3912 2025 3975; x_wconf 86' lang='lat' dir='ltr'>intulerunt</span> <span class='ocrx_word' id='word_1_451' title='bbox 2067 3921 2130 3974; x_wconf 89' lang='lat' dir='ltr'>et</span> <span class='ocrx_word' id='word_1_452' title='bbox 2174 3932 2312 3995; x_wconf 89' lang='lat' dir='ltr'>pro-</span> <span class='ocrx_word' id='word_1_453' title='bbox 2421 3913 2697 3988; x_wconf 74' lang='lat' dir='ltr'>Caiphas</span> <span class='ocrx_word' id='word_1_454' title='bbox 2743 3913 2860 3992; x_wconf 82' lang='lat' dir='ltr'>qui</span> <span class='ocrx_word' id='word_1_455' title='bbox 2904 3913 3252 3972; x_wconf 77' lang='lat' dir='ltr'>consilium</span> <span class='ocrx_word' id='word_1_456' title='bbox 3298 3914 3560 3973; x_wconf 74' lang='lat' dir='ltr'>dederat</span> <span class='ocrx_word' id='word_1_457' title='bbox 3594 3915 3844 3976; x_wconf 80' lang='lat' dir='ltr'>Judoeis</span> <span class='ocrx_word' id='word_1_458' title='bbox 3882 3937 3908 3974; x_wconf 87' lang='grc'>.-</span> 
     </span>
     <span class='ocr_line' id='line_1_43' title="bbox 815 4010 3907 4097; baseline -0.002 -21"><span class='ocrx_word' id='word_1_459' title='bbox 815 4015 1220 4097; x_wconf 87' lang='lat' dir='ltr'>pinaverunt.</span> <span class='ocrx_word' id='word_1_460' title='bbox 1282 4012 1653 4086; x_wconf 89' lang='lat' dir='ltr'>Dicendum,</span> <span class='ocrx_word' id='word_1_461' title='bbox 1704 4012 1874 4092; x_wconf 92' lang='lat' dir='ltr'>quod</span> <span class='ocrx_word' id='word_1_462' title='bbox 1930 4010 2110 4072; x_wconf 90' lang='lat' dir='ltr'>Pater</span> <span class='ocrx_word' id='word_1_463' title='bbox 2166 4011 2309 4079; x_wconf 90' lang='lat' dir='ltr'>ideo</span> <span class='ocrx_word' id='word_1_464' title='bbox 2422 4011 2589 4077; x_wconf 78' lang='lat' dir='ltr'>Quia</span> <span class='ocrx_word' id='word_1_465' title='bbox 2636 4011 2895 4086; x_wconf 77' lang='lat' dir='ltr'>expedit</span> <span class='ocrx_word' id='word_1_466' title='bbox 2946 4030 3153 4070; x_wconf 82' lang='lat' dir='ltr'>unum</span> <span class='ocrx_word' id='word_1_467' title='bbox 3198 4012 3523 4071; x_wconf 71' lang='lat' dir='ltr'>hominem</span> <span class='ocrx_word' id='word_1_468' title='bbox 3574 4015 3744 4072; x_wconf 81' lang='lat' dir='ltr'>mori</span> <span class='ocrx_word' id='word_1_469' title='bbox 3784 4034 3907 4092; x_wconf 83' lang='lat' dir='ltr'>pro</span> 
     </span>
     <span class='ocr_line' id='line_1_44' title="bbox 814 4107 4177 4191; baseline 0 -16"><span class='ocrx_word' id='word_1_470' title='bbox 814 4113 1048 4175; x_wconf 91' lang='lat' dir='ltr'>dicitur</span> <span class='ocrx_word' id='word_1_471' title='bbox 1093 4110 1352 4173; x_wconf 89' lang='lat' dir='ltr'>calicem</span> <span class='ocrx_word' id='word_1_472' title='bbox 1399 4108 1646 4172; x_wconf 91' lang='lat' dir='ltr'>Christo</span> <span class='ocrx_word' id='word_1_473' title='bbox 1693 4109 1963 4182; x_wconf 88' lang='lat' dir='ltr'>dedisse,</span> <span class='ocrx_word' id='word_1_474' title='bbox 1998 4110 2150 4190; x_wconf 91' lang='lat' dir='ltr'>quia</span> <span class='ocrx_word' id='word_1_475' title='bbox 2195 4128 2309 4191; x_wconf 89' lang='lat' dir='ltr'>per</span> <span class='ocrx_word' id='word_1_476' title='bbox 2406 4112 2669 4187; x_wconf 79' lang='lat' dir='ltr'>populo.</span> <span class='ocrx_word' id='word_1_477' title='bbox 2716 4107 2843 4171; x_wconf 88' lang='lat' dir='ltr'>Hoc</span> <span class='ocrx_word' id='word_1_478' title='bbox 2890 4108 3128 4170; x_wconf 90' lang='lat' dir='ltr'>dictum</span> <span class='ocrx_word' id='word_1_479' title='bbox 3178 4115 3274 4169; x_wconf 89' lang='lat' dir='ltr'>est</span> <span class='ocrx_word' id='word_1_480' title='bbox 3320 4127 3533 4190; x_wconf 89' lang='lat' dir='ltr'>supra.</span> <span class='ocrx_word' id='word_1_481' title='bbox 3586 4109 3717 4172; x_wconf 87' lang='lat' dir='ltr'>Hoc</span> <span class='ocrx_word' id='word_1_482' title='bbox 3766 4111 3909 4175; x_wconf 88' lang='lat' dir='ltr'>ideo</span> <span class='ocrx_word' id='word_1_483' title='bbox 3962 4132 4177 4176; x_wconf 65' lang='lat' dir='ltr'>:mn</span> 
     </span>
     <span class='ocr_line' id='line_1_45' title="bbox 813 4189 4003 4291; baseline 0.001 -19"><span class='ocrx_word' id='word_1_484' title='bbox 813 4210 953 4291; x_wconf 83' lang='lat' dir='ltr'>ejus</span> <span class='ocrx_word' id='word_1_485' title='bbox 994 4208 1353 4291; x_wconf 89' lang='lat' dir='ltr'>passionem</span> <span class='ocrx_word' id='word_1_486' title='bbox 1396 4189 1677 4270; x_wconf 83' lang='lat' dir='ltr'>decrevit</span> <span class='ocrx_word' id='word_1_487' title='bbox 1715 4206 2065 4268; x_wconf 88' lang='lat' dir='ltr'>humanum</span> <span class='ocrx_word' id='word_1_488' title='bbox 2103 4225 2305 4287; x_wconf 84' lang='lat' dir='ltr'>genus</span> <span class='ocrx_word' id='word_1_489' title='bbox 2339 4212 2388 4273; x_wconf 92' lang='lat' dir='ltr'>D</span> <span class='ocrx_word' id='word_1_490' title='bbox 2420 4214 2571 4288; x_wconf 91' lang='lat' dir='ltr'>puto</span> <span class='ocrx_word' id='word_1_491' title='bbox 2609 4215 2895 4288; x_wconf 89' lang='lat' dir='ltr'>repetere</span> <span class='ocrx_word' id='word_1_492' title='bbox 2926 4206 3404 4288; x_wconf 83' lang='lat' dir='ltr'>Evangelistam,</span> <span class='ocrx_word' id='word_1_493' title='bbox 3442 4215 3509 4268; x_wconf 92' lang='lat' dir='ltr'>ut</span> <span class='ocrx_word' id='word_1_494' title='bbox 3542 4207 3774 4272; x_wconf 88' lang='lat' dir='ltr'>Christi</span> <span class='ocrx_word' id='word_1_495' title='bbox 3810 4229 3911 4274; x_wconf 89' lang='lat' dir='ltr'>oc·</span> <span class='ocrx_word' id='word_1_496' title='bbox 3936 4199 4003 4238; x_wconf 77' lang='lat'>⁵⁰·</span> 
     </span>
     <span class='ocr_line' id='line_1_46' title="bbox 812 4304 3905 4391; baseline -0.001 -20"><span class='ocrx_word' id='word_1_497' title='bbox 812 4309 1147 4381; x_wconf 89' lang='lat' dir='ltr'>redimere,</span> <span class='ocrx_word' id='word_1_498' title='bbox 1203 4315 1267 4368; x_wconf 90' lang='lat' dir='ltr'>et</span> <span class='ocrx_word' id='word_1_499' title='bbox 1313 4305 1466 4388; x_wconf 87' lang='lat' dir='ltr'>quia</span> <span class='ocrx_word' id='word_1_500' title='bbox 1525 4304 1815 4388; x_wconf 89' lang='lat' dir='ltr'>permisit</span> <span class='ocrx_word' id='word_1_501' title='bbox 1871 4321 2018 4366; x_wconf 90' lang='lat' dir='ltr'>eum</span> <span class='ocrx_word' id='word_1_502' title='bbox 2075 4306 2302 4369; x_wconf 91' lang='lat' dir='ltr'>occidi.</span> <span class='ocrx_word' id='word_1_503' title='bbox 2416 4305 2722 4367; x_wconf 89' lang='lat' dir='ltr'>cisionem</span> <span class='ocrx_word' id='word_1_504' title='bbox 2764 4312 3125 4386; x_wconf 86' lang='lat' dir='ltr'>retorqueat</span> <span class='ocrx_word' id='word_1_505' title='bbox 3160 4305 3434 4367; x_wconf 83' lang='lat' dir='ltr'>maxime</span> <span class='ocrx_word' id='word_1_506' title='bbox 3470 4305 3533 4367; x_wconf 92' lang='lat' dir='ltr'>in</span> <span class='ocrx_word' id='word_1_507' title='bbox 3576 4306 3905 4391; x_wconf 87' lang='lat' dir='ltr'>principes</span> 
     </span>
     <span class='ocr_line' id='line_1_47' title="bbox 811 4403 3900 4485; baseline -0.001 -14"><span class='ocrx_word' id='word_1_508' title='bbox 811 4407 1023 4471; x_wconf 91' lang='lat' dir='ltr'>Voluit</span> <span class='ocrx_word' id='word_1_509' title='bbox 1081 4424 1230 4485; x_wconf 83' lang='lat' dir='ltr'>ergo</span> <span class='ocrx_word' id='word_1_510' title='bbox 1286 4403 1604 4468; x_wconf 89' lang='lat' dir='ltr'>Christum</span> <span class='ocrx_word' id='word_1_511' title='bbox 1665 4412 1934 4466; x_wconf 87' lang='lat' dir='ltr'>mortem</span> <span class='ocrx_word' id='word_1_512' title='bbox 1992 4404 2306 4485; x_wconf 90' lang='lat' dir='ltr'>patienter</span> <span class='ocrx_word' id='word_1_513' title='bbox 2414 4405 2832 4478; x_wconf 88' lang='lat' dir='ltr'>sacerdotum,</span> <span class='ocrx_word' id='word_1_514' title='bbox 2884 4403 2997 4485; x_wconf 92' lang='lat' dir='ltr'>qui</span> <span class='ocrx_word' id='word_1_515' title='bbox 3046 4405 3399 4466; x_wconf 89' lang='lat' dir='ltr'>secundum</span> <span class='ocrx_word' id='word_1_516' title='bbox 3446 4403 3900 4485; x_wconf 80' lang='lat' dir='ltr'>Augustinum,</span> 
     </span>
     <span class='ocr_line' id='line_1_48' title="bbox 811 4500 3903 4585; baseline 0 -17"><span class='ocrx_word' id='word_1_517' title='bbox 811 4513 873 4568; x_wconf 90' lang='lat' dir='ltr'>et</span> <span class='ocrx_word' id='word_1_518' title='bbox 920 4504 1246 4568; x_wconf 88' lang='lat' dir='ltr'>caritative</span> <span class='ocrx_word' id='word_1_519' title='bbox 1299 4500 1615 4584; x_wconf 81' lang='lat' dir='ltr'>sufferre;</span> <span class='ocrx_word' id='word_1_520' title='bbox 1668 4521 1794 4565; x_wconf 89' lang='lat' dir='ltr'>non</span> <span class='ocrx_word' id='word_1_521' title='bbox 1845 4510 2052 4564; x_wconf 87' lang='lat' dir='ltr'>tamen</span> <span class='ocrx_word' id='word_1_522' title='bbox 2104 4504 2307 4567; x_wconf 88' lang='lat' dir='ltr'>voluit</span> <span class='ocrx_word' id='word_1_523' title='bbox 2417 4502 2757 4567; x_wconf 84' lang='lat' dir='ltr'>voluerunt</span> <span class='ocrx_word' id='word_1_524' title='bbox 2793 4502 2975 4585; x_wconf 89' lang='lat' dir='ltr'>quasi</span> <span class='ocrx_word' id='word_1_525' title='bbox 3016 4502 3337 4564; x_wconf 88' lang='lat' dir='ltr'>immunes</span> <span class='ocrx_word' id='word_1_526' title='bbox 3380 4503 3580 4565; x_wconf 88' lang='lat' dir='ltr'>videri</span> <span class='ocrx_word' id='word_1_527' title='bbox 3620 4523 3657 4566; x_wconf 87' lang='lat' dir='ltr'>a</span> <span class='ocrx_word' id='word_1_528' title='bbox 3700 4514 3903 4568; x_wconf 91' lang='lat' dir='ltr'>morte</span> 
     </span>
     <span class='ocr_line' id='line_1_49' title="bbox 807 4600 3903 4685; baseline 0 -18"><span class='ocrx_word' id='word_1_529' title='bbox 807 4605 1053 4667; x_wconf 85' lang='lat' dir='ltr'>Judaeos</span> <span class='ocrx_word' id='word_1_530' title='bbox 1104 4609 1350 4664; x_wconf 86' lang='lat' dir='ltr'>tantum</span> <span class='ocrx_word' id='word_1_531' title='bbox 1401 4601 1640 4663; x_wconf 90' lang='lat' dir='ltr'>crimen</span> <span class='ocrx_word' id='word_1_532' title='bbox 1693 4601 2087 4664; x_wconf 88' lang='lat' dir='ltr'>committere</span> <span class='ocrx_word' id='word_1_533' title='bbox 2130 4621 2144 4664; x_wconf 76' lang='grc' dir='ltr'><strong><em>ε</em></strong></span> <span class='ocrx_word' id='word_1_534' title='bbox 2191 4622 2305 4664; x_wconf 87' lang='lat' dir='ltr'>un·</span> <span class='ocrx_word' id='word_1_535' title='bbox 2413 4600 2666 4664; x_wconf 90' lang='lat' dir='ltr'>Christi.</span> <span class='ocrx_word' id='word_1_536' title='bbox 2712 4600 2969 4682; x_wconf 88' lang='lat' dir='ltr'>Propter</span> <span class='ocrx_word' id='word_1_537' title='bbox 3006 4602 3178 4683; x_wconf 93' lang='lat' dir='ltr'>quod</span> <span class='ocrx_word' id='word_1_538' title='bbox 3226 4601 3291 4662; x_wconf 93' lang='lat' dir='ltr'>in</span> <span class='ocrx_word' id='word_1_539' title='bbox 3332 4601 3597 4664; x_wconf 84' lang='lat' dir='ltr'>Actibus</span> <span class='ocrx_word' id='word_1_540' title='bbox 3635 4602 3903 4685; x_wconf 83' lang='lat' dir='ltr'>Aposto-</span> 
     </span>
     <span class='ocr_line' id='line_1_50' title="bbox 810 4699 4258 4790; baseline 0 -26"><span class='ocrx_word' id='word_1_541' title='bbox 810 4703 887 4764; x_wconf 93' lang='lat' dir='ltr'>de</span> <span class='ocrx_word' id='word_1_542' title='bbox 946 4721 1065 4764; x_wconf 91' lang='lat' dir='ltr'>nec</span> <span class='ocrx_word' id='word_1_543' title='bbox 1121 4707 1525 4775; x_wconf 88' lang='lat' dir='ltr'>excusantur,</span> <span class='ocrx_word' id='word_1_544' title='bbox 1586 4699 1738 4780; x_wconf 91' lang='lat' dir='ltr'>quia</span> <span class='ocrx_word' id='word_1_545' title='bbox 1796 4717 1913 4761; x_wconf 88' lang='lat' dir='ltr'>nec</span> <span class='ocrx_word' id='word_1_546' title='bbox 1968 4717 2042 4762; x_wconf 89' lang='lat' dir='ltr'>ea</span> <span class='ocrx_word' id='word_1_547' title='bbox 2097 4700 2305 4763; x_wconf 88' lang='lat' dir='ltr'>inten-</span> <span class='ocrx_word' id='word_1_548' title='bbox 2412 4700 2619 4764; x_wconf 92' lang='lat' dir='ltr'>lorum</span> <span class='ocrx_word' id='word_1_549' title='bbox 2667 4700 2965 4762; x_wconf 86' lang='lat' dir='ltr'>dixerunt</span> <span class='ocrx_word' id='word_1_550' title='bbox 3012 4699 3327 4781; x_wconf 89' lang='lat' dir='ltr'>Apostolis</span> <span class='ocrx_word' id='word_1_551' title='bbox 3378 4717 3392 4762; x_wconf 89' lang='lat'>:</span> <span class='ocrx_word' id='word_1_552' title='bbox 3439 4701 3759 4783; x_wconf 86' lang='lat' dir='ltr'>Implestis</span> <span class='ocrx_word' id='word_1_553' title='bbox 3806 4703 3905 4766; x_wconf 81' lang='lat' dir='ltr'>Je-</span> <span class='ocrx_word' id='word_1_554' title='bbox 3946 4724 4171 4772; x_wconf 50' lang='lat' dir='ltr'>Aetne&amp;</span> <span class='ocrx_word' id='word_1_555' title='bbox 4257 4769 4258 4790; x_wconf 14' lang='grc' dir='ltr'>χ</span> 
     </span>
     <span class='ocr_line' id='line_1_51' title="bbox 809 4796 4258 4884; baseline 0 -21"><span class='ocrx_word' id='word_1_556' title='bbox 809 4801 983 4864; x_wconf 89' lang='lat' dir='ltr'>tione</span> <span class='ocrx_word' id='word_1_557' title='bbox 1023 4799 1342 4863; x_wconf 89' lang='lat' dir='ltr'>Christum</span> <span class='ocrx_word' id='word_1_558' title='bbox 1389 4798 1760 4862; x_wconf 88' lang='lat' dir='ltr'>occiderunt</span> <span class='ocrx_word' id='word_1_559' title='bbox 1804 4816 1931 4880; x_wconf 91' lang='lat' dir='ltr'>qua</span> <span class='ocrx_word' id='word_1_560' title='bbox 1971 4797 2152 4860; x_wconf 89' lang='lat' dir='ltr'>Pater</span> <span class='ocrx_word' id='word_1_561' title='bbox 2197 4819 2306 4864; x_wconf 85' lang='grc' dir='ltr'>νο-</span> <span class='ocrx_word' id='word_1_562' title='bbox 2412 4799 2683 4862; x_wconf 90' lang='lat' dir='ltr'>rusalem</span> <span class='ocrx_word' id='word_1_563' title='bbox 2733 4799 3020 4862; x_wconf 85' lang='lat' dir='ltr'>doctrina</span> <span class='ocrx_word' id='word_1_564' title='bbox 3068 4806 3296 4874; x_wconf 87' lang='lat' dir='ltr'>vestra,</span> <span class='ocrx_word' id='word_1_565' title='bbox 3350 4807 3413 4860; x_wconf 91' lang='lat' dir='ltr'>et</span> <span class='ocrx_word' id='word_1_566' title='bbox 3462 4800 3655 4863; x_wconf 87' lang='lat' dir='ltr'>vultis</span> <span class='ocrx_word' id='word_1_567' title='bbox 3706 4821 3900 4884; x_wconf 91' lang='lat' dir='ltr'>super</span> <span class='ocrx_word' id='word_1_568' title='bbox 4257 4796 4258 4823; x_wconf 63' lang='lat'>¹</span> 
     </span>
     <span class='ocr_line' id='line_1_52' title="bbox 809 4895 3865 4979; baseline -0.001 -17"><span class='ocrx_word' id='word_1_569' title='bbox 809 4901 931 4962; x_wconf 91' lang='lat' dir='ltr'>luit</span> <span class='ocrx_word' id='word_1_570' title='bbox 985 4917 1134 4961; x_wconf 91' lang='lat' dir='ltr'>eum</span> <span class='ocrx_word' id='word_1_571' title='bbox 1193 4897 1376 4960; x_wconf 88' lang='lat' dir='ltr'>mori.</span> <span class='ocrx_word' id='word_1_572' title='bbox 1427 4897 1584 4960; x_wconf 88' lang='lat' dir='ltr'>Hinc</span> <span class='ocrx_word' id='word_1_573' title='bbox 1644 4897 1709 4958; x_wconf 90' lang='lat' dir='ltr'>in</span> <span class='ocrx_word' id='word_1_574' title='bbox 1761 4895 2023 4958; x_wconf 88' lang='lat' dir='ltr'>Actibus</span> <span class='ocrx_word' id='word_1_575' title='bbox 2085 4897 2301 4962; x_wconf 88' lang='lat' dir='ltr'>Petrus</span> <span class='ocrx_word' id='word_1_576' title='bbox 2411 4917 2523 4961; x_wconf 92' lang='lat' dir='ltr'>nos</span> <span class='ocrx_word' id='word_1_577' title='bbox 2568 4899 2869 4960; x_wconf 86' lang='lat' dir='ltr'>inducere</span> <span class='ocrx_word' id='word_1_578' title='bbox 2912 4899 3285 4979; x_wconf 85' lang='lat' dir='ltr'>sanguinem</span> <span class='ocrx_word' id='word_1_579' title='bbox 3329 4897 3612 4961; x_wconf 90' lang='lat' dir='ltr'>bominis</span> <span class='ocrx_word' id='word_1_580' title='bbox 3656 4898 3865 4962; x_wconf 89' lang='lat' dir='ltr'>istius.</span> 
     </span>
    </p>

    <p class='ocr_par' dir='ltr' id='par_1_15' title="bbox 514 4995 4091 5274">
     <span class='ocr_line' id='line_1_53' title="bbox 514 4995 4091 5078; baseline -0.001 -17"><span class='ocrx_word' id='word_1_581' title='bbox 514 5017 773 5070; x_wconf 49' lang='lat' dir='ltr'>Aetnam.</span> <span class='ocrx_word' id='word_1_582' title='bbox 807 5005 1072 5060; x_wconf 90' lang='lat' dir='ltr'>testatur</span> <span class='ocrx_word' id='word_1_583' title='bbox 1125 5016 1138 5059; x_wconf 93' lang='lat'>:</span> <span class='ocrx_word' id='word_1_584' title='bbox 1191 4996 1353 5058; x_wconf 91' lang='lat' dir='ltr'>Deus</span> <span class='ocrx_word' id='word_1_585' title='bbox 1402 4996 1512 5077; x_wconf 92' lang='lat' dir='ltr'>qui</span> <span class='ocrx_word' id='word_1_586' title='bbox 1566 4995 2018 5078; x_wconf 81' lang='lat' dir='ltr'>praenuntiavit</span> <span class='ocrx_word' id='word_1_587' title='bbox 2067 5015 2182 5077; x_wconf 89' lang='lat' dir='ltr'>per</span> <span class='ocrx_word' id='word_1_588' title='bbox 2231 5017 2300 5060; x_wconf 91' lang='lat' dir='ltr'>os</span> <span class='ocrx_word' id='word_1_589' title='bbox 2504 5000 2903 5076; x_wconf 80' lang='lat' dir='ltr'>Sequebatur</span> <span class='ocrx_word' id='word_1_590' title='bbox 2949 5007 3166 5058; x_wconf 76' lang='lat' dir='ltr'>autem</span> <span class='ocrx_word' id='word_1_591' title='bbox 3212 5001 3431 5058; x_wconf 73' lang='lat' dir='ltr'>Jesam</span> <span class='ocrx_word' id='word_1_592' title='bbox 3488 4999 3715 5058; x_wconf 83' lang='lat' dir='ltr'>Simon</span> <span class='ocrx_word' id='word_1_593' title='bbox 3780 5003 3899 5061; x_wconf 85' lang='lat' dir='ltr'>Pe-</span> <span class='ocrx_word' id='word_1_594' title='bbox 4030 5001 4091 5056; x_wconf 77' lang='lat'>{5</span> 
     </span>
     <span class='ocr_line' id='line_1_54' title="bbox 806 5093 2305 5176; baseline -0.002 -16"><span class='ocrx_word' id='word_1_595' title='bbox 806 5096 1094 5160; x_wconf 90' lang='lat' dir='ltr'>omnium</span> <span class='ocrx_word' id='word_1_596' title='bbox 1143 5094 1597 5176; x_wconf 86' lang='lat' dir='ltr'>Prophetarum</span> <span class='ocrx_word' id='word_1_597' title='bbox 1647 5094 1776 5176; x_wconf 91' lang='lat' dir='ltr'>pati</span> <span class='ocrx_word' id='word_1_598' title='bbox 1827 5093 2145 5157; x_wconf 80' lang='lat' dir='ltr'>Christum</span> <span class='ocrx_word' id='word_1_599' title='bbox 2199 5116 2305 5157; x_wconf 93' lang='lat' dir='ltr'>su-</span> 
     </span>
     <span class='ocr_line' id='line_1_55' title="bbox 810 5192 1433 5274; baseline -0.005 -18"><span class='ocrx_word' id='word_1_600' title='bbox 810 5213 939 5270; x_wconf 90' lang='lat' dir='ltr'>um,</span> <span class='ocrx_word' id='word_1_601' title='bbox 981 5193 1274 5274; x_wconf 88' lang='lat' dir='ltr'>implevit</span> <span class='ocrx_word' id='word_1_602' title='bbox 1322 5192 1433 5254; x_wconf 91' lang='lat' dir='ltr'>sic.</span> 
     </span>
    </p>

    <p class='ocr_par' dir='ltr' id='par_1_16' title="bbox 605 5291 2303 5374">
     <span class='ocr_line' id='line_1_56' title="bbox 605 5291 2303 5374; baseline -0.001 -16"><span class='ocrx_word' id='word_1_603' title='bbox 605 5301 675 5359; x_wconf 78' lang='lat'>12</span> <span class='ocrx_word' id='word_1_604' title='bbox 903 5293 1133 5354; x_wconf 79' lang='lat' dir='ltr'>Cohors</span> <span class='ocrx_word' id='word_1_605' title='bbox 1177 5311 1325 5368; x_wconf 71' lang='lat' dir='ltr'>erqo</span> <span class='ocrx_word' id='word_1_606' title='bbox 1371 5302 1430 5352; x_wconf 81' lang='lat' dir='ltr'>et</span> <span class='ocrx_word' id='word_1_607' title='bbox 1480 5293 1781 5354; x_wconf 78' lang='lat' dir='ltr'>tribunus</span> <span class='ocrx_word' id='word_1_608' title='bbox 1840 5291 2140 5374; x_wconf 88' lang='lat' dir='ltr'>princeps</span> <span class='ocrx_word' id='word_1_609' title='bbox 2199 5312 2303 5357; x_wconf 90' lang='lat' dir='ltr'>co-</span> 
     </span>
    </p>
   </div>
   <div class='ocr_carea' id='block_1_7' title="bbox 2408 5094 4161 5375">
    <p class='ocr_par' dir='ltr' id='par_1_17' title="bbox 2408 5094 4161 5375">
     <span class='ocr_line' id='line_1_57' title="bbox 2412 5094 3899 5176; baseline 0.001 -19"><span class='ocrx_word' id='word_1_610' title='bbox 2412 5106 2568 5167; x_wconf 70' lang='lat' dir='ltr'>truS,</span> <span class='ocrx_word' id='word_1_611' title='bbox 2600 5105 2660 5156; x_wconf 78' lang='lat' dir='ltr'>et</span> <span class='ocrx_word' id='word_1_612' title='bbox 2688 5097 2864 5155; x_wconf 82' lang='lat' dir='ltr'>alius</span> <span class='ocrx_word' id='word_1_613' title='bbox 2898 5097 3283 5172; x_wconf 78' lang='lat' dir='ltr'>discipulus,</span> <span class='ocrx_word' id='word_1_614' title='bbox 3314 5094 3428 5176; x_wconf 92' lang='lat' dir='ltr'>qui</span> <span class='ocrx_word' id='word_1_615' title='bbox 3474 5096 3899 5158; x_wconf 85' lang='lat' dir='ltr'>communiter</span> 
     </span>
     <span class='ocr_line' id='line_1_58' title="bbox 2408 5191 4161 5293; baseline -0.001 -37"><span class='ocrx_word' id='word_1_616' title='bbox 2408 5193 2611 5256; x_wconf 76' lang='lat' dir='ltr'>fertur</span> <span class='ocrx_word' id='word_1_617' title='bbox 2652 5193 2851 5255; x_wconf 82' lang='lat' dir='ltr'>fuisse</span> <span class='ocrx_word' id='word_1_618' title='bbox 2893 5193 3180 5255; x_wconf 73' lang='lat' dir='ltr'>loannes·</span> <span class='ocrx_word' id='word_1_619' title='bbox 3226 5191 3349 5255; x_wconf 87' lang='lat' dir='ltr'>Sed</span> <span class='ocrx_word' id='word_1_620' title='bbox 3395 5194 3448 5254; x_wconf 91' lang='lat' dir='ltr'>si</span> <span class='ocrx_word' id='word_1_621' title='bbox 3496 5193 3582 5255; x_wconf 86' lang='lat' dir='ltr'>ita</span> <span class='ocrx_word' id='word_1_622' title='bbox 3624 5203 3741 5270; x_wconf 89' lang='lat' dir='ltr'>est,</span> <span class='ocrx_word' id='word_1_623' title='bbox 3784 5214 3896 5257; x_wconf 86' lang='lat' dir='ltr'>cur</span> <span class='ocrx_word' id='word_1_624' title='bbox 3932 5249 4161 5293; x_wconf 69' lang='lat' dir='ltr'>Jomxm.</span> 
     </span>
     <span class='ocr_line' id='line_1_59' title="bbox 2409 5291 4159 5375; baseline 0.001 -20"><span class='ocrx_word' id='word_1_625' title='bbox 2409 5311 2583 5356; x_wconf 90' lang='lat' dir='ltr'>more</span> <span class='ocrx_word' id='word_1_626' title='bbox 2631 5292 2819 5357; x_wconf 91' lang='lat' dir='ltr'>solito</span> <span class='ocrx_word' id='word_1_627' title='bbox 2866 5310 2993 5355; x_wconf 92' lang='lat' dir='ltr'>non</span> <span class='ocrx_word' id='word_1_628' title='bbox 3049 5291 3301 5372; x_wconf 82' lang='lat' dir='ltr'>adjecit,</span> <span class='ocrx_word' id='word_1_629' title='bbox 3351 5291 3547 5365; x_wconf 89' lang='lat' dir='ltr'>Quem</span> <span class='ocrx_word' id='word_1_630' title='bbox 3595 5292 3895 5375; x_wconf 78' lang='lat' dir='ltr'>diligebat</span> <span class='ocrx_word' id='word_1_631' title='bbox 3920 5317 4159 5368; x_wconf 54' lang='lat' dir='ltr'>samam.</span> 
     </span>
    </p>
   </div>
  </div>
 </body>
</html>
