4300 6259
799 469 920 535 616

1597 490 1946 538 ENARRATIO
1989 492 2050 541 ΙΝ
2093 491 2231 538 ΟΑΡ.
2280 492 2387 538 xxl
2427 493 2701 540 JOANNIS.
2747 513 2829 523 —
2870 494 3013 542 Aur.
3058 497 3093 540 1„

800 660 1124 742 discipuli,
1159 680 1282 725 non
1315 663 1486 744 quod
1521 663 1738 724 Petrus
1769 663 2297 725 certitudinaliter
2322 662 2375 723 A
2401 666 2572 745 quod
2613 664 2837 746 diligas
2866 684 2991 740 me,
3024 666 3076 728 si
3108 665 3296 747 digne
3328 666 3575 748 paveris
3604 666 3894 729 servulos

799 760 963 821 scire
1005 762 1211 843 potuit
1251 763 1389 825 sine
1429 763 1812 826 revelatione
1851 763 2088 837 divina,
2122 764 2292 844 quod

794 867 1034 920 amaret
1079 859 1394 923 Christum
1453 880 1566 943 per
1615 862 1936 923 caritatem
1989 860 2287 934 infusam,

792 974 937 1037 quae
980 966 1075 1019 est
1113 959 1314 1021 virtus
1354 960 1725 1042 theologica,
1769 960 1866 1022 vel
1907 960 2078 1041 quod
2125 979 2293 1021 ama-

795 1063 890 1117 ret
927 1074 1072 1117 eum
1124 1058 1268 1138 plus
1308 1076 1500 1139 quam
1544 1059 1650 1120 alii
1696 1078 1710 1121 :
1755 1060 1864 1120 sed
1905 1067 1973 1119 ut
2013 1060 2286 1132 doceret,

795 1156 965 1236 quod
1016 1156 1288 1218 aliorum
1337 1158 1632 1238 praelatus
1675 1157 1863 1220 debet
1912 1177 2037 1221 non
2081 1159 2285 1220 solum

796 1253 1059 1334 diligere
1109 1255 1453 1332 Christum,
1506 1258 1614 1318 sed
1669 1257 1858 1318 etiam
1907 1256 2095 1319 debet
2140 1276 2287 1319 eum

797 1353 1059 1434 diligere
1106 1355 1305 1435 magis
1355 1355 1675 1418 ferventer
1720 1374 1910 1437 quam
1961 1356 2110 1427 alii:
2160 1355 2289 1419 imo

797 1452 861 1514 in
902 1453 1076 1514 omni
1116 1453 1506 1534 perfectione
1537 1462 1599 1516 et
1625 1455 1825 1535 gratia
1864 1454 2052 1516 debet
2087 1454 2288 1516 abun-

497 1553 944 1616 soann.1‚m.dare
992 1560 1182 1633 atque
1238 1553 1570 1628 excellere,
1625 1561 1694 1614 ut
1752 1555 1829 1615 de
1888 1554 2288 1634 plenitudine

795 1650 934 1731 ejus
973 1651 1287 1732 accipiant
1322 1652 1602 1714 universi
1635 1651 1870 1715 subditi
1906 1652 2026 1726 sui,
2065 1653 2291 1734 possit-

793 1766 921 1830 que
958 1750 1035 1810 ad
1081 1749 1279 1810 instar
1317 1749 1584 1829 angelici
1639 1749 1984 1811 hierarchae
2029 1767 2285 1830 gregem

2402 781 2599 838 meOS,
2660 764 2951 827 homines
3010 765 3149 846 pios
3206 773 3269 827 et
3329 766 3721 828 innocentes.
3782 764 3895 826 Vel

2402 861 2493 922 sic
2535 881 2548 923 :
2593 861 2780 924 Pasce
2823 881 3016 943 agnos
3065 883 3261 926 meoS.
3303 863 3457 935 Quia
3504 881 3607 924 me
3655 863 3893 943 diligis,

2400 967 2586 1040 aptus
2632 979 2698 1022 es
2740 979 2999 1044 pascere
3035 980 3288 1042 gregem
3332 961 3554 1045 populi
3593 962 3745 1036 mei,
3778 981 3897 1024 nec

2400 1058 2643 1140 aliquid
2692 1060 2899 1141 majus
2950 1061 3205 1142 requiro
3255 1061 3411 1122 mihi
3461 1061 3595 1122 dari
3634 1080 3671 1122 a
3713 1069 3775 1122 te
3815 1079 3897 1121 ex

2400 1157 2739 1221 dilectione
2796 1167 2904 1220 tua
2954 1160 3032 1220 ad
3082 1177 3204 1232 me,
3257 1159 3381 1220 nisi
3434 1167 3501 1221 ut
3550 1158 3899 1240 spirit-uali-

2398 1265 2493 1317 ter
2530 1254 2743 1319 foveas
2788 1256 3039 1338 plebem
3080 1257 3462 1318 credentem.
3498 1256 3679 1319 Zelus
3720 1257 3894 1318 enim

2396 1354 2775 1428 animarum,
2836 1364 2934 1417 est
2987 1354 3378 1418 sacrificium
3436 1347 3559 1418 Deo
3612 1355 3899 1435 gratissi-

2398 1472 2600 1514 mum.
2634 1454 2831 1516 Debet
2866 1461 3076 1516 autem
3118 1454 3414 1536 praelatus
3446 1471 3703 1535 pascere
3746 1454 3896 1515 sub-

2400 1552 2562 1614 ditos
2620 1571 2769 1615 suos
2829 1551 3023 1615 verbo
3079 1552 3539 1624 instructionis,
3600 1552 3899 1634 exemplo

2400 1658 2631 1712 sanctae
2706 1651 3233 1726 conversationiS,
3314 1650 3647 1732 temporali
3730 1668 3895 1732 quo-

2398 1767 2525 1829 que
2574 1748 2860 1811 subsidio
2908 1751 3059 1811 dum
3108 1750 3267 1812 ratio
3314 1750 3530 1831 exigit.
3575 1749 3768 1812 Porro
3814 1750 3895 1810 de

791 1846 915 1908 sibi
975 1848 1386 1910 commissum
1437 1855 1499 1909 et
1557 1862 2084 1929 unumquemque
2140 1849 2287 1909 sub-
2324 1847 2515 1909 Bhac
2559 1847 2842 1922 materia,
2894 1848 3138 1910 scilicet
3187 1866 3316 1930 quo
3365 1850 3552 1911 modo
3594 1848 3893 1930 praelatus

786 1945 1066 2008 ditorum
1107 1964 1390 2019 suorum,
1433 1946 1783 2007 secundum
1824 1964 2003 2007 suam
2045 1947 2289 2028 capaci-

790 2051 1004 2116 tatem,
1041 2044 1519 2125 proportionem
1561 2051 1622 2106 et
1667 2044 2101 2124 indigentiam,
2142 2063 2289 2126 pur-

786 2159 958 2221 gare,
993 2142 1378 2217 illuminare,
1414 2142 1747 2223 perficere.
1771 2142 1967 2216 Unde,
1992 2143 2285 2224 quamvis

789 2241 1143 2301 secundum
1199 2240 1344 2320 jura
1402 2239 1685 2302 sufficiat
1741 2241 1978 2320 eligere
2035 2240 2285 2303 suffici-

785 2345 966 2398 enter
1009 2337 1248 2400 bonum
1295 2339 1431 2401 sive
1471 2339 1795 2414 idoneum,
1839 2357 1958 2401 nec
1999 2347 2287 2421 oporteat

786 2436 1020 2516 eligere
1079 2436 1407 2500 meliorem
1470 2438 1569 2501 vel
1628 2437 2158 2501 sufficientiorem
2220 2438 2282 2501 in

785 2535 924 2598 foro
963 2534 1378 2610 contentioso,
1414 2537 1766 2598 secundum
1806 2535 2106 2599 Thomam
2147 2537 2285 2618 (ali-

784 2640 881 2694 ter
921 2633 1145 2697 electio
1185 2643 1397 2716 posset
1445 2651 1608 2715 pene
1651 2651 1902 2715 semper
1950 2636 2184 2697 cassari
2222 2644 2327 2698 et·

786 2732 963 2794 irrita
1006 2730 1174 2806 fieri,
1219 2739 1478 2814 propter
1520 2734 1691 2813 quod
1736 2733 1800 2794 in
1844 2732 1982 2796 foro
2031 2741 2285 2796 conten-

784 2830 946 2894 tioso
989 2831 1362 2912 judicioque
1411 2831 1690 2894 humano
1747 2831 1994 2894 sufficit
2049 2833 2283 2913 eligere

787 2947 1122 3010 personam
1168 2929 1528 3009 idoneam);
1572 2938 1782 2992 tamen
1834 2931 1899 2992 in
1949 2930 2086 2995 foro
2135 2950 2285 2994 con-

2401 1963 2660 2028 pascere
2708 1945 2933 2008 debeat
2985 1965 3239 2028 gregem
3291 1946 3518 2010 Christi
3581 1947 3893 2026 sanguine

2398 2043 2760 2119 liberatum,
2804 2046 2971 2106 dicta
3021 2054 3171 2107 sunt
3217 2045 3417 2107 multa
3458 2045 3737 2127 capitulo
3782 2046 3894 2106 de-
3968 2071 4050 2112 Αη
4062 2084 4197 2116 .....

2399 2141 2585 2204 cimo.
2630 2143 2969 2206 Possumus
3014 2152 3223 2205 autem
3266 2161 3379 2225 per
3414 2161 3605 2224 agnos
3654 2142 3891 2205 intelli·
3918 2147 4041 2174 ¹¹⁰·

2395 2259 2543 2321 gere
2596 2260 2719 2303 non
2770 2242 2975 2304 solum
3030 2241 3421 2316 innocenteS,
3470 2241 3609 2323 pios
3662 2249 3723 2303 et
3774 2260 3891 2322 pu-

2398 2357 2521 2413 roS,
2576 2341 2683 2401 sed
2732 2357 3175 2421 quoscumque
3222 2358 3384 2421 quos
3436 2339 3599 2401 Deus
3651 2339 3891 2420 praede-

2396 2437 2653 2500 stinavit
2707 2438 2785 2499 ad
2840 2437 3105 2518 gratiam
3162 2438 3375 2512 talem,
3434 2437 3547 2519 qui
3605 2436 3891 2498 finaliter

2394 2537 2537 2617 agni
2598 2546 2805 2612 erunt,
2861 2546 2923 2599 et
2979 2557 3214 2619 pascua
3271 2538 3417 2602 vitae
3473 2536 3891 2620 possidebunt

2394 2643 2663 2698 aeternae.

2472 2737 2651 2796 Dicit
2678 2739 2739 2794 ei
2770 2738 3009 2796 iterum
3030 2755 3053 2798 .·
3079 2738 3305 2798 Simon
3334 2737 3627 2806 loanni-5,
3660 2736 3891 2811 diliyis
4042 2747 4115 2801 16

2392 2835 2541 2894 me?
2579 2833 2911 2909 Quaeritur,
2966 2853 3045 2896 an
3095 2834 3313 2896 Petrus
3362 2833 3893 2896 certitudinaliter

2393 2931 2580 2993 scivit
2646 2950 2713 2994 se
2780 2932 3043 3012 diligere
3112 2932 3451 2995 Christum.
3512 2930 3887 3004 Dicendum,

787 3026 1069 3090 scientiae
1127 3035 1377 3090 tenetur
1425 3027 1664 3109 eligens
1713 3029 2042 3093 meliorem
2094 3030 2284 3111 elige-
2320 3025 2561 3110 Cquod
2610 3030 2894 3111 Apostoli
2954 3031 3099 3112 plus
3149 3038 3290 3113 post
3338 3031 3761 3112 receptionem
3816 3029 3893 3090 il-

787 3145 876 3201 re,
914 3144 1058 3188 eum
1101 3127 1394 3190 videlicet
1437 3128 1548 3208 qui
1596 3127 1893 3191 omnibus
1941 3130 2281 3210 pensandis

790 3225 1094 3307 pensatiS,
1127 3226 1352 3288 melior
1381 3227 1728 3288 aestimatur
1760 3245 1874 3310 pro
1904 3227 2143 3290 honore
2173 3227 2281 3290 Dei

789 3332 853 3386 et
897 3324 1166 3386 utilitate
1205 3323 1521 3387 Ecclesiae.

868 3425 1046 3484 Dicit
1074 3417 1378 3484 ei'Petrus
1405 3441 1418 3485 ε
1447 3425 1692 3494 Etiam,
1730 3426 2030 3494 Domine,
2063 3436 2131 3486 tu
2161 3427 2284 3486 scis

788 3523 950 3600 quia
997 3541 1142 3582 amo
1194 3531 1270 3583 ce.
1323 3521 1514 3584 Paulo
1571 3528 1716 3583 ante
1762 3521 2007 3584 dixerat
2063 3523 2281 3586 Petrus

790 3618 1060 3694 incaute,
1113 3637 1180 3680 se
1224 3618 1568 3701 praeferens
1617 3619 1760 3681 aliis
1813 3638 1827 3682 :
1883 3618 2010 3682 Etsi
2060 3639 2281 3684 omnes

789 3718 1190 3780 scandalizati
1239 3717 1500 3792 fuerint,
1553 3735 1668 3798 ego
1727 3737 2056 3800 nunquam
2104 3739 2283 3782 scan-

787 3816 1127 3880 dalizabor.
1177 3815 1358 3879 Nunc
1405 3824 1616 3878 autem
1676 3817 2000 3899 propriam
2049 3817 2283 3898 fragili-

786 3921 976 3976 tatem
1037 3923 1360 3996 expertuS,
1413 3915 1840 3998 ampliorique
1900 3915 2283 3979 discretione

783 4021 846 4074 et
882 4013 1082 4093 gratia
1121 4015 1471 4086 decoratuS,
1507 4031 1632 4076 non
1669 4015 1860 4076 audet
1898 4017 2283 4096 respondere

783 4111 955 4192 quod
997 4112 1143 4193 plus
1192 4118 1361 4173 amet
1395 4111 1606 4173 Jesum
1653 4130 1846 4192 quam
1885 4113 2283 4195 eondiscipu-

546 3633 712 3676 unuh.

493 3711 611 3747 xxvi,
637 3700 703 3740 ³3.

2394 3129 2518 3191 lam
2569 3129 2919 3210 plenariam
2963 3128 3237 3210 Spiritus
3284 3129 3491 3191 Sancti
3544 3128 3769 3190 factam
3822 3127 3887 3189 in

2393 3227 2496 3289 die
2564 3227 2981 3302 PentecosteS,
3046 3227 3371 3290 sciverunt
3436 3245 3501 3289 se
3571 3225 3891 3308 primitias
3946 3249 4197 3296 non-‚m

2394 3324 2667 3406 Spiritus
2708 3344 2845 3388 esse
2888 3326 3163 3400 sortitoS,
3196 3334 3387 3408 atque
3425 3326 3490 3387 in
3534 3324 3701 3388 bono
3742 3343 3893 3387 eon·
3916 3314 3994 3355 ²³·

2393 3423 2681 3486 firmatos
2738 3443 2751 3487 :
2816 3425 2957 3488 ideo
3015 3424 3548 3487 certitudinaliter
3604 3421 3892 3486 sciebant

2394 3540 2462 3584 se
2505 3522 2823 3591 Christum
2873 3542 3105 3585 amare.
3148 3523 3292 3587 Ideo
3340 3523 3569 3584 Paulus
3611 3521 3891 3585 certissi-

2394 3640 2497 3684 me
2546 3621 2830 3702 loquitur
2872 3640 2885 3684 :
2928 3621 3079 3694 Quis
3127 3640 3242 3685 nos
3295 3621 3612 3704 separabit
3651 3640 3688 3682 a
3732 3620 3892 3682 cari·
3944 3633 4173 3678 laidas.

2393 3727 2517 3782 tate
2550 3720 2701 3781 Dei?
2732 3720 2826 3782 An
2860 3738 3009 3784 vero
3050 3728 3191 3802 post
3232 3720 3658 3801 receptionem
3698 3717 3893 3801 Spiri-

2393 3827 2493 3880 tus
2524 3817 2733 3881 Sancti
2771 3836 2883 3900 per
2913 3818 3417 3882 insufflationem
3457 3818 3709 3891 Christi,
3742 3836 3890 3899 quae
3932 3839 4110 3884 aona.
4130 3855 4197 3886 n.

2394 3917 2557 3979 hanc
2606 3917 3161 3999 interrogationem
3211 3917 3551 3999 praecessit,
3604 3916 3889 3998 Apostoli
3917 3902 3996 3946 ²²·

2394 4015 2921 4077 certitudinaliter
2954 4015 3273 4078 sciverint
3322 4034 3389 4077 se
3436 4033 3573 4077 esse
3614 4015 3677 4076 in
3730 4015 3890 4077 cari-

2392 4119 2517 4174 tate
2556 4119 2617 4172 et
2652 4112 2853 4192 gratia
2892 4111 3346 4187 indesinenter,
3379 4129 3717 4193 quousque
3750 4110 3889 4193 Spi-

783 4208 871 4288 li3
915 4211 1024 4272 sed
1064 4209 1186 4273 hoc
1231 4210 1403 4292 quod
1448 4209 1571 4271 sibi
1618 4209 1944 4273 constabat
1985 4211 2279 4287 asseruit,
2315 4216 2364 4278 D
2396 4210 2590 4271 ritum
2640 4209 2940 4272 Sanctum
3002 4210 3254 4293 plenius
3302 4217 3705 4291 acceperunt,
3761 4227 3884 4272 non

784 4307 1000 4369 dicens
1055 4327 1066 4370 :
1121 4306 1210 4368 Tu
1262 4308 1384 4370 scis
1432 4308 1587 4388 quia
1632 4327 1774 4370 amo
1821 4316 1904 4370 te.
1956 4308 2141 4381 Quasi
2193 4311 2287 4371 di—

785 4414 884 4467 cat
917 4424 930 4468 ε
966 4405 1056 4468 Tu
1096 4407 1326 4468 melius
1370 4407 1492 4468 scis
1533 4406 1836 4469 interiora
1883 4425 2043 4482 mea,
2088 4427 2282 4488 quam

785 4524 900 4586 ego
959 4506 1118 4588 ipse,
1173 4505 1411 4569 idcirco
1462 4515 1571 4569 tuo
1618 4506 1861 4587 judicio
1915 4514 2053 4587 sto;
2112 4509 2282 4588 quod

785 4611 996 4666 autem
1036 4603 1276 4685 ignoro,
1313 4623 1438 4667 non
1480 4605 1622 4668 dico
1654 4622 1862 4685 neque
1904 4605 2278 4668 determino.

785 4702 900 4764 Per
928 4704 1095 4784 quod
1129 4703 1432 4765 docemur
1465 4722 1591 4766 non
1627 4702 1926 4784 praeferre
1959 4722 2072 4765 nos
2114 4704 2279 4778 aliis,

783 4819 902 4863 nec
944 4802 1020 4864 de
1066 4801 1323 4864 illorum
1374 4801 1786 4866 interioribus
1830 4809 2068 4864 temere
2113 4802 2285 4883 judi-

783 4917 947 4973 care,
1000 4900 1108 4961 sed
1159 4898 1224 4960 in
1274 4899 1487 4961 dubiis
1546 4917 1928 4981 suspensum
1988 4900 2137 4962 dare
2198 4919 2285 4962 re-

782 5015 1109 5078 sponsum.
1134 4996 1348 5059 Dulcis
1380 5005 1548 5059 certe
1578 5004 1640 5059 et
1671 4998 1989 5059 moderata
2020 4997 2078 5059 S.
2120 4998 2280 5060 Petri

687 5131 700 5142 ν
785 5095 1136 5176 responsio.

860 5196 1040 5256 Dicit
1075 5195 1138 5255 ei
1164 5193 1343 5276 Jesus
1380 5211 1393 5255 :
1430 5197 1630 5256 Pasce
1665 5215 1863 5272 aynos
1902 5215 2088 5256 mem.
2123 5194 2282 5257 Tan-

780 5311 974 5374 quam
1024 5293 1189 5354 dicat
1245 5291 1526 5355 Salvator
1579 5312 1592 5356 :
1645 5293 1711 5355 ln
1771 5293 1890 5356 hoc
1947 5293 2281 5375 apparebit

2396 4315 2491 4370 est
2518 4310 2673 4371 adeo
2704 4317 2969 4370 certum.
3005 4307 3067 4370 Si
3109 4315 3321 4370 autem
3352 4307 3568 4369 Petrus
3600 4307 3719 4370 hac
3750 4307 3889 4370 vice

2397 4407 2584 4470 scivit
2630 4406 3159 4469 certitudinaliter
3196 4424 3265 4467 se
3301 4405 3620 4468 Christum
3668 4405 3892 4486 dilige—

2398 4524 2465 4566 re
2503 4505 2841 4567 dilectione
2880 4503 3205 4567 meritoria
3238 4511 3303 4565 et
3342 4502 3573 4577 infusa,
3608 4504 3727 4567 hoc
3767 4503 3893 4566 fuit

2397 4621 2511 4685 per
2542 4603 3013 4667 revelationem.
3048 4603 3519 4676 Verumtamen,
3555 4602 3762 4684 palam
3794 4612 3893 4666 est

2394 4703 2566 4783 quod
2624 4700 2842 4764 Petrus
2905 4699 3258 4762 certissime
3319 4700 3517 4774 novit,
3579 4708 3643 4762 et
3698 4701 3891 4764 vehe-

2396 4807 2641 4862 menter
2669 4799 3116 4881 experiebatur
3144 4817 3256 4860 seu
3288 4799 3499 4874 sensit,
3525 4799 3697 4880 quod
3729 4818 3892 4861 ama-

2394 4899 2485 4963 vit
2543 4898 2885 4973 Christum,
2948 4897 3167 4961 saltem
3226 4916 3440 4960 amore
3496 4897 3765 4960 naturali
3826 4907 3892 4961 et

2391 4997 2723 5079 acquisito.
2758 4997 2966 5059 Sensit
3002 4997 3173 5057 enim
3213 5016 3281 5058 se
3310 5005 3573 5059 aestuare
3613 4996 3679 5058 in
3710 4996 3890 5059 Chri-

2392 5097 2471 5158 sti
2519 5095 2754 5158 affectu
2796 5103 2987 5177 atque
3026 5096 3364 5170 memoria,
3414 5095 3765 5176 praesertim
3817 5096 3882 5158 in

2392 5196 2530 5276 ejus
2578 5197 2903 5277 adspectu.
2939 5196 3053 5256 Ait
3103 5196 3213 5254 illi
3241 5215 3263 5254 .·
3292 5195 3541 5264 Etiam,
3579 5195 3883 5265 Domine,

2394 5305 2465 5356 tu
2491 5296 2613 5354 scis
2642 5295 2800 5374 quia
2834 5313 2979 5356 amo
3012 5302 3089 5352 te.
3124 5295 3303 5354 Dicit
3328 5295 3391 5352 ei
3416 5291 3594 5354 lesus
3628 5311 3643 5354 z
3678 5295 3882 5354 Pasce
