4300 6259
563 2453 703 2558 ⁷Hebr.
718 2466 802 2504 xm,

544 2521 562 2560 ί
599 2549 609 2561 .

833 479 954 546 214

1611 499 1964 548 mutuno
2005 498 2071 544 m
2112 499 2251 546 cu.
2296 497 2428 546 1111
2468 497 2661 545 LUCAE.
2706 517 2787 530 --·
2824 498 2967 546 Am.
3012 498 3177 544 nvn

836 679 906 734 ut
954 691 1070 735 nec
1116 672 1277 736 mori
1324 672 1593 735 timeant
1642 690 1758 754 pro
1797 672 1998 734 salute
2045 670 2326 734 illorum.
2361 667 2413 729 A
2444 677 2541 732 est
2598 688 2970 734 concessum
3035 677 3105 732 ut
3156 674 3536 750 cognoscant
3592 667 3699 730 hic
3752 665 3939 729 diffe-

833 769 1265 852 Principatum
1301 789 1449 835 vero
1495 770 1859 834 saecularem
1901 777 2223 852 appetere,
2249 776 2333 830 et-

833 867 886 930 si
919 867 1076 931 ratio
1109 887 1232 931 non
1265 874 1380 944 est,
1407 869 1506 931 vel
1540 886 1728 930 causa
1755 875 1871 929 est.
1897 867 2328 948 Principatum

835 983 985 1028 vero
1017 965 1316 1029 Ecclesiae
1343 966 1818 1048 concupiscere,
1856 983 1972 1026 nec
2013 964 2172 1027 ratio
2210 972 2327 1037 est,

832 1081 1042 1145 neque
1091 1083 1298 1138 causa,
1351 1065 1504 1145 quia
1552 1081 1668 1126 nec
1708 1064 1976 1144 justum,
2013 1081 2129 1124 nec
2176 1062 2331 1124 utile

830 1171 946 1225 est.
980 1162 1128 1235 Quis
1176 1163 1348 1225 enim
1390 1162 1644 1245 sapiens
1679 1161 1950 1225 sustinet
1988 1179 2056 1224 se
2096 1161 2329 1242 subjici

830 1260 1143 1335 servituti,
1176 1280 1250 1324 ac
1288 1269 1460 1323 tanto
1499 1260 1805 1343 periculo,
1841 1260 1965 1322 nisi
2005 1259 2169 1322 forte
2215 1261 2327 1340 qui

832 1377 958 1422 non
1019 1359 1218 1421 credit
1273 1358 1377 1420 Dei
1425 1358 1762 1439 judicium,
1818 1358 1916 1420 vel
1968 1358 2081 1439 qui
2130 1358 2329 1420 Deum

831 1476 956 1520 non
989 1457 1217 1519 metuit
1247 1457 1479 1538 impios
1512 1457 1926 1538 puniturum?
1947 1492 2026 1502 —
2054 1456 2215 1518 Hinc
2245 1455 2333 1518 ait

831 1554 1097 1617 Basilius
1140 1574 1152 1617 :
1207 1554 1342 1619 Non
1382 1574 1531 1636 ergo
1581 1554 1838 1617 extollat
1885 1554 2329 1636 praesidentem

830 1653 1123 1734 dignitaS,
1149 1671 1230 1716 ne
1259 1653 1337 1716 ab
1370 1652 1746 1716 humilitatis
1776 1653 2169 1715 beatitudine
2199 1671 2334 1716 cor-

831 1759 991 1814 ruat.
1028 1752 1186 1814 lllud
1229 1759 1440 1814 autem
1483 1751 1752 1824 noverit,
1791 1752 1962 1832 quod
2002 1751 2331 1813 humilitas

2443 769 2708 830 rentiam
2762 787 2940 831 suam
2990 769 3067 830 ad
3118 768 3415 830 invicem.
3465 767 3935 840 Verumtamen,

2443 868 2631 930 etiam
2672 868 2725 928 si
2765 867 2912 948 quis
2956 867 3114 930 sciat
3156 885 3269 948 per
3310 865 3759 929 revelationem
3802 882 3938 926 esse

2444 983 2511 1028 se
2568 965 2711 1027 aliis
2758 965 3229 1039 virtuosiorem,
3284 965 3485 1028 nihilo
3534 963 3746 1026 minus
3796 962 3936 1024 aliis

2443 1063 2772 1126 humiliter
2815 1063 3082 1144 obsequi
3134 1062 3343 1138 debet,
3386 1071 3448 1125 et
3491 1060 3829 1124 humiliare
3868 1078 3936 1122 se

2443 1161 2692 1235 ceteriS,
2744 1161 2897 1243 quia
2952 1161 3306 1223 secundum
3358 1160 3603 1242 aliquas
3650 1159 3937 1222 conside-

2444 1259 2739 1334 rationeS‚
2783 1266 2989 1341 potest
3036 1277 3105 1320 se
3152 1258 3293 1320 aliis
3344 1257 3709 1320 inferiorem
3762 1275 3938 1320 vera·

2442 1358 2601 1420 citer
2654 1357 2961 1438 judicare,
3014 1357 3313 1420 videlicet
3368 1355 3823 1420 considerando
3868 1373 3935 1416 se

2443 1457 2795 1518 secundum
2837 1456 2899 1518 id
2943 1456 3112 1538 quod
3163 1462 3259 1517 est
3304 1463 3415 1517 aut
3457 1453 3646 1516 habet
3688 1453 3789 1515 vel
3832 1453 3938 1516 ha-

2442 1554 2585 1616 buit
2620 1573 2657 1615 a
2696 1571 2763 1615 sc
2807 1553 2967 1635 ipso,
3001 1560 3110 1614 aut
3151 1553 3359 1615 adhuc
3404 1552 3528 1616 cito
3568 1551 3849 1624 haberet,
3884 1551 3935 1612 si

2444 1652 2914 1733 relinqueretur
2942 1671 2979 1712 a
3014 1651 3235 1732 gratia,
3270 1651 3426 1714 alios
3464 1657 3675 1712 autem
3716 1667 3938 1712 secun-

2442 1751 2595 1812 dum
2626 1751 2691 1812 id
2722 1750 2891 1832 quod
2936 1749 3191 1824 habent,
3225 1749 3607 1824 habuerunt,
3638 1755 3747 1810 aut
3777 1747 3937 1810 forte

832 1867 982 1911 vera
1021 1849 1444 1912 ministerium
1479 1849 1765 1932 plurium
1803 1857 1918 1910 est.
1951 1847 2127 1911 Sicut
2158 1848 2329 1910 enim
2368 1845 2414 1906 B
2444 1848 2769 1910 habebunt
2805 1867 2844 1909 a
2881 1847 3026 1910 Deo.
3062 1845 3165 1910 Sic
3202 1848 3445 1930 quippe
3485 1846 3643 1909 dixit
3676 1846 3936 1928 Aposto-

829 1948 941 2029 qui
987 1948 1281 2030 pluribus
1323 1947 1640 2010 ministrat
1680 1947 2048 2021 vulneratiS‚
2089 1955 2152 2009 et
2190 1947 2333 2009 abs-

831 2045 1019 2127 tergit
1058 2046 1405 2126 cujuslibet
1437 2045 1720 2108 vulneris
1761 2045 2026 2118 saniem,
2062 2064 2187 2108 non
2230 2065 2334 2107 su-

832 2143 950 2207 mit
977 2161 1054 2205 ex
1085 2143 1440 2207 ministerio
1468 2143 1578 2207 illo
1607 2162 1862 2206 causam
1893 2143 2215 2223 elationis;
2240 2144 2333 2206 sic

831 2251 895 2305 et
942 2240 1143 2306 multo
1190 2242 1390 2323 magis
1429 2242 1532 2305 cui
1575 2242 1930 2306 commissae
1967 2250 2118 2304 sunt
2162 2261 2331 2304 curae

831 2339 1256 2404 fraternorum
1288 2340 1686 2421 languorum,
1726 2348 1796 2402 ut
1824 2341 2112 2402 omnium
2145 2340 2331 2402 mini-

833 2445 962 2502 ster
993 2439 1352 2501 redditurus
1384 2457 1498 2520 pro
1538 2438 1836 2501 omnibus
1873 2438 2201 2512 rationem,
2237 2456 2332 2500 es·-

834 2555 902 2599 se
933 2535 1120 2599 debet
1148 2536 1410 2598 humilis
1441 2544 1632 2618 atque
1662 2536 1986 2599 sollicitus·
2011 2537 2331 2599 Verumta-

835 2653 981 2698 men
1011 2642 1229 2698 contra
1258 2635 1768 2717 delinquentium
1803 2635 1957 2698 vitia
1989 2653 2100 2717 per
2129 2636 2325 2698 zelum

831 2731 1094 2812 justitiae
1149 2733 1338 2795 debet
1383 2751 1520 2794 esse
1570 2740 1838 2805 erectuS‚
1883 2740 1954 2794 ut
2000 2733 2327 2795 humilitas

833 2849 948 2892 sua
977 2831 1355 2894 discretione
1386 2838 1658 2911 regatur,
1694 2848 1810 2892 nec
1841 2831 1926 2894 ita
1956 2830 2229 2893 subditis
2260 2848 2329 2892 sc

831 2936 1170 3010 supponat,
1207 2937 1276 2990 ut
1307 2929 1371 2990 in
1410 2929 1802 2992 correctione
1831 2929 2179 2991 errantium
2214 2949 2330 3011 pu·-

2442 1946 2541 2008 lus
2577 1966 2591 2011 :
2626 1946 2812 2008 Venit
2837 1945 3017 2008 Jesus
3060 1953 3418 2028 peccatores
3458 1945 3665 2008 salvos
3704 1944 3929 2018 facere,
3960 1961 4211 2010 Iris-mas.

2440 2064 2716 2128 quorum
2760 2062 2875 2125 ego
2919 2045 3164 2127 primus
3208 2064 3373 2107 sum.

2535 2144 2839 2227 Denique,
2898 2144 2991 2207 sic
3052 2143 3337 2207 Christus
3403 2144 3752 2206 secundum
3812 2142 3936 2208 for-

2443 2262 2610 2305 mam
2659 2249 3046 2325 assumptam
3100 2261 3168 2305 se
3220 2243 3586 2306 humiliavit
3629 2262 3705 2305 ac
3750 2243 3937 2304 mini-
3976 2267 4215 2322 maim-2,

2440 2341 2675 2416 stravit,
2692 2340 2872 2422 quasi
2905 2341 3345 2404 excellentiam
3374 2360 3553 2404 suam
3585 2341 3929 2422 ignoraret:
3961 2332 4003 2372 ⁸·

2441 2439 2676 2502 idcirco
2705 2447 3165 2520 consequenter
3194 2459 3303 2504 suo
3334 2439 3626 2522 exemplo
3655 2440 3936 2502 hortatur

2440 2538 2517 2599 ad
2560 2538 3007 2599 humilitatem.
3042 2541 3214 2600 Nam
3252 2541 3399 2618 quis
3436 2539 3648 2616 major
3676 2549 3789 2609 est,
3818 2541 3937 2619 qui

2441 2637 2753 2696 recumbit
2796 2636 3023 2697 sedens
3066 2637 3145 2698 ad
3189 2654 3497 2710 mensam,
3538 2657 3623 2696 an
3662 2638 3782 2716 qui
3824 2639 3937 2697 mi-

2441 2735 2679 2794 nistrat
2720 2733 3164 2796 recumbenti?
3200 2736 3430 2795 Nonne
3459 2735 3579 2812 qui
3600 2735 3937 2802 recumbit,

2442 2829 2644 2911 major
2690 2839 2752 2892 et
2800 2832 3050 2912 dignior
3100 2839 3197 2893 est
3255 2831 3655 2893 ministrante
3716 2849 3940 2893 secun-

2442 2929 2591 2990 dum
2642 2931 2813 3009 quod
2858 2929 3000 2991 talis
3044 2931 3182 2991 est?
3224 2930 3517 3011 quamvis
3569 2929 3939 3011 frequenter

4066 2554 4135 2608 27

831 3026 1168 3089 sillanimis
1208 3027 1322 3089 fiat
1361 3027 1496 3090 sive
1535 3027 1861 3100 remissuS,
1905 3029 2015 3090 sed
2058 3027 2327 3090 auctori·
2366 3030 2409 3092 C
2438 3027 2697 3090 aliunde
2728 3045 2937 3091 coram
2976 3027 3101 3090 Deo
3132 3027 3215 3090 sit
3252 3027 3455 3107 major
3484 3027 3550 3090 in
3581 3027 3765 3090 donis
3800 3045 3941 3108 gra-

833 3132 957 3188 tate
1001 3143 1114 3188 sua
1158 3132 1229 3187 ut
1265 3125 1540 3187 vicarius
1585 3125 1812 3189 Christi
1855 3125 2179 3206 fungatur,
2224 3127 2332 3188 de-

831 3223 1168 3305 bitumque
1198 3223 1516 3305 persolvat
1545 3222 1642 3285 sui
1674 3222 1900 3296 officii,
1932 3224 2229 3305 quamvis
2262 3224 2325 3286 in

831 3322 1020 3384 corde
1059 3340 1174 3385 suo
1211 3321 1334 3383 sibi
1374 3320 1667 3403 praeferat
1695 3340 1800 3385 eos
1840 3340 2001 3403 quos
2044 3322 2323 3402 corrigit.

916 3423 998 3482 Ec
1035 3422 1153 3498 qui
1185 3439 1528 3498 praecessor
1553 3430 1666 3488 est,
1702 3420 1820 3483 hoc
1861 3428 1978 3495 est,
2013 3421 2123 3501 qui
2170 3420 2327 3484 alios

833 3517 1136 3598 dignitate
1179 3525 1288 3580 aut
1329 3517 1658 3580 sanctitate
1700 3518 1967 3592 excedit,
2012 3517 2126 3581 fiat
2162 3522 2329 3580 sicut

835 3619 1260 3688 ministrator,
1304 3617 1369 3679 id
1413 3625 1529 3691 est,
1563 3616 2015 3699 obsequiosum
2060 3636 2128 3681 se
2172 3637 2331 3700 prae-

830 3714 994 3788 beat,
1031 3716 1380 3778 secundum
1427 3715 1809 3796 exigentiam
1854 3717 1974 3779 loci
2019 3725 2083 3779 et
2125 3735 2331 3780 causae

829 3833 902 3876 ac
931 3814 1258 3896 temporiS,
1293 3821 1355 3876 et
1394 3813 1724 3876 humiliter
1762 3815 1990 3878 sentiat
2019 3816 2098 3878 de
2138 3833 2208 3877 se
2238 3816 2333 3898 ip-

743 3977 746 3980 .
831 3931 922 3976 so.
955 3911 1032 3975 Ut
1071 3920 1283 3974 autem
1327 3912 1808 3995 chrysostomus
1853 3913 2159 3995 loquitur,
2204 3915 2333 3996 pri-

835 4019 1041 4072 matus
1086 4009 1437 4092 fugientem
1482 4029 1549 4073 se
1592 4011 1923 4086 desiderat,
1972 4013 2329 4075 desideran-

833 4117 960 4173 tem
1019 4127 1088 4171 se
1135 4109 1370 4172 horret.
1419 4108 1652 4172 Iterum
1700 4110 1789 4171 ait
1839 4127 1852 4172 :
1907 4109 2104 4174 Homo
2161 4113 2332 4194 quod

2438 3124 2543 3186 tiae
2586 3125 2699 3206 qui
2763 3125 3100 3187 ministrat.
3150 3128 3285 3204 Eyo
3334 3135 3577 3196 autem,
3626 3125 3741 3207 qui
3790 3143 3941 3188 con-

2439 3223 2631 3285 trario
2682 3223 2867 3286 modo
2920 3224 2999 3284 ad
3057 3225 3370 3285 mundum
3429 3241 3533 3284 me
3586 3222 3811 3296 habeo,
3866 3225 3939 3282 in

2440 3323 2648 3380 medio
2696 3331 2977 3382 vestrum
3020 3342 3163 3382 sum
3211 3323 3377 3381 sicut
3418 3325 3538 3401 qui
3578 3323 3938 3390 ministrat,

2442 3419 2505 3479 id
2544 3426 2659 3492 est,
2694 3419 2941 3482 cunctis
2972 3419 3152 3483 vobis
3194 3419 3599 3482 humiliorem
3640 3437 3743 3480 me
3784 3438 3941 3500 prae-

2440 3516 2581 3588 beo,
2629 3517 2925 3598 quamvis
2973 3516 3177 3597 major
3226 3517 3346 3579 sim
3395 3516 3599 3591 vobis,
3646 3523 3709 3578 et
3756 3515 3941 3578 obse-

2439 3613 2704 3695 quiosus
2746 3633 2885 3676 sum
2929 3615 3133 3678 vobis.
3166 3615 3317 3677 Nam
3359 3623 3422 3678 et
3458 3615 3522 3676 in
3562 3614 3753 3678 Coena
3794 3615 3933 3689 hac,

2440 3712 2725 3775 Christus
2775 3713 2927 3775 lavit
2978 3716 3167 3795 pedes
3218 3732 3459 3788 eorum,
3500 3733 3731 3796 corpus
3778 3731 3941 3795 quo-
3964 3738 4219 3781 aon-..m

2440 3829 2567 3893 que
2596 3820 2658 3874 et
2686 3812 3062 3892 sanguinem
3101 3831 3290 3874 suum
3330 3812 3714 3874 ministravit
3743 3811 3835 3874 eis
3868 3813 3933 3874 in
3965 3803 4165 3854 *Μεθ’
4257 3807 4258 3817 ’

2440 3911 2873 3990 Sacrament03
2906 3912 3145 3994 optima
3186 3912 3376 3974 etiam
3420 3911 3777 3994 spiritualia
3820 3911 3941 3974 ser-

2442 4009 2586 4071 cula
2622 4011 2839 4090 gratiae
2876 4010 2941 4072 in
2987 4010 3305 4093 primenti,
3349 4019 3413 4073 et
3458 4011 3675 4092 gloriae
3724 4011 3787 4073 in
3842 4010 3943 4072 fu-

2442 4114 2605 4180 tur0‚
2638 4108 2925 4171 Christus
2964 4109 3302 4171 ministrat.
3338 4109 3553 4190 ltaque
3590 4117 3835 4172 constat
3860 4128 3941 4171 ex

837 4208 1197 4270 membrum
1236 4207 1464 4269 habeat
1503 4207 1896 4283 honorabile,
1929 4217 1990 4270 et
2025 4210 2198 4290 quod
2240 4210 2335 4272 in-
2360 4213 2411 4275 D
2442 4206 2650 4280 dictis,
2684 4214 2749 4268 et
2789 4206 3007 4270 Glossa
3047 4207 3165 4270 hoc
3208 4208 3453 4281 asserit,
3488 4207 3642 4289 quia
3683 4225 3943 4270 necesse

837 4306 1196 4379 honestum,
1246 4305 1550 4385 agnoscit.
1606 4304 1822 4387 Ipsum
1873 4313 2086 4368 autem
2137 4327 2335 4370 mem-

838 4402 1024 4465 brum
1058 4403 1177 4465 hoc
1206 4402 1286 4464 de
1315 4419 1382 4464 se
1412 4420 1538 4465 non
1571 4403 1911 4482 cognoscit,
1947 4421 2026 4466 ne
2057 4405 2140 4466 sit
2170 4405 2334 4467 schi-

836 4519 973 4562 sma
1035 4499 1100 4562 in
1165 4517 1450 4582 corpore.
1512 4497 1616 4562 Sic
1673 4499 2100 4563 differentiam
2168 4502 2334 4564 inter

835 4605 1084 4662 sanctos
1120 4598 1312 4679 hujus
1345 4599 1461 4660 viae
1488 4598 1773 4679 agnoseit
1803 4599 2110 4674 Christu3‚
2147 4601 2332 4681 cujus

835 4695 1122 4760 membra
1163 4715 1425 4776 sumus3
1467 4696 1626 4778 ipsis
1669 4705 1881 4760 autem
1925 4698 2160 4761 sanctis
2204 4717 2329 4762 non

2443 4313 2537 4366 est
2575 4313 2647 4366 ut
2680 4312 2988 4368 rectorem
3027 4305 3322 4380 subditis,
3356 4314 3419 4368 et
3455 4305 3797 4388 disciplina
3836 4325 3943 4388 pa-

2442 4410 2626 4478 trem,
2662 4411 2723 4466 et
2768 4405 2967 4486 pietas
3010 4412 3299 4478 matrem,
3335 4413 3397 4466 et
3438 4404 3767 4467 humilitas
3810 4423 3941 4468 ser-

2444 4519 2593 4562 vum
2636 4501 2950 4575 exhibeat,
2987 4521 3067 4564 ne
3094 4510 3205 4564 aut
3234 4502 3544 4566 districtio
3576 4501 3798 4584 rigida,
3830 4509 3939 4565 aut

2444 4598 2642 4680 pietas
2674 4599 2756 4661 sit
2796 4600 3081 4674 remissa,
3117 4602 3227 4663 sed
3271 4601 3613 4682 utrobique
3649 4609 3937 4664 servetur

2443 4696 2759 4761 discretio.
