4300 6259
785 482 906 546 554

1498 499 1847 546 malumno
1889 499 1952 544 IN
1995 499 2134 545 CAP.
2180 499 2263 544 XV
2302 497 2580 545 Jomms.
2626 519 2705 529 ·-
2746 499 2889 547 ΛΒΤ.
2934 502 3170 548 xxxvm

691 697 698 704 ’
785 678 1056 753 turaque
1093 672 1259 734 mala
1291 689 1402 733 seu
1441 672 1704 734 adversa
1741 670 2054 752 praedixit‚
2085 677 2279 751 atque
2308 669 2361 731 A
2388 669 2703 735 Ambrosii
2746 671 3231 753 intelligendum
3274 680 3369 735 est
3408 674 3487 735 de
3528 672 3881 736 intentione

503 2363 766 2414 Acunum).

785 771 1079 852 exemplo
1118 771 1218 832 sui
1259 770 1606 852 discipulos
1649 771 1727 832 ad
1773 769 2142 852 patientiam
2184 769 2281 830 in-

786 869 1005 931 citavit
1055 888 1070 932 :
1123 889 1266 951 quae
1313 869 1528 932 omnia
1585 877 1972 951 praeservant
2019 888 2056 930 a
2101 887 2282 930 scan-

785 969 1179 1042 dalizatione,
1215 969 1366 1050 quia
1404 977 1466 1030 et
1501 968 1712 1050 jacula
1757 969 2026 1049 praevisa
2065 967 2280 1029 minus

787 1067 1047 1141 laedunt,
1091 1074 1152 1129 et
1199 1067 1310 1148 qui
1359 1075 1505 1128 ante
1556 1067 2064 1149 persecutionem
2115 1084 2285 1146 saga-

788 1165 946 1228 citer
1014 1175 1236 1247 pensat
1301 1173 1538 1247 quanta
1607 1165 1737 1226 sint
1797 1165 2283 1228 tribulationum

787 1263 1058 1339 fructuS‚
1102 1281 1344 1326 merces
1381 1271 1572 1345 atque
1613 1263 1874 1337 utilitas,
1917 1282 2064 1325 cum
2107 1261 2281 1326 omni

787 1363 1108 1424 alacritate
1147 1362 1315 1444 ipsas
1353 1362 1780 1444 amplectitur,
1815 1379 1889 1425 eo
1927 1363 2098 1443 quod
2137 1380 2287 1442 pur-

785 1469 938 1541 gent
978 1479 1014 1522 a
1052 1461 1261 1542 culpa,
1296 1460 1638 1542 disponant
1669 1460 1747 1522 ad
1785 1459 2073 1541 gratiam,
2108 1458 2288 1522 Chri-

790 1567 886 1622 sto
935 1559 1354 1634 conforment,
1401 1558 1480 1620 ab
1528 1558 1780 1622 aeternis
1829 1559 2037 1640 poenis
2094 1557 2287 1639 eripi-

791 1665 919 1730 ant,
973 1658 1321 1740 purgatorii
1373 1677 1593 1739 poenas
1651 1657 2046 1730 abbreviem,
2097 1666 2163 1718 et
2208 1657 2284 1718 ad

790 1757 1056 1838 gloriam
1102 1757 1509 1820 introducant
1549 1756 1892 1820 coelestem.

2387 770 2563 850 operi
2622 772 3175 852 correspondente,
3226 791 3353 835 non
3402 773 3480 834 de
3526 771 3881 834 intentione

2388 869 2709 949 operantis
2758 870 3101 932 dumtaxat.
3143 869 3683 942 Quemadmodum
3730 888 3881 950 ergo

2392 987 2517 1030 non
2568 979 2905 1031 excusatur
2946 970 3056 1050 qui
3110 970 3353 1032 hostem
3402 969 3635 1032 occidit
3674 979 3745 1030 ut
3788 971 3881 1031 vi-

2394 1074 2497 1128 vat
2528 1065 2817 1148 pacifice,
2852 1067 2943 1130 sic
2983 1087 3108 1131 non
3148 1075 3530 1130 excusantur
3571 1069 3877 1148 praedicti.

2393 1163 2583 1228 Porro
2654 1184 2993 1228 commune
3062 1166 3324 1238 dictum,
3394 1166 3881 1246 intelligendum

2396 1270 2492 1324 est
2530 1264 2608 1324 de
2652 1262 2785 1325 fine
2830 1264 3326 1345 proportionum,
3364 1284 3489 1328 non
3532 1271 3774 1327 extorto
3818 1272 3883 1326 et

2394 1361 2683 1425 abusivo.
2732 1361 2892 1425 Hinc
2948 1370 3117 1444 patet
3168 1381 3349 1426 error
3392 1363 3884 1444 periculumque

2398 1461 2743 1524 multorum
2813 1461 3347 1543 delinquentium,
3410 1462 3524 1543 qui
3590 1463 3881 1543 quaedam

2398 1559 2621 1621 illicita
2667 1567 3125 1642 perpetrantes,
3178 1568 3481 1623 excusant
3537 1578 3627 1634 se,
3668 1561 3887 1622 dicen-

2396 1666 2513 1732 tes,
2572 1658 2671 1720 Nil
2732 1659 2881 1721 mali
2938 1659 3350 1733 intendimus,
3405 1678 3607 1741 quum
3670 1667 3883 1722 tamen

2396 1776 2558 1839 opus
2616 1775 2836 1821 eorum
2895 1758 2979 1820 sit
3034 1758 3157 1819 tale
3210 1764 3280 1819 ut
3333 1757 3503 1821 bono
3558 1757 3690 1820 fine
3738 1757 3883 1821 fieri

875 1859 1126 1936 Absque
1171 1857 1523 1933 synayoyis
1575 1857 1820 1932 facient
1869 1875 1996 1924 vos,
2043 1853 2106 1915 id
2166 1861 2281 1928 est,
2322 1853 2370 1916 B
2398 1863 2692 1937 nequeat,
2739 1856 3054 1938 loquendo
3097 1857 3174 1918 de
3217 1856 3353 1918 fine
3398 1857 3877 1938 proportionato

795 1954 1089 2017 infideles
1143 1954 1339 2016 Judaei
1388 1972 1427 2015 a
1472 1954 1767 2016 societate
1827 1972 1942 2014 sua
1997 1960 2059 2015 et
2116 1971 2289 2015 com-

795 2052 1122 2131 munione,
1161 2071 1235 2114 ac
1275 2051 1709 2113 materialibus
1753 2050 1886 2112 suis
1929 2049 2283 2133 synagogiS,

796 2170 907 2214 vos
939 2150 1249 2232 repellent
1287 2157 1586 2231 tanquam
1618 2149 2198 2212 excommunicatos
2227 2156 2290 2209 et

797 2249 1147 2311 haereticos.
1209 2247 1336 2310 Hoc
1399 2248 1462 2308 in
1521 2247 1783 2309 Actibus
1841 2247 2286 2328 Apostolorum

795 2347 1029 2428 legitur
1071 2346 1490 2427 adimpletum
1537 2346 1604 2407 in
1646 2345 1838 2408 Paulo
1875 2352 1938 2406 et
1982 2344 2283 2407 Barnaba.

797 2449 928 2508 Sed
957 2447 1132 2506 venit
1161 2448 1338 2512 hora,
1369 2443 1432 2506 id
1461 2451 1577 2518 est,
1617 2451 1868 2525 tempus
1901 2443 2290 2525 propinquat

795 2551 859 2606 ct
899 2561 1099 2626 prope
1137 2550 1254 2616 est,
1290 2552 1362 2603 ut
1399 2545 1610 2603 omnis
1649 2544 1767 2621 qui
1807 2544 2118 2620 interficit
2158 2562 2284 2613 υοε,

794 2644 1153 2704 arbitretur
1189 2643 1562 2720 obsequium
1598 2661 1662 2700 se
1693 2651 2006 2720 praestare
2035 2645 2189 2710 Dee,
2221 2640 2285 2702 id

793 2748 890 2802 est
928 2758 1060 2802 rem
1100 2739 1224 2802 Deo
1255 2739 1552 2821 placitam
1591 2738 1820 2801 facere.
1855 2738 1919 2800 Si
1959 2739 2078 2802 hoc
2116 2739 2288 2820 quod

791 2839 900 2913 ait,
952 2839 1098 2913 Deo,
1150 2838 1540 2918 intelligatur
1588 2839 1666 2899 de
1713 2837 1837 2900 Deo
1887 2855 2060 2918 vero,
2112 2837 2287 2900 locus

793 2939 912 3000 iste
957 2939 1034 2999 de
1077 2937 1228 3000 solis
1267 2936 1496 2999 Judaeis
1543 2936 2056 3018 persecutoribus
2105 2935 2290 2998 disci-

2396 1975 2467 2017 ac
2513 1973 2784 2036 proprio.

2475 2056 2560 2115 Ec
2608 2056 2742 2114 haec
2800 2053 2963 2114 mala
3009 2053 3254 2130 facient
3302 2053 3497 2121 vobis,
3547 2055 3707 2133 quia
3754 2075 3884 2115 non

2395 2161 2714 2214 noverunt
2742 2153 3011 2212 Patrem
3040 2152 3394 2213 secundum
3435 2151 3887 2232 proprietatem

2398 2251 2749 2313 relativam.
2800 2249 2935 2312 Non
2985 2251 3155 2311 enim
3215 2257 3532 2313 noverunt
3576 2250 3891 2331 generati-

2395 2368 2583 2413 onem
2626 2357 2949 2423 aetermm,
2992 2348 3093 2410 vel
3135 2348 3599 2411 emanationem
3643 2348 3892 2412 divina-

2398 2467 2542 2511 rum
2580 2447 2996 2510 Personarum
3026 2448 3105 2509 ad
3135 2447 3321 2508 intra.
3354 2446 3489 2521 Vel,
3522 2445 3657 2510 Non
3701 2466 3895 2510 nove-

2399 2554 2548 2609 runt
2585 2545 2828 2608 Patrem
2873 2545 3096 2609 notitia
3138 2545 3419 2619 salutari,
3453 2563 3598 2626 quae
3634 2545 3895 2608 caritate

2396 2653 2677 2718 ornatur,
2726 2653 2789 2706 et
2834 2641 3195 2706 obedientia
3242 2643 3713 2725 comprobatur.
3766 2647 3898 2707 N&

2396 2763 2518 2824 que
2556 2763 2654 2802 me
2693 2741 3098 2822 Unigenitum
3138 2741 3356 2815 Patris,
3390 2743 3744 2804 secundum
3784 2762 3899 2804 na-

2398 2849 2605 2902 turam
2654 2858 2861 2902 meam
2907 2839 3189 2902 divinam
3235 2847 3298 2901 et
3345 2839 3715 2922 propriam3
3766 2841 3893 2914 vel,

2398 2938 2615 3021 Neque
2652 2957 2776 3011 me,
2821 2937 3171 3000 secundum
3212 2945 3498 3000 naturam
3550 2937 3895 3000 humanam

793 3036 1094 3118 pulorum
1153 3035 1383 3098 Christi
1443 3034 1563 3096 erit
1619 3034 2093 3115 intelligendus„
2146 3033 2291 3097 Sola
2326 3031 2371 3096 G
2401 3046 2469 3099 ut
2506 3057 2541 3099 a
2581 3037 2787 3099 Verbo
2823 3043 3237 3117 assumptam,
3271 3036 3564 3116 quamvis
3603 3035 3767 3098 facie
3806 3045 3899 3098 te-

793 3134 967 3196 enim
1034 3133 1214 3215 plebs
1276 3133 1636 3195 Judaeorum
1699 3132 1923 3195 habuit
1981 3132 2114 3194 veri
2179 3133 2288 3194 Dei

795 3232 1103 3294 notitiam.
1156 3230 1452 3292 lnfideles
1511 3249 1658 3311 ergo
1713 3229 1933 3311 Judaei,
1984 3230 2285 3312 quoniam

697 3327 702 3330 ’
793 3331 1008 3393 Jesum
1069 3349 1183 3412 pro
1241 3331 1571 3392 seductore
1629 3337 1691 3390 et
1748 3329 1888 3410 ejus
1940 3329 2288 3411 discipulos

799 3449 914 3512 pro
959 3429 1306 3513 hypocritis
1348 3435 1712 3501 tenuerunt,
1757 3427 1940 3510 quasi
1986 3426 2105 3490 sub
2146 3446 2291 3509 spe-

796 3529 892 3591 cie
941 3528 1091 3591 boni
1133 3527 1370 3590 vellent
1408 3526 1654 3589 cultum
1702 3526 1810 3588 Dei
1860 3527 2048 3588 lsrael
2089 3526 2291 3608 impe-

795 3626 952 3700 dire,
998 3626 1199 3706 legem
1250 3626 1595 3696 destruere,
1637 3625 1928 3687 homines
1975 3626 2054 3687 ad
2106 3643 2291 3705 pseu-

796 3724 1205 3788 dochristum·
1249 3731 1638 3796 convertere,
1695 3723 1835 3786 ideo
1893 3722 2291 3786 aestimabant

795 3822 1177 3886 occisionem
1217 3821 1679 3903 discipulorum
1719 3839 1856 3883 esse
1899 3820 2289 3884 sacrificium

796 3921 940 3983 Deo.
993 3919 1055 3981 Si
1109 3937 1258 3982 vero
1309 3920 1479 4000 quod
1535 3918 1644 3993 ait,
1697 3918 2055 3982 Arbitretur
2111 3918 2293 3982 obse-

797 4019 1022 4100 quium
1081 4036 1149 4079 se
1205 4025 1504 4100 praestare
1559 4017 1704 4092 Deo,
1765 4017 2157 4098 intelligatur
2215 4019 2291 4080 de

798 4134 1206 4199 quocumque
1273 4116 1391 4178 deo
1460 4123 1958 4196 persecutorum,
2020 4115 2289 4196 intelligi

2399 3155 2521 3199 nus
2552 3142 2816 3199 noscant
2842 3153 2966 3196 me.
3001 3133 3118 3206 Qui
3148 3134 3320 3196 enim
3351 3134 3597 3215 ignorat
3624 3135 3894 3208 Patrem,

2398 3243 2460 3297 et
2518 3234 2749 3296 Filium
2808 3234 3031 3308 nescit,
3083 3253 3286 3315 quum
3346 3233 3521 3295 Pater
3574 3241 3640 3295 et
3695 3234 3898 3296 Filius

2398 3333 2529 3394 sint
2576 3332 2971 3405 correlativa,
3012 3349 3287 3412 quorum
3340 3350 3539 3392 unum
3587 3331 3901 3394 definitur

2401 3448 2513 3512 per
2552 3429 2896 3511 reliquum.
2938 3428 3081 3491 Haec
3120 3437 3331 3490 tamen
3377 3428 3732 3509 ignorantia
3770 3449 3897 3493 non

2398 3547 2505 3592 eos
2549 3535 2829 3602 excusat,
2876 3546 3077 3609 quum
3128 3526 3323 3589 fuerit
3368 3526 3663 3589 affectata
3698 3535 3761 3590 et
3802 3528 3901 3609 ju·

2399 3628 2509 3702 ris,
2567 3627 2913 3708 procedens
2970 3644 3047 3686 ex
3106 3626 3531 3688 obstinatione
3588 3626 3688 3689 vel
3752 3645 3897 3708 per-

2401 3725 2696 3788 versitate
2738 3743 2865 3805 qua
2903 3722 3233 3785 veritatem
3284 3723 3567 3803 recipere
3613 3731 3899 3786 contem-

2402 3832 2685 3906 pserunt.
2742 3822 2884 3884 Haec
2943 3821 3109 3884 dicta
3164 3829 3315 3883 sunt
3364 3839 3530 3903 saepe
3586 3839 3600 3883 ε
3654 3821 3895 3886 idcirco

2401 3922 2511 3984 illa
2554 3929 2879 4003 praetereo.
3180 3993 3186 4001 η

2483 4023 2610 4082 Sed
2648 4023 2781 4080 haec
2818 4020 2896 4081 de
2936 4027 3143 4082 vestra
3189 4017 3402 4079 futura
3452 4018 3897 4098 persecutione

2402 4123 2650 4180 locutas
2678 4138 2822 4178 sum
2854 4119 3047 4189 vobis,
3083 4114 3562 4198 praemuniendo
3592 4134 3705 4178 vos
3746 4135 3899 4179 con-

799 4223 1007 4298 potest
1061 4213 1166 4276 hic
1215 4213 1390 4276 locus
1450 4213 1894 4286 communiter,
1945 4213 2098 4295 quia
2156 4214 2290 4296 qui·
2324 4219 2374 4282 D
2405 4227 2501 4280 tra
2555 4217 2722 4278 mala
2776 4215 3011 4290 futura,
3064 4225 3138 4276 ut
3188 4235 3393 4294 quum
3442 4217 3689 4275 venerit
3736 4217 3901 4276 hora

799 4331 1078 4394 cumque
1116 4312 1366 4395 tyranni
1399 4319 1464 4372 et
1490 4311 1702 4374 aemuli
1743 4310 1897 4373 fidei
1929 4312 2291 4375 christianae

796 4412 1166 4476 occiderunt
1204 4409 1552 4492 discipulos
1592 4409 1844 4486 Christi,
1882 4411 2187 4492 putabant
2226 4430 2291 4473 se

797 4530 914 4574 suo
958 4511 1074 4572 deo
1119 4528 1248 4571 rem
1292 4508 1718 4590 gratissimam
1761 4507 1989 4570 faeere.

877 4609 1209 4682 Quaeritur,
1263 4626 1464 4688 quum
1524 4607 1691 4669 dicat
1747 4607 2143 4688 Ambrosius,
2194 4609 2293 4670 In-

797 4708 997 4771 tentio
1045 4705 1358 4789 imprimit
1416 4705 1694 4786 speciem
1743 4707 1920 4788 operi
1973 4714 2120 4786 tuo;
2171 4716 2295 4770 est-

797 4825 924 4889 que
955 4822 1293 4869 commune
1331 4804 1594 4879 dictum,
1629 4803 1691 4866 Si
1732 4803 1886 4866 finis
1925 4805 2060 4868 sive
2091 4806 2295 4868 inten-

799 4907 889 4969 tio
925 4905 1093 4968 bona
1141 4903 1242 4978 sit,
1284 4921 1445 4984 opus
1490 4911 1584 4964 est
1634 4903 1871 4965 bonum
1917 4923 1929 4966 :
1974 4906 2295 4985 quomodo

802 5010 1238 5087 persecutores
1267 5001 1736 5082 Apostolorum,
1769 5001 1881 5083 qui
1915 5020 2297 5084 persequen-

804 5104 884 5166 do
940 5121 1047 5165 eos
1108 5099 1416 5182 putabant
1473 5117 1540 5160 se
1597 5098 1863 5180 obsequi
1928 5101 2074 5176 Deo,
2127 5110 2191 5164 et
2236 5103 2295 5164 ei

805 5203 1110 5264 honorem
1168 5198 1377 5261 facere
1435 5198 1868 5276 intendebant,
1925 5219 2052 5263 non
2109 5219 2299 5263 excu-

809 5306 1027 5362 santur
1065 5317 1102 5359 a
1141 5297 1350 5379 culpa.
1393 5295 1766 5373 Dicendum,
1807 5299 1978 5379 quod
2029 5299 2299 5362 verbum

2402 4337 2645 4386 eorum,
2688 4315 2749 4376 id
2796 4321 2890 4375 est
2934 4321 3189 4394 tempus
3234 4320 3735 4394 persecutorum,
3768 4333 3902 4394 quo

2404 4433 2514 4478 vos
2557 4413 3022 4495 aggredientur,
3056 4413 3576 4473 reminiscamini
3610 4415 3799 4491 quia,
3836 4412 3902 4474 id

2404 4521 2499 4576 est
2554 4514 2747 4595 quod,
2799 4531 2908 4589 eqo
2954 4513 3107 4571 dixi
3152 4511 3325 4570 vobis
3383 4509 3501 4572 ista
3556 4519 3901 4592 antequam

2405 4612 2569 4674 facta
2630 4617 2801 4685 sunt,
2867 4610 3117 4690 hocque
3175 4606 3508 4671 recolendo
3565 4607 3905 4671 confirme-

2406 4709 2565 4772 mini
2610 4709 2671 4770 in
2721 4708 2873 4782 fide,
2906 4715 2969 4769 et
3008 4707 3155 4769 talia
3198 4725 3319 4769 non
3360 4706 3535 4768 velut
3573 4705 3905 4787 inopinata

2406 4816 2469 4870 et
2529 4807 2877 4889 improvisa
2930 4824 3041 4868 vos
3093 4804 3384 4878 obruant,
3430 4805 3540 4866 sed
3594 4811 3901 4885 tanquam

2406 4905 2515 4969 diu
2564 4903 2947 4986 praecognita
2988 4901 3429 4984 {equanimiter
3470 4901 3845 4966 tolerentur.

2488 5007 2641 5066 Hoec
2678 5013 2895 5064 autem
2934 5003 3108 5062 vobis
3136 5003 3215 5062 ab
3246 5001 3437 5060 initio
3476 5018 3605 5081 quo
3645 5018 3901 5062 mecum

2408 5101 2768 5167 conversari
2820 5099 3123 5181 coepistiS,
3165 5119 3296 5160 non
3336 5099 3509 5159 dixi.
3550 5097 3725 5170 Quod
3768 5097 3905 5160 Sal-

2410 5209 2587 5263 vator
2634 5199 2810 5274 dicit,
2856 5197 2998 5261 Haec
3050 5196 3253 5271 vobis,
3294 5203 3441 5270 eto„
3488 5215 3611 5259 non
3661 5205 3759 5259 est
3806 5215 3905 5259 re-

2410 5299 2745 5362 ferendum
2786 5299 2864 5360 ad
2909 5296 3272 5359 immediate
3300 5295 3741 5377 praecedentia,
3782 5297 3905 5359 sci-
