<?xml version="1.0" encoding="UTF-8"?>
<!DOCTYPE html PUBLIC "-//W3C//DTD XHTML 1.0 Transitional//EN"
    "http://www.w3.org/TR/xhtml1/DTD/xhtml1-transitional.dtd">
<html xmlns="http://www.w3.org/1999/xhtml" xml:lang="en" lang="en">
 <head>
  <title>
</title>
<meta http-equiv="Content-Type" content="text/html;charset=utf-8" />
  <meta name='ocr-system' content='tesseract 3.04.00' />
  <meta name='ocr-capabilities' content='ocr_page ocr_carea ocr_par ocr_line ocrx_word'/>
</head>
<body>
  <div class='ocr_page' id='page_1' title='image "./doctorisecstati09unkngoog_0401.png"; bbox 0 0 4300 6259; ppageno 0'>
   <div class='ocr_carea' id='block_1_1' title="bbox 1192 511 2724 562">
    <p class='ocr_par' dir='ltr' id='par_1_1' title="bbox 1192 511 2724 562">
     <span class='ocr_line' id='line_1_1' title="bbox 1192 511 2724 562; baseline -0.001 -1"><span class='ocrx_word' id='word_1_1' title='bbox 1192 513 1542 562; x_wconf 69' lang='lat' dir='ltr'><strong>manuue</strong></span> <span class='ocrx_word' id='word_1_2' title='bbox 1584 513 1649 560; x_wconf 77' lang='lat' dir='ltr'><strong>m</strong></span> <span class='ocrx_word' id='word_1_3' title='bbox 1688 511 1829 561; x_wconf 76' lang='lat' dir='ltr'><strong>cAP.</strong></span> <span class='ocrx_word' id='word_1_4' title='bbox 1874 511 1942 560; x_wconf 91' lang='lat'><strong>111</strong></span> <span class='ocrx_word' id='word_1_5' title='bbox 1982 513 2262 562; x_wconf 69' lang='lat' dir='ltr'><strong>semla.</strong></span> <span class='ocrx_word' id='word_1_6' title='bbox 2307 533 2388 546; x_wconf 89' lang='lat'><strong>—-</strong></span> <span class='ocrx_word' id='word_1_7' title='bbox 2428 514 2571 561; x_wconf 68' lang='grc' dir='ltr'><strong>ΛΒΤ.</strong></span> <span class='ocrx_word' id='word_1_8' title='bbox 2615 513 2724 560; x_wconf 87' lang='lat' dir='ltr'><strong>vm</strong></span> 
     </span>
    </p>
   </div>
   <div class='ocr_carea' id='block_1_2' title="bbox 3380 487 3502 558">
    <p class='ocr_par' dir='ltr' id='par_1_2' title="bbox 3380 487 3502 558">
     <span class='ocr_line' id='line_1_2' title="bbox 3380 487 3502 558; baseline 0 0"><span class='ocrx_word' id='word_1_9' title='bbox 3380 487 3502 558; x_wconf 75' lang='lat'><strong>829</strong></span> 
     </span>
    </p>
   </div>
   <div class='ocr_carea' id='block_1_3' title="bbox 374 681 3505 767">
    <p class='ocr_par' dir='ltr' id='par_1_3' title="bbox 374 681 3505 767">
     <span class='ocr_line' id='line_1_3' title="bbox 374 681 3505 767; baseline -0 -23"><span class='ocrx_word' id='word_1_10' title='bbox 374 687 669 746; x_wconf 66' lang='lat' dir='ltr'><strong>neraret</strong></span> <span class='ocrx_word' id='word_1_11' title='bbox 716 719 797 731; x_wconf 91' lang='lat'>—</span> <span class='ocrx_word' id='word_1_12' title='bbox 844 683 969 747; x_wconf 89' lang='lat' dir='ltr'><strong>Alii</strong></span> <span class='ocrx_word' id='word_1_13' title='bbox 1025 685 1311 748; x_wconf 88' lang='lat' dir='ltr'><strong>referunt</strong></span> <span class='ocrx_word' id='word_1_14' title='bbox 1358 685 1434 748; x_wconf 88' lang='lat' dir='ltr'><strong>ad</strong></span> <span class='ocrx_word' id='word_1_15' title='bbox 1482 684 1895 767; x_wconf 88' lang='lat' dir='ltr'><strong>Baptismum,</strong></span> <span class='ocrx_word' id='word_1_16' title='bbox 1929 681 1982 744; x_wconf 90' lang='lat' dir='ltr'>A</span> <span class='ocrx_word' id='word_1_17' title='bbox 2014 703 2147 746; x_wconf 85' lang='lat' dir='ltr'><strong>ram</strong></span> <span class='ocrx_word' id='word_1_18' title='bbox 2203 685 2604 760; x_wconf 89' lang='lat' dir='ltr'><strong>assumendo,</strong></span> <span class='ocrx_word' id='word_1_19' title='bbox 2676 684 2973 748; x_wconf 88' lang='lat' dir='ltr'><strong>videlicet</strong></span> <span class='ocrx_word' id='word_1_20' title='bbox 3031 685 3244 746; x_wconf 70' lang='lat' dir='ltr'><strong>Filius</strong></span> <span class='ocrx_word' id='word_1_21' title='bbox 3296 685 3505 744; x_wconf 74' lang='lat' dir='ltr'><strong>homi-</strong></span> 
     </span>
    </p>
   </div>
   <div class='ocr_carea' id='block_1_4' title="bbox 366 782 1901 1849">
    <p class='ocr_par' dir='ltr' id='par_1_4' title="bbox 366 782 1901 1849">
     <span class='ocr_line' id='line_1_4' title="bbox 373 782 1901 865; baseline 0.001 -22"><span class='ocrx_word' id='word_1_22' title='bbox 373 782 513 862; x_wconf 84' lang='lat' dir='ltr'><strong>qui</strong></span> <span class='ocrx_word' id='word_1_23' title='bbox 563 783 690 845; x_wconf 92' lang='lat' dir='ltr'><strong>dici</strong></span> <span class='ocrx_word' id='word_1_24' title='bbox 742 790 949 865; x_wconf 88' lang='lat' dir='ltr'><strong>potest</strong></span> <span class='ocrx_word' id='word_1_25' title='bbox 992 791 1307 858; x_wconf 79' lang='lat' dir='ltr'><strong>terrenuS,</strong></span> <span class='ocrx_word' id='word_1_26' title='bbox 1342 783 1645 865; x_wconf 91' lang='lat' dir='ltr'><strong>quoniam</strong></span> <span class='ocrx_word' id='word_1_27' title='bbox 1688 783 1901 847; x_wconf 82' lang='lat' dir='ltr'><strong>visibi-</strong></span> 
     </span>
     <span class='ocr_line' id='line_1_5' title="bbox 374 879 1895 963; baseline 0.002 -22"><span class='ocrx_word' id='word_1_28' title='bbox 374 879 547 942; x_wconf 90' lang='lat' dir='ltr'><strong>liter</strong></span> <span class='ocrx_word' id='word_1_29' title='bbox 594 882 936 945; x_wconf 77' lang='lat' dir='ltr'><strong>exhibetur</strong></span> <span class='ocrx_word' id='word_1_30' title='bbox 976 882 1039 944; x_wconf 92' lang='lat' dir='ltr'><strong>in</strong></span> <span class='ocrx_word' id='word_1_31' title='bbox 1080 891 1267 955; x_wconf 90' lang='lat' dir='ltr'><strong>terra,</strong></span> <span class='ocrx_word' id='word_1_32' title='bbox 1312 882 1379 944; x_wconf 93' lang='lat' dir='ltr'><strong>in</strong></span> <span class='ocrx_word' id='word_1_33' title='bbox 1424 901 1591 963; x_wconf 90' lang='lat' dir='ltr'><strong>aqua</strong></span> <span class='ocrx_word' id='word_1_34' title='bbox 1631 882 1895 960; x_wconf 89' lang='lat' dir='ltr'><strong>visibili,</strong></span> 
     </span>
     <span class='ocr_line' id='line_1_6' title="bbox 372 978 1899 1062; baseline 0.001 -22"><span class='ocrx_word' id='word_1_35' title='bbox 372 978 522 1041; x_wconf 86' lang='lat' dir='ltr'><strong>sub</strong></span> <span class='ocrx_word' id='word_1_36' title='bbox 560 979 851 1043; x_wconf 77' lang='lat' dir='ltr'><strong>sensibili</strong></span> <span class='ocrx_word' id='word_1_37' title='bbox 886 979 1093 1044; x_wconf 87' lang='lat' dir='ltr'><strong>forma</strong></span> <span class='ocrx_word' id='word_1_38' title='bbox 1132 980 1494 1044; x_wconf 88' lang='lat' dir='ltr'><strong>verborum.</strong></span> <span class='ocrx_word' id='word_1_39' title='bbox 1532 979 1639 1042; x_wconf 83' lang='lat' dir='ltr'><strong>Est</strong></span> <span class='ocrx_word' id='word_1_40' title='bbox 1685 981 1899 1062; x_wconf 90' lang='lat' dir='ltr'><strong>itaque</strong></span> 
     </span>
     <span class='ocr_line' id='line_1_7' title="bbox 372 1078 1899 1153; baseline 0.001 -14"><span class='ocrx_word' id='word_1_41' title='bbox 372 1095 623 1140; x_wconf 80' lang='lat' dir='ltr'><strong>sensus</strong></span> <span class='ocrx_word' id='word_1_42' title='bbox 669 1098 683 1142; x_wconf 76' lang='grc' dir='ltr'>ε</span> <span class='ocrx_word' id='word_1_43' title='bbox 726 1081 809 1142; x_wconf 80' lang='lat' dir='ltr'><strong>Si</strong></span> <span class='ocrx_word' id='word_1_44' title='bbox 848 1089 1104 1140; x_wconf 77' lang='lat' dir='ltr'><strong>terrena</strong></span> <span class='ocrx_word' id='word_1_45' title='bbox 1142 1081 1321 1150; x_wconf 70' lang='lat' dir='ltr'><strong>dimi,</strong></span> <span class='ocrx_word' id='word_1_46' title='bbox 1358 1078 1422 1142; x_wconf 94' lang='lat' dir='ltr'><strong>id</strong></span> <span class='ocrx_word' id='word_1_47' title='bbox 1472 1087 1588 1153; x_wconf 91' lang='lat' dir='ltr'><strong>est,</strong></span> <span class='ocrx_word' id='word_1_48' title='bbox 1632 1080 1710 1142; x_wconf 88' lang='lat' dir='ltr'><strong>de</strong></span> <span class='ocrx_word' id='word_1_49' title='bbox 1758 1097 1899 1140; x_wconf 91' lang='lat' dir='ltr'><strong>sen-</strong></span> 
     </span>
     <span class='ocr_line' id='line_1_8' title="bbox 368 1174 1897 1250; baseline 0.001 -14"><span class='ocrx_word' id='word_1_50' title='bbox 368 1174 697 1238; x_wconf 89' lang='lat' dir='ltr'><strong>sibilibus</strong></span> <span class='ocrx_word' id='word_1_51' title='bbox 746 1177 938 1238; x_wconf 91' lang='lat' dir='ltr'><strong>rebus</strong></span> <span class='ocrx_word' id='word_1_52' title='bbox 984 1177 1235 1240; x_wconf 91' lang='lat' dir='ltr'><strong>locutus</strong></span> <span class='ocrx_word' id='word_1_53' title='bbox 1284 1195 1451 1250; x_wconf 90' lang='lat' dir='ltr'><strong>sum,</strong></span> <span class='ocrx_word' id='word_1_54' title='bbox 1496 1179 1694 1247; x_wconf 70' lang='grc' dir='ltr'><em>υοόέε,</em></span> <span class='ocrx_word' id='word_1_55' title='bbox 1723 1177 1897 1239; x_wconf 87' lang='lat' dir='ltr'><strong>vidc-</strong></span> 
     </span>
     <span class='ocr_line' id='line_1_9' title="bbox 368 1273 1893 1357; baseline -0.001 -21"><span class='ocrx_word' id='word_1_56' title='bbox 368 1273 547 1336; x_wconf 81' lang='lat' dir='ltr'><strong>licet</strong></span> <span class='ocrx_word' id='word_1_57' title='bbox 582 1275 661 1337; x_wconf 90' lang='lat' dir='ltr'><strong>de</strong></span> <span class='ocrx_word' id='word_1_58' title='bbox 689 1274 1031 1357; x_wconf 88' lang='lat' dir='ltr'><strong>Baptismo,</strong></span> <span class='ocrx_word' id='word_1_59' title='bbox 1065 1283 1129 1338; x_wconf 92' lang='lat' dir='ltr'><strong>et</strong></span> <span class='ocrx_word' id='word_1_60' title='bbox 1166 1275 1575 1338; x_wconf 81' lang='lat' dir='ltr'><strong>suscitatione</strong></span> <span class='ocrx_word' id='word_1_61' title='bbox 1612 1274 1893 1357; x_wconf 87' lang='lat' dir='ltr'><strong>corporis</strong></span> 
     </span>
     <span class='ocr_line' id='line_1_10' title="bbox 366 1373 1895 1454; baseline 0.001 -20"><span class='ocrx_word' id='word_1_62' title='bbox 366 1374 545 1444; x_wconf 88' lang='lat' dir='ltr'><strong>mei,</strong></span> <span class='ocrx_word' id='word_1_63' title='bbox 568 1383 629 1434; x_wconf 82' lang='lat' dir='ltr'><strong>et</strong></span> <span class='ocrx_word' id='word_1_64' title='bbox 658 1394 791 1436; x_wconf 80' lang='lat' dir='ltr'><strong>non</strong></span> <span class='ocrx_word' id='word_1_65' title='bbox 818 1375 1083 1434; x_wconf 77' lang='lat' dir='ltr'><strong>creditis</strong></span> <span class='ocrx_word' id='word_1_66' title='bbox 1114 1392 1265 1436; x_wconf 88' lang='lat' dir='ltr'><strong>vera</strong></span> <span class='ocrx_word' id='word_1_67' title='bbox 1290 1391 1431 1436; x_wconf 91' lang='lat' dir='ltr'><strong>esse</strong></span> <span class='ocrx_word' id='word_1_68' title='bbox 1458 1391 1603 1454; x_wconf 86' lang='lat' dir='ltr'><strong>quae</strong></span> <span class='ocrx_word' id='word_1_69' title='bbox 1634 1373 1795 1447; x_wconf 88' lang='lat' dir='ltr'><strong>dico,</strong></span> <span class='ocrx_word' id='word_1_70' title='bbox 1820 1390 1895 1435; x_wconf 93' lang='lat' dir='ltr'><strong>eo</strong></span> 
     </span>
     <span class='ocr_line' id='line_1_11' title="bbox 366 1469 1895 1554; baseline 0.001 -22"><span class='ocrx_word' id='word_1_71' title='bbox 366 1473 566 1553; x_wconf 85' lang='lat' dir='ltr'><strong>quod</strong></span> <span class='ocrx_word' id='word_1_72' title='bbox 596 1471 727 1533; x_wconf 93' lang='lat' dir='ltr'><strong>sint</strong></span> <span class='ocrx_word' id='word_1_73' title='bbox 756 1491 949 1554; x_wconf 85' lang='lat' dir='ltr'><strong>supra</strong></span> <span class='ocrx_word' id='word_1_74' title='bbox 980 1471 1333 1534; x_wconf 82' lang='lat' dir='ltr'><strong>naturalem</strong></span> <span class='ocrx_word' id='word_1_75' title='bbox 1364 1471 1692 1534; x_wconf 89' lang='lat' dir='ltr'><strong>rationem.</strong></span> <span class='ocrx_word' id='word_1_76' title='bbox 1719 1469 1895 1544; x_wconf 86' lang='lat' dir='ltr'><strong>Quod</strong></span> 
     </span>
     <span class='ocr_line' id='line_1_12' title="bbox 366 1568 1893 1644; baseline 0 -14"><span class='ocrx_word' id='word_1_77' title='bbox 366 1569 501 1644; x_wconf 80' lang='lat' dir='ltr'><strong>ait,</strong></span> <span class='ocrx_word' id='word_1_78' title='bbox 542 1569 619 1631; x_wconf 85' lang='lat' dir='ltr'><strong>Et</strong></span> <span class='ocrx_word' id='word_1_79' title='bbox 666 1588 793 1634; x_wconf 91' lang='lat' dir='ltr'><strong>non</strong></span> <span class='ocrx_word' id='word_1_80' title='bbox 844 1571 1122 1644; x_wconf 80' lang='lat' dir='ltr'><strong>creditiS,</strong></span> <span class='ocrx_word' id='word_1_81' title='bbox 1168 1589 1293 1634; x_wconf 91' lang='lat' dir='ltr'><strong>non</strong></span> <span class='ocrx_word' id='word_1_82' title='bbox 1346 1577 1441 1631; x_wconf 88' lang='lat' dir='ltr'><strong>est</strong></span> <span class='ocrx_word' id='word_1_83' title='bbox 1489 1568 1893 1631; x_wconf 87' lang='lat' dir='ltr'><strong>referendum</strong></span> 
     </span>
     <span class='ocr_line' id='line_1_13' title="bbox 366 1667 1889 1744; baseline 0 -14"><span class='ocrx_word' id='word_1_84' title='bbox 366 1669 471 1730; x_wconf 82' lang='lat' dir='ltr'><strong>ad</strong></span> <span class='ocrx_word' id='word_1_85' title='bbox 500 1668 939 1744; x_wconf 86' lang='lat' dir='ltr'><strong>Nicodemum,</strong></span> <span class='ocrx_word' id='word_1_86' title='bbox 982 1671 1093 1730; x_wconf 90' lang='lat' dir='ltr'><strong>sed</strong></span> <span class='ocrx_word' id='word_1_87' title='bbox 1120 1669 1197 1732; x_wconf 90' lang='lat' dir='ltr'><strong>ad</strong></span> <span class='ocrx_word' id='word_1_88' title='bbox 1233 1668 1477 1731; x_wconf 79' lang='lat' dir='ltr'><strong>Judaeos</strong></span> <span class='ocrx_word' id='word_1_89' title='bbox 1508 1667 1889 1740; x_wconf 81' lang='lat' dir='ltr'><strong>increduIOS,</strong></span> 
     </span>
     <span class='ocr_line' id='line_1_14' title="bbox 367 1765 1897 1849; baseline -0.002 -20"><span class='ocrx_word' id='word_1_90' title='bbox 367 1787 555 1849; x_wconf 83' lang='lat' dir='ltr'><strong>quos</strong></span> <span class='ocrx_word' id='word_1_91' title='bbox 605 1767 891 1830; x_wconf 88' lang='lat' dir='ltr'><strong>Christus</strong></span> <span class='ocrx_word' id='word_1_92' title='bbox 942 1767 1061 1829; x_wconf 90' lang='lat' dir='ltr'><strong>sub</strong></span> <span class='ocrx_word' id='word_1_93' title='bbox 1120 1785 1390 1848; x_wconf 89' lang='lat' dir='ltr'><strong>persona</strong></span> <span class='ocrx_word' id='word_1_94' title='bbox 1434 1765 1756 1830; x_wconf 87' lang='lat' dir='ltr'><strong>Nicodemi</strong></span> <span class='ocrx_word' id='word_1_95' title='bbox 1804 1765 1897 1826; x_wconf 90' lang='lat' dir='ltr'><strong>af-</strong></span> 
     </span>
    </p>
   </div>
   <div class='ocr_carea' id='block_1_5' title="bbox 2003 781 3507 1848">
    <p class='ocr_par' dir='ltr' id='par_1_5' title="bbox 2003 781 3507 1848">
     <span class='ocr_line' id='line_1_15' title="bbox 2010 781 3507 864; baseline -0.001 -20"><span class='ocrx_word' id='word_1_96' title='bbox 2010 785 2141 854; x_wconf 75' lang='lat' dir='ltr'><strong>niS,</strong></span> <span class='ocrx_word' id='word_1_97' title='bbox 2193 784 2310 864; x_wconf 82' lang='lat' dir='ltr'><strong>qui</strong></span> <span class='ocrx_word' id='word_1_98' title='bbox 2359 793 2448 844; x_wconf 79' lang='lat' dir='ltr'><strong>est</strong></span> <span class='ocrx_word' id='word_1_99' title='bbox 2489 785 2558 844; x_wconf 84' lang='lat' dir='ltr'><strong>in</strong></span> <span class='ocrx_word' id='word_1_100' title='bbox 2600 787 2772 845; x_wconf 82' lang='lat' dir='ltr'><strong>coelo.</strong></span> <span class='ocrx_word' id='word_1_101' title='bbox 2825 783 3029 846; x_wconf 84' lang='lat' dir='ltr'><strong>Verba</strong></span> <span class='ocrx_word' id='word_1_102' title='bbox 3086 783 3222 845; x_wconf 80' lang='lat' dir='ltr'><strong>haec</strong></span> <span class='ocrx_word' id='word_1_103' title='bbox 3277 781 3507 863; x_wconf 86' lang='lat' dir='ltr'><strong>aquili-</strong></span> 
     </span>
     <span class='ocr_line' id='line_1_16' title="bbox 2010 879 3507 965; baseline -0.002 -21"><span class='ocrx_word' id='word_1_104' title='bbox 2010 902 2092 944; x_wconf 91' lang='lat' dir='ltr'><strong>na</strong></span> <span class='ocrx_word' id='word_1_105' title='bbox 2138 883 2305 945; x_wconf 89' lang='lat' dir='ltr'><strong>sicut</strong></span> <span class='ocrx_word' id='word_1_106' title='bbox 2363 883 2427 944; x_wconf 93' lang='lat' dir='ltr'><strong>in</strong></span> <span class='ocrx_word' id='word_1_107' title='bbox 2483 883 2628 945; x_wconf 87' lang='lat' dir='ltr'><strong>stilo</strong></span> <span class='ocrx_word' id='word_1_108' title='bbox 2684 881 3002 965; x_wconf 91' lang='lat' dir='ltr'><strong>simplicia</strong></span> <span class='ocrx_word' id='word_1_109' title='bbox 3052 889 3243 962; x_wconf 88' lang='lat' dir='ltr'><strong>atque</strong></span> <span class='ocrx_word' id='word_1_110' title='bbox 3293 879 3507 944; x_wconf 79' lang='lat' dir='ltr'><strong>facilia</strong></span> 
     </span>
     <span class='ocr_line' id='line_1_17' title="bbox 2009 979 3506 1064; baseline -0.003 -20"><span class='ocrx_word' id='word_1_111' title='bbox 2009 990 2178 1056; x_wconf 90' lang='lat' dir='ltr'><strong>sunt,</strong></span> <span class='ocrx_word' id='word_1_112' title='bbox 2226 982 2318 1044; x_wconf 92' lang='lat' dir='ltr'><strong>sic</strong></span> <span class='ocrx_word' id='word_1_113' title='bbox 2367 981 2432 1043; x_wconf 92' lang='lat' dir='ltr'><strong>in</strong></span> <span class='ocrx_word' id='word_1_114' title='bbox 2484 979 2915 1064; x_wconf 76' lang='lat' dir='ltr'><strong>profunditate</strong></span> <span class='ocrx_word' id='word_1_115' title='bbox 2968 998 3193 1042; x_wconf 88' lang='lat' dir='ltr'><strong>sensus</strong></span> <span class='ocrx_word' id='word_1_116' title='bbox 3247 997 3506 1062; x_wconf 88' lang='lat' dir='ltr'><strong>prorsus</strong></span> 
     </span>
     <span class='ocr_line' id='line_1_18' title="bbox 2007 1077 3506 1162; baseline -0.001 -20"><span class='ocrx_word' id='word_1_117' title='bbox 2007 1079 2503 1162; x_wconf 89' lang='lat' dir='ltr'><strong>comprobantur</strong></span> <span class='ocrx_word' id='word_1_118' title='bbox 2562 1080 2891 1154; x_wconf 88' lang='lat' dir='ltr'><strong>altissima,</strong></span> <span class='ocrx_word' id='word_1_119' title='bbox 2943 1077 3348 1152; x_wconf 88' lang='lat' dir='ltr'><strong>difficillima,</strong></span> <span class='ocrx_word' id='word_1_120' title='bbox 3407 1077 3506 1140; x_wconf 91' lang='lat' dir='ltr'><strong>ni-</strong></span> 
     </span>
     <span class='ocr_line' id='line_1_19' title="bbox 2008 1175 3503 1258; baseline 0 -21"><span class='ocrx_word' id='word_1_121' title='bbox 2008 1177 2342 1258; x_wconf 89' lang='lat' dir='ltr'><strong>miumque</strong></span> <span class='ocrx_word' id='word_1_122' title='bbox 2380 1177 2615 1240; x_wconf 89' lang='lat' dir='ltr'><strong>divina.</strong></span> <span class='ocrx_word' id='word_1_123' title='bbox 2650 1176 2808 1249; x_wconf 88' lang='lat' dir='ltr'><strong>Quid</strong></span> <span class='ocrx_word' id='word_1_124' title='bbox 2849 1177 3024 1239; x_wconf 92' lang='lat' dir='ltr'><strong>enim</strong></span> <span class='ocrx_word' id='word_1_125' title='bbox 3063 1185 3158 1240; x_wconf 90' lang='lat' dir='ltr'><strong>est</strong></span> <span class='ocrx_word' id='word_1_126' title='bbox 3185 1178 3358 1258; x_wconf 91' lang='lat' dir='ltr'><strong>quod</strong></span> <span class='ocrx_word' id='word_1_127' title='bbox 3393 1175 3503 1251; x_wconf 88' lang='lat' dir='ltr'><strong>ait,</strong></span> 
     </span>
     <span class='ocr_line' id='line_1_20' title="bbox 2004 1273 3504 1350; baseline 0 -14"><span class='ocrx_word' id='word_1_128' title='bbox 2004 1273 2201 1338; x_wconf 90' lang='lat' dir='ltr'><strong>Nemo</strong></span> <span class='ocrx_word' id='word_1_129' title='bbox 2257 1275 2542 1338; x_wconf 90' lang='lat' dir='ltr'><strong>ascendit</strong></span> <span class='ocrx_word' id='word_1_130' title='bbox 2597 1275 2662 1337; x_wconf 91' lang='lat' dir='ltr'><strong>in</strong></span> <span class='ocrx_word' id='word_1_131' title='bbox 2723 1276 2980 1350; x_wconf 89' lang='lat' dir='ltr'><strong>coelum,</strong></span> <span class='ocrx_word' id='word_1_132' title='bbox 3041 1278 3228 1338; x_wconf 72' lang='lat' dir='ltr'><strong>etc.2</strong></span> <span class='ocrx_word' id='word_1_133' title='bbox 3285 1274 3504 1338; x_wconf 83' lang='lat' dir='ltr'><strong>Nonne</strong></span> 
     </span>
     <span class='ocr_line' id='line_1_21' title="bbox 2006 1373 3498 1456; baseline -0.001 -21"><span class='ocrx_word' id='word_1_134' title='bbox 2006 1373 2298 1435; x_wconf 86' lang='lat' dir='ltr'><strong>homines</strong></span> <span class='ocrx_word' id='word_1_135' title='bbox 2341 1375 2538 1436; x_wconf 90' lang='lat' dir='ltr'><strong>sancti</strong></span> <span class='ocrx_word' id='word_1_136' title='bbox 2583 1393 2620 1436; x_wconf 89' lang='lat' dir='ltr'><strong>a</strong></span> <span class='ocrx_word' id='word_1_137' title='bbox 2663 1393 2851 1456; x_wconf 91' lang='lat' dir='ltr'><strong>poena</strong></span> <span class='ocrx_word' id='word_1_138' title='bbox 2891 1381 2952 1436; x_wconf 88' lang='lat' dir='ltr'><strong>et</strong></span> <span class='ocrx_word' id='word_1_139' title='bbox 2995 1374 3184 1455; x_wconf 90' lang='lat' dir='ltr'><strong>culpa</strong></span> <span class='ocrx_word' id='word_1_140' title='bbox 3226 1373 3498 1454; x_wconf 87' lang='lat' dir='ltr'><strong>purgati,</strong></span> 
     </span>
     <span class='ocr_line' id='line_1_22' title="bbox 2004 1470 3502 1553; baseline -0.001 -19"><span class='ocrx_word' id='word_1_141' title='bbox 2004 1491 2152 1534; x_wconf 86' lang='lat' dir='ltr'><strong>mox</strong></span> <span class='ocrx_word' id='word_1_142' title='bbox 2207 1473 2558 1535; x_wconf 89' lang='lat' dir='ltr'><strong>ascendunt</strong></span> <span class='ocrx_word' id='word_1_143' title='bbox 2613 1472 2678 1534; x_wconf 90' lang='lat' dir='ltr'><strong>in</strong></span> <span class='ocrx_word' id='word_1_144' title='bbox 2731 1473 2988 1546; x_wconf 89' lang='lat' dir='ltr'><strong>coelum,</strong></span> <span class='ocrx_word' id='word_1_145' title='bbox 3040 1472 3290 1534; x_wconf 83' lang='lat' dir='ltr'><strong>dicente</strong></span> <span class='ocrx_word' id='word_1_146' title='bbox 3337 1470 3502 1553; x_wconf 84' lang='lat' dir='ltr'><strong>Apo-</strong></span> 
     </span>
     <span class='ocr_line' id='line_1_23' title="bbox 2004 1569 3495 1652; baseline 0 -21"><span class='ocrx_word' id='word_1_147' title='bbox 2004 1570 2166 1633; x_wconf 91' lang='lat' dir='ltr'><strong>stolo</strong></span> <span class='ocrx_word' id='word_1_148' title='bbox 2221 1571 2300 1632; x_wconf 86' lang='lat' dir='ltr'><strong>ad</strong></span> <span class='ocrx_word' id='word_1_149' title='bbox 2355 1569 2731 1645; x_wconf 81' lang='lat' dir='ltr'><strong>CorinthioS,</strong></span> <span class='ocrx_word' id='word_1_150' title='bbox 2782 1569 3030 1633; x_wconf 90' lang='lat' dir='ltr'><strong>Scimus</strong></span> <span class='ocrx_word' id='word_1_151' title='bbox 3087 1569 3389 1652; x_wconf 89' lang='lat' dir='ltr'><strong>quoniam</strong></span> <span class='ocrx_word' id='word_1_152' title='bbox 3443 1569 3495 1631; x_wconf 91' lang='lat' dir='ltr'><strong>si</strong></span> 
     </span>
     <span class='ocr_line' id='line_1_24' title="bbox 2003 1667 3498 1750; baseline 0.001 -21"><span class='ocrx_word' id='word_1_153' title='bbox 2003 1669 2322 1730; x_wconf 86' lang='lat' dir='ltr'><strong>terrestris</strong></span> <span class='ocrx_word' id='word_1_154' title='bbox 2353 1669 2576 1732; x_wconf 89' lang='lat' dir='ltr'><strong>domus</strong></span> <span class='ocrx_word' id='word_1_155' title='bbox 2618 1677 2827 1732; x_wconf 90' lang='lat' dir='ltr'><strong>nostra</strong></span> <span class='ocrx_word' id='word_1_156' title='bbox 2859 1669 3051 1750; x_wconf 89' lang='lat' dir='ltr'><strong>hujus</strong></span> <span class='ocrx_word' id='word_1_157' title='bbox 3091 1667 3498 1732; x_wconf 78' lang='lat' dir='ltr'><strong>habitationis</strong></span> 
     </span>
     <span class='ocr_line' id='line_1_25' title="bbox 2006 1766 3500 1848; baseline 0 -20"><span class='ocrx_word' id='word_1_158' title='bbox 2006 1766 2408 1839; x_wconf 86' lang='lat' dir='ltr'><strong>dissolvatur,</strong></span> <span class='ocrx_word' id='word_1_159' title='bbox 2442 1767 2613 1848; x_wconf 90' lang='lat' dir='ltr'><strong>quod</strong></span> <span class='ocrx_word' id='word_1_160' title='bbox 2661 1766 3148 1830; x_wconf 83' lang='lat' dir='ltr'><strong>aedificationem</strong></span> <span class='ocrx_word' id='word_1_161' title='bbox 3192 1766 3500 1829; x_wconf 90' lang='lat' dir='ltr'><strong>habemus</strong></span> 
     </span>
    </p>
   </div>
   <div class='ocr_carea' id='block_1_6' title="bbox 366 1861 3505 1948">
    <p class='ocr_par' dir='ltr' id='par_1_6' title="bbox 366 1861 3505 1948">
     <span class='ocr_line' id='line_1_26' title="bbox 366 1861 3505 1948; baseline -0.001 -20"><span class='ocrx_word' id='word_1_162' title='bbox 366 1865 563 1928; x_wconf 80' lang='lat' dir='ltr'><strong>fatur</strong></span> <span class='ocrx_word' id='word_1_163' title='bbox 595 1885 610 1929; x_wconf 87' lang='lat'>:</span> <span class='ocrx_word' id='word_1_164' title='bbox 645 1867 724 1928; x_wconf 92' lang='lat' dir='ltr'><strong>de</strong></span> <span class='ocrx_word' id='word_1_165' title='bbox 769 1865 1007 1947; x_wconf 90' lang='lat' dir='ltr'><strong>quibus</strong></span> <span class='ocrx_word' id='word_1_166' title='bbox 1058 1866 1247 1948; x_wconf 92' lang='lat' dir='ltr'><strong>paulo</strong></span> <span class='ocrx_word' id='word_1_167' title='bbox 1292 1871 1439 1927; x_wconf 89' lang='lat' dir='ltr'><strong>ante</strong></span> <span class='ocrx_word' id='word_1_168' title='bbox 1488 1864 1735 1929; x_wconf 90' lang='lat' dir='ltr'><strong>locutus</strong></span> <span class='ocrx_word' id='word_1_169' title='bbox 1774 1871 1889 1938; x_wconf 91' lang='lat' dir='ltr'><strong>est,</strong></span> <span class='ocrx_word' id='word_1_170' title='bbox 1932 1861 1979 1924; x_wconf 89' lang='lat' dir='ltr'>B</span> <span class='ocrx_word' id='word_1_171' title='bbox 2006 1882 2083 1926; x_wconf 84' lang='lat' dir='ltr'><strong>ex</strong></span> <span class='ocrx_word' id='word_1_172' title='bbox 2134 1864 2280 1938; x_wconf 93' lang='lat' dir='ltr'><strong>Deo,</strong></span> <span class='ocrx_word' id='word_1_173' title='bbox 2334 1865 2591 1926; x_wconf 90' lang='lat' dir='ltr'><strong>domum</strong></span> <span class='ocrx_word' id='word_1_174' title='bbox 2651 1882 2778 1927; x_wconf 89' lang='lat' dir='ltr'><strong>non</strong></span> <span class='ocrx_word' id='word_1_175' title='bbox 2827 1863 3274 1938; x_wconf 79' lang='lat' dir='ltr'><strong>manufactam,</strong></span> <span class='ocrx_word' id='word_1_176' title='bbox 3327 1872 3505 1927; x_wconf 78' lang='lat' dir='ltr'><strong>aeter-</strong></span> 
     </span>
    </p>
   </div>
   <div class='ocr_carea' id='block_1_7' title="bbox 364 1963 1898 3028">
    <p class='ocr_par' dir='ltr' id='par_1_7' title="bbox 364 1963 1898 3028">
     <span class='ocr_line' id='line_1_27' title="bbox 370 1963 1896 2045; baseline -0.003 -19"><span class='ocrx_word' id='word_1_177' title='bbox 370 1964 857 2027; x_wconf 86' lang='lat' dir='ltr'><strong>Testimonium</strong></span> <span class='ocrx_word' id='word_1_178' title='bbox 888 1971 1177 2026; x_wconf 91' lang='lat' dir='ltr'><strong>nostrum</strong></span> <span class='ocrx_word' id='word_1_179' title='bbox 1219 1982 1344 2026; x_wconf 93' lang='lat' dir='ltr'><strong>non</strong></span> <span class='ocrx_word' id='word_1_180' title='bbox 1382 1963 1695 2045; x_wconf 78' lang='lat' dir='ltr'><strong>accipitis,</strong></span> <span class='ocrx_word' id='word_1_181' title='bbox 1732 1965 1896 2032; x_wconf 80' lang='lat' dir='ltr'><strong>Quo-</strong></span> 
     </span>
     <span class='ocr_line' id='line_1_28' title="bbox 366 2062 1895 2142; baseline 0 -18"><span class='ocrx_word' id='word_1_182' title='bbox 366 2065 581 2124; x_wconf 85' lang='lat' dir='ltr'><strong>modo</strong></span> <span class='ocrx_word' id='word_1_183' title='bbox 626 2065 687 2123; x_wconf 80' lang='lat' dir='ltr'><strong>si</strong></span> <span class='ocrx_word' id='word_1_184' title='bbox 733 2065 964 2123; x_wconf 71' lang='lat' dir='ltr'><strong>dixero</strong></span> <span class='ocrx_word' id='word_1_185' title='bbox 1013 2063 1187 2123; x_wconf 82' lang='lat' dir='ltr'><strong>vobis</strong></span> <span class='ocrx_word' id='word_1_186' title='bbox 1232 2063 1531 2133; x_wconf 77' lang='lat' dir='ltr'><strong>coelestia,</strong></span> <span class='ocrx_word' id='word_1_187' title='bbox 1577 2062 1895 2142; x_wconf 90' lang='lat' dir='ltr'><strong>loquendo</strong></span> 
     </span>
     <span class='ocr_line' id='line_1_29' title="bbox 368 2159 1891 2234; baseline -0.001 -12"><span class='ocrx_word' id='word_1_188' title='bbox 368 2161 471 2222; x_wconf 85' lang='lat' dir='ltr'><strong>de</strong></span> <span class='ocrx_word' id='word_1_189' title='bbox 512 2159 949 2222; x_wconf 90' lang='lat' dir='ltr'><strong>invisibilibus</strong></span> <span class='ocrx_word' id='word_1_190' title='bbox 988 2160 1120 2234; x_wconf 91' lang='lat' dir='ltr'><strong>Dei,</strong></span> <span class='ocrx_word' id='word_1_191' title='bbox 1156 2161 1233 2222; x_wconf 92' lang='lat' dir='ltr'><strong>de</strong></span> <span class='ocrx_word' id='word_1_192' title='bbox 1273 2159 1512 2222; x_wconf 90' lang='lat' dir='ltr'><strong>unitate</strong></span> <span class='ocrx_word' id='word_1_193' title='bbox 1544 2159 1891 2232; x_wconf 81' lang='lat' dir='ltr'><strong>TrinitatiS,</strong></span> 
     </span>
     <span class='ocr_line' id='line_1_30' title="bbox 366 2257 1898 2332; baseline -0.001 -12"><span class='ocrx_word' id='word_1_194' title='bbox 366 2267 455 2320; x_wconf 80' lang='lat' dir='ltr'><strong>et</strong></span> <span class='ocrx_word' id='word_1_195' title='bbox 502 2257 787 2320; x_wconf 86' lang='lat' dir='ltr'><strong>trinitate</strong></span> <span class='ocrx_word' id='word_1_196' title='bbox 836 2257 1120 2332; x_wconf 78' lang='lat' dir='ltr'><strong>unitatiS,</strong></span> <span class='ocrx_word' id='word_1_197' title='bbox 1164 2259 1241 2320; x_wconf 91' lang='lat' dir='ltr'><strong>de</strong></span> <span class='ocrx_word' id='word_1_198' title='bbox 1290 2257 1689 2320; x_wconf 89' lang='lat' dir='ltr'><strong>emanatione</strong></span> <span class='ocrx_word' id='word_1_199' title='bbox 1735 2257 1898 2319; x_wconf 77' lang='lat' dir='ltr'><strong>divi-</strong></span> 
     </span>
     <span class='ocr_line' id='line_1_31' title="bbox 370 2355 1897 2431; baseline -0.001 -12"><span class='ocrx_word' id='word_1_200' title='bbox 370 2375 621 2419; x_wconf 84' lang='lat' dir='ltr'><strong>narum</strong></span> <span class='ocrx_word' id='word_1_201' title='bbox 652 2357 1065 2420; x_wconf 79' lang='lat' dir='ltr'><strong>Personarum</strong></span> <span class='ocrx_word' id='word_1_202' title='bbox 1097 2358 1175 2418; x_wconf 91' lang='lat' dir='ltr'><strong>ad</strong></span> <span class='ocrx_word' id='word_1_203' title='bbox 1206 2357 1391 2431; x_wconf 88' lang='lat' dir='ltr'><strong>intra,</strong></span> <span class='ocrx_word' id='word_1_204' title='bbox 1424 2357 1501 2418; x_wconf 90' lang='lat' dir='ltr'><strong>de</strong></span> <span class='ocrx_word' id='word_1_205' title='bbox 1533 2355 1897 2418; x_wconf 89' lang='lat' dir='ltr'><strong>immediata</strong></span> 
     </span>
     <span class='ocr_line' id='line_1_32' title="bbox 366 2454 1890 2529; baseline -0.003 -11"><span class='ocrx_word' id='word_1_206' title='bbox 366 2455 639 2518; x_wconf 84' lang='lat' dir='ltr'><strong>visione</strong></span> <span class='ocrx_word' id='word_1_207' title='bbox 696 2454 931 2518; x_wconf 84' lang='lat' dir='ltr'><strong>divinae</strong></span> <span class='ocrx_word' id='word_1_208' title='bbox 988 2455 1299 2529; x_wconf 70' lang='lat' dir='ltr'><strong>essentiae,</strong></span> <span class='ocrx_word' id='word_1_209' title='bbox 1357 2456 1436 2516; x_wconf 93' lang='lat' dir='ltr'><strong>de</strong></span> <span class='ocrx_word' id='word_1_210' title='bbox 1493 2454 1890 2528; x_wconf 88' lang='lat' dir='ltr'><strong>hierarchiis,</strong></span> 
     </span>
     <span class='ocr_line' id='line_1_33' title="bbox 367 2552 1897 2634; baseline -0.002 -18"><span class='ocrx_word' id='word_1_211' title='bbox 367 2553 669 2634; x_wconf 77' lang='lat' dir='ltr'><strong>aliisque</strong></span> <span class='ocrx_word' id='word_1_212' title='bbox 693 2553 953 2615; x_wconf 90' lang='lat' dir='ltr'><strong>secretis</strong></span> <span class='ocrx_word' id='word_1_213' title='bbox 984 2553 1374 2626; x_wconf 88' lang='lat' dir='ltr'><strong>coelestibus,</strong></span> <span class='ocrx_word' id='word_1_214' title='bbox 1410 2554 1489 2615; x_wconf 91' lang='lat' dir='ltr'><strong>de</strong></span> <span class='ocrx_word' id='word_1_215' title='bbox 1517 2552 1755 2633; x_wconf 91' lang='lat' dir='ltr'><strong>quibus</strong></span> <span class='ocrx_word' id='word_1_216' title='bbox 1788 2571 1897 2634; x_wconf 86' lang='lat' dir='ltr'><strong>pa-</strong></span> 
     </span>
     <span class='ocr_line' id='line_1_34' title="bbox 368 2650 1897 2733; baseline -0.002 -20"><span class='ocrx_word' id='word_1_217' title='bbox 368 2671 537 2714; x_wconf 84' lang='lat' dir='ltr'><strong>rum</strong></span> <span class='ocrx_word' id='word_1_218' title='bbox 580 2650 850 2713; x_wconf 87' lang='lat' dir='ltr'><strong>habetur</strong></span> <span class='ocrx_word' id='word_1_219' title='bbox 890 2651 957 2713; x_wconf 91' lang='lat' dir='ltr'><strong>in</strong></span> <span class='ocrx_word' id='word_1_220' title='bbox 1003 2651 1141 2732; x_wconf 83' lang='lat' dir='ltr'><strong>lege</strong></span> <span class='ocrx_word' id='word_1_221' title='bbox 1183 2670 1257 2714; x_wconf 89' lang='lat' dir='ltr'><strong>ac</strong></span> <span class='ocrx_word' id='word_1_222' title='bbox 1294 2651 1646 2733; x_wconf 84' lang='lat' dir='ltr'><strong>Prophetis,</strong></span> <span class='ocrx_word' id='word_1_223' title='bbox 1686 2655 1897 2712; x_wconf 80' lang='lat' dir='ltr'><strong>crede-</strong></span> 
     </span>
     <span class='ocr_line' id='line_1_35' title="bbox 370 2748 1893 2832; baseline -0.001 -20"><span class='ocrx_word' id='word_1_224' title='bbox 370 2749 713 2830; x_wconf 73' lang='lat' dir='ltr'><strong>tis?quasi</strong></span> <span class='ocrx_word' id='word_1_225' title='bbox 747 2749 951 2811; x_wconf 91' lang='lat' dir='ltr'><strong>dicat:</strong></span> <span class='ocrx_word' id='word_1_226' title='bbox 976 2748 1335 2811; x_wconf 82' lang='lat' dir='ltr'><strong>Difficulter</strong></span> <span class='ocrx_word' id='word_1_227' title='bbox 1363 2749 1461 2811; x_wconf 86' lang='lat' dir='ltr'><strong>vel</strong></span> <span class='ocrx_word' id='word_1_228' title='bbox 1498 2768 1893 2832; x_wconf 85' lang='lat' dir='ltr'><strong>nequaquam</strong></span> 
     </span>
     <span class='ocr_line' id='line_1_36' title="bbox 366 2848 1895 2930; baseline -0.002 -18"><span class='ocrx_word' id='word_1_229' title='bbox 366 2848 757 2921; x_wconf 83' lang='lat' dir='ltr'><strong>crederetis,</strong></span> <span class='ocrx_word' id='word_1_230' title='bbox 804 2866 1007 2930; x_wconf 90' lang='lat' dir='ltr'><strong>quum</strong></span> <span class='ocrx_word' id='word_1_231' title='bbox 1054 2848 1185 2910; x_wconf 89' lang='lat' dir='ltr'><strong>sint</strong></span> <span class='ocrx_word' id='word_1_232' title='bbox 1231 2848 1895 2930; x_wconf 85' lang='lat' dir='ltr'><strong>incomprehensibili-</strong></span> 
     </span>
     <span class='ocr_line' id='line_1_37' title="bbox 364 2946 1893 3028; baseline -0.001 -19"><span class='ocrx_word' id='word_1_233' title='bbox 364 2967 497 3010; x_wconf 84' lang='lat' dir='ltr'><strong>ora</strong></span> <span class='ocrx_word' id='word_1_234' title='bbox 558 2955 621 3008; x_wconf 91' lang='lat' dir='ltr'><strong>et</strong></span> <span class='ocrx_word' id='word_1_235' title='bbox 680 2946 1263 3028; x_wconf 88' lang='lat' dir='ltr'><strong>supernaturaliora</strong></span> <span class='ocrx_word' id='word_1_236' title='bbox 1322 2947 1639 3028; x_wconf 80' lang='lat' dir='ltr'><strong>praedictis</strong></span> <span class='ocrx_word' id='word_1_237' title='bbox 1697 2956 1893 3010; x_wconf 90' lang='lat' dir='ltr'><strong>terre·-</strong></span> 
     </span>
    </p>
   </div>
   <div class='ocr_carea' id='block_1_8' title="bbox 2002 1962 3506 3021">
    <p class='ocr_par' dir='ltr' id='par_1_8' title="bbox 2002 1962 3506 3021">
     <span class='ocr_line' id='line_1_38' title="bbox 2006 1962 3506 2044; baseline -0.001 -19"><span class='ocrx_word' id='word_1_238' title='bbox 2006 1982 2154 2025; x_wconf 90' lang='lat' dir='ltr'><strong>nam</strong></span> <span class='ocrx_word' id='word_1_239' title='bbox 2192 1962 2257 2024; x_wconf 90' lang='lat' dir='ltr'><strong>in</strong></span> <span class='ocrx_word' id='word_1_240' title='bbox 2289 1962 2506 2026; x_wconf 68' lang='lat' dir='ltr'><strong>coelisi</strong></span> <span class='ocrx_word' id='word_1_241' title='bbox 2539 1962 2790 2026; x_wconf 90' lang='lat' dir='ltr'><strong>Certum</strong></span> <span class='ocrx_word' id='word_1_242' title='bbox 2831 1971 2925 2025; x_wconf 92' lang='lat' dir='ltr'><strong>est</strong></span> <span class='ocrx_word' id='word_1_243' title='bbox 2953 1963 3122 2044; x_wconf 91' lang='lat' dir='ltr'><strong>quod</strong></span> <span class='ocrx_word' id='word_1_244' title='bbox 3160 1981 3332 2024; x_wconf 90' lang='lat' dir='ltr'><strong>nunc</strong></span> <span class='ocrx_word' id='word_1_245' title='bbox 3360 1963 3506 2044; x_wconf 92' lang='lat' dir='ltr'><strong>qui-</strong></span> 
     </span>
     <span class='ocr_line' id='line_1_39' title="bbox 2005 2061 3502 2124; baseline 0 0"><span class='ocrx_word' id='word_1_246' title='bbox 2005 2063 2150 2124; x_wconf 87' lang='lat' dir='ltr'><strong>dam</strong></span> <span class='ocrx_word' id='word_1_247' title='bbox 2195 2069 2556 2124; x_wconf 89' lang='lat' dir='ltr'><strong>sanctorum</strong></span> <span class='ocrx_word' id='word_1_248' title='bbox 2600 2061 2932 2124; x_wconf 89' lang='lat' dir='ltr'><strong>hominum</strong></span> <span class='ocrx_word' id='word_1_249' title='bbox 2975 2061 3398 2124; x_wconf 89' lang='lat' dir='ltr'><strong>ascenderunt</strong></span> <span class='ocrx_word' id='word_1_250' title='bbox 3436 2061 3502 2124; x_wconf 92' lang='lat' dir='ltr'><strong>in</strong></span> 
     </span>
     <span class='ocr_line' id='line_1_40' title="bbox 2006 2160 3497 2241; baseline -0.001 -18"><span class='ocrx_word' id='word_1_251' title='bbox 2006 2161 2262 2234; x_wconf 89' lang='lat' dir='ltr'><strong>coelum,</strong></span> <span class='ocrx_word' id='word_1_252' title='bbox 2298 2179 2422 2222; x_wconf 92' lang='lat' dir='ltr'><strong>non</strong></span> <span class='ocrx_word' id='word_1_253' title='bbox 2469 2160 2675 2223; x_wconf 90' lang='lat' dir='ltr'><strong>solum</strong></span> <span class='ocrx_word' id='word_1_254' title='bbox 2718 2168 3029 2241; x_wconf 85' lang='lat' dir='ltr'><strong>quantum</strong></span> <span class='ocrx_word' id='word_1_255' title='bbox 3073 2161 3151 2222; x_wconf 92' lang='lat' dir='ltr'><strong>ad</strong></span> <span class='ocrx_word' id='word_1_256' title='bbox 3196 2161 3497 2235; x_wconf 89' lang='lat' dir='ltr'><strong>animam,</strong></span> 
     </span>
     <span class='ocr_line' id='line_1_41' title="bbox 2004 2259 3496 2342; baseline -0.001 -20"><span class='ocrx_word' id='word_1_257' title='bbox 2004 2260 2114 2322; x_wconf 91' lang='lat' dir='ltr'><strong>sed</strong></span> <span class='ocrx_word' id='word_1_258' title='bbox 2155 2259 2342 2321; x_wconf 90' lang='lat' dir='ltr'><strong>etiam</strong></span> <span class='ocrx_word' id='word_1_259' title='bbox 2382 2267 2694 2340; x_wconf 88' lang='lat' dir='ltr'><strong>quantum</strong></span> <span class='ocrx_word' id='word_1_260' title='bbox 2732 2260 2809 2321; x_wconf 90' lang='lat' dir='ltr'><strong>ad</strong></span> <span class='ocrx_word' id='word_1_261' title='bbox 2848 2278 3100 2342; x_wconf 88' lang='lat' dir='ltr'><strong>corpus,</strong></span> <span class='ocrx_word' id='word_1_262' title='bbox 3147 2267 3217 2321; x_wconf 92' lang='lat' dir='ltr'><strong>ut</strong></span> <span class='ocrx_word' id='word_1_263' title='bbox 3255 2267 3496 2322; x_wconf 88' lang='lat' dir='ltr'><strong>certum</strong></span> 
     </span>
     <span class='ocr_line' id='line_1_42' title="bbox 2004 2356 3494 2439; baseline 0 -19"><span class='ocrx_word' id='word_1_264' title='bbox 2004 2365 2099 2420; x_wconf 86' lang='lat' dir='ltr'><strong>est</strong></span> <span class='ocrx_word' id='word_1_265' title='bbox 2129 2358 2208 2420; x_wconf 92' lang='lat' dir='ltr'><strong>de</strong></span> <span class='ocrx_word' id='word_1_266' title='bbox 2235 2356 2491 2438; x_wconf 84' lang='lat' dir='ltr'><strong>Virgine</strong></span> <span class='ocrx_word' id='word_1_267' title='bbox 2528 2357 2820 2438; x_wconf 85' lang='lat' dir='ltr'><strong>gloriosa,</strong></span> <span class='ocrx_word' id='word_1_268' title='bbox 2855 2359 3022 2420; x_wconf 91' lang='lat' dir='ltr'><strong>etde</strong></span> <span class='ocrx_word' id='word_1_269' title='bbox 3062 2357 3162 2420; x_wconf 88' lang='lat' dir='ltr'><strong>his</strong></span> <span class='ocrx_word' id='word_1_270' title='bbox 3196 2358 3306 2439; x_wconf 93' lang='lat' dir='ltr'><strong>qui</strong></span> <span class='ocrx_word' id='word_1_271' title='bbox 3349 2376 3494 2420; x_wconf 91' lang='lat' dir='ltr'><strong>cum</strong></span> 
     </span>
     <span class='ocr_line' id='line_1_43' title="bbox 2006 2457 3494 2540; baseline -0.001 -20"><span class='ocrx_word' id='word_1_272' title='bbox 2006 2457 2252 2520; x_wconf 91' lang='lat' dir='ltr'><strong>Christo</strong></span> <span class='ocrx_word' id='word_1_273' title='bbox 2313 2463 2746 2531; x_wconf 88' lang='lat' dir='ltr'><strong>surrexerunt,</strong></span> <span class='ocrx_word' id='word_1_274' title='bbox 2807 2465 3370 2540; x_wconf 87' lang='lat' dir='ltr'><strong>apparueruntque</strong></span> <span class='ocrx_word' id='word_1_275' title='bbox 3427 2457 3494 2519; x_wconf 90' lang='lat' dir='ltr'><strong>in</strong></span> 
     </span>
     <span class='ocr_line' id='line_1_44' title="bbox 2004 2555 3497 2637; baseline -0.001 -20"><span class='ocrx_word' id='word_1_276' title='bbox 2004 2563 2219 2618; x_wconf 89' lang='lat' dir='ltr'><strong>sancta</strong></span> <span class='ocrx_word' id='word_1_277' title='bbox 2267 2555 2520 2618; x_wconf 87' lang='lat' dir='ltr'><strong>civitate</strong></span> <span class='ocrx_word' id='word_1_278' title='bbox 2577 2556 3092 2636; x_wconf 79' lang='lat' dir='ltr'><strong>quamplurimiS,</strong></span> <span class='ocrx_word' id='word_1_279' title='bbox 3145 2557 3250 2637; x_wconf 91' lang='lat' dir='ltr'><strong>pie</strong></span> <span class='ocrx_word' id='word_1_280' title='bbox 3297 2556 3497 2618; x_wconf 90' lang='lat' dir='ltr'><strong>credi-</strong></span> 
     </span>
     <span class='ocr_line' id='line_1_45' title="bbox 2002 2651 3496 2735; baseline 0.003 -21"><span class='ocrx_word' id='word_1_281' title='bbox 2002 2661 2106 2715; x_wconf 90' lang='lat' dir='ltr'><strong>tur</strong></span> <span class='ocrx_word' id='word_1_282' title='bbox 2153 2673 2190 2715; x_wconf 92' lang='lat' dir='ltr'><strong>a</strong></span> <span class='ocrx_word' id='word_1_283' title='bbox 2236 2653 2643 2734; x_wconf 90' lang='lat' dir='ltr'><strong>quibusdam.</strong></span> <span class='ocrx_word' id='word_1_284' title='bbox 2690 2651 2809 2716; x_wconf 91' lang='lat' dir='ltr'><strong>Sed</strong></span> <span class='ocrx_word' id='word_1_285' title='bbox 2858 2671 3199 2734; x_wconf 88' lang='lat' dir='ltr'><strong>pensemus</strong></span> <span class='ocrx_word' id='word_1_286' title='bbox 3241 2656 3496 2735; x_wconf 88' lang='lat' dir='ltr'><strong>quando</strong></span> 
     </span>
     <span class='ocr_line' id='line_1_46' title="bbox 2004 2751 3496 2833; baseline -0.001 -17"><span class='ocrx_word' id='word_1_287' title='bbox 2004 2751 2288 2816; x_wconf 91' lang='lat' dir='ltr'><strong>Christus</strong></span> <span class='ocrx_word' id='word_1_288' title='bbox 2332 2751 2516 2815; x_wconf 88' lang='lat' dir='ltr'><strong>verba</strong></span> <span class='ocrx_word' id='word_1_289' title='bbox 2563 2752 2696 2814; x_wconf 84' lang='lat' dir='ltr'><strong>haec</strong></span> <span class='ocrx_word' id='word_1_290' title='bbox 2739 2751 3004 2833; x_wconf 88' lang='lat' dir='ltr'><strong>protulit</strong></span> <span class='ocrx_word' id='word_1_291' title='bbox 3038 2771 3050 2814; x_wconf 92' lang='lat'>:</span> <span class='ocrx_word' id='word_1_292' title='bbox 3086 2752 3308 2833; x_wconf 91' lang='lat' dir='ltr'><strong>utique</strong></span> <span class='ocrx_word' id='word_1_293' title='bbox 3349 2761 3496 2815; x_wconf 89' lang='lat' dir='ltr'><strong>ante</strong></span> 
     </span>
     <span class='ocr_line' id='line_1_47' title="bbox 2004 2850 3499 2934; baseline 0.001 -22"><span class='ocrx_word' id='word_1_294' title='bbox 2004 2850 2386 2934; x_wconf 90' lang='lat' dir='ltr'><strong>passionem,</strong></span> <span class='ocrx_word' id='word_1_295' title='bbox 2429 2851 2684 2931; x_wconf 90' lang='lat' dir='ltr'><strong>quando</strong></span> <span class='ocrx_word' id='word_1_296' title='bbox 2730 2850 3110 2932; x_wconf 89' lang='lat' dir='ltr'><strong>loquebatur</strong></span> <span class='ocrx_word' id='word_1_297' title='bbox 3151 2851 3216 2912; x_wconf 90' lang='lat' dir='ltr'><strong>in</strong></span> <span class='ocrx_word' id='word_1_298' title='bbox 3253 2850 3499 2914; x_wconf 86' lang='lat' dir='ltr'><strong>Jerusa-</strong></span> 
     </span>
     <span class='ocr_line' id='line_1_48' title="bbox 2004 2947 3497 3021; baseline 0.001 -10"><span class='ocrx_word' id='word_1_299' title='bbox 2004 2949 2130 3012; x_wconf 90' lang='lat' dir='ltr'><strong>lem</strong></span> <span class='ocrx_word' id='word_1_300' title='bbox 2181 2968 2326 3012; x_wconf 90' lang='lat' dir='ltr'><strong>cum</strong></span> <span class='ocrx_word' id='word_1_301' title='bbox 2374 2947 2735 3012; x_wconf 90' lang='lat' dir='ltr'><strong>Nicodemo.</strong></span> <span class='ocrx_word' id='word_1_302' title='bbox 2787 2948 2962 3021; x_wconf 88' lang='lat' dir='ltr'><strong>Quod</strong></span> <span class='ocrx_word' id='word_1_303' title='bbox 3018 2957 3230 3011; x_wconf 91' lang='lat' dir='ltr'><strong>autem</strong></span> <span class='ocrx_word' id='word_1_304' title='bbox 3281 2950 3497 3012; x_wconf 92' lang='lat' dir='ltr'><strong>nullus</strong></span> 
     </span>
    </p>
   </div>
   <div class='ocr_carea' id='block_1_9' title="bbox 366 3044 3501 3128">
    <p class='ocr_par' dir='ltr' id='par_1_9' title="bbox 366 3044 3501 3128">
     <span class='ocr_line' id='line_1_49' title="bbox 366 3044 3501 3128; baseline 0.001 -20"><span class='ocrx_word' id='word_1_305' title='bbox 366 3044 513 3108; x_wconf 79' lang='lat' dir='ltr'><strong>nis,</strong></span> <span class='ocrx_word' id='word_1_306' title='bbox 578 3044 847 3108; x_wconf 91' lang='lat' dir='ltr'><strong>Necesse</strong></span> <span class='ocrx_word' id='word_1_307' title='bbox 901 3053 998 3107; x_wconf 90' lang='lat' dir='ltr'><strong>est</strong></span> <span class='ocrx_word' id='word_1_308' title='bbox 1055 3062 1204 3125; x_wconf 91' lang='lat' dir='ltr'><strong>ergo</strong></span> <span class='ocrx_word' id='word_1_309' title='bbox 1263 3046 1592 3128; x_wconf 89' lang='lat' dir='ltr'><strong>proprium</strong></span> <span class='ocrx_word' id='word_1_310' title='bbox 1653 3045 1894 3109; x_wconf 91' lang='lat' dir='ltr'><strong>intelle·</strong></span> <span class='ocrx_word' id='word_1_311' title='bbox 1930 3045 1973 3109; x_wconf 92' lang='lat' dir='ltr'><strong>C</strong></span> <span class='ocrx_word' id='word_1_312' title='bbox 2004 3048 2352 3110; x_wconf 90' lang='lat' dir='ltr'><strong>electorum</strong></span> <span class='ocrx_word' id='word_1_313' title='bbox 2392 3046 2708 3110; x_wconf 90' lang='lat' dir='ltr'><strong>introierit</strong></span> <span class='ocrx_word' id='word_1_314' title='bbox 2745 3065 3012 3128; x_wconf 85' lang='lat' dir='ltr'><strong>regnum</strong></span> <span class='ocrx_word' id='word_1_315' title='bbox 3043 3047 3349 3110; x_wconf 85' lang='lat' dir='ltr'><strong>coelorum</strong></span> <span class='ocrx_word' id='word_1_316' title='bbox 3389 3067 3501 3110; x_wconf 93' lang='lat' dir='ltr'><strong>an-</strong></span> 
     </span>
    </p>
   </div>
   <div class='ocr_carea' id='block_1_10' title="bbox 362 3143 1895 3620">
    <p class='ocr_par' dir='ltr' id='par_1_10' title="bbox 362 3143 1895 3620">
     <span class='ocr_line' id='line_1_50' title="bbox 365 3143 1893 3225; baseline -0.001 -18"><span class='ocrx_word' id='word_1_317' title='bbox 365 3153 569 3208; x_wconf 83' lang='lat' dir='ltr'><strong>etum</strong></span> <span class='ocrx_word' id='word_1_318' title='bbox 616 3144 973 3206; x_wconf 79' lang='lat' dir='ltr'><strong>auctoritati</strong></span> <span class='ocrx_word' id='word_1_319' title='bbox 1020 3143 1249 3206; x_wconf 85' lang='lat' dir='ltr'><strong>Christi</strong></span> <span class='ocrx_word' id='word_1_320' title='bbox 1299 3144 1639 3225; x_wconf 85' lang='lat' dir='ltr'><strong>subjicere,</strong></span> <span class='ocrx_word' id='word_1_321' title='bbox 1684 3153 1746 3207; x_wconf 90' lang='lat' dir='ltr'><strong>et</strong></span> <span class='ocrx_word' id='word_1_322' title='bbox 1793 3145 1893 3206; x_wconf 91' lang='lat' dir='ltr'><strong>his</strong></span> 
     </span>
     <span class='ocr_line' id='line_1_51' title="bbox 363 3242 1895 3325; baseline 0.001 -21"><span class='ocrx_word' id='word_1_323' title='bbox 363 3261 539 3325; x_wconf 79' lang='lat' dir='ltr'><strong>quae</strong></span> <span class='ocrx_word' id='word_1_324' title='bbox 588 3243 897 3306; x_wconf 91' lang='lat' dir='ltr'><strong>rationem</strong></span> <span class='ocrx_word' id='word_1_325' title='bbox 955 3243 1434 3320; x_wconf 87' lang='lat' dir='ltr'><strong>transcendunt,</strong></span> <span class='ocrx_word' id='word_1_326' title='bbox 1489 3242 1685 3306; x_wconf 89' lang='lat' dir='ltr'><strong>fidem</strong></span> <span class='ocrx_word' id='word_1_327' title='bbox 1737 3262 1895 3325; x_wconf 82' lang='lat' dir='ltr'><strong>prae-</strong></span> 
     </span>
     <span class='ocr_line' id='line_1_52' title="bbox 362 3340 1894 3425; baseline -0.002 -19"><span class='ocrx_word' id='word_1_328' title='bbox 362 3343 570 3413; x_wconf 85' lang='lat' dir='ltr'><strong>bere,</strong></span> <span class='ocrx_word' id='word_1_329' title='bbox 617 3342 971 3425; x_wconf 79' lang='lat' dir='ltr'><strong>praesertim</strong></span> <span class='ocrx_word' id='word_1_330' title='bbox 1020 3360 1220 3422; x_wconf 87' lang='lat' dir='ltr'><strong>quum</strong></span> <span class='ocrx_word' id='word_1_331' title='bbox 1272 3341 1435 3402; x_wconf 91' lang='lat' dir='ltr'><strong>Deus</strong></span> <span class='ocrx_word' id='word_1_332' title='bbox 1486 3360 1601 3424; x_wconf 91' lang='lat' dir='ltr'><strong>per</strong></span> <span class='ocrx_word' id='word_1_333' title='bbox 1648 3340 1894 3405; x_wconf 86' lang='lat' dir='ltr'><strong>suffici-</strong></span> 
     </span>
     <span class='ocr_line' id='line_1_53' title="bbox 364 3439 1893 3521; baseline -0.001 -18"><span class='ocrx_word' id='word_1_334' title='bbox 364 3439 727 3504; x_wconf 83' lang='lat' dir='ltr'><strong>entissima</strong></span> <span class='ocrx_word' id='word_1_335' title='bbox 766 3447 1142 3521; x_wconf 85' lang='lat' dir='ltr'><strong>argumenta</strong></span> <span class='ocrx_word' id='word_1_336' title='bbox 1170 3439 1517 3501; x_wconf 90' lang='lat' dir='ltr'><strong>ostenderit</strong></span> <span class='ocrx_word' id='word_1_337' title='bbox 1542 3440 1755 3502; x_wconf 87' lang='lat' dir='ltr'><strong>Jesum</strong></span> <span class='ocrx_word' id='word_1_338' title='bbox 1794 3457 1893 3502; x_wconf 91' lang='lat' dir='ltr'><strong>es-</strong></span> 
     </span>
     <span class='ocr_line' id='line_1_54' title="bbox 365 3536 1894 3620; baseline -0.002 -17"><span class='ocrx_word' id='word_1_339' title='bbox 365 3557 457 3603; x_wconf 82' lang='lat' dir='ltr'><strong>se</strong></span> <span class='ocrx_word' id='word_1_340' title='bbox 511 3538 835 3602; x_wconf 87' lang='lat' dir='ltr'><strong>Christum</strong></span> <span class='ocrx_word' id='word_1_341' title='bbox 892 3538 1127 3599; x_wconf 90' lang='lat' dir='ltr'><strong>Filium</strong></span> <span class='ocrx_word' id='word_1_342' title='bbox 1174 3536 1306 3599; x_wconf 92' lang='lat' dir='ltr'><strong>Dei.</strong></span> <span class='ocrx_word' id='word_1_343' title='bbox 1359 3537 1693 3620; x_wconf 87' lang='lat' dir='ltr'><strong>Propterea</strong></span> <span class='ocrx_word' id='word_1_344' title='bbox 1740 3538 1894 3600; x_wconf 89' lang='lat' dir='ltr'><strong>dicit</strong></span> 
     </span>
    </p>
   </div>
   <div class='ocr_carea' id='block_1_11' title="bbox 40 3635 1892 3720">
    <p class='ocr_par' dir='ltr' id='par_1_11' title="bbox 40 3635 1892 3720">
     <span class='ocr_line' id='line_1_55' title="bbox 40 3635 1892 3720; baseline 0.002 -24"><span class='ocrx_word' id='word_1_345' title='bbox 40 3653 329 3704; x_wconf 47' lang='lat' dir='ltr'><strong>neon-‚xa</strong></span> <span class='ocrx_word' id='word_1_346' title='bbox 366 3636 734 3720; x_wconf 87' lang='lat' dir='ltr'><strong>Apostolus</strong></span> <span class='ocrx_word' id='word_1_347' title='bbox 774 3637 851 3698; x_wconf 92' lang='lat' dir='ltr'><strong>ad</strong></span> <span class='ocrx_word' id='word_1_348' title='bbox 892 3635 1249 3699; x_wconf 90' lang='lat' dir='ltr'><strong>Corinthios</strong></span> <span class='ocrx_word' id='word_1_349' title='bbox 1291 3653 1305 3697; x_wconf 89' lang='lat'>:</span> <span class='ocrx_word' id='word_1_350' title='bbox 1348 3635 1417 3696; x_wconf 88' lang='lat' dir='ltr'><strong>In</strong></span> <span class='ocrx_word' id='word_1_351' title='bbox 1463 3636 1892 3718; x_wconf 89' lang='lat' dir='ltr'><strong>captivitatem</strong></span> 
     </span>
    </p>
   </div>
   <div class='ocr_carea' id='block_1_12' title="bbox 132 4729 203 4784">
    <p class='ocr_par' dir='ltr' id='par_1_12' title="bbox 132 4729 203 4784">
     <span class='ocr_line' id='line_1_56' title="bbox 132 4729 203 4784; baseline -0.014 0"><span class='ocrx_word' id='word_1_352' title='bbox 132 4729 203 4784; x_wconf 79' lang='lat'><strong>13</strong></span> 
     </span>
    </p>
   </div>
   <div class='ocr_carea' id='block_1_13' title="bbox 364 3735 1893 3817">
    <p class='ocr_par' dir='ltr' id='par_1_13' title="bbox 364 3735 1893 3817">
     <span class='ocr_line' id='line_1_57' title="bbox 364 3735 1893 3817; baseline -0.002 -15"><span class='ocrx_word' id='word_1_353' title='bbox 364 3737 751 3817; x_wconf 83' lang='lat' dir='ltr'><strong>redigentes</strong></span> <span class='ocrx_word' id='word_1_354' title='bbox 780 3753 1037 3799; x_wconf 89' lang='lat' dir='ltr'><strong>omnem</strong></span> <span class='ocrx_word' id='word_1_355' title='bbox 1067 3735 1463 3797; x_wconf 85' lang='lat' dir='ltr'><strong>intellectum</strong></span> <span class='ocrx_word' id='word_1_356' title='bbox 1493 3736 1559 3797; x_wconf 92' lang='lat' dir='ltr'><strong>in</strong></span> <span class='ocrx_word' id='word_1_357' title='bbox 1595 3735 1893 3817; x_wconf 90' lang='lat' dir='ltr'><strong>obsequi-</strong></span> 
     </span>
    </p>
   </div>
   <div class='ocr_carea' id='block_1_14' title="bbox 268 3833 804 3900">
    <p class='ocr_par' dir='ltr' id='par_1_14' title="bbox 268 3833 804 3900">
     <span class='ocr_line' id='line_1_58' title="bbox 268 3833 804 3900; baseline -0.015 2"><span class='ocrx_word' id='word_1_358' title='bbox 268 3875 283 3886; x_wconf 93' lang='lat'><em>·</em></span> <span class='ocrx_word' id='word_1_359' title='bbox 368 3857 501 3900; x_wconf 87' lang='lat' dir='ltr'><strong>um</strong></span> <span class='ocrx_word' id='word_1_360' title='bbox 549 3833 804 3899; x_wconf 86' lang='lat' dir='ltr'><strong>Christi.</strong></span> 
     </span>
    </p>
   </div>
   <div class='ocr_carea' id='block_1_15' title="bbox 360 3931 1894 4202">
    <p class='ocr_par' dir='ltr' id='par_1_15' title="bbox 360 3931 1894 4202">
     <span class='ocr_line' id='line_1_59' title="bbox 469 3931 1891 4013; baseline 0.001 -19"><span class='ocrx_word' id='word_1_361' title='bbox 469 3935 944 4006; x_wconf 89' lang='lat' dir='ltr'><strong>Verumtamen,</strong></span> <span class='ocrx_word' id='word_1_362' title='bbox 978 3931 1283 4013; x_wconf 89' lang='lat' dir='ltr'><strong>quoniam</strong></span> <span class='ocrx_word' id='word_1_363' title='bbox 1321 3932 1613 4012; x_wconf 80' lang='lat' dir='ltr'><strong>quaedam</strong></span> <span class='ocrx_word' id='word_1_364' title='bbox 1653 3941 1891 3996; x_wconf 89' lang='lat' dir='ltr'><strong>secreta</strong></span> 
     </span>
     <span class='ocr_line' id='line_1_60' title="bbox 360 4029 1886 4114; baseline -0.003 -16"><span class='ocrx_word' id='word_1_365' title='bbox 360 4042 586 4114; x_wconf 80' lang='lat' dir='ltr'><strong>atque</strong></span> <span class='ocrx_word' id='word_1_366' title='bbox 642 4030 926 4094; x_wconf 91' lang='lat' dir='ltr'><strong>coelestia</strong></span> <span class='ocrx_word' id='word_1_367' title='bbox 975 4031 1053 4092; x_wconf 93' lang='lat' dir='ltr'><strong>ad</strong></span> <span class='ocrx_word' id='word_1_368' title='bbox 1104 4029 1423 4092; x_wconf 90' lang='lat' dir='ltr'><strong>Christum</strong></span> <span class='ocrx_word' id='word_1_369' title='bbox 1483 4030 1886 4111; x_wconf 85' lang='lat' dir='ltr'><strong>pertinentia,</strong></span> 
     </span>
     <span class='ocr_line' id='line_1_61' title="bbox 362 4127 1894 4202; baseline -0.002 -7"><span class='ocrx_word' id='word_1_370' title='bbox 362 4130 639 4197; x_wconf 85' lang='lat' dir='ltr'><strong>cunctis</strong></span> <span class='ocrx_word' id='word_1_371' title='bbox 695 4128 1001 4191; x_wconf 88' lang='lat' dir='ltr'><strong>fidelibus</strong></span> <span class='ocrx_word' id='word_1_372' title='bbox 1060 4134 1212 4190; x_wconf 92' lang='lat' dir='ltr'><strong>sunt</strong></span> <span class='ocrx_word' id='word_1_373' title='bbox 1268 4127 1544 4202; x_wconf 89' lang='lat' dir='ltr'><strong>scienda,</strong></span> <span class='ocrx_word' id='word_1_374' title='bbox 1598 4129 1894 4193; x_wconf 86' lang='lat' dir='ltr'><strong>videlicet</strong></span> 
     </span>
    </p>
   </div>
   <div class='ocr_carea' id='block_1_16' title="bbox 1998 3145 3503 4213">
    <p class='ocr_par' dir='ltr' id='par_1_16' title="bbox 2001 3145 3503 3623">
     <span class='ocr_line' id='line_1_62' title="bbox 2001 3145 3500 3228; baseline 0.001 -21"><span class='ocrx_word' id='word_1_375' title='bbox 2001 3153 2065 3208; x_wconf 88' lang='lat' dir='ltr'><strong>te</strong></span> <span class='ocrx_word' id='word_1_376' title='bbox 2096 3145 2326 3209; x_wconf 91' lang='lat' dir='ltr'><strong>Christi</strong></span> <span class='ocrx_word' id='word_1_377' title='bbox 2359 3145 2741 3228; x_wconf 90' lang='lat' dir='ltr'><strong>passionem,</strong></span> <span class='ocrx_word' id='word_1_378' title='bbox 2777 3145 3238 3226; x_wconf 84' lang='lat' dir='ltr'><strong>cognoscimus.</strong></span> <span class='ocrx_word' id='word_1_379' title='bbox 3264 3146 3500 3228; x_wconf 90' lang='lat' dir='ltr'><strong>Itaque,</strong></span> 
     </span>
     <span class='ocr_line' id='line_1_63' title="bbox 2002 3243 3502 3327; baseline 0.001 -20"><span class='ocrx_word' id='word_1_380' title='bbox 2002 3246 2175 3327; x_wconf 92' lang='lat' dir='ltr'><strong>quod</strong></span> <span class='ocrx_word' id='word_1_381' title='bbox 2221 3244 2330 3318; x_wconf 91' lang='lat' dir='ltr'><strong>ait,</strong></span> <span class='ocrx_word' id='word_1_382' title='bbox 2382 3243 2578 3307; x_wconf 90' lang='lat' dir='ltr'><strong>Nemo</strong></span> <span class='ocrx_word' id='word_1_383' title='bbox 2624 3243 2910 3306; x_wconf 91' lang='lat' dir='ltr'><strong>ascendit</strong></span> <span class='ocrx_word' id='word_1_384' title='bbox 2967 3243 3034 3305; x_wconf 91' lang='lat' dir='ltr'><strong>in</strong></span> <span class='ocrx_word' id='word_1_385' title='bbox 3087 3243 3342 3320; x_wconf 89' lang='lat' dir='ltr'><strong>coelum,</strong></span> <span class='ocrx_word' id='word_1_386' title='bbox 3397 3262 3502 3308; x_wconf 87' lang='lat' dir='ltr'><strong>ve-</strong></span> 
     </span>
     <span class='ocr_line' id='line_1_64' title="bbox 2003 3341 3503 3425; baseline 0 -21"><span class='ocrx_word' id='word_1_387' title='bbox 2003 3363 2145 3405; x_wconf 91' lang='lat' dir='ltr'><strong>rum</strong></span> <span class='ocrx_word' id='word_1_388' title='bbox 2196 3350 2293 3405; x_wconf 89' lang='lat' dir='ltr'><strong>est</strong></span> <span class='ocrx_word' id='word_1_389' title='bbox 2341 3361 2455 3425; x_wconf 89' lang='lat' dir='ltr'><strong>pro</strong></span> <span class='ocrx_word' id='word_1_390' title='bbox 2502 3351 2788 3424; x_wconf 91' lang='lat' dir='ltr'><strong>tempore</strong></span> <span class='ocrx_word' id='word_1_391' title='bbox 2836 3341 2967 3415; x_wconf 89' lang='lat' dir='ltr'><strong>illo,</strong></span> <span class='ocrx_word' id='word_1_392' title='bbox 3011 3343 3320 3406; x_wconf 90' lang='lat' dir='ltr'><strong>sumendo</strong></span> <span class='ocrx_word' id='word_1_393' title='bbox 3363 3361 3503 3405; x_wconf 89' lang='lat' dir='ltr'><strong>ver-</strong></span> 
     </span>
     <span class='ocr_line' id='line_1_65' title="bbox 2001 3441 3499 3525; baseline 0 -20"><span class='ocrx_word' id='word_1_394' title='bbox 2001 3443 2180 3518; x_wconf 90' lang='lat' dir='ltr'><strong>bum,</strong></span> <span class='ocrx_word' id='word_1_395' title='bbox 2225 3441 2542 3515; x_wconf 89' lang='lat' dir='ltr'><strong>Ascendit,</strong></span> <span class='ocrx_word' id='word_1_396' title='bbox 2591 3449 2661 3504; x_wconf 90' lang='lat' dir='ltr'><strong>ut</strong></span> <span class='ocrx_word' id='word_1_397' title='bbox 2707 3449 2803 3503; x_wconf 90' lang='lat' dir='ltr'><strong>est</strong></span> <span class='ocrx_word' id='word_1_398' title='bbox 2847 3441 3148 3522; x_wconf 70' lang='lat' dir='ltr'><strong>praeteriti</strong></span> <span class='ocrx_word' id='word_1_399' title='bbox 3192 3441 3499 3525; x_wconf 86' lang='lat' dir='ltr'><strong>temporis</strong></span> 
     </span>
     <span class='ocr_line' id='line_1_66' title="bbox 2001 3539 2531 3623; baseline -0.006 -20"><span class='ocrx_word' id='word_1_400' title='bbox 2001 3541 2136 3604; x_wconf 89' lang='lat' dir='ltr'><strong>sive</strong></span> <span class='ocrx_word' id='word_1_401' title='bbox 2181 3539 2531 3623; x_wconf 80' lang='lat' dir='ltr'><strong>praesentis.</strong></span> 
     </span>
    </p>

    <p class='ocr_par' dir='ltr' id='par_1_17' title="bbox 1998 3636 3500 4213">
     <span class='ocr_line' id='line_1_67' title="bbox 2071 3636 3500 3718; baseline -0.001 -16"><span class='ocrx_word' id='word_1_402' title='bbox 2071 3638 2190 3702; x_wconf 92' lang='lat' dir='ltr'><strong>Sed</strong></span> <span class='ocrx_word' id='word_1_403' title='bbox 2221 3646 2376 3700; x_wconf 90' lang='lat' dir='ltr'><strong>tunc</strong></span> <span class='ocrx_word' id='word_1_404' title='bbox 2404 3637 2670 3718; x_wconf 86' lang='lat' dir='ltr'><strong>quaestio</strong></span> <span class='ocrx_word' id='word_1_405' title='bbox 2701 3636 2924 3711; x_wconf 91' lang='lat' dir='ltr'><strong>oritur,</strong></span> <span class='ocrx_word' id='word_1_406' title='bbox 2958 3639 3277 3718; x_wconf 91' lang='lat' dir='ltr'><strong>quomodo</strong></span> <span class='ocrx_word' id='word_1_407' title='bbox 3307 3638 3500 3701; x_wconf 88' lang='lat' dir='ltr'><strong>verba</strong></span> 
     </span>
     <span class='ocr_line' id='line_1_68' title="bbox 2002 3734 3492 3819; baseline 0 -19"><span class='ocrx_word' id='word_1_408' title='bbox 2002 3736 2334 3819; x_wconf 90' lang='lat' dir='ltr'><strong>sequentia</strong></span> <span class='ocrx_word' id='word_1_409' title='bbox 2391 3734 2826 3798; x_wconf 82' lang='lat' dir='ltr'><strong>verificentur.</strong></span> <span class='ocrx_word' id='word_1_410' title='bbox 2889 3735 3194 3799; x_wconf 92' lang='lat' dir='ltr'><strong>Subditur</strong></span> <span class='ocrx_word' id='word_1_411' title='bbox 3251 3737 3422 3800; x_wconf 89' lang='lat' dir='ltr'><strong>enim</strong></span> <span class='ocrx_word' id='word_1_412' title='bbox 3479 3756 3492 3800; x_wconf 91' lang='lat'>:</span> 
     </span>
     <span class='ocr_line' id='line_1_69' title="bbox 1998 3834 3498 3918; baseline 0.001 -20"><span class='ocrx_word' id='word_1_413' title='bbox 1998 3835 2131 3898; x_wconf 92' lang='lat' dir='ltr'><strong>Nisi</strong></span> <span class='ocrx_word' id='word_1_414' title='bbox 2199 3835 2396 3897; x_wconf 89' lang='lat' dir='ltr'><strong>Filius</strong></span> <span class='ocrx_word' id='word_1_415' title='bbox 2463 3834 2760 3897; x_wconf 89' lang='lat' dir='ltr'><strong>hominis.</strong></span> <span class='ocrx_word' id='word_1_416' title='bbox 2832 3834 3187 3898; x_wconf 87' lang='lat' dir='ltr'><strong>Ascendere</strong></span> <span class='ocrx_word' id='word_1_417' title='bbox 3253 3837 3498 3918; x_wconf 90' lang='lat' dir='ltr'><strong>quippe</strong></span> 
     </span>
     <span class='ocr_line' id='line_1_70' title="bbox 2002 3932 3496 4017; baseline 0 -21"><span class='ocrx_word' id='word_1_418' title='bbox 2002 3934 2304 4017; x_wconf 89' lang='lat' dir='ltr'><strong>competit</strong></span> <span class='ocrx_word' id='word_1_419' title='bbox 2352 3932 2597 3997; x_wconf 89' lang='lat' dir='ltr'><strong>Christo</strong></span> <span class='ocrx_word' id='word_1_420' title='bbox 2656 3932 2897 3996; x_wconf 89' lang='lat' dir='ltr'><strong>ratione</strong></span> <span class='ocrx_word' id='word_1_421' title='bbox 2955 3940 3194 3996; x_wconf 83' lang='lat' dir='ltr'><strong>naturae</strong></span> <span class='ocrx_word' id='word_1_422' title='bbox 3247 3954 3496 3996; x_wconf 90' lang='lat' dir='ltr'><strong>assum-</strong></span> 
     </span>
     <span class='ocr_line' id='line_1_71' title="bbox 2003 4032 3496 4114; baseline -0.001 -19"><span class='ocrx_word' id='word_1_423' title='bbox 2003 4041 2146 4114; x_wconf 83' lang='lat' dir='ltr'><strong>ptae,</strong></span> <span class='ocrx_word' id='word_1_424' title='bbox 2199 4032 2552 4094; x_wconf 88' lang='lat' dir='ltr'><strong>secundum</strong></span> <span class='ocrx_word' id='word_1_425' title='bbox 2600 4049 2794 4112; x_wconf 85' lang='lat' dir='ltr'><strong>quam</strong></span> <span class='ocrx_word' id='word_1_426' title='bbox 2843 4050 2959 4113; x_wconf 91' lang='lat' dir='ltr'><strong>pro</strong></span> <span class='ocrx_word' id='word_1_427' title='bbox 3009 4039 3163 4094; x_wconf 92' lang='lat' dir='ltr'><strong>tunc</strong></span> <span class='ocrx_word' id='word_1_428' title='bbox 3213 4034 3496 4096; x_wconf 92' lang='lat' dir='ltr'><strong>nondum</strong></span> 
     </span>
     <span class='ocr_line' id='line_1_72' title="bbox 2000 4128 3492 4213; baseline -0.001 -20"><span class='ocrx_word' id='word_1_429' title='bbox 2000 4130 2302 4193; x_wconf 88' lang='lat' dir='ltr'><strong>ascendit.</strong></span> <span class='ocrx_word' id='word_1_430' title='bbox 2354 4128 2488 4192; x_wconf 93' lang='lat' dir='ltr'><strong>Non</strong></span> <span class='ocrx_word' id='word_1_431' title='bbox 2547 4147 2697 4210; x_wconf 88' lang='lat' dir='ltr'><strong>ergo</strong></span> <span class='ocrx_word' id='word_1_432' title='bbox 2744 4130 3096 4211; x_wconf 82' lang='lat' dir='ltr'><strong>excepisset</strong></span> <span class='ocrx_word' id='word_1_433' title='bbox 3141 4147 3210 4191; x_wconf 90' lang='lat' dir='ltr'><strong>se</strong></span> <span class='ocrx_word' id='word_1_434' title='bbox 3259 4129 3492 4213; x_wconf 90' lang='lat' dir='ltr'><strong>ipsum,</strong></span> 
     </span>
    </p>
   </div>
   <div class='ocr_carea' id='block_1_17' title="bbox 362 4226 3492 4311">
    <p class='ocr_par' dir='ltr' id='par_1_18' title="bbox 362 4226 3492 4311">
     <span class='ocr_line' id='line_1_73' title="bbox 362 4226 3492 4311; baseline -0.001 -19"><span class='ocrx_word' id='word_1_435' title='bbox 362 4229 603 4294; x_wconf 86' lang='lat' dir='ltr'><strong>unitas</strong></span> <span class='ocrx_word' id='word_1_436' title='bbox 643 4245 930 4311; x_wconf 83' lang='lat' dir='ltr'><strong>personae</strong></span> <span class='ocrx_word' id='word_1_437' title='bbox 962 4226 1069 4288; x_wconf 90' lang='lat' dir='ltr'><strong>Dei</strong></span> <span class='ocrx_word' id='word_1_438' title='bbox 1100 4234 1165 4288; x_wconf 91' lang='lat' dir='ltr'><strong>et</strong></span> <span class='ocrx_word' id='word_1_439' title='bbox 1202 4226 1480 4290; x_wconf 86' lang='lat' dir='ltr'><strong>bominis</strong></span> <span class='ocrx_word' id='word_1_440' title='bbox 1521 4226 1586 4288; x_wconf 90' lang='lat' dir='ltr'><strong>in</strong></span> <span class='ocrx_word' id='word_1_441' title='bbox 1620 4227 1886 4304; x_wconf 91' lang='lat' dir='ltr'><strong>Christo,</strong></span> <span class='ocrx_word' id='word_1_442' title='bbox 1921 4234 1971 4297; x_wconf 93' lang='lat' dir='ltr'><strong>D</strong></span> <span class='ocrx_word' id='word_1_443' title='bbox 2002 4229 2053 4291; x_wconf 93' lang='lat' dir='ltr'><strong>si</strong></span> <span class='ocrx_word' id='word_1_444' title='bbox 2090 4227 2392 4311; x_wconf 80' lang='lat' dir='ltr'><strong>praedicto</strong></span> <span class='ocrx_word' id='word_1_445' title='bbox 2421 4229 2610 4291; x_wconf 91' lang='lat' dir='ltr'><strong>modo</strong></span> <span class='ocrx_word' id='word_1_446' title='bbox 2641 4228 3022 4309; x_wconf 88' lang='lat' dir='ltr'><strong>sumpsisset</strong></span> <span class='ocrx_word' id='word_1_447' title='bbox 3054 4228 3172 4291; x_wconf 92' lang='lat' dir='ltr'><strong>hoc</strong></span> <span class='ocrx_word' id='word_1_448' title='bbox 3204 4229 3492 4304; x_wconf 91' lang='lat' dir='ltr'><strong>verbum,</strong></span> 
     </span>
    </p>
   </div>
   <div class='ocr_carea' id='block_1_18' title="bbox 354 4325 1891 5397">
    <p class='ocr_par' dir='ltr' id='par_1_19' title="bbox 360 4325 1891 4689">
     <span class='ocr_line' id='line_1_74' title="bbox 362 4325 1891 4412; baseline -0.003 -18"><span class='ocrx_word' id='word_1_449' title='bbox 362 4328 767 4412; x_wconf 76' lang='lat' dir='ltr'><strong>mysterium</strong></span> <span class='ocrx_word' id='word_1_450' title='bbox 824 4325 1158 4388; x_wconf 80' lang='lat' dir='ltr'><strong>dominicae</strong></span> <span class='ocrx_word' id='word_1_451' title='bbox 1215 4325 1552 4407; x_wconf 90' lang='lat' dir='ltr'><strong>passionis,</strong></span> <span class='ocrx_word' id='word_1_452' title='bbox 1606 4334 1669 4388; x_wconf 91' lang='lat' dir='ltr'><strong>et</strong></span> <span class='ocrx_word' id='word_1_453' title='bbox 1714 4345 1891 4391; x_wconf 89' lang='lat' dir='ltr'><strong>amor</strong></span> 
     </span>
     <span class='ocr_line' id='line_1_75' title="bbox 360 4423 1889 4505; baseline -0.004 -13"><span class='ocrx_word' id='word_1_454' title='bbox 360 4426 496 4492; x_wconf 88' lang='lat' dir='ltr'><strong>Dei</strong></span> <span class='ocrx_word' id='word_1_455' title='bbox 560 4427 638 4489; x_wconf 88' lang='lat' dir='ltr'><strong>ad</strong></span> <span class='ocrx_word' id='word_1_456' title='bbox 693 4443 895 4505; x_wconf 80' lang='lat' dir='ltr'><strong>genus</strong></span> <span class='ocrx_word' id='word_1_457' title='bbox 954 4423 1361 4501; x_wconf 82' lang='lat' dir='ltr'><strong>humanum3</strong></span> <span class='ocrx_word' id='word_1_458' title='bbox 1416 4423 1655 4488; x_wconf 91' lang='lat' dir='ltr'><strong>idcirco</strong></span> <span class='ocrx_word' id='word_1_459' title='bbox 1712 4424 1889 4487; x_wconf 92' lang='lat' dir='ltr'><strong>Chri-</strong></span> 
     </span>
     <span class='ocr_line' id='line_1_76' title="bbox 364 4510 1891 4603; baseline -0.003 -13"><span class='ocrx_word' id='word_1_460' title='bbox 364 4534 527 4591; x_wconf 83' lang='lat' dir='ltr'><strong>stus</strong></span> <span class='ocrx_word' id='word_1_461' title='bbox 568 4524 645 4586; x_wconf 93' lang='lat' dir='ltr'><strong>de</strong></span> <span class='ocrx_word' id='word_1_462' title='bbox 694 4522 929 4585; x_wconf 85' lang='lat' dir='ltr'><strong>talibus</strong></span> <span class='ocrx_word' id='word_1_463' title='bbox 976 4510 1442 4603; x_wconf 85' lang='lat' dir='ltr'><strong>consequenter</strong></span> <span class='ocrx_word' id='word_1_464' title='bbox 1485 4521 1744 4584; x_wconf 91' lang='lat' dir='ltr'><strong>instruit</strong></span> <span class='ocrx_word' id='word_1_465' title='bbox 1786 4522 1891 4586; x_wconf 90' lang='lat' dir='ltr'><strong>Ni-</strong></span> 
     </span>
     <span class='ocr_line' id='line_1_77' title="bbox 365 4623 753 4689; baseline -0.021 0"><span class='ocrx_word' id='word_1_466' title='bbox 365 4623 753 4689; x_wconf 74' lang='lat' dir='ltr'><strong>eudemum.</strong></span> 
     </span>
    </p>

    <p class='ocr_par' dir='ltr' id='par_1_20' title="bbox 354 4719 1891 5397">
     <span class='ocr_line' id='line_1_78' title="bbox 464 4719 1885 4803; baseline 0 -20"><span class='ocrx_word' id='word_1_467' title='bbox 464 4723 560 4784; x_wconf 76' lang='lat' dir='ltr'><strong>Ec</strong></span> <span class='ocrx_word' id='word_1_468' title='bbox 586 4739 771 4781; x_wconf 79' lang='lat' dir='ltr'><strong>nemo</strong></span> <span class='ocrx_word' id='word_1_469' title='bbox 800 4720 1089 4779; x_wconf 77' lang='lat' dir='ltr'><strong>ascendit</strong></span> <span class='ocrx_word' id='word_1_470' title='bbox 1116 4719 1191 4778; x_wconf 83' lang='lat' dir='ltr'><strong>in</strong></span> <span class='ocrx_word' id='word_1_471' title='bbox 1220 4722 1451 4780; x_wconf 82' lang='lat' dir='ltr'><strong>coelum</strong></span> <span class='ocrx_word' id='word_1_472' title='bbox 1489 4737 1885 4803; x_wconf 85' lang='lat' dir='ltr'><strong>empyreum,</strong></span> 
     </span>
     <span class='ocr_line' id='line_1_79' title="bbox 360 4815 1891 4904; baseline -0.001 -22"><span class='ocrx_word' id='word_1_473' title='bbox 360 4819 565 4904; x_wconf 86' lang='lat' dir='ltr'><strong>quod</strong></span> <span class='ocrx_word' id='word_1_474' title='bbox 602 4827 699 4880; x_wconf 89' lang='lat' dir='ltr'><strong>est</strong></span> <span class='ocrx_word' id='word_1_475' title='bbox 736 4816 913 4880; x_wconf 90' lang='lat' dir='ltr'><strong>locus</strong></span> <span class='ocrx_word' id='word_1_476' title='bbox 950 4823 1015 4877; x_wconf 92' lang='lat' dir='ltr'><strong>et</strong></span> <span class='ocrx_word' id='word_1_477' title='bbox 1052 4816 1297 4879; x_wconf 88' lang='lat' dir='ltr'><strong>mansio</strong></span> <span class='ocrx_word' id='word_1_478' title='bbox 1336 4815 1688 4892; x_wconf 88' lang='lat' dir='ltr'><strong>Beatorum,</strong></span> <span class='ocrx_word' id='word_1_479' title='bbox 1724 4820 1891 4881; x_wconf 91' lang='lat' dir='ltr'><strong>sicut</strong></span> 
     </span>
     <span class='ocr_line' id='line_1_80' title="bbox 360 4913 1891 4983; baseline -0.004 0"><span class='ocrx_word' id='word_1_480' title='bbox 360 4917 659 4983; x_wconf 79' lang='lat' dir='ltr'><strong>ecclesia</strong></span> <span class='ocrx_word' id='word_1_481' title='bbox 696 4913 901 4976; x_wconf 89' lang='lat' dir='ltr'><strong>fertur</strong></span> <span class='ocrx_word' id='word_1_482' title='bbox 939 4913 1115 4977; x_wconf 91' lang='lat' dir='ltr'><strong>locus</strong></span> <span class='ocrx_word' id='word_1_483' title='bbox 1157 4913 1496 4976; x_wconf 88' lang='lat' dir='ltr'><strong>orantium.</strong></span> <span class='ocrx_word' id='word_1_484' title='bbox 1531 4914 1741 4980; x_wconf 90' lang='lat' dir='ltr'><strong>Nihilo</strong></span> <span class='ocrx_word' id='word_1_485' title='bbox 1780 4916 1891 4978; x_wconf 91' lang='lat' dir='ltr'><strong>mi-</strong></span> 
     </span>
     <span class='ocr_line' id='line_1_81' title="bbox 361 5012 1891 5094; baseline -0.001 -15"><span class='ocrx_word' id='word_1_486' title='bbox 361 5037 527 5088; x_wconf 82' lang='lat' dir='ltr'><strong>nuS,</strong></span> <span class='ocrx_word' id='word_1_487' title='bbox 562 5015 730 5076; x_wconf 89' lang='lat' dir='ltr'><strong>sicut</strong></span> <span class='ocrx_word' id='word_1_488' title='bbox 765 5012 990 5075; x_wconf 86' lang='lat' dir='ltr'><strong>fideles</strong></span> <span class='ocrx_word' id='word_1_489' title='bbox 1028 5030 1207 5075; x_wconf 90' lang='lat' dir='ltr'><strong>orare</strong></span> <span class='ocrx_word' id='word_1_490' title='bbox 1248 5020 1515 5094; x_wconf 88' lang='lat' dir='ltr'><strong>possunt</strong></span> <span class='ocrx_word' id='word_1_491' title='bbox 1552 5023 1727 5077; x_wconf 86' lang='lat' dir='ltr'><strong>extra</strong></span> <span class='ocrx_word' id='word_1_492' title='bbox 1767 5034 1891 5077; x_wconf 87' lang='lat' dir='ltr'><strong>ma-</strong></span> 
     </span>
     <span class='ocr_line' id='line_1_82' title="bbox 356 5110 1887 5184; baseline -0.003 -4"><span class='ocrx_word' id='word_1_493' title='bbox 356 5114 674 5181; x_wconf 78' lang='lat' dir='ltr'><strong>terialem</strong></span> <span class='ocrx_word' id='word_1_494' title='bbox 722 5111 1074 5184; x_wconf 89' lang='lat' dir='ltr'><strong>ecclesiam,</strong></span> <span class='ocrx_word' id='word_1_495' title='bbox 1118 5111 1211 5173; x_wconf 90' lang='lat' dir='ltr'><strong>sic</strong></span> <span class='ocrx_word' id='word_1_496' title='bbox 1256 5110 1423 5174; x_wconf 89' lang='lat' dir='ltr'><strong>Beati</strong></span> <span class='ocrx_word' id='word_1_497' title='bbox 1474 5111 1670 5175; x_wconf 89' lang='lat' dir='ltr'><strong>Deum</strong></span> <span class='ocrx_word' id='word_1_498' title='bbox 1720 5114 1887 5176; x_wconf 90' lang='lat' dir='ltr'><strong>clare</strong></span> 
     </span>
     <span class='ocr_line' id='line_1_83' title="bbox 358 5209 1889 5295; baseline -0.006 -15"><span class='ocrx_word' id='word_1_499' title='bbox 358 5211 794 5295; x_wconf 79' lang='lat' dir='ltr'><strong>conspiciunt</strong></span> <span class='ocrx_word' id='word_1_500' title='bbox 854 5209 1241 5290; x_wconf 91' lang='lat' dir='ltr'><strong>ubicumque</strong></span> <span class='ocrx_word' id='word_1_501' title='bbox 1296 5209 1674 5273; x_wconf 86' lang='lat' dir='ltr'><strong>exstiterint.</strong></span> <span class='ocrx_word' id='word_1_502' title='bbox 1735 5214 1889 5276; x_wconf 80' lang='lat' dir='ltr'><strong>Nisi</strong></span> 
     </span>
     <span class='ocr_line' id='line_1_84' title="bbox 354 5307 1884 5397; baseline -0.002 -23"><span class='ocrx_word' id='word_1_503' title='bbox 354 5313 499 5397; x_wconf 76' lang='lat' dir='ltr'><strong>qui</strong></span> <span class='ocrx_word' id='word_1_504' title='bbox 552 5309 883 5371; x_wconf 73' lang='lat' dir='ltr'><strong>descendit</strong></span> <span class='ocrx_word' id='word_1_505' title='bbox 933 5310 1016 5368; x_wconf 84' lang='lat' dir='ltr'><strong>de</strong></span> <span class='ocrx_word' id='word_1_506' title='bbox 1069 5311 1247 5377; x_wconf 85' lang='lat' dir='ltr'><strong>coelo,</strong></span> <span class='ocrx_word' id='word_1_507' title='bbox 1296 5307 1636 5371; x_wconf 89' lang='lat' dir='ltr'><strong>humanam</strong></span> <span class='ocrx_word' id='word_1_508' title='bbox 1700 5317 1884 5372; x_wconf 89' lang='lat' dir='ltr'><strong>natu-</strong></span> 
     </span>
    </p>
   </div>
   <div class='ocr_carea' id='block_1_19' title="bbox 1996 4325 3498 5396">
    <p class='ocr_par' dir='ltr' id='par_1_21' title="bbox 1996 4325 3498 5396">
     <span class='ocr_line' id='line_1_85' title="bbox 2000 4325 3491 4408; baseline 0.001 -20"><span class='ocrx_word' id='word_1_509' title='bbox 2000 4327 2313 4389; x_wconf 86' lang='lat' dir='ltr'><strong>Ascendit.</strong></span> <span class='ocrx_word' id='word_1_510' title='bbox 2341 4325 2610 4398; x_wconf 83' lang='lat' dir='ltr'><strong>Quaestio</strong></span> <span class='ocrx_word' id='word_1_511' title='bbox 2651 4326 2769 4388; x_wconf 88' lang='lat' dir='ltr'><strong>ista</strong></span> <span class='ocrx_word' id='word_1_512' title='bbox 2798 4326 3140 4408; x_wconf 90' lang='lat' dir='ltr'><strong>dupliciter</strong></span> <span class='ocrx_word' id='word_1_513' title='bbox 3179 4327 3448 4390; x_wconf 87' lang='lat' dir='ltr'><strong>solvitur</strong></span> <span class='ocrx_word' id='word_1_514' title='bbox 3477 4347 3491 4390; x_wconf 76' lang='grc' dir='ltr'><strong><em>ε</em></strong></span> 
     </span>
     <span class='ocr_line' id='line_1_86' title="bbox 2003 4424 3498 4500; baseline 0.003 -13"><span class='ocrx_word' id='word_1_515' title='bbox 2003 4424 2232 4500; x_wconf 89' lang='lat' dir='ltr'><strong>Primo,</strong></span> <span class='ocrx_word' id='word_1_516' title='bbox 2276 4432 2346 4486; x_wconf 90' lang='lat' dir='ltr'><strong>ut</strong></span> <span class='ocrx_word' id='word_1_517' title='bbox 2391 4424 2563 4487; x_wconf 92' lang='lat' dir='ltr'><strong>solus</strong></span> <span class='ocrx_word' id='word_1_518' title='bbox 2606 4424 2802 4487; x_wconf 82' lang='lat' dir='ltr'><strong>Filius</strong></span> <span class='ocrx_word' id='word_1_519' title='bbox 2853 4425 3132 4488; x_wconf 90' lang='lat' dir='ltr'><strong>hominis</strong></span> <span class='ocrx_word' id='word_1_520' title='bbox 3179 4427 3498 4491; x_wconf 90' lang='lat' dir='ltr'><strong>ascendis-</strong></span> 
     </span>
     <span class='ocr_line' id='line_1_87' title="bbox 2002 4522 3497 4608; baseline 0.004 -23"><span class='ocrx_word' id='word_1_521' title='bbox 2002 4541 2070 4585; x_wconf 92' lang='lat' dir='ltr'><strong>se</strong></span> <span class='ocrx_word' id='word_1_522' title='bbox 2118 4523 2384 4597; x_wconf 89' lang='lat' dir='ltr'><strong>dicatur,</strong></span> <span class='ocrx_word' id='word_1_523' title='bbox 2435 4522 2737 4603; x_wconf 91' lang='lat' dir='ltr'><strong>quoniam</strong></span> <span class='ocrx_word' id='word_1_524' title='bbox 2795 4523 2968 4587; x_wconf 91' lang='lat' dir='ltr'><strong>solus</strong></span> <span class='ocrx_word' id='word_1_525' title='bbox 3020 4525 3278 4607; x_wconf 90' lang='lat' dir='ltr'><strong>propria</strong></span> <span class='ocrx_word' id='word_1_526' title='bbox 3323 4534 3497 4608; x_wconf 90' lang='lat' dir='ltr'><strong>pote-</strong></span> 
     </span>
     <span class='ocr_line' id='line_1_88' title="bbox 2001 4621 3494 4704; baseline 0.003 -18"><span class='ocrx_word' id='word_1_527' title='bbox 2001 4631 2181 4703; x_wconf 87' lang='lat' dir='ltr'><strong>state,</strong></span> <span class='ocrx_word' id='word_1_528' title='bbox 2209 4621 2353 4703; x_wconf 91' lang='lat' dir='ltr'><strong>jure</strong></span> <span class='ocrx_word' id='word_1_529' title='bbox 2391 4640 2463 4684; x_wconf 88' lang='lat' dir='ltr'><strong>ac</strong></span> <span class='ocrx_word' id='word_1_530' title='bbox 2497 4621 2724 4685; x_wconf 90' lang='lat' dir='ltr'><strong>merito</strong></span> <span class='ocrx_word' id='word_1_531' title='bbox 2761 4623 3173 4704; x_wconf 82' lang='lat' dir='ltr'><strong>ascendebat3</strong></span> <span class='ocrx_word' id='word_1_532' title='bbox 3205 4625 3313 4688; x_wconf 88' lang='lat' dir='ltr'><strong>alii</strong></span> <span class='ocrx_word' id='word_1_533' title='bbox 3345 4644 3494 4691; x_wconf 83' lang='lat' dir='ltr'><strong>vero</strong></span> 
     </span>
     <span class='ocr_line' id='line_1_89' title="bbox 2001 4719 3494 4804; baseline 0.002 -20"><span class='ocrx_word' id='word_1_534' title='bbox 2001 4721 2236 4785; x_wconf 84' lang='lat' dir='ltr'><strong>virtute</strong></span> <span class='ocrx_word' id='word_1_535' title='bbox 2284 4729 2346 4782; x_wconf 92' lang='lat' dir='ltr'><strong>et</strong></span> <span class='ocrx_word' id='word_1_536' title='bbox 2393 4719 2620 4782; x_wconf 90' lang='lat' dir='ltr'><strong>merito</strong></span> <span class='ocrx_word' id='word_1_537' title='bbox 2669 4719 2922 4795; x_wconf 90' lang='lat' dir='ltr'><strong>Christi,</strong></span> <span class='ocrx_word' id='word_1_538' title='bbox 2967 4721 3150 4802; x_wconf 87' lang='lat' dir='ltr'><strong>cujus</strong></span> <span class='ocrx_word' id='word_1_539' title='bbox 3202 4723 3494 4804; x_wconf 89' lang='lat' dir='ltr'><strong>passione</strong></span> 
     </span>
     <span class='ocr_line' id='line_1_90' title="bbox 2000 4818 3494 4902; baseline 0.002 -20"><span class='ocrx_word' id='word_1_540' title='bbox 2000 4819 2263 4882; x_wconf 89' lang='lat' dir='ltr'><strong>fuerunt</strong></span> <span class='ocrx_word' id='word_1_541' title='bbox 2299 4818 2380 4880; x_wconf 90' lang='lat' dir='ltr'><strong>ab</strong></span> <span class='ocrx_word' id='word_1_542' title='bbox 2424 4819 2748 4900; x_wconf 86' lang='lat' dir='ltr'><strong>originalis</strong></span> <span class='ocrx_word' id='word_1_543' title='bbox 2797 4820 3036 4902; x_wconf 91' lang='lat' dir='ltr'><strong>peccati</strong></span> <span class='ocrx_word' id='word_1_544' title='bbox 3081 4821 3353 4884; x_wconf 88' lang='lat' dir='ltr'><strong>absoluti</strong></span> <span class='ocrx_word' id='word_1_545' title='bbox 3398 4841 3494 4885; x_wconf 91' lang='lat' dir='ltr'><strong>re-</strong></span> 
     </span>
     <span class='ocr_line' id='line_1_91' title="bbox 1998 4917 3495 4991; baseline 0.003 -11"><span class='ocrx_word' id='word_1_546' title='bbox 1998 4925 2126 4980; x_wconf 91' lang='lat' dir='ltr'><strong>atu.</strong></span> <span class='ocrx_word' id='word_1_547' title='bbox 2180 4917 2489 4991; x_wconf 91' lang='lat' dir='ltr'><strong>Secundo,</strong></span> <span class='ocrx_word' id='word_1_548' title='bbox 2540 4925 2608 4979; x_wconf 89' lang='lat' dir='ltr'><strong>ut</strong></span> <span class='ocrx_word' id='word_1_549' title='bbox 2657 4919 2916 4982; x_wconf 89' lang='lat' dir='ltr'><strong>nomine</strong></span> <span class='ocrx_word' id='word_1_550' title='bbox 2971 4918 3202 4982; x_wconf 90' lang='lat' dir='ltr'><strong>Christi</strong></span> <span class='ocrx_word' id='word_1_551' title='bbox 3262 4920 3495 4984; x_wconf 90' lang='lat' dir='ltr'><strong>intelli-</strong></span> 
     </span>
     <span class='ocr_line' id='line_1_92' title="bbox 1996 5015 3491 5098; baseline 0.003 -22"><span class='ocrx_word' id='word_1_552' title='bbox 1996 5023 2180 5097; x_wconf 89' lang='lat' dir='ltr'><strong>gatur</strong></span> <span class='ocrx_word' id='word_1_553' title='bbox 2230 5033 2354 5080; x_wconf 92' lang='lat' dir='ltr'><strong>non</strong></span> <span class='ocrx_word' id='word_1_554' title='bbox 2405 5016 2610 5078; x_wconf 90' lang='lat' dir='ltr'><strong>solum</strong></span> <span class='ocrx_word' id='word_1_555' title='bbox 2660 5015 2888 5079; x_wconf 90' lang='lat' dir='ltr'><strong>Christi</strong></span> <span class='ocrx_word' id='word_1_556' title='bbox 2940 5034 3230 5098; x_wconf 90' lang='lat' dir='ltr'><strong>persona,</strong></span> <span class='ocrx_word' id='word_1_557' title='bbox 3274 5020 3382 5081; x_wconf 91' lang='lat' dir='ltr'><strong>sed</strong></span> <span class='ocrx_word' id='word_1_558' title='bbox 3430 5026 3491 5081; x_wconf 90' lang='lat' dir='ltr'><strong>et</strong></span> 
     </span>
     <span class='ocr_line' id='line_1_93' title="bbox 1998 5113 3492 5198; baseline 0.002 -23"><span class='ocrx_word' id='word_1_559' title='bbox 1998 5113 2336 5196; x_wconf 85' lang='lat' dir='ltr'><strong>mysticum</strong></span> <span class='ocrx_word' id='word_1_560' title='bbox 2371 5133 2600 5195; x_wconf 90' lang='lat' dir='ltr'><strong>corpus</strong></span> <span class='ocrx_word' id='word_1_561' title='bbox 2633 5113 2856 5194; x_wconf 76' lang='lat' dir='ltr'><strong>ipsiUS,</strong></span> <span class='ocrx_word' id='word_1_562' title='bbox 2892 5122 3044 5196; x_wconf 89' lang='lat' dir='ltr'><strong>puta</strong></span> <span class='ocrx_word' id='word_1_563' title='bbox 3073 5114 3353 5178; x_wconf 86' lang='lat' dir='ltr'><strong>Ecclesia</strong></span> <span class='ocrx_word' id='word_1_564' title='bbox 3384 5136 3492 5198; x_wconf 87' lang='lat' dir='ltr'><strong>pa-</strong></span> 
     </span>
     <span class='ocr_line' id='line_1_94' title="bbox 1998 5211 3490 5296; baseline 0.002 -22"><span class='ocrx_word' id='word_1_565' title='bbox 1998 5221 2169 5274; x_wconf 91' lang='lat' dir='ltr'><strong>trum</strong></span> <span class='ocrx_word' id='word_1_566' title='bbox 2211 5229 2354 5292; x_wconf 74' lang='lat' dir='ltr'><strong>quae</strong></span> <span class='ocrx_word' id='word_1_567' title='bbox 2385 5211 2783 5273; x_wconf 84' lang='lat' dir='ltr'><strong>detinebatur</strong></span> <span class='ocrx_word' id='word_1_568' title='bbox 2815 5211 2880 5273; x_wconf 92' lang='lat' dir='ltr'><strong>in</strong></span> <span class='ocrx_word' id='word_1_569' title='bbox 2913 5211 3132 5287; x_wconf 89' lang='lat' dir='ltr'><strong>limbo,</strong></span> <span class='ocrx_word' id='word_1_570' title='bbox 3166 5214 3490 5296; x_wconf 89' lang='lat' dir='ltr'><strong>ceterique</strong></span> 
     </span>
     <span class='ocr_line' id='line_1_95' title="bbox 1998 5308 3488 5396; baseline 0.005 -25"><span class='ocrx_word' id='word_1_571' title='bbox 1998 5310 2184 5372; x_wconf 87' lang='lat' dir='ltr'><strong>electi</strong></span> <span class='ocrx_word' id='word_1_572' title='bbox 2225 5309 2486 5373; x_wconf 91' lang='lat' dir='ltr'><strong>omnino</strong></span> <span class='ocrx_word' id='word_1_573' title='bbox 2524 5308 2837 5384; x_wconf 87' lang='lat' dir='ltr'><strong>mundati,</strong></span> <span class='ocrx_word' id='word_1_574' title='bbox 2880 5309 2959 5372; x_wconf 90' lang='lat' dir='ltr'><strong>de</strong></span> <span class='ocrx_word' id='word_1_575' title='bbox 2998 5309 3236 5392; x_wconf 90' lang='lat' dir='ltr'><strong>quibus</strong></span> <span class='ocrx_word' id='word_1_576' title='bbox 3283 5314 3488 5396; x_wconf 88' lang='lat' dir='ltr'><strong>speci-</strong></span> 
     </span>
    </p>
   </div>
   <div class='ocr_carea' id='block_1_20' title="bbox 3527 1581 3790 1632">
    <p class='ocr_par' dir='ltr' id='par_1_22' title="bbox 3527 1581 3790 1632">
     <span class='ocr_line' id='line_1_96' title="bbox 3527 1581 3790 1632; baseline -0.011 -7"><span class='ocrx_word' id='word_1_577' title='bbox 3527 1581 3562 1626; x_wconf 89' lang='lat'><strong>11</strong></span> <span class='ocrx_word' id='word_1_578' title='bbox 3580 1582 3685 1626; x_wconf 72' lang='lat' dir='ltr'><strong>Cor.</strong></span> <span class='ocrx_word' id='word_1_579' title='bbox 3702 1583 3767 1632; x_wconf 78' lang='lat' dir='ltr'><strong>v,¹</strong></span> <span class='ocrx_word' id='word_1_580' title='bbox 3779 1609 3790 1623; x_wconf 91' lang='lat'><strong>.</strong></span> 
     </span>
    </p>
   </div>
   <div class='ocr_carea' id='block_1_21' title="bbox 3523 2469 3790 2586">
    <p class='ocr_par' dir='ltr' id='par_1_23' title="bbox 3523 2469 3790 2586">
     <span class='ocr_line' id='line_1_97' title="bbox 3579 2469 3748 2514; baseline 0 0"><span class='ocrx_word' id='word_1_581' title='bbox 3579 2469 3748 2514; x_wconf 65' lang='lat' dir='ltr'><strong>Mueck.</strong></span> 
     </span>
     <span class='ocr_line' id='line_1_98' title="bbox 3523 2535 3790 2586; baseline -0.004 -10"><span class='ocrx_word' id='word_1_582' title='bbox 3523 2535 3790 2586; x_wconf 69' lang='lat' dir='ltr'><strong>xxvu,52‚58.</strong></span> 
     </span>
    </p>
   </div>
  </div>
 </body>
</html>
