4300 6259
1107 513 1460 560 nummio
1503 512 1568 558 m
1609 511 1748 559 uxr.
1793 513 1882 559 ιιι
1922 513 2201 560 :omns
2247 533 2327 544 —
2368 515 2511 562 Am.
2556 516 2731 564 xxxu
3353 500 3469 567 511

365 682 528 745 siam
559 691 624 744 et
653 701 877 746 verum
909 684 1230 748 doctorem
1271 692 1532 767 propter
1562 684 1869 747 miracula
1896 683 1948 746 A
1977 685 2179 748 multa
2225 686 2443 750 divino
2492 687 2716 752 honori
2760 689 3075 752 contraria
3121 691 3473 772 sequeban-

365 781 534 861 ejuS,
577 790 640 844 et
678 782 832 864 quia
875 782 1174 845 viderunt
1212 783 1557 864 scripturas
1600 782 1870 864 Prophe-

364 888 579 942 tarum
641 871 734 942 in*
769 880 911 962 ipso
968 880 1248 963 impleri.
1311 881 1446 945 Non
1507 890 1716 944 tamen
1776 881 1869 943 sic

363 979 796 1052 crediderunt,
826 981 1000 1061 quod
1031 981 1348 1043 credendo
1377 980 1736 1043 obedierint
1765 981 1870 1044 do-

359 1077 687 1158 gmatibus
737 1077 993 1154 Christi,
1037 1079 1138 1141 vel
1186 1079 1356 1161 quod
1397 1079 1536 1160 ejus
1575 1079 1874 1142 divinita-

366 1185 498 1239 tem
551 1195 668 1259 per
710 1177 910 1240 fidem
952 1179 1349 1258 agnoverint.
1393 1178 1664 1261 Fuitque
1708 1178 1870 1242 fides

363 1293 592 1338 eorum
624 1275 943 1350 informiS,
977 1284 1040 1338 et
1071 1277 1424 1358 plurimum
1461 1277 1868 1360 incompleta,

365 1392 486 1436 nec
516 1376 596 1436 ad
626 1375 896 1437 salutem
928 1373 1285 1438 sufficiens.
1321 1375 1626 1438 Subditur
1654 1377 1865 1439 enim:

361 1477 476 1534 sed
497 1483 766 1552 propter
797 1476 1182 1543 Pharisaeos‚
1213 1474 1332 1538 hoc
1373 1483 1468 1536 est
1504 1475 1733 1538 timore
1778 1476 1872 1538 in-

365 1573 778 1635 credulorum
809 1572 1290 1646 Pharisaeorum,
1327 1594 1456 1635 non
1485 1577 1874 1652 confiteban-

368 1681 502 1741 tur,
539 1670 660 1734 hoc
699 1678 814 1742 est,
850 1671 1064 1734 verbis
1096 1690 1224 1734 non
1253 1672 1718 1754 exprimebant,
1755 1692 1872 1736 nec

364 1787 565 1852 opere
615 1769 1134 1833 demonstrabant
1191 1769 1387 1832 sidem
1446 1790 1626 1833 suam
1679 1772 1868 1834 etiam

1982 792 2102 846 tur.
2136 784 2254 858 Qui
2292 786 2465 848 enim
2506 806 2630 850 non
2664 787 2864 850 credit
2894 788 2959 850 in
3002 789 3181 864 Filio,
3216 791 3474 852 menda·
3521 807 3693 852 {Joann
3724 824 3765 862 v,

1980 901 2118 945 cem
2158 882 2311 946 facit
2348 883 2613 948 Patrem.
2650 885 2950 949 Confiteri
2993 888 3236 970 quippe
3276 887 3473 950 fidem
3505 873 3571 915 '⁰'

1982 981 2259 1062 pertinet
2294 983 2371 1044 ad
2412 993 2803 1066 praeceptum
2852 984 3336 1050 affirmativum.
3384 987 3479 1049 ld-

1979 1097 2054 1142 eo
2091 1082 2385 1162 quamvis
2426 1101 2548 1146 non
2593 1083 2831 1165 obliget
2876 1086 2952 1147 ad
2998 1103 3273 1168 semper,
3322 1086 3479 1150 obli-

1979 1185 2085 1258 gat
2131 1187 2343 1242 tamen
2396 1199 2669 1263 semper,
2717 1183 3015 1246 videlicet
3066 1203 3179 1266 pro
3230 1183 3369 1248 loco
3418 1191 3483 1245 ct

1982 1284 2268 1360 tempore
2320 1298 2333 1341 ε
2390 1280 2625 1344 idcirco
2682 1282 2947 1345 mortale
3006 1291 3335 1364 peccatum
3387 1283 3482 1345 in-

1983 1376 2283 1451 curritur,
2324 1379 2579 1459 quando
2628 1380 2943 1443 omittitur
2991 1389 3209 1444 contra
3257 1383 3481 1444 carita-

1982 1482 2109 1536 tem
2148 1475 2257 1538 Dei
2289 1477 2384 1539 vel
2422 1477 2717 1559 proximi.
2755 1478 3201 1542 Verumtamen
3243 1481 3477 1562 aliquis

1980 1571 2245 1636 forsitan
2290 1574 2704 1656 probabiliter
2746 1575 3119 1652 affirmaret,
3151 1580 3321 1660 quod
3365 1579 3481 1640 ali-

1981 1671 2092 1752 qui
2133 1672 2500 1755 principum
2542 1676 2958 1751 credentium,
2994 1694 3071 1738 ex
3103 1677 3319 1740 divina
3356 1678 3481 1740 dis-

1982 1771 2351 1852 pensatione
2389 1772 2561 1835 licite
2600 1781 2954 1850 tacuerunt,
2986 1775 3140 1857 quia
3178 1775 3480 1838 videbant

364 1876 522 1930 tunc
573 1875 636 1929 et
687 1867 822 1938 ubi,
872 1868 1128 1950 quando
1178 1876 1240 1930 et
1296 1871 1615 1951 quomodo
1673 1869 1872 1932 debu-
1905 1869 1953 1931 B
1981 1887 2048 1930 se
2085 1869 2177 1931 nil
2212 1889 2395 1952 posse
2437 1871 2771 1954 proficere.
2807 1872 2926 1937 Sed
2968 1875 3087 1938 hoc
3124 1875 3329 1938 nihilo
3362 1875 3481 1937 mi-

367 1975 582 2041 erum,
617 1977 691 2028 ut
726 1970 807 2027 de
833 1987 1168 2044 synayoya
1197 1987 1326 2028 non
1355 1969 1770 2045 ejicerentur,
1805 1969 1872 2032 id

367 2075 487 2138 est,
543 2083 624 2127 ne
680 2064 761 2126 ab
823 2065 1114 2145 ingressu
1175 2065 1397 2147 templi
1457 2073 1519 2127 et
1576 2067 1872 2129 societate

367 2164 731 2227 Judaeorum
762 2169 1069 2245 tanquam
1103 2165 1638 2226 excommunicati
1669 2166 1874 2248 repel-

371 2262 659 2324 lerentur
703 2281 716 2324 ε
760 2263 933 2343 quod
973 2261 1156 2324 valde
1199 2263 1692 2344 opprobriosum
1731 2281 1872 2327 cen-

371 2361 640 2442 sebant;
691 2380 809 2423 nec
869 2368 1056 2423 tantae
1113 2361 1377 2424 fuerunt
1434 2362 1868 2444 perfectionis,

77 2480 339 2584 ,5¹¹““'‘'''
370 2462 546 2542 quod
586 2468 848 2542 propter
883 2459 1197 2540 justitiam
1239 2461 1577 2523 voluerunt
1626 2462 1872 2544 perpeti

161 2664 235 2718 ⁴3

373 2559 910 2641 persecutionem.

457 2659 848 2718 Dileoeerunc
875 2657 1054 2717 enim
1085 2657 1370 2734 ylariam
1408 2659 1775 2727 hominum,
1808 2659 1874 2721 id

367 2765 468 2818 est
511 2755 930 2836 temporalem
969 2754 1274 2817 honorem
1305 2763 1367 2817 et
1398 2754 1632 2819 famam
1667 2756 1872 2820 laudis

370 2854 692 2926 humanm,
725 2853 934 2929 magis
962 2872 1162 2932 quam
1197 2855 1480 2929 qloria‘m
1509 2855 1651 2926 Dei,
1686 2854 1749 2917 id
1780 2862 1875 2916 est

368 2952 631 3016 coeleste
681 2950 1018 3033 praemium
1075 2951 1247 3032 quod
1296 2970 1412 3032 pro
1462 2952 1688 3016 merito
1735 2973 1874 3035 per-

1982 1987 2100 2030 nus
2150 1977 2395 2032 certum
2444 1979 2559 2046 est,
2601 1974 2772 2053 quod
2824 1972 2917 2034 illi
2967 1974 3079 2055 qui
3132 1974 3276 2056 plus
3326 1975 3481 2036 dile-

1979 2075 2211 2130 xerunt
2236 2068 2501 2149 gloriam
2544 2070 2877 2133 hominum
2907 2091 3100 2154 quam
3137 2073 3266 2149 Dei,
3298 2082 3481 2135 erant

1981 2175 2158 2229 extra
2199 2176 2432 2231 statum
2476 2169 2719 2232 salutiS.

2062 2263 2274 2328 Posset
2335 2267 2577 2330 interea
2633 2268 2933 2344 dubitari,
2985 2272 3303 2350 quomodo
3364 2290 3481 2334 no-

1982 2363 2157 2424 mine
2196 2365 2562 2447 principum
2604 2367 2998 2429 credentium
3042 2367 3481 2450 intelligantur

1984 2469 2046 2524 et
2073 2462 2391 2539 Pharisaei,
2423 2483 2624 2546 quum
2666 2465 2975 2530 subdatur
3012 2469 3183 2548 quod
3218 2477 3480 2550 propter

1981 2559 2323 2624 Pharisaeos
2356 2581 2482 2624 non
2515 2562 3007 2640 confitebantur3
3042 2584 3285 2640 rursus,
3320 2586 3481 2648 quo-

1986 2660 2171 2722 modo
2212 2658 2507 2722 Pharisaei
2558 2669 2846 2742 poterant
2890 2662 3213 2745 principes
3258 2665 3335 2726 de
3380 2685 3481 2747 sy-

1987 2775 2224 2839 nagoga
2278 2757 2532 2838 ejicere,
2593 2779 2797 2841 quum
2856 2761 3181 2844 principes
3239 2762 3480 2826 fuerint

1985 2857 2359 2932 sacerdoteS,
2406 2876 2681 2938 quorum
2729 2858 2855 2920 fuit
2901 2859 2979 2921 de
3028 2878 3339 2943 synagoga
3386 2880 3482 2925 re-

1984 2955 2243 3037 pellere.
2297 2956 2667 3032 Dicendum,
2713 2958 2886 3039 quod
2932 2958 3131 3040 aliqui
3180 2959 3479 3024 Pharisae-

368 3049 720 3114 secutionis
750 3055 941 3130 atque
969 3048 1232 3128 justitiae
1262 3050 1446 3111 datur
1473 3070 1510 3112 a
1539 3051 1664 3115 Deo
1687 3071 1704 3132 ;
1745 3053 1868 3128 vel,
1911 3053 1954 3118 C
1982 3073 2165 3118 orum
2230 3054 2590 3128 credebant,
2651 3074 2929 3138 quorum
2998 3077 3164 3120 unus
3234 3060 3476 3123 exstitit
3520 3067 3752 3124 Johnn-un.

367 3149 648 3213 Gloriam
709 3147 842 3222 Dei,
905 3146 968 3209 id
1028 3155 1126 3209 est
1181 3147 1474 3211 divinum
1540 3149 1868 3228 honorem,

368 3248 680 3331 quoniam
727 3246 928 3327 magis
977 3246 1318 3309 voluerunt
1365 3266 1432 3309 se
1473 3247 1552 3310 ab
1602 3249 1876 3313 homini-

370 3348 494 3411 bus
533 3346 856 3420 honorari,
890 3364 1084 3427 quam
1117 3352 1185 3406 ut
1213 3345 1338 3428 ipsi
1380 3346 1574 3408 Deum
1608 3347 1874 3412 honora-

372 3455 564 3509 rent:
602 3445 772 3527 quod
819 3462 957 3506 esse
1007 3463 1133 3507 non
1180 3445 1386 3525 potuit
1435 3444 1572 3508 sine
1617 3456 1873 3528 peccato

81 3565 332 3616 vennas.
373 3544 650 3618 mortali,
675 3543 830 3625 quia
857 3560 935 3605 ex
965 3542 1338 3605 necessitate
1370 3544 1671 3626 praecepti
1701 3553 1876 3608 tene-

371 3653 478 3708 tur
518 3642 968 3724 unusquisque
1008 3641 1153 3723 plus
1191 3660 1403 3703 amare
1443 3641 1639 3704 Deum
1678 3663 1871 3726 quam

372 3761 442 3805 se
480 3743 698 3825 ipsum
727 3749 791 3802 et
830 3740 1130 3802 universa
1166 3747 1394 3815 creata,
1430 3740 1575 3822 plus
1613 3761 1872 3824 quoque

369 3849 676 3924 appetere
722 3839 890 3902 bona
937 3838 1219 3902 coelestia
1269 3845 1332 3900 et
1378 3845 1631 3915 aeterna,
1677 3860 1872 3922 quam

373 3939 764 4022 temporalia,
791 3937 1070 4000 humana
1096 3945 1288 4018 atque
1317 3945 1581 4010 terrena,
1606 3946 1669 4000 et
1698 3939 1866 4018 item,

374 4041 522 4123 plus
580 4035 882 4120 appe‘tere
941 4035 1246 4099 honorem
1295 4043 1358 4098 et
1411 4036 1678 4117 gloriam
1737 4040 1868 4115 Dei,

372 4156 568 4220 quam
619 4155 823 4199 suam.
869 4135 1205 4208 Tenemur,
1248 4134 1534 4216 inquam,
1578 4137 1722 4218 plus
1769 4139 1876 4201 de·

1980 3151 2403 3232 Nicodemus3
2454 3154 2565 3216 sed
2623 3153 2827 3234 major
2876 3172 3096 3218 eorum
3157 3176 3302 3238 pars
3350 3138 3604 3221 fuit¹·²·

1983 3251 2357 3314 incredula:
2391 3251 2503 3333 qui
2552 3252 2649 3314 vel
2695 3252 2955 3334 propria
2997 3261 3325 3336 potestate,
3374 3257 3474 3319 vel

1985 3368 2099 3412 sua
2127 3349 2549 3430 suggestione,
2575 3357 2863 3432 poterant
2902 3351 3229 3414 credentes
3265 3354 3343 3416 de
3380 3373 3481 3438 sy-

1985 3465 2223 3528 nagoga
2263 3447 2517 3528 ejicere,
2557 3449 2911 3512 accusando
2952 3467 3059 3512 eos
3106 3452 3273 3532 apud
3326 3471 3481 3534 pon-

1981 3545 2213 3620 tifices,
2265 3547 2375 3628 qui
2427 3553 2605 3607 erant
2652 3546 2731 3608 de
2778 3553 2947 3608 secta
2992 3531 3472 3612 Pharisaeorum.

1981 3644 2245 3706 Plurimi
2289 3661 2546 3725 quoque
2590 3644 2985 3706 sacerdotum
3030 3644 3285 3708 fuerant
3323 3647 3478 3711 Pha-

1983 3742 2172 3805 risaei.

2037 3843 2217 3900 Jesus
2236 3849 2453 3900 autem
2472 3841 2772 3900 clamavit
2789 3849 2848 3900 et
2866 3841 3056 3902 dimit.
3079 3839 3474 3924 Evangelista
3606 3855 3679 3910 4⁴

1983 3957 2108 4001 non
2139 3937 2441 4020 exprimit
2469 3937 2681 4001 locum
2711 3945 2773 3998 et
2802 3945 3054 4020 tempus
3085 3940 3281 4020 hujus
3311 3962 3474 4024 prae-

1983 4036 2315 4100 dicationis
2360 4035 2631 4116 Christi3
2674 4052 2790 4099 nec
2830 4035 3075 4118 aliquid
3116 4058 3311 4121 super
3353 4042 3473 4106 hoc

1982 4136 2127 4216 legi.
2178 4134 2298 4197 Sed
2344 4134 2647 4217 quoniam
2704 4142 2849 4196 ante
2902 4134 3299 4218 Evangelista
3347 4141 3473 4202 dis-

373 4237 657 4298 siderare
703 4234 878 4316 quod
925 4233 1090 4295 Deus
1137 4232 1217 4294 ab
1265 4233 1637 4296 hominibus
1683 4235 1874 4316 glori·
1903 4243 1952 4305 D
1980 4236 2200 4310 seruit,
2252 4235 2421 4316 quod
2468 4234 2646 4297 Jesus
2694 4234 2850 4296 abiit
2896 4243 2959 4297 et
3003 4236 3334 4301 abscondit
3379 4259 3469 4316 se,
3528 4258 3729 4302 vemas.

373 4335 610 4398 ficetur
647 4340 713 4395 et
749 4333 1095 4395 honoretur
1136 4350 1329 4412 quam
1379 4351 1514 4395 nos.
1558 4332 1702 4397 Ideo
1746 4335 1870 4398 dici

374 4434 558 4506 solet,
593 4431 765 4514 quod
806 4429 1130 4512 principes
1179 4428 1306 4503 isti,
1340 4449 1466 4493 non
1509 4430 1872 4498 confitendo

371 4531 574 4594 fidem
619 4548 800 4592 suam
846 4535 1270 4610 peccaverunt
1315 4529 1714 4592 mortaliter:
1749 4532 1876 4594 Pri-

376 4650 502 4706 mo,
556 4628 861 4711 quoniam
920 4645 998 4689 ex
1051 4625 1270 4690 officio
1330 4626 1687 4690 habuerunt
1733 4631 1877 4694 vul-

373 4747 525 4810 gum
568 4728 884 4790 instruere
919 4743 932 4787 ε
967 4726 1139 4806 quod
1172 4743 1300 4788 non
1339 4724 1633 4789 fecerunt
1661 4728 1874 4793 debito

373 4835 686 4908 tempore,
738 4824 852 4886 sed
908 4823 1337 4905 permiserunt
1391 4823 1642 4905 plebem
1695 4828 1876 4889 sedu-

375 4926 458 5000 ci,
499 4933 564 4988 et
607 4921 837 4987 Christi
883 4929 1151 4985 mortem
1195 4930 1513 5003 expetere.
1557 4922 1868 5001 SecundO,

375 5022 682 5104 quoniam
712 5021 1020 5084 honorem
1051 5019 1176 5082 Deo
1205 5018 1490 5081 debitum
1521 5021 1875 5085 omiserunt

373 5121 608 5186 timore
669 5118 973 5180 humano.
1034 5116 1322 5180 Tacendo
1384 5118 1580 5192 enim,
1642 5119 1874 5182 dabant

373 5218 520 5281 aliis
558 5217 955 5281 occasionem
997 5215 1260 5297 putandi
1294 5217 1464 5296 quod
1502 5215 1665 5278 fides
1699 5217 1874 5281 Chri-

377 5318 458 5380 sti
507 5323 677 5380 esset
713 5314 893 5390 falsa,
935 5321 999 5376 et
1037 5313 1163 5377 Deo
1205 5314 1520 5378 contraria
1559 5333 1573 5378 ε
1618 5333 1694 5378 ex
1742 5335 1872 5399 quo

1983 4343 2136 4418 puto
2184 4335 2356 4416 quod
2403 4333 2525 4396 ista
2559 4334 2638 4395 de
2676 4352 2803 4415 qua
2852 4353 3023 4397 nunc
3066 4336 3273 4417 agitur
3322 4358 3477 4420 prae-

1980 4433 2233 4506 dicatio,
2268 4451 2395 4495 non
2436 4431 2519 4494 sit
2556 4430 2722 4494 facta
2757 4431 2823 4493 in
2855 4432 2957 4494 die
2995 4432 3374 4512 Palmarum,
3409 4437 3475 4500 in

1981 4549 2109 4612 qua
2143 4530 2323 4592 Jesus
2362 4528 2526 4591 sacta
2560 4528 2985 4610 processione,
3019 4530 3474 4597 miraculorum

1981 4628 2361 4711 operatione,
2381 4635 2445 4688 et
2474 4627 2999 4691 sermocinatione
3030 4630 3293 4710 prolixa,
3319 4632 3477 4694 abiit

1980 4737 2172 4810 atque
2238 4726 2569 4789 abscondit
2628 4744 2745 4806 se;
2808 4727 2918 4789 sed
2983 4728 3088 4789 die
3156 4731 3469 4810 sequenti,

1982 4827 2236 4908 quando
2282 4825 2633 4886 secundum
2683 4824 2839 4887 alios
2884 4823 3333 4907 EvangelistaS,
3377 4847 3473 4892 re-
3513 4860 3751 4908 mmm

1980 4925 2100 4987 diit
2145 4923 2211 4985 in
2256 4922 2625 4997 Jerusalem,
2676 4931 2737 4984 et
2796 4923 3161 5004 praedicavit
3210 4925 3274 4988 in
3324 4934 3476 4990 tem·
3501 4929 3657 5031 22¹⁸·
3686 4897 3770 4980 2³?

1983 5023 2088 5104 plo
2132 5041 2146 5084 ε
2192 5021 2314 5082 nisi
2363 5020 2526 5083 forte
2575 5021 2694 5082 ista
2743 5021 3034 5084 dicantur
3081 5041 3197 5104 per
3235 5026 3474 5107 recapi-
3504 5001 3739 5102 ¹2⁰1⁰⁵¹⁸

1981 5120 2374 5185 tulationem.
2410 5118 2578 5181 Dixit
2616 5119 2808 5199 igitur
2843 5120 3023 5182 Jesus
3058 5139 3072 5183 :
3111 5124 3239 5191 Qui
3264 5127 3474 5187 credit

1981 5222 2054 5281 in
2094 5239 2218 5289 me,
2256 5218 2607 5280 secundum
2646 5218 2818 5299 quod
2863 5217 3025 5281 Deus
3075 5239 3217 5281 sum
3262 5239 3276 5284 ε
3317 5241 3475 5304 quo-

1979 5317 2154 5380 niam
2210 5316 2343 5380 sola
2396 5315 2695 5379 divinitas
2751 5315 2907 5379 fidei
2954 5325 3052 5380 est
3100 5317 3471 5404 objectum3
