4300 6259
849 503 969 567 518

1570 523 1918 572 ENAnnAno
1961 525 2023 570 {N
2063 524 2203 571 cAP.
2250 525 2361 571 1111
2402 526 2677 573 JOANNJS.
2724 547 2805 555 —
2848 528 2989 574 ΛΒΤ.
3046 527 3241 574 xxxm

851 691 1086 755 sectam
1129 693 1432 756 rationem
1477 695 1783 775 magistri,
1825 696 2127 776 quoniam
2176 696 2347 759 solus
2376 696 2427 757 A
2458 695 2755 770 invicem,
2799 717 2915 780 pro
2962 699 3122 772 loco,
3165 717 3355 760 causa
3410 704 3472 759 et
3518 705 3824 780 tempore,
3866 697 3947 758 la-

854 793 1027 854 intus
1074 793 1394 856 illuminat
1440 793 1737 858 effective
1781 803 1843 857 et
1885 795 2344 877 principaliter.

663 919 690 948 α
769 937 780 948 .
853 889 1116 972 Propter
1165 893 1334 972 quod
1384 892 1538 954 alibi
1588 893 1743 955 dicit
1789 911 1803 954 :
1848 893 2022 956 Unus
2075 902 2172 955 est
2217 913 2351 955 ma-

582 1994 597 2038 l
618 1994 827 2044 Tim.n,'1.

751 999 762 1011 ·
851 989 1048 1069 gister
1097 998 1324 1063 vester,
1375 989 1681 1052 Christus.
1730 991 2015 1072 Denique
2069 991 2207 1073 ipse
2254 999 2349 1052 est

854 1087 1232 1149 universalis
1263 1087 1589 1162 Dominus,
1615 1090 1693 1151 ad
1722 1108 1914 1171 quem
1948 1108 2167 1153 omnes
2200 1109 2349 1171 prae-

852 1185 960 1246 lati
1011 1193 1074 1248 et
1123 1187 1450 1268 principes
1509 1199 1958 1270 comparantur
2006 1189 2172 1250 sicut
2232 1190 2352 1250 mi-

852 1283 1036 1346 nistri
1093 1284 1171 1346 ad
1231 1303 1466 1365 regem,
1520 1286 1684 1348 sicut
1742 1288 1950 1349 media
1995 1289 2072 1349 ad
2121 1287 2343 1361 finem,

851 1383 1016 1445 sicut
1068 1383 1489 1446 instrumenta
1529 1386 1605 1447 ad
1649 1384 1981 1448 artificem.
2025 1385 2349 1458 Quomodo

851 1489 1062 1544 autem
1103 1481 1349 1545 Christo
1393 1482 1765 1546 differenter
1808 1485 2141 1548 conveniat
2190 1485 2349 1548 ratio

856 1581 1138 1661 magistri
1185 1589 1247 1642 et
1298 1581 1564 1656 Domini,
1610 1585 1958 1644 secundum
2005 1583 2146 1664 ejus
2191 1584 2351 1646 divi-

858 1698 1002 1741 nam
1037 1688 1324 1741 naturam
1365 1688 1556 1761 atque
1586 1681 1952 1762 humanam,
1989 1690 2225 1745 tactum
2257 1693 2352 1746 est

859 1777 1114 1858 saepiuS.
1159 1776 1283 1840 Nec
1320 1777 1555 1840 mirum
1598 1779 1650 1839 si
1699 1778 1982 1841 Christus
2025 1789 2352 1862 nuncupet

2458 813 2625 857 vare.
2660 796 2830 859 Istud
2871 797 3044 858 enim
3088 803 3181 858 est
3232 804 3619 899 praeceptum
3668 795 3948 859 affirma-

2460 893 2685 968 tivum,
2724 894 2890 956 sicut
2934 903 2997 956 et
3044 894 3201 956 illud
3251 896 3421 976 quod
3472 903 3569 956 est
3615 894 3681 956 in
3728 895 3949 956 Deute-

2463 992 2749 1054 ronomio
2783 1011 2796 1053 :
2833 991 2947 1053 Per
2976 1011 3205 1055 nomen
3248 993 3492 1055 Domini
3532 992 3638 1054 Dei
3678 991 3941 1073 jurabis.
3974 1009 4213 1053 omnia.
4259 1021 4260 1048 ;

2458 1089 2997 1162 Quemadmodum
3060 1110 3208 1172 ergo
3269 1093 3345 1154 ad
3413 1092 3755 1172 jurandum
3824 1110 3945 1155 non

2459 1196 2772 1264 tenemur,
2810 1189 2931 1250 nisi
2966 1190 3029 1251 in
3071 1209 3219 1252 casu
3261 1189 3676 1262 necessitatiS,
3710 1190 3803 1252 sic
3833 1208 3948 1251 nec

2457 1289 2536 1349 ad
2569 1288 2803 1368 pedum
2845 1287 3111 1349 fratrum
3146 1288 3469 1351 lotionem.
3504 1287 3945 1350 Verumtamen

2460 1393 2635 1446 extra
2680 1405 2894 1447 casum
2948 1387 3362 1461 necessitatis,
3411 1386 3809 1468 implendum
3859 1395 3953 1448 est

2462 1491 2849 1565 praeceptum
2909 1484 3273 1565 hujusmodi
3336 1485 3589 1549 lotionis
3645 1486 3723 1547 ad
3789 1487 3950 1547 litte-

2460 1602 2616 1654 ram,
2650 1600 2727 1644 ex
2766 1582 2980 1644 debito
3018 1584 3444 1664 congruentiae
3480 1593 3543 1646 et
3584 1584 3948 1657 honestatiS,

2460 1682 2715 1762 quando
2764 1681 3157 1743 rationabilis
3199 1701 3265 1743 se
3311 1681 3503 1744 offert
3549 1683 3817 1757 occasio,
3854 1684 3953 1745 vel
3998 1755 4003 1758 ,

2462 1779 2797 1841 laudabilis
2854 1781 3264 1844 consuetudo.
3322 1780 3748 1862 Spiritualiter
3806 1801 3954 1846 vero

861 1893 928 1937 se
961 1875 1294 1938 Dominum
1334 1895 1407 1937 ac
1439 1877 1832 1957 magistrum,
1866 1896 2064 1958 quum
2100 1886 2163 1940 et
2200 1879 2354 1940 Pau-
2392 1877 2433 1937 ll
2464 1878 2861 1960 implendum
2910 1885 3008 1939 est
3052 1879 3358 1959 quotidie,
3402 1887 3618 1961 utpote
3668 1887 3738 1940 ut
3787 1900 3953 1941 unus

860 1973 960 2035 lus
992 1975 1310 2036 doctorem
1351 1991 1418 2035 se
1446 1975 1728 2054 gentium
1769 1975 2068 2057 appellet,
2103 1985 2168 2039 et
2196 1978 2354 2040 mul-

857 2071 905 2133 ti
953 2078 1312 2134 sanctorum
1358 2081 1610 2154 patrum
1651 2075 1907 2156 propria
1950 2074 2114 2138 bona
2161 2076 2354 2137 inter-

859 2170 1012 2231 dum
1057 2170 1546 2251 propalaverint.
1581 2170 1711 2234 Non
1746 2172 1916 2234 enim
1958 2173 2095 2235 sine
2128 2174 2354 2235 idonea

861 2268 924 2330 id
983 2287 1170 2331 causa
1225 2268 1534 2342 fecerunt,
1587 2271 1696 2331 sed
1753 2272 1830 2331 ad
1882 2271 1986 2333 Dei
2045 2272 2351 2334 honorem

861 2374 922 2430 et
967 2367 1399 2449 proximorum
1445 2368 1954 2432 aedificationem.
1988 2369 2162 2442 Quod
2206 2389 2355 2432 vero

693 2463 1155 2534 .1xv,Salomon
1213 2465 1321 2540 ait,
1377 2464 1614 2527 Laudet
1669 2473 1730 2527 te
1787 2467 2054 2542 alienuS,
2108 2475 2170 2530 et
2228 2487 2355 2531 non

593 4056 704 4099 Luc.
717 4055 844 4106 vm&

579 4117 750 4223 getuli.
773 4130 844 4167 vu,

579 4309 621 4348 6.

707 4765 844 4802 um,
879 4733 1278 4807 protestatur,
1333 4726 1550 4788 dicens
1604 4745 1617 4789 :

584 4817 651 4857 22.

675 5028 742 5084 u

861 2581 930 2626 os
986 2572 1189 2638 tuum,
1242 2563 1725 2644 intelligendum
1784 2573 1878 2626 est
1935 2567 2104 2646 quod
2166 2567 2355 2629 homo

861 2679 987 2723 non
1041 2661 1227 2723 debet
1273 2679 1338 2722 se
1383 2663 1594 2743 ipsum
1640 2664 1912 2725 inaniter
1955 2666 2357 2727 commenda-

859 2777 950 2831 re,
988 2776 1105 2820 nec
1149 2758 1286 2821 sine
1324 2759 1572 2822 efficaci
1621 2761 2024 2843 multumque
2069 2761 2357 2844 proficua

859 2877 1050 2920 causa
1089 2857 1210 2918 sibi
1254 2858 1379 2940 ipsi
1421 2859 1484 2920 in
1525 2859 1870 2921 virtutibus
1917 2861 2353 2924 testimonium

862 2955 1224 3037 perhibere,
1258 2975 1457 3038 quum
1499 2957 1580 3019 sit
1611 2958 2063 3038 periculosum,
2098 2968 2161 3021 et
2191 2977 2357 3041 saepe

861 3054 1143 3136 speciem
1189 3054 1336 3116 mali
1382 3055 1644 3126 habens.

941 3151 1132 3216 Porro
1158 3152 1442 3235 Apostoli
1480 3153 1862 3235 appellando
1897 3154 2106 3216 Jesum
2147 3156 2357 3219 Domi-

863 3269 1018 3312 num
1068 3270 1142 3313 ac
1190 3251 1582 3331 magistrum,
1639 3252 1804 3315 bene
1860 3253 2180 3328 dixerunt,
2232 3273 2357 3318 non

865 3350 1072 3413 solum
1123 3350 1424 3430 quoniam
1465 3349 1748 3413 Christus
1798 3353 2096 3432 magister
2139 3361 2201 3414 et
2249 3353 2364 3416 Do-

865 3448 1079 3510 minus
1110 3455 1225 3524 est,
1260 3450 1369 3510 sed
1408 3450 1596 3511 etiam
1639 3450 1792 3530 quia
1831 3450 1969 3531 ejus
2010 3451 2359 3515 doctrinam

866 3546 1338 3628 discipulariter
1366 3546 1725 3621 audierunt,
1761 3556 1824 3609 et
1862 3548 2191 3611 humiliter
2224 3549 2363 3630 ejus

865 3644 1263 3725 jussionibus
1315 3654 1684 3727 paruerunt.
1728 3645 1842 3718 Qui
1893 3665 2042 3710 vero
2092 3667 2217 3711 non
2266 3667 2368 3709 ac-

869 3743 1211 3824 quiescunt
1258 3743 1560 3806 doctrinm
1605 3743 1858 3818 Christi,
1894 3762 2104 3826 neque
2152 3745 2368 3808 obedi-

873 3851 1008 3914 unt,
1064 3842 1338 3904 inaniter
1384 3851 1612 3906 vocant
1665 3861 1812 3904 eum
1872 3843 2247 3924 magistrum
2306 3852 2369 3906 et

874 3940 1234 4003 Dominum.
1281 3941 1424 4003 Ideo
1471 3941 1623 4003 alibi
1675 3941 1960 4022 loquitur
2010 3942 2295 4004 Christus
2349 3961 2362 4004 ε

875 4037 1034 4109 Quid
1065 4038 1274 4100 dicitis
1306 4039 1488 4112 mihi,
1514 4037 1798 4112 Domine,
1829 4040 2112 4114 Domine,
2147 4049 2211 4102 et
2242 4060 2365 4104 non

877 4135 1082 4198 facitis
1113 4155 1258 4217 quae
1288 4137 1471 4199 dico?
1506 4137 1580 4198 Et
1615 4137 1944 4200 Malachias
1981 4157 1993 4201 τ
2029 4138 2225 4201 Filius
2258 4139 2371 4202 ho-

875 4333 1124 4394 minum
1156 4351 1365 4394 suum.
1397 4332 1460 4394 Si
1503 4351 1652 4414 ergo
1693 4342 1872 4416 pater
1900 4353 2015 4415 ego
2054 4355 2219 4409 sum,
2258 4335 2367 4397 ubi

875 4437 970 4491 est
1013 4430 1215 4493 honor
1254 4435 1476 4493 meus?
1509 4439 1571 4492 et
1613 4432 1663 4493 si
1706 4432 2008 4496 Dominus
2049 4451 2163 4514 ego
2198 4453 2363 4507 sum,

878 4527 984 4588 ubi
1035 4535 1130 4590 est
1184 4529 1370 4591 timor
1411 4532 1636 4592 meus?
1667 4530 1752 4592 De
1801 4530 1918 4593 hoc
1963 4532 2261 4612 magistro
2306 4540 2368 4593 et

875 4626 1139 4690 Domino
1169 4627 1668 4691 Christianorum
1708 4628 1893 4691 lsaias
1935 4630 2366 4712 pulcherrime

1669 4727 1972 4791 Dominus
2020 4729 2216 4809 judex
2265 4749 2371 4792 no-

876 4831 1023 4898 ster,
1057 4824 1360 4888 Dominus
1392 4824 1615 4906 legifer
1646 4834 1878 4901 noster,
1914 4826 2215 4890 Dominus
2256 4846 2364 4889 rex

877 4931 1124 5004 noster3
1173 4923 1311 5006 ipse
1358 4924 1570 4987 veniet
1610 4932 1673 4986 et
1718 4924 1987 4988 salvabit
2030 4944 2164 4988 nOS.

955 5023 1060 5090 Si,
1110 5041 1224 5102 pro
1273 5021 1448 5104 quia,
1497 5043 1645 5100 erqo
1692 5044 1803 5101 eqo
1853 5025 1990 5084 lavi
2025 5027 2219 5101 pedes
2266 5045 2367 5084 ve-

874 5128 1057 5190 εινοε,
1091 5121 1407 5182 Dominus
1444 5131 1504 5181 et
1544 5125 1874 5200 mayister,
1905 5133 1966 5183 et
1999 5143 2104 5182 vos
2131 5125 2367 5183 debetis

875 5219 1039 5277 alter
1067 5219 1336 5279 alterius
1366 5223 1588 5280 lavare
1607 5224 1826 5298 pedes,
1859 5221 1921 5282 id
1970 5228 2067 5282 est
2113 5220 2179 5282 in
2231 5239 2367 5283 cor-

875 5312 1200 5396 poralibus
1241 5316 1622 5392 ministrare,
1657 5325 1720 5378 ct
1757 5320 1834 5382 ad
1866 5319 2139 5381 litteram
2172 5319 2365 5400 pedes

2462 1977 2711 2038 studeat
2746 1974 3048 2038 affectum
3089 1977 3349 2039 alterius
3391 1976 3735 2058 purificare
3772 1996 3955 2041 oran-

2464 2076 2565 2148 do,
2602 2075 2905 2148 docende,
2942 2074 3269 2150 hortando,
3305 2075 3713 2158 increpando,
3746 2095 3959 2139 exem-

2465 2173 2724 2255 plariter
2754 2175 3194 2236 conversando.
3214 2172 3415 2236 Voluit
3444 2182 3648 2236 autem
3672 2174 3957 2237 Christus

2468 2272 2658 2354 pedes
2715 2271 3176 2352 discipulorum
3234 2271 3465 2346 lavare,
3518 2291 3597 2334 ne
3658 2273 3961 2354 dedigne-

2468 2390 2612 2431 mur
2668 2369 2993 2444 fratribuS‚
3056 2371 3347 2452 quamvis
3415 2370 3827 2434 inferioribus
3892 2381 3961 2434 et

2466 2467 2753 2548 abjectiS,
2800 2468 2864 2529 in
2907 2468 3144 2530 vilibus
3189 2476 3251 2530 et
3299 2469 3793 2550 despectissimis
3840 2468 3963 2530 mi-

2468 2566 2755 2640 nistrare,
2801 2567 3127 2648 portando,
3169 2568 3491 2647 tergendo,
3534 2574 3596 2628 et
3634 2575 3839 2630 cetera
3876 2567 3963 2628 si-

2468 2664 2645 2727 milia
2702 2664 3082 2728 exhibendo.
3130 2669 3521 2742 Exemplum
3576 2668 3751 2726 enim
3804 2669 3965 2727 dedi

2468 2766 2667 2832 vobe‘S,
2716 2773 2789 2823 uc
2836 2766 3375 2843 quemadmodum
3424 2785 3537 2841 eqo
3581 2765 3711 2840 feci
3760 2767 3958 2834 vebia,

2468 2865 2563 2922 ica
2590 2871 2649 2920 et
2682 2882 2786 2921 vos
2805 2863 3087 2940 saciati-3,
3108 2862 3171 2922 id
3201 2871 3310 2935 est,
3338 2881 3459 2924 non
3496 2861 3690 2925 verbo
3720 2863 3964 2924 dumta-

2468 2968 2592 3032 xat,
2626 2960 2734 3020 sed
2764 2976 2977 3040 opere,
3013 2959 3199 3022 docui
3234 2978 3342 3022 vos
3374 2959 3531 3040 quid
3558 2960 3777 3040 agatis.
3804 2959 3960 3022 Nam

2394 3055 2436 3118 C
2470 3057 2533 3119 in
2568 3057 2914 3120 moralibus
2948 3056 3091 3139 plus
3126 3065 3381 3120 movent
3408 3057 3574 3120 facta
3604 3077 3795 3139 quam
3831 3077 3965 3120 ver-

4096 2672 4155 2727 15

2468 3156 2569 3218 ba.
2623 3155 2799 3216 Unde
2849 3155 2912 3217 in
2962 3154 3224 3217 Actibus
3273 3155 3507 3217 dicitur
3552 3174 3566 3218 :
3614 3156 3819 3238 Coepit
3867 3156 3967 3218 Je-
4026 3171 4204 3218 mm.

2472 3273 2579 3315 sus
2621 3253 2830 3315 facere
2872 3261 2935 3315 et
2976 3255 3225 3316 docere.

2579 3351 2847 3433 Expedit
2910 3352 3104 3432 igitur
3164 3352 3355 3433 pedes
3422 3350 3691 3413 aliorum
3755 3351 3971 3414 lavare

2474 3447 2693 3510 multis
2743 3450 2819 3510 de
2860 3447 3065 3510 causis
3101 3466 3114 3510 :
3152 3448 3381 3530 prime,
3420 3454 3487 3508 ut
3528 3446 3775 3510 Christo
3822 3467 3976 3511 con-

2476 3545 2855 3627 formemur3
2890 3547 3191 3626 secundo,
3218 3553 3285 3606 ut
3315 3543 3696 3607 humilitatis
3736 3545 3974 3608 Christi

2477 3646 2781 3709 memoria
2830 3645 3128 3707 cordibus
3180 3643 3409 3706 nostris
3452 3642 3701 3706 fortiter
3751 3643 3981 3725 impri-

2478 3751 2721 3823 matur3
2774 3744 2981 3816 tertio,
3037 3750 3105 3803 ut
3152 3743 3260 3804 alii
3312 3750 3543 3804 nostrae
3592 3742 3977 3804 humilitatis

2477 3842 2785 3923 obsequio
2814 3842 3253 3914 aedificentur;
3288 3848 3535 3922 quarto,
3568 3841 3721 3922 quia
3749 3841 3979 3922 hujus-

2479 3941 2645 4002 modi
2696 3941 2848 4004 lotio
2896 3949 2959 4002 et
3004 3940 3286 4021 corporis
3336 3958 3547 4002 coram
3604 3939 3731 4002 alio
3789 3939 3978 4001 incli-

2480 4040 2671 4112 natio,
2708 4039 2986 4121 disponit
3026 4047 3086 4100 et
3125 4039 3354 4100 excitat
3396 4039 3473 4100 ad
3516 4037 3971 4100 humilitatem.

2560 4137 2869 4218 Deinceps
2920 4136 3145 4218 probat
3196 4135 3499 4214 Salvator,
3557 4137 3729 4216 quod
3789 4135 3975 4198 Chri-

595 4241 844 4294 Μαιαεὶι-ι.
877 4243 1058 4297 norat
1106 4244 1348 4316 patrem
1401 4253 1611 4308 suum,
1649 4245 1712 4298 et
1761 4255 1982 4300 servus
2031 4237 2214 4299 timet
2263 4239 2369 4300 do·
2403 4239 2450 4299 D
2481 4237 2667 4298 stiani
2719 4235 2991 4297 debeant
3046 4252 3191 4297 eum
3253 4235 3486 4296 imitari
3544 4234 3605 4295 in
3658 4233 3975 4315 obsequio

2481 4343 2711 4396 sanctae
2742 4332 3116 4394 humilitatis
3148 4340 3209 4394 et
3238 4331 3509 4395 lotionis.
3528 4336 3760 4402 Amen,
3778 4353 3975 4394 amen

2478 4436 2621 4493 dico
2661 4435 2857 4500 vobis,
2890 4451 3019 4492 non
3069 4441 3157 4491 esc
3203 4451 3421 4491 servus
3461 4431 3671 4508 major
3702 4433 3973 4491 domino

2476 4552 2614 4600 suo,
2647 4531 2964 4612 loquendo
3004 4530 3081 4591 de
3121 4547 3302 4591 servo
3339 4547 3413 4590 ac
3441 4528 3701 4590 domino
3740 4527 3977 4591 forma-

2424 4709 2428 4714 ,
2480 4630 2643 4703 liter,
2699 4637 2913 4711 utpote
2962 4629 3026 4690 in
3077 4637 3386 4710 quantum
3436 4635 3585 4689 sunt
3632 4626 3814 4688 tales,
3858 4626 3978 4690 Lo-

2478 4729 2732 4810 quendo
2761 4735 2971 4789 autem
3005 4728 3082 4788 de
3110 4727 3203 4788 eis
3239 4725 3667 4798 materialiter,
3706 4725 3973 4806 planum

2478 4835 2573 4888 est
2621 4827 2791 4907 quod
2840 4843 3007 4906 saepe
3056 4842 3278 4886 servus
3327 4823 3694 4904 sapientior,
3747 4822 3974 4886 fortior

2476 4933 2667 5006 atque
2717 4924 2989 4987 nobilior
3037 4923 3119 4984 sit
3166 4923 3425 4986 domino
3478 4941 3613 4997 suo,
3666 4924 3975 5004 quemad-

4100 4337 4260 4391 16¹

2476 5024 2735 5086 modum
2775 5022 2966 5084 David
3006 5021 3213 5083 Saule.
3248 5021 3392 5083 Saul
3428 5020 3673 5102 quippe
3711 5039 3975 5103 percus·
3998 5029 4216 5106 {Ber-¹¹¹³·

2476 5123 2559 5184 sit
2594 5121 2792 5194 mille,
2826 5128 2887 5182 et
2935 5119 3127 5182 David
3172 5121 3389 5181 decem
3428 5118 3631 5181 millia
3664 5138 3679 5181 t
3714 5119 3969 5201 fuitque
3998 5109 4217 5196 imm&
4259 5144 4260 5222 ᾗ

2474 5219 2667 5282 David
2709 5221 2784 5281 de
2824 5218 2996 5281 tribu
3032 5218 3193 5280 Juda
3230 5217 3667 5296 nobilissima3
3701 5217 3848 5280 Saul
3890 5219 3969 5279 de
3997 5221 4037 5322 ἣ
4059 5279 4147 5331 Μ.
4170 5286 4213 5316 u·
4259 5315 4260 5318 Ἴ

2470 5318 2835 5399 genealogia
2864 5317 3190 5398 Benjamin
3224 5315 3535 5379 inferiori.
3564 5318 3787 5396 Neque
3812 5337 3967 5394 apo-
3996 5345 4055 5384 21.
