4300 6259
1177 520 1529 569 mannano
1571 522 1634 567 m
1677 522 1814 569 car.
1861 524 1902 569 x
1945 523 2130 570 Luca.
2178 544 2258 555 —
2300 526 2442 572 aar.
2488 526 2657 573 xxvn
3393 508 3469 573 19

352 710 694 772 resurgere
741 694 1010 755 durante
1057 693 1176 755 hac
1229 692 1378 768 vita,
1417 711 1530 755 seu
1577 694 1866 775 aptitudo
1895 694 1942 755 Α
1981 694 2052 756 Et
2100 713 2215 777 per
2258 696 2615 759 Zachariam
2652 716 2665 760 ε
2700 696 2911 760 Gaude
2958 704 3021 759 et
3067 695 3298 770 laetare,
3334 695 3472 757 filia
3496 713 3759 767 lutuno.

347 790 430 851 ad
467 790 934 871 poenitendum,
969 792 1056 853 ita
1097 798 1166 852 ut
1211 791 1572 855 radicaliter
1605 810 1714 854 seu
1758 812 1868 875 po-

349 888 706 951 tentialiter
736 897 950 951 manet
979 890 1109 951 vita
1138 890 1491 972 spiritualis
1532 892 1597 953 in
1627 891 1861 953 anima.

351 984 622 1059 RursuS‚
654 987 950 1067 quamvis
992 995 1252 1069 peccata
1289 990 1456 1051 dona
1495 996 1736 1052 naturas
1769 990 1864 1051 in-

348 1081 602 1157 ficiant,
636 1104 766 1149 non
814 1092 1028 1147 tamen
1075 1085 1355 1149 totaliter
1392 1088 1730 1149 destruunt
1767 1106 1858 1161 ea,

348 1184 527 1245 unde
565 1190 628 1245 et
659 1183 788 1245 vita
828 1184 1046 1265 gratiae
1085 1184 1450 1261 deficiente,
1485 1194 1698 1248 manet
1736 1187 1866 1249 vita

351 1291 624 1344 naturae.

149 1378 210 1433 31
431 1380 700 1440 Accidit
747 1388 966 1441 autem
1005 1391 1078 1442 ut
1115 1384 1407 1442 sacerdos
1447 1384 1717 1460 quidam
1759 1385 1864 1443 de-

343 1480 682 1538 scenderet
729 1482 952 1539 eadem
1002 1482 1135 1552 via,
1183 1490 1245 1541 et
1285 1482 1420 1540 viso
1467 1500 1560 1551 eo,
1597 1490 1867 1557 proeter-

347 1577 456 1637 iit.
494 1576 612 1639 Per
650 1579 1040 1641 sacerdotem
1083 1578 1302 1653 istum,
1337 1577 1715 1658 intelligitur
1750 1578 1867 1641 Aa·

347 1692 492 1747 ron,
527 1675 631 1737 vel
663 1676 898 1739 chorus
927 1677 1326 1739 sacerdotum
1364 1677 1664 1758 legalium
1701 1696 1715 1739 :
1749 1678 1863 1758 qui

231 1798 239 1803 ¹
347 1774 576 1836 eadem
627 1773 732 1837 via
781 1775 1130 1849 descendit,
1184 1775 1338 1857 quia
1396 1794 1510 1857 per
1557 1776 1864 1857 originale

1972 792 2146 867 Sion,
2180 794 2333 876 quia
2375 812 2521 857 ecce
2563 814 2677 876 ego
2716 796 2925 869 venio,
2961 802 3023 856 et
3063 794 3360 858 habitabo
3404 796 3467 858 in

1975 893 2184 954 medio
2228 892 2343 953 tui.
2378 896 2464 954 Et
2494 896 2719 954 videns
2748 914 2894 954 eum
2933 894 3117 957 oculo
3159 894 3469 975 corporali

1972 1008 2046 1051 ac
2078 990 2515 1065 intellectuali,
2541 994 2989 1053 misericordia
3021 1001 3226 1053 motus
3253 1002 3360 1060 est,
3380 1010 3472 1053 se·

1975 1089 2256 1152 cundum
2306 1088 2466 1151 illud
2514 1088 2907 1153 Threnorum
2965 1108 2977 1153 :
3028 1088 3469 1153 Misericordia)
3530 1108 3758 1160 Tar-enan,

1974 1186 2247 1261 Domini,
2276 1187 2429 1268 quia
2472 1205 2596 1250 non
2648 1207 2869 1250 sumus
2920 1188 3305 1269 consumpti.
3339 1188 3469 1252 Imo
3496 1172 3566 1214 ²²·

1972 1304 2102 1366 quo
2134 1285 2419 1348 Christus
2460 1304 2573 1349 nos
2615 1286 2815 1366 magis
2849 1286 3091 1361 dilexit,
3124 1304 3199 1349 eo
3235 1287 3469 1350 nostris

1973 1384 2253 1445 miseriis
2302 1391 2426 1446 tam
2479 1384 2840 1466 poenalibus
2888 1402 3080 1465 quam
3131 1384 3470 1466 culpabili-

1974 1482 2094 1543 bus
2135 1482 2335 1562 magis
2368 1482 2713 1546 condoluit.
2747 1481 2922 1554 Quod
2960 1500 3211 1564 semper
3248 1500 3472 1564 pensa-

1975 1598 2042 1641 re
2074 1579 2401 1655 debemus,
2436 1580 2601 1643 sicut
2631 1582 2817 1643 isaias
2846 1581 2973 1643 ait:
2998 1579 3469 1645 Miserationum
3526 1600 3762 1651 1·.·.xm‚⁷.

1973 1678 2222 1741 Domini
2286 1679 2681 1753 recordabor,
2736 1698 2928 1761 super
2977 1679 3274 1743 omnibus
3326 1698 3470 1760 quae

1974 1778 2236 1858 largitus
2266 1786 2362 1839 cst
2402 1777 2586 1841 nobis
2618 1779 2968 1841 secundum
3010 1778 3469 1858 indulgentiam

347 1879 690 1952 peccatum
741 1871 916 1934 venit
965 1872 1031 1935 in
1082 1874 1451 1952 mundum3
1503 1880 1568 1935 et
1615 1874 1864 1955 cognita
1899 1876 1944 1937 B
1975 1894 2178 1937 suam.

344 1970 608 2050 generis
638 1971 903 2033 humani
943 1990 1056 2033 scu
1087 1971 1238 2034 Adae
1268 1972 1710 2036 vulneratione
1749 1991 1862 2035 seu

349 2067 790 2141 destitutione,
843 2088 972 2149 qua
1026 2070 1229 2150 gloria
1277 2070 1689 2132 beatitudinis
1741 2070 1862 2133 fuit

349 2168 668 2249 privatus,
717 2168 1106 2249 pertransiit,
1141 2168 1294 2249 quia
1333 2168 1608 2231 liberare
1645 2177 1710 2231 et
1743 2170 1863 2231 sal-

77 2278 320 2321 Hebrsm·
351 2284 504 2329 vare
545 2266 842 2347 nequivit
875 2284 890 2328 :
923 2267 1465 2347 quemadmodum
1497 2268 1563 2329 in
1595 2268 1864 2350 epistola

347 2364 428 2425 ad
475 2362 774 2427 Hebraeos
823 2364 1080 2446 copiose
1129 2364 1356 2446 probat
1394 2366 1767 2447 Apostolus3
1801 2373 1865 2428 et

81 2476 321 2527 oniam-,22
348 2463 428 2524 ad
471 2461 720 2525 Galatas
761 2463 873 2537 ait,
913 2462 977 2525 Si
1021 2482 1100 2525 ex
1142 2464 1280 2544 lege
1323 2471 1418 2525 est
1458 2464 1724 2543 justitia,
1767 2484 1865 2527 er-

153 2562 218 2617 32
347 2579 430 2642 go
469 2561 762 2625 Christus
811 2562 1006 2642 gratis
1045 2569 1335 2625 mortuus
1386 2570 1501 2625 est.
1536 2565 1864 2626 Similiter

347 2670 410 2720 et
438 2662 700 2728 Levita,
732 2680 938 2740 quum
964 2670 1120 2721 esset
1146 2681 1326 2721 secus
1360 2665 1570 2721 locum
1599 2670 1658 2721 et
1689 2664 1864 2722 vide-

347 2770 446 2819 ret
484 2780 663 2827 eum,
695 2758 942 2821 scilicet
979 2759 1306 2823 hominem
1349 2760 1857 2835 semimortuum,

337 2859 758 2935 pertransiit.
795 2856 911 2918 Per
948 2856 1234 2919 Levitam
1278 2857 1662 2938 exprimitur
1699 2856 1864 2939 Moy-

344 2974 448 3017 ses
497 2955 698 3018 frater
734 2956 943 3019 Aaron
981 2955 1255 3030 LeviteS,
1297 2974 1410 3018 seu
1463 2956 1694 3019 chorus
1743 2958 1863 3019 mi-

2050 1976 2137 2035 Et
2168 1976 2586 2052 appropians,
2618 1974 2739 2037 hoc
2777 1982 2892 2049 est,
2924 1974 3140 2055 generi
3191 1974 3471 2037 humano
3605 1980 3677 2037 34

1971 2089 2039 2133 se
2087 2070 2551 2133 medicinaliter
2587 2090 2660 2133 ac
2701 2072 3325 2153 proportionabiliter
3362 2092 3472 2155 ap-

1975 2168 2241 2249 plicanS,
2278 2168 2525 2231 dicente
2554 2168 2853 2250 Apostolo
2888 2188 2901 2231 :
2936 2169 3220 2232 Christus
3258 2171 3473 2233 exina-
3504 2188 3702 2246 Philipp.
3722 2206 3763 2243 u,

1977 2266 2139 2329 nivit
2186 2285 2253 2329 se
2301 2268 2535 2348 ipsum,
2570 2265 2839 2330 formam
2890 2268 3055 2330 servi
3106 2270 3468 2351 accipiens;
3501 2254 3542 2295 ⁷·

1973 2372 2165 2445 atque
2196 2365 2262 2426 in
2304 2364 2723 2427 similitudine
2754 2365 2961 2427 carnis
3002 2367 3241 2447 peccati
3280 2387 3473 2450 appa·
3500 2386 3763 2437 noma-ma.

1975 2480 2142 2525 rens.
2178 2463 2407 2525 Debuit
2456 2463 2700 2545 quippe
2748 2481 2863 2545 per
2904 2464 3119 2527 omnia
3168 2464 3472 2528 fratribus
3500 2484 3764 2535 amun-1.

1971 2561 2334 2635 assimilari,
2378 2561 2490 2643 qui
2542 2562 2895 2623 secundum
2946 2582 3125 2625 suam
3177 2564 3475 2627 divinita-

1974 2667 2100 2722 tem
2148 2659 2337 2721 distat
2375 2658 2453 2721 ab
2495 2658 2862 2721 hominibus
2908 2657 3183 2735 infinite,
3218 2680 3345 2724 non
3386 2662 3475 2725 lo-

1973 2776 2067 2832 ce,
2103 2758 2213 2820 sed
2262 2756 2669 2839 perfectionis
2720 2774 2981 2820 excessu
3028 2776 3102 2819 ac
3151 2758 3476 2822 dissimili-

1971 2856 2214 2917 tudine.
2249 2857 2574 2933 Atliyavit
2605 2858 2879 2917 vulnera
2905 2858 3074 2931 ejus,
3105 2857 3171 2919 id
3210 2864 3325 2932 est,
3360 2876 3476 2939 per

1973 2954 2355 3018 infusionem
2388 2954 2664 3015 caritatis
2696 2960 2757 3015 et
2784 2954 3014 3034 gratiae,
3034 2954 3302 3017 aliorum
3332 2975 3476 3037 quo-

236 3083 242 3087 ·
345 3054 700 3117 nistrorum
748 3054 974 3137 templi
1023 3062 1132 3116 aut
1179 3053 1640 3135 Prophetarum
1686 3073 1699 3117 :
1745 3054 1858 3136 qui
1898 3054 1940 3117 C
1971 3072 2095 3134 que
2145 3052 2483 3115 habituum
2533 3050 2818 3127 fortium,
2870 3052 3114 3115 scilicet
3162 3054 3473 3117 virtutum

345 3172 551 3234 quum
593 3160 763 3216 esset
812 3152 877 3215 in
921 3153 1162 3216 mundo
1211 3152 1332 3215 hoc
1367 3152 1611 3225 vivenS,
1647 3161 1711 3215 et
1754 3170 1862 3233 ge-

345 3271 469 3313 nus
508 3251 868 3313 humanum
910 3251 1293 3331 intelligeret
1331 3250 1704 3325 sauciatum,
1739 3252 1862 3313 sal-

348 3367 498 3411 vare
547 3349 712 3410 illud
761 3367 887 3411 non
937 3350 1165 3431 potuit,
1204 3348 1332 3412 imo
1375 3348 1762 3429 pertransiit,
1797 3356 1861 3410 et

344 3448 686 3511 moriendo
727 3448 804 3510 ad
849 3447 1122 3509 limbum
1170 3446 1403 3509 inferni
1451 3447 1728 3509 devenit.

153 3544 216 3600 33
425 3548 904 3609 Samaritanus
949 3554 1168 3606 autem
1209 3547 1484 3623 quidam
1533 3546 1659 3605 iter
1695 3547 1860 3623 faci-

344 3666 478 3707 ens.
524 3644 644 3706 Per
682 3642 1170 3719 Samaritanum‚
1215 3642 1296 3707 ob
1350 3642 1628 3705 nominis
1669 3643 1860 3706 inter-

347 3742 798 3825 pretationem,
837 3741 1124 3804 Christus
1168 3740 1457 3821 designat
1503 3758 1570 3803 se
1618 3740 1854 3823 ipsum,

342 3840 656 3922 quoniam
717 3838 1146 3902 Samaritanus
1205 3846 1419 3903 custos
1480 3839 1859 3921 interpreta-

347 3948 452 4001 tur
501 3957 516 4000 :
565 3938 745 4019 quod
793 3938 1096 4019 competit
1145 3936 1414 4011 Christo,
1465 3936 1646 4018 juxta
1698 3937 1858 4000 illud

93 4047 317 4100 rama,
344 4037 607 4107 Psalmi,
661 4034 822 4099 Ecce
870 4054 996 4099 non
1047 4035 1415 4099 dormitabit
1461 4052 1670 4117 neque
1719 4037 1860 4099 dor-

87 4146 316 4199 rmms.
344 4136 503 4198 miet
535 4135 651 4216 qui
693 4134 968 4197 custodit
1003 4133 1227 4212 lsrae13
1261 4140 1323 4195 et
1362 4152 1606 4208 rursuS,
1642 4134 1860 4198 Custo-

1969 3158 2032 3213 et
2062 3151 2391 3223 donorum,
2417 3149 2585 3213 vires
2616 3148 2845 3211 animae
2872 3150 3233 3213 vulneratas
3262 3171 3299 3213 a
3328 3170 3474 3235 pec-

1969 3248 2122 3311 catis
2173 3248 2453 3323 retraxit,
2488 3246 2776 3309 cohibuit
2813 3254 2875 3308 et
2918 3248 3183 3323 curavit,
3218 3250 3473 3330 potissi-

1968 3366 2145 3409 mum
2177 3347 2244 3408 in
2275 3344 2607 3427 Baptismo.
2627 3344 2885 3427 Propter
2914 3347 3085 3426 quod
3116 3346 3183 3409 in
3209 3347 3468 3410 Actibus

1968 3445 2252 3526 loquitur
2300 3444 2518 3507 Petrus
2563 3462 2576 3507 :
2620 3442 2977 3525 Baptizetur
3025 3447 3468 3529 unusquisque
3510 3470 3760 3523 Aeta-aa.

1969 3551 2253 3607 vestrum
2292 3544 2359 3605 in
2400 3542 2658 3606 nomine
2686 3542 2832 3604 Jesu
2864 3542 3094 3605 Christi
3136 3544 3201 3605 in
3244 3546 3470 3608 remis-

1969 3643 2214 3705 sionem
2266 3648 2693 3724 peccatorum,
2746 3647 2809 3702 et
2856 3641 3181 3723 accipietis
3229 3644 3466 3707 donum

1968 3741 2243 3823 Spiritus
2288 3738 2521 3802 Sancti.
2555 3739 2861 3802 Praeterea
2898 3740 3182 3803 Christus
3222 3759 3336 3823 per
3366 3762 3470 3803 su-

1967 3858 2069 3901 am
2118 3838 2477 3920 passionem
2524 3837 2879 3901 salvificam
2918 3838 3184 3901 vulnera
3224 3839 3345 3901 ista
3380 3841 3470 3903 al-

1970 3938 2191 4018 ligavit
2232 3944 2425 4017 atque
2472 3936 2737 4011 curavit,
2782 3936 2849 3997 in
2897 3944 3207 4017 quantum
3258 3938 3469 4019 passio

1969 4055 2083 4099 sua
2111 4035 2238 4097 fuit
2264 4033 2681 4097 satisfactoria
2709 4054 2825 4117 pro
2854 4034 3045 4098 totius
3074 4036 3297 4098 mundi
3330 4056 3468 4119 pec-

1969 4134 2144 4207 catiS,
2180 4140 2241 4195 et
2289 4132 2613 4195 meritoria
2648 4132 2865 4213 gratiae
2902 4133 3201 4195 omnibus
3252 4134 3459 4197 nobis».

346 4235 534 4296 diens
565 4231 868 4315 parvulos
907 4231 1233 4295 Dominus.
1268 4230 1382 4294 Cui
1421 4230 1656 4294 dicitur
1685 4234 1856 4314 apud
1885 4236 1936 4299 D
1964 4232 2207 4294 Idcirco
2252 4232 2423 4312 apud
2469 4230 2693 4292 isaiam
2740 4230 3051 4311 scriptum
3100 4238 3197 4293 est
3242 4250 3255 4295 :
3304 4232 3463 4295 Vere
3507 4256 3739 4308 tatum,

96 4332 458 4399 100m,20.10b
486 4350 502 4393 ε
531 4330 696 4403 Quid
725 4328 956 4393 faciam
985 4328 1126 4404 tibi,
1160 4347 1198 4390 ο
1229 4338 1442 4393 custos
1483 4330 1854 4393 hominum?

347 4429 641 4493 Christus
689 4428 907 4508 itaque
954 4426 1075 4487 iter
1111 4424 1264 4488 fecit
1313 4426 1380 4488 in
1429 4427 1662 4490 saeculo
1710 4428 1851 4504 ist0,

93 4542 317 4597 son-..ma
345 4528 532 4608 juxta
573 4526 736 4588 illud
771 4524 1028 4589 Ioannis
1063 4543 1077 4587 z
1113 4524 1392 4587 Verbum
1434 4544 1580 4587 caro
1615 4523 1855 4587 factum

347 4635 464 4701 est,
499 4632 564 4688 et
592 4624 906 4687 habitavit
934 4623 998 4685 in
1032 4622 1240 4686 nobis.
1274 4621 1519 4685 Baruch
1547 4640 1808 4703 quoque
1836 4642 1851 4686 :

307 4770 320 4789 .
348 4723 492 4788 Post
522 4723 662 4786 haec
689 4722 758 4785 in
799 4722 984 4785 terris
1017 4722 1192 4784 visus
1231 4727 1347 4796 est,
1382 4728 1447 4783 et
1473 4739 1620 4783 cum
1654 4721 1857 4784 homi-

347 4823 543 4885 nihus
593 4827 1005 4885 conversatus
1063 4826 1180 4882 est.
1234 4822 1416 4881 Venit
1460 4839 1638 4880 secus
1681 4838 1856 4891 eum,

347 4922 410 4983 id
460 4929 580 4995 est,
633 4920 916 4982 humano
963 4917 1185 4999 generi
1242 4918 1739 4980 clementissime
1789 4935 1856 4999 se

345 5018 706 5101 conjunxit,
745 5024 808 5079 et
856 5017 1016 5079 illud
1063 5016 1232 5079 sicut
1277 5015 1566 5079 medicus
1613 5014 1857 5095 langui-

347 5119 525 5191 dum,
588 5115 895 5189 visitavit,
962 5114 1502 5196 quemadmodum
1570 5112 1859 5194 loquitur

95 5222 180 5299 f..
199 5240 322 5279 mu.
348 5216 512 5279 Patri
553 5216 622 5277 in
651 5213 900 5277 Psalmo
933 5232 947 5277 ε
981 5212 1431 5278 Holocaustum
1471 5219 1533 5274 et
1561 5230 1679 5294 pro
1710 5231 1859 5293 pec-

101 5290 180 5334 ‘'⁵'
351 5324 486 5381 cato
515 5331 646 5377 non
679 5311 1046 5395 postulasti3
1079 5320 1234 5376 tunc
1262 5312 1418 5387 dixi,
1452 5310 1614 5375 Ecce
1644 5312 1853 5377 venio.

107 4733 254 4780 Baruch
263 4752 304 4781 ui

1965 4332 2299 4411 languores
2330 4336 2576 4392 nostros
2608 4328 2745 4410 ipse
2774 4328 2942 4403 tulit,
2974 4336 3038 4389 et
3067 4339 3321 4410 peccata
3350 4351 3461 4395 no-
3484 4319 3611 4375 '‘¹¹¹¹'‘
3624 4318 3744 4365 ¹⁴¹¹·

1965 4438 2093 4493 stra
2121 4430 2261 4511 ipse
2291 4428 2585 4510 portavit.
2608 4428 2893 4507 Itemque
2922 4424 3139 4489 Petrus
3168 4428 3293 4491 ait:
3319 4428 3465 4491 Pec-
3518 4447 3681 4491 tren.
3710 4461 3754 4500 ιι,

1966 4535 2102 4589 cata
2149 4534 2363 4589 nostra
2404 4525 2667 4607 pertulit
2704 4524 2770 4585 in
2810 4541 3075 4605 corpore
3116 4544 3231 4589 suo
3268 4544 3464 4609 super
3490 4510 3559 4553 ²⁴·

1965 4624 2233 4705 lignum.
2259 4622 2378 4685 Sed
2408 4631 2471 4684 et
2498 4629 2627 4686 tota
2655 4622 2884 4685 Christi
2918 4624 3295 4704 praedicatio,
3320 4644 3463 4689 con-

1965 4721 2258 4795 versatio,
2293 4720 2670 4783 miraculosa
2706 4720 3012 4801 operatio,
3045 4722 3292 4785 medela
3338 4722 3463 4786 fuit

1965 4820 2267 4883 vitiorum
2310 4825 2693 4883 nostrorum.
2725 4819 3097 4896 Infundens
3125 4824 3362 4892 oleum,
3396 4822 3461 4884 id

1963 4926 2058 4980 est
2085 4916 2361 4999 Spiritus
2391 4916 2601 4979 Sancti
2642 4917 3009 4980 unctionem
3038 4924 3100 4979 et
3128 4919 3463 4981 consolati-

1963 5034 2174 5092 onem,
2210 5016 2513 5098 piamque
2541 5014 3079 5089 informationem,
3110 5024 3171 5075 et
3200 5018 3459 5089 vinum,

1967 5115 2087 5179 hoc
2133 5121 2229 5177 est
2274 5111 2800 5177 confortationem
2846 5120 2909 5175 et
2956 5113 3455 5178 exhortationem

1965 5212 2317 5277 ferventem
2347 5212 2427 5275 ad
2456 5211 2644 5287 bona,
2674 5230 2785 5273 seu
2812 5211 3049 5292 justam
3079 5210 3460 5295 increpatio—

1966 5331 2114 5375 nem
2158 5318 2419 5395 propter
2458 5317 2735 5393 peccata.
2770 5309 2921 5371 Nam
2960 5317 3023 5372 et
3058 5309 3242 5374 Petro
3283 5310 3459 5375 locu-
