4300 6259
158 3256 223 3310 ⁴8

178 5322 241 5377 49

1122 514 1475 564 nummulo
1517 516 1581 563 m
1623 516 1761 563 cAP.
1806 516 1963 563 XXIII
2004 516 2193 563 LUGAE.
2239 536 2320 545 —
2359 516 2502 563 ΛΒΤ.
2549 518 2692 564 xux

3342 500 3462 565 247

340 685 553 749 Filius
604 687 735 763 Dei,
770 687 937 749 sicut
983 687 1275 761 asseruit,
1309 696 1372 749 et
1419 687 1586 750 sicut
1632 687 1691 750 ei
1740 688 1861 749 im·
1888 686 1941 749 A
1968 687 2270 769 discipuli
2321 696 2384 751 et
2429 689 2616 751 amici
2665 708 2737 751 ac
2788 688 3240 769 consanguinei
3287 688 3463 751 Chri-

342 786 639 867 positum
672 785 815 848 fuit.
848 785 1048 847 Lucas
1086 795 1301 849 autem
1336 786 1744 867 singulariter
1771 786 1859 847 ait

340 884 425 945 de
478 884 881 959 centurione,
932 886 1105 965 quod
1161 884 1569 965 glorificavit,
1624 885 1687 947 id
1736 892 1853 959 est,

336 982 703 1062 gloriosum
752 991 816 1045 et
861 984 1366 1075 omnipotentem
1425 1002 1563 1045 esse
1612 982 1858 1047 confes-

340 1100 455 1143 sus
516 1090 634 1155 est,
686 1090 878 1163 atque
930 1082 1232 1155 laudavit,
1286 1100 1364 1143 ex
1411 1081 1857 1144 consideratio-

338 1197 425 1239 ne
460 1186 788 1245 tantorum
826 1179 1242 1254 mirabilium,
1277 1199 1602 1242 summum
1632 1179 1852 1253 Deum,

338 1278 491 1358 ejus
524 1278 747 1341 virtuti
790 1277 907 1340 ista
936 1278 1305 1341 adscribens
1345 1286 1406 1340 et
1442 1279 1658 1340 dicens
1695 1297 1708 1339 :
1745 1278 1858 1339 Ve-

341 1395 413 1438 re
454 1376 566 1439 hic
617 1377 808 1440 homo
843 1376 1051 1456 justus
1090 1386 1245 1451 erat,
1282 1377 1367 1438 ita
1406 1378 1579 1457 quod
1620 1376 1856 1457 injuste

339 1474 603 1537 occisus
642 1481 759 1549 est,
795 1492 870 1536 eo
908 1474 1081 1555 quod
1120 1473 1451 1537 veritatem
1497 1473 1852 1555 protulerit.

340 1572 437 1635 Ex
470 1573 577 1635 his
607 1573 883 1648 elicitur,
917 1574 1089 1654 quod
1132 1573 1421 1635 centurio
1454 1580 1517 1634 et
1556 1572 1857 1635 exsisten-

340 1680 441 1733 tes
490 1690 645 1734 cum
693 1689 769 1735 eo
815 1671 1190 1745 timuerunt,
1226 1678 1293 1733 et
1335 1670 1621 1735 timendo
1666 1670 1859 1751 glori-

340 1769 714 1833 ficaverunt
772 1770 993 1845 Deum,
1046 1778 1238 1851 atque
1294 1778 1639 1851 utrumque
1685 1771 1857 1833 dixe-

340 1968 461 2031 Hic
514 1968 709 2031 homo
753 1967 965 2048 justus
1014 1976 1167 2029 erat.
1204 1967 1323 2031 Sed
1366 1968 1520 2049 quia
1568 1968 1856 2031 centurio

342 2066 773 2149 principalior
812 2064 957 2143 fuit,
990 2066 1190 2128 Lucas
1230 2068 1307 2129 de
1356 2066 1495 2148 ipso
1535 2068 1860 2129 dumtaxat

346 2165 487 2229 haec
548 2164 795 2227 scribit.
858 2163 1197 2246 Perpendit
1252 2183 1511 2246 quoque
1568 2165 1857 2229 centurio

346 2264 471 2327 hoc
514 2263 775 2346 penitus
815 2263 1271 2325 miraculosum
1307 2262 1530 2337 fuisse,
1564 2265 1736 2345 quod
1767 2263 1859 2325 Je-

344 2382 459 2425 sus
520 2361 715 2425 tantis
770 2368 1033 2442 tamque
1080 2362 1400 2423 diuturnis
1458 2361 1855 2424 excruciatus

344 2470 547 2543 atque
598 2460 947 2522 exhaustus
1004 2460 1361 2535 tormentiS,
1416 2467 1673 2541 totoque
1721 2478 1860 2523 cor-

348 2577 509 2641 pore
559 2558 931 2639 dissipatuS‚
967 2557 1032 2620 in
1083 2558 1222 2639 ipsa
1270 2577 1382 2620 sua
1430 2557 1859 2639 exspiratione

346 2666 481 2719 tam
516 2655 771 2719 fortiter
800 2656 1199 2729 exclamavit,
1233 2675 1433 2737 quum
1476 2655 1582 2718 alii
1624 2656 1711 2717 ita
1739 2664 1859 2718 tra-

348 2756 527 2829 ctati,
580 2762 737 2817 tunc
787 2753 893 2816 vix
944 2754 1285 2835 parvulum
1344 2772 1571 2816 sonum
1621 2762 1858 2835 queant

347 2854 669 2916 emittere.
713 2851 929 2933 Aliqui
978 2859 1188 2913 autem
1239 2851 1459 2933 legunt
1506 2852 1619 2927 sic,
1661 2851 1861 2915 Glori-

346 2951 575 3014 ficavit
616 2969 789 3025 eum,
825 2950 1069 3012 scilicet
1098 2950 1415 3012 Christum
1454 2969 1467 3013 :
1506 2958 1573 3011 ut
1610 2951 1692 3011 sit
1720 2968 1861 3013 sen-

1967 786 2070 862 sti,
2124 787 2442 867 loquendo
2493 789 2570 849 de
2629 788 2728 849 his
2777 788 2888 868 qui
2951 787 3037 849 ibi
3088 786 3370 862 fuerunt,
3421 808 3462 848 a

1966 888 2152 962 lonye
2197 904 2233 946 a
2281 904 2490 959 cruce,
2525 886 2752 947 timore
2797 886 3155 948 Judaeorum
3203 905 3275 947 ac
3322 904 3466 948 cru-

1967 983 2332 1046 cifixorum.
2383 984 2515 1047 Non
2569 992 2776 1047 tamen
2828 992 3138 1045 steterunt
3188 984 3462 1045 multum

1968 1090 2206 1145 remote
2249 1102 2282 1143 a
2323 1101 2545 1161 cruce3
2580 1085 2689 1145 sed
2739 1082 3208 1164 comparatione
3245 1083 3466 1145 adver-

1966 1181 2278 1243 sariorum
2319 1180 2548 1243 Christi
2597 1199 2795 1263 prope
2835 1199 3089 1243 crucem
3134 1181 3459 1255 stantium,

1965 1298 2002 1340 a
2051 1280 2236 1361 longe
2286 1280 2555 1354 stabant,
2607 1281 2773 1343 sicut
2823 1280 2888 1343 in
2939 1280 3187 1344 Psalmo
3236 1280 3464 1361 praedi-

1966 1386 2139 1440 ctum
2171 1386 2267 1441 est
2301 1398 2313 1441 :
2353 1378 2666 1460 Elongasti
2698 1399 2732 1441 a
2775 1398 2876 1441 me
2913 1380 3190 1442 amicum
3226 1388 3288 1441 et
3319 1398 3462 1461 pro-
3485 1402 3754 1455 amm..

1964 1475 2233 1551 ximum,
2269 1484 2330 1538 et
2381 1484 2560 1540 notos
2610 1496 2804 1540 meOS.
2841 1480 2926 1539 Ec
2973 1479 3276 1538 mulieres
3317 1498 3461 1557 quoe
3490 1472 3556 1512 ¹⁹·

1960 1586 2190 1637 secutoe
2235 1596 2384 1637 eum
2421 1586 2608 1637 erant
2649 1598 2691 1637 α
2733 1578 3034 1646 Galiloea,
3065 1575 3254 1638 etiam
3305 1594 3462 1657 prae—

1966 1674 2133 1736 dicto
2184 1674 2370 1736 modo
2420 1681 2730 1735 steterunt
2768 1694 2803 1735 a
2843 1674 3048 1754 longe.
3081 1674 3208 1736 Nec
3254 1673 3462 1736 obstat

1965 1773 2137 1853 quod
2164 1772 2433 1835 Joannes
2477 1780 2737 1834 testatur
2771 1791 2785 1835 ι
2820 1772 3032 1834 Stabat
3068 1780 3281 1834 autem
3315 1772 3461 1852 jux·
3501 1792 3757 1842 Joaamu,

341 1877 521 1943 runt,
560 1868 858 1931 videlicet
891 1887 904 1930 :
940 1868 1099 1930 Vere
1137 1867 1335 1929 Filius
1374 1867 1483 1929 Dei
1522 1876 1658 1930 erat
1698 1869 1852 1949 iste;
1893 1870 1939 1931 B
1968 1877 2027 1932 ta
2057 1889 2314 1932 crucem
2353 1870 2497 1933 Jesu
2533 1870 2722 1934 Mater
2752 1871 2912 1951 ejus,
2948 1879 3011 1933 et
3049 1889 3225 1933 soror
3251 1870 3461 1933 Matris
3490 1860 3557 1899 ²⁵·

1966 1968 2127 2047 ejus.
2173 1968 2305 2031 Non
2356 1968 2528 2030 enim
2566 1969 2665 2050 (ut
2705 1970 2944 2031 dictum
2994 1968 3116 2048 est)
3155 1976 3465 2030 steterunt

1968 2073 2229 2140 remote,
2277 2066 2598 2148 loquendo
2645 2066 2956 2141 absolute,
3003 2066 3112 2128 sed
3164 2065 3466 2148 respecti-

1968 2182 2045 2227 ve
2097 2184 2111 2227 ε
2165 2172 2228 2226 et
2273 2163 2438 2227 forte
2486 2184 2659 2227 nunc
2708 2165 2996 2246 propiuS,
3043 2184 3215 2226 nunc
3265 2182 3467 2227 remo-

1968 2263 2095 2324 tius
2134 2262 2404 2325 stabant.
2439 2263 2606 2325 Inter
2646 2262 2937 2345 praefatas
2973 2280 3124 2326 vero
3164 2262 3465 2325 mulieres

1966 2360 2250 2435 fuerunt,
2285 2362 2638 2423 secundum
2672 2360 3054 2435 Matthaeum,
3088 2359 3278 2422 Maria
3305 2359 3467 2441 Mag-

1969 2460 2213 2535 dalene,
2247 2466 2310 2522 et
2354 2459 2542 2521 Maria
2591 2469 2792 2521 mater
2835 2459 3050 2523 Jacobi
3099 2458 3356 2523 Minoris
3403 2467 3467 2521 et
3493 2458 3517 2486 ¹

1966 2558 2198 2639 Joseph
2255 2557 2470 2619 fratris
2519 2558 2681 2639 ejuS,
2735 2556 2988 2639 fuitque
3043 2576 3219 2621 soror
3267 2576 3468 2620 sacra-

1971 2657 2232 2719 tissimae
2279 2656 2554 2737 Virginis
2605 2664 2667 2719 et
2715 2656 3005 2738 Cleophae
3057 2675 3234 2731 uxor,
3288 2656 3468 2718 item-

1969 2774 2095 2837 que
2145 2763 2347 2817 mater
2397 2754 2682 2818 filiorum
2734 2755 3038 2817 Zebedaei.
3085 2754 3230 2817 Fuit
3275 2755 3465 2817 etiam

3547 2380 3717 2424 Mami.

3523 2458 3617 2496 xvii,
3637 2446 3706 2487 56.

1971 2854 2061 2916 ibi
2097 2853 2355 2928 Joanna,
2391 2861 2462 2916 ut
2506 2861 2675 2935 patet
2717 2872 2794 2915 ex
2843 2852 2942 2915 his
2987 2872 3131 2935 quae
3173 2852 3466 2934 sequenti
3521 2872 3758 2924 Lucam,

1974 2953 2278 3016 dicuntur
2321 2951 2620 3033 capitulo.

348 3070 483 3124 sus,
518 3050 697 3131 quod
738 3048 1029 3111 centurio
1068 3048 1223 3111 visis
1263 3048 1387 3122 his,
1423 3049 1857 3113 testimonium
1898 3051 1941 3114 C
2050 3054 2136 3113 Ec
2176 3071 2310 3111 ecce
2349 3052 2454 3111 vir
2482 3051 2743 3112 nomine
2776 3052 3026 3127 Ioseph.
3061 3048 3306 3112 Omittit
3347 3049 3468 3114 hoc

350 3148 611 3212 Christo
654 3146 984 3230 perhibuit
1022 3146 1394 3226 gloriosum.

432 3251 523 3309 Ec
570 3248 785 3308 omnis
836 3248 1025 3307 turba
1072 3266 1295 3307 eorum
1332 3248 1451 3325 qui
1490 3248 1692 3307 simul
1737 3250 1857 3307 ad-

348 3356 545 3408 erant
568 3348 663 3407 ad
686 3348 1119 3422 spectaculum
1143 3346 1337 3413 istud,
1354 3345 1418 3405 id
1447 3351 1542 3405 est
1571 3345 1650 3405 ad
1680 3345 1861 3406 mira-

350 3445 555 3507 bilem
596 3442 829 3507 Christi
869 3442 1278 3517 occisionem,
1313 3461 1427 3524 per
1465 3461 1658 3523 quam
1692 3462 1860 3506 mor-

352 3552 481 3606 tem
528 3541 989 3621 diabolumque
1039 3539 1399 3622 prostravit,
1434 3547 1497 3602 et
1544 3542 1856 3603 mundum

350 3640 649 3711 redemit,
684 3658 758 3701 ac
787 3638 990 3701 victor
1020 3639 1096 3700 ad
1139 3638 1677 3701 immortalitatem
1717 3657 1858 3720 pro-

345 3739 561 3803 fectus
613 3746 731 3812 est,
762 3748 823 3799 ec
866 3739 1173 3798 videbant
1211 3758 1355 3815 quoe
1390 3740 1658 3814 fiebant,
1688 3738 1859 3800 vide-

348 3839 503 3903 licet
534 3837 690 3901 solis
720 3836 1255 3909 obscurationem,
1289 3842 1472 3898 terrac
1501 3845 1767 3910 motum,
1798 3844 1859 3898 et

348 3936 589 4001 Christi
623 3934 905 3998 validum
937 3933 1003 3996 in
1034 3933 1461 4015 exspiratione
1492 3934 1855 4008 clamorem,

342 4036 785 4113 percucientes
804 4042 1065 4109 pectora
1095 4052 1238 4103 sua,
1269 4036 1753 4093 revertebantur
1782 4034 1859 4095 ad

350 4133 642 4217 propria.
693 4131 809 4193 Per
858 4130 1133 4211 pectoris
1183 4130 1660 4211 percussionem
1709 4131 1863 4194 insi-

1969 3149 2109 3213 loco
2157 3148 2380 3223 LucaS,
2416 3149 2586 3230 quod
2628 3155 2771 3230 post
2811 3166 2959 3209 eum
3000 3149 3255 3231 scripsit
3287 3148 3470 3212 Joan-

3497 2938 3564 2978 10.

3599 3052 3672 3109 50

1972 3265 2106 3321 neS‚
2142 3247 2360 3310 dicens
2395 3264 2408 3309 :
2441 3246 2635 3337 Judaei
2673 3264 2821 3326 ergo
2851 3246 3154 3327 quoniam
3184 3246 3470 3309 Parasce-
3506 3262 3758 3313 ananam,

1971 3364 2049 3410 ve
2078 3353 2232 3416 erat,
2267 3344 2510 3407 scilicet
2540 3352 2714 3406 sexta
2745 3344 2904 3406 feria
2933 3345 3221 3426 proxima
3253 3344 3470 3408 sabba-

1971 3452 2034 3507 to
2060 3443 2494 3525 (singulariter
2523 3442 2776 3516 celebri,
2799 3442 3041 3505 scilicet
3070 3451 3196 3505 tam
3229 3444 3470 3507 ratione

1973 3542 2288 3625 paschalis
2339 3541 2760 3615 solennitatiS,
2796 3560 2990 3622 quam
3041 3542 3280 3604 ratione
3328 3560 3470 3624 sep-

1973 3642 2143 3703 timae
2193 3640 2340 3713 diei,
2374 3657 2519 3720 quae
2563 3639 2740 3720 jussa
2787 3638 2911 3700 fuit
2968 3638 3034 3700 in
3085 3640 3223 3720 lege
3270 3641 3467 3703 veteri

1972 3738 2331 3818 celebrari),
2385 3745 2455 3799 ut
2511 3756 2635 3800 non
2696 3743 3100 3799 remanerent
3157 3736 3221 3799 in
3279 3756 3470 3800 cruce

1972 3858 2239 3920 corpora
2280 3836 2758 3911 crucifixorum,
2797 3836 3090 3900 videlicet
3120 3837 3348 3900 Christi
3380 3846 3472 3900 at-

1971 3957 2097 4019 que
2146 3937 2487 4009 latronum,
2542 3934 2802 3999 sabbato
2857 3953 2870 3997 :
2923 3943 3058 3998 erat
3108 3936 3281 3997 enim
3341 3956 3473 3998 ma-

1969 4054 2157 4117 gnuS,
2192 4036 2254 4096 id
2294 4042 2390 4095 est
2427 4033 2608 4096 valde
2651 4032 2954 4109 solennis,
2990 4032 3122 4096 dies
3174 4034 3282 4095 ille
3331 4034 3472 4097 sab-

1972 4133 2137 4214 bati3
2175 4139 2555 4213 rogaverunt
2593 4130 2860 4193 Pilatum
2913 4139 2983 4193 ut
3029 4130 3472 4213 frangerentur

350 4231 665 4303 nuabant,
715 4230 890 4310 quod
950 4228 1373 4309 injustissime
1430 4237 1642 4291 actum
1695 4237 1860 4291 esset
1894 4232 1941 4293 D
1971 4252 2007 4295 a
2038 4230 2529 4294 crucifixoribus
2571 4248 2790 4293 eorum
2831 4249 3038 4305 crura,
3073 4239 3135 4293 et
3176 4232 3474 4295 tolleren-

348 4349 501 4393 cum
532 4328 698 4401 lesu,
723 4335 787 4389 et
815 4327 987 4407 quod
1022 4326 1401 4408 poeniterent
1431 4326 1509 4388 de
1541 4327 1659 4390 hoc
1688 4329 1860 4409 quod

350 4430 413 4492 in
466 4428 616 4509 ejus
664 4425 1155 4489 crucifixionem
1205 4426 1713 4503 consensissent3
1752 4428 1861 4489 sed

348 4536 409 4591 et
441 4527 703 4610 plagam
734 4524 995 4588 ultionis
1026 4523 1259 4585 divinae
1290 4524 1684 4586 verebantur.
1712 4524 1861 4587 Nam

350 4635 409 4691 et
462 4626 613 4688 ideo
662 4623 951 4687 centurio
992 4641 1139 4684 cum
1179 4623 1313 4685 suis
1354 4624 1537 4687 valde
1578 4626 1855 4707 expavit.

350 4726 537 4789 Unde
574 4723 749 4806 quod
794 4721 994 4785 Lucas
1033 4721 1142 4797 ait,
1177 4721 1395 4785 Omnis
1442 4723 1644 4799 turba,
1682 4724 1864 4786 intel-

355 4826 693 4909 ligendum
748 4831 844 4885 est
893 4821 1019 4884 dici
1079 4829 1339 4905 propter
1388 4822 1863 4886 multitudinem

356 4942 585 4988 eorum
632 4920 748 5003 qui
796 4919 1006 4982 taliter
1055 4920 1381 4983 redierunt
1424 4938 1437 4983 :
1478 4939 1603 4984 non
1654 4928 1865 4983 tamen

357 5020 654 5084 absolute
702 5036 923 5081 omnes
971 5018 1083 5099 qui
1132 5020 1391 5081 aderant
1435 5019 1521 5081 ita
1562 5026 1862 5099 egerunt3

364 5120 497 5182 imo
524 5116 727 5198 aliqui
768 5115 1056 5198 ipsorum
1094 5124 1222 5179 tam
1251 5117 1445 5179 Judaei
1486 5137 1679 5199 quam
1716 5136 1869 5198 gen-

368 5218 533 5291 tiles,
582 5216 648 5277 in
696 5213 965 5297 pristina
1008 5215 1424 5295 perstiterunt
1464 5215 1726 5278 malitia.

454 5317 733 5378 Stabant
771 5322 992 5374 autem
1033 5333 1249 5375 omnes
1290 5315 1429 5375 noti
1464 5315 1627 5391 ejus,
1660 5314 1724 5376 id
1773 5322 1867 5376 est

1972 4340 2097 4404 tur,
2132 4330 2198 4392 id
2246 4336 2361 4407 est,
2407 4348 2672 4411 corpora
2719 4329 2796 4390 de
2843 4346 3032 4391 cruce
3081 4330 3472 4411 deponeren-

1971 4438 2096 4502 tur,
2132 4447 2213 4489 ne
2253 4427 2512 4490 horrore
2551 4428 2649 4489 sui
2691 4426 2975 4489 diuturni
3017 4428 3342 4509 supplicii,
3377 4448 3471 4493 so-

1973 4527 2341 4589 lennitatem
2375 4526 2548 4587 illius
2581 4525 2703 4587 diei
2739 4524 3068 4599 foedarent,
3105 4526 3470 4592 incutiendo

1974 4624 2452 4688 transeuntibus
2513 4624 2770 4687 taedium
2819 4643 2890 4685 ac
2941 4642 3262 4704 pavorem.
3309 4626 3470 4689 Huic

1976 4724 2147 4807 preci
2202 4724 2523 4787 consensit
2569 4722 2826 4785 Pilatus.
2880 4720 3104 4785 Subdit
3149 4723 3322 4786 enim
3369 4724 3470 4788 Jo-

1974 4840 2172 4884 annes
2225 4840 2238 4883 :
2286 4820 2611 4884 Venerunt
2659 4838 2807 4900 ergo
2855 4820 3110 4895 militeS,
3163 4830 3225 4883 et
3275 4823 3468 4904 primi

1975 4921 2238 5003 quidem
2286 4917 2612 4999 fregerunt
2651 4937 2856 4993 crura,
2891 4918 2954 4979 id
3003 4926 3097 4980 est
3140 4920 3332 5001 primi
3382 4922 3472 4984 la-

1978 5019 2178 5082 tronis
2208 5018 2282 5079 ad
2317 5019 2637 5080 dexteram
2670 5016 2899 5080 Christi
2939 5018 3308 5099 pendentis;
3343 5020 3466 5095 vel,

1979 5118 2195 5189 Primi,
2232 5117 2294 5178 id
2325 5123 2420 5177 est
2452 5115 2824 5196 principalis
2857 5114 3153 5195 latronis3
3187 5118 3310 5191 vel,
3344 5117 3474 5181 Pri-

1977 5216 2089 5289 mi,
2128 5215 2190 5278 id
2230 5222 2325 5277 est
2361 5214 2500 5293 ejus
2539 5213 2651 5294 qui
2690 5212 3092 5275 venientibus
3131 5214 3222 5277 eis
3265 5216 3474 5298 primo

1978 5314 2103 5377 fuit
2140 5313 2207 5375 in
2247 5313 2382 5393 via3
2416 5319 2478 5373 et
2514 5311 2774 5373 alterius
2813 5310 3094 5374 latronis.
3127 5314 3222 5377 Ad
3258 5314 3472 5378 lesum

3498 3326 3640 3372 ³14⁴.
