4300 6259
879 456 998 525 178

1679 477 2028 528 mammo
2071 475 2136 524 m
2180 477 2321 526 cAP.
2367 478 2452 525 XX
2492 477 2681 526 LUCAE.
2726 497 2809 511 —
2847 479 2989 528 Ant.
3036 479 3182 528 xm!

873 658 944 713 ut
980 651 1508 733 quotiescumque
1549 669 1908 732 peccemu8‚
1943 649 2209 732 spiritus
2258 647 2368 710 ille
2396 647 2449 710 A
2474 667 2666 730 quem
2708 651 3077 714 accedentes
3128 651 3403 733 lapidem
3447 651 3689 726 vivum,
3731 652 3811 714 ab
3859 652 3970 714 ho-

874 749 938 811 in
981 749 1234 812 silentio
1272 748 1510 812 factum
1551 757 1836 814 nostrum
1875 757 2149 822 accuset,
2184 755 2245 809 et
2284 754 2370 809 ta-

872 848 995 910 cite
1027 848 1324 929 loquatur
1351 849 1428 910 ad
1458 848 1758 921 animam,
1793 847 1920 910 Hoc
1949 855 2045 908 est
2073 847 2364 925 malum3

871 954 934 1008 et
979 954 1132 1008 tunc
1189 947 1400 1020 home,
1453 947 1838 1009 conscientia
1895 965 2009 1008 sua
2057 945 2362 1018 discussa,

873 1046 1060 1108 corde
1119 1063 1186 1106 se
1244 1062 1538 1127 peccasse
1595 1043 1848 1118 fatetur,
1904 1044 2199 1126 quamvis
2258 1061 2367 1106 ore

871 1150 1056 1223 neget
1089 1162 1103 1206 :
1137 1144 1672 1224 quemadmodum
1706 1160 1926 1205 servus
1957 1142 2023 1204 in
2053 1141 2227 1205 furto
2258 1143 2367 1203 de-

872 1242 1246 1323 prehensus,
1297 1241 1592 1322 quamvis
1652 1242 2071 1322 interrogatus
2129 1260 2211 1303 an
2271 1240 2368 1302 di-

867 1357 1032 1420 gnus
1072 1339 1154 1401 sit
1191 1339 1368 1414 caedi,
1415 1339 1792 1420 respondeat
1833 1356 1964 1412 ore,
1997 1338 2175 1418 Non3
2218 1356 2369 1401 con-

871 1437 1137 1499 scientia
1185 1445 1398 1499 tamen
1449 1437 1604 1500 dicit
1649 1438 2037 1519 oppositum.
2090 1436 2169 1499 At
2217 1455 2367 1499 vero

870 1553 985 1616 per
1023 1535 1320 1618 spiritum
1361 1535 1642 1597 scientiae
1682 1535 1833 1598 boni
1865 1543 1928 1597 et
1966 1535 2138 1608 mali,
2176 1534 2369 1617 Chry-

869 1641 1206 1708 sostomuS,
1257 1642 1328 1696 ut
1383 1651 1544 1708 reor,
1599 1633 1900 1715 intelligit
1945 1634 2363 1717 synderesim,

870 1735 1038 1797 malo
1075 1752 1328 1816 semper
1367 1741 1966 1796 remurmurantem.
2010 1731 2112 1795 Sic
2153 1742 2216 1795 et
2263 1731 2367 1794 isti

2478 748 2759 810 minibus
2790 749 3052 831 quidem
3084 750 3515 832 reprobatum,
3544 769 3581 811 a
3610 749 3731 813 Deo
3760 757 3967 812 autem

2478 845 2751 909 electum
2796 857 2859 910 et
2905 847 3421 911 honorificatum.
3464 848 3551 910 De
3598 849 3717 912 hoc
3763 848 3971 930 lapide
4233 915 4234 922 ¹

2480 945 2750 1008 habetur
2776 949 2947 1030 apud
2980 947 3348 1011 Danielem:
3380 947 3568 1030 Lapis
3597 948 3707 1029 qui
3736 947 3971 1010 abscis-
3996 965 4135 1069 gu„
4138 967 4207 1011 ..ιι

2482 1063 2589 1106 sus
2628 1053 2725 1108 est
2752 1047 2829 1108 de
2858 1053 3075 1110 monte
3112 1046 3251 1108 sine
3284 1046 3603 1120 manibus,
3636 1045 3837 1109 factus
3874 1030 4041 1107 est³⁵
4233 1047 4234 1058 *

2479 1160 2663 1206 mons
2707 1162 2995 1225 magnuS,
3030 1153 3093 1207 et
3135 1145 3430 1227 implevit
3468 1144 3825 1209 universam
3872 1163 3971 1206 su·

2479 1242 2811 1323 perficiem
2872 1253 3077 1306 terrae.
3138 1243 3221 1305 De
3276 1262 3406 1325 quo
3463 1251 3526 1305 et
3582 1261 3695 1326 per
3748 1243 3968 1305 Isaiam

2477 1339 2763 1422 loquitur
2800 1341 2963 1404 Deus
3004 1341 3232 1405 Pater.
3265 1341 3426 1405 Ecce
3462 1359 3576 1422 ego
3620 1342 3863 1404 mittam
3903 1342 3967 1403 in
4030 1358 4083 1400 1.
4099 1371 4187 1399 ιιιιι
4188 1345 4234 1404 ,ἐ

2477 1438 2909 1502 fundamentis
2940 1440 3091 1504 Sion
3131 1441 3429 1523 lapidem,
3465 1441 3739 1523 lapidem
3776 1424 4015 1522 angu-¹

2477 1537 2695 1612 larem,
2745 1538 3103 1620 probatum,
3153 1539 3522 1621 pretiosum.

2557 1635 2843 1718 Denique
2886 1636 3170 1700 Christus
3210 1637 3372 1719 lapis
3412 1643 3691 1712 vocatur,
3725 1637 3974 1700 dicente
4233 1699 4234 1702 ,

2477 1732 2796 1815 Apostolo‚
2828 1734 3007 1797 Petra
3038 1743 3171 1797 erat
3202 1735 3485 1798 Christus
3522 1754 3536 1798 ε
3570 1735 3797 1809 Prim0,
3830 1754 3975 1818 pro-
4002 1747 4234 1806 iconam

868 1832 1066 1894 Judaei
1097 1832 1279 1894 aliter
1309 1831 1501 1894 locuti
1535 1838 1684 1894 sunt
1715 1833 1922 1905 corde,
1941 1839 2002 1892 et
2032 1831 2216 1893 aliter
2240 1848 2362 1894 ore.
2403 1831 2451 1894 B
2482 1840 2619 1912 pter
2647 1852 2827 1895 suam
2859 1833 3255 1896 immobilem
3282 1833 3747 1908 fortitudinem,
3779 1842 3975 1916 atque

672 1932 740 1987 17
952 1933 1134 1991 Jesus
1168 1940 1386 1992 autem
1420 1932 1784 2007 adspiciens
1823 1949 1948 2000 eoa,
1987 1932 2104 1991 ait.
2139 1931 2234 1992 Ad
2274 1948 2369 1990 sa-

874 2031 1158 2092 cerdotes
1197 2036 1261 2091 et
1299 2028 1549 2091 Scribas
1590 2029 1981 2111 corporalem
2014 2028 2223 2092 visum
2266 2046 2369 2089 su-

871 2146 983 2189 um
1033 2126 1391 2209 specialiter
1437 2127 1748 2207 dirigebat
1799 2146 1812 2190 :
1866 2126 2096 2203 Primo,
2145 2127 2225 2189 ad
2272 2126 2369 2188 in-

874 2226 1200 2287 nuendum
1250 2226 1423 2306 quod
1472 2243 1580 2288 cos
1631 2225 1892 2288 notavit.
1935 2225 2245 2299 Secundo,
2288 2226 2367 2287 ad

875 2323 1335 2405 increpandum
1385 2341 1492 2386 eos
1552 2340 1666 2405 per
1720 2321 1912 2384 talem
1967 2324 2361 2405 adspectum,

872 2422 1045 2503 quod
1075 2429 1203 2482 tam
1242 2439 1537 2502 perverse
1565 2429 1631 2483 et
1657 2427 1876 2484 contra
1911 2422 2366 2484 conscientiam

873 2521 1340 2602 responderunt
1374 2536 1387 2581 :
1422 2527 1486 2580 et
1524 2519 1616 2581 sic
1655 2519 1788 2582 zelo
1821 2519 2084 2600 justitiae
2121 2519 2245 2582 fuit
2274 2521 2365 2582 eis

874 2619 1094 2692 iratus,
1128 2618 1666 2698 quemadmodum
1695 2617 1900 2680 fertur
1928 2625 1990 2680 ct
2017 2620 2188 2700 apud
2216 2617 2370 2680 Mar-

582 2734 1020 2787 uare.m,s.cum
1081 2735 1196 2796 pro
1251 2715 1376 2777 alia
1435 2715 1576 2778 vice
1629 2734 1643 2778 τ
1698 2715 2114 2778 Contristatus
2174 2734 2369 2798 super

874 2814 1152 2877 caecitate
1186 2813 1392 2877 cordis
1423 2832 1668 2888 eorum,
1706 2814 2231 2896 circumspiciens
2260 2833 2367 2879 eos

875 2931 1020 2975 cum
1064 2913 1178 2974 ira.
1214 2911 1445 2987 Tertio,
1480 2912 1634 2994 quia
1669 2929 1888 2974 eorum
1927 2913 2125 2975 errori
2156 2931 2230 2975 ac
2268 2931 2369 2975 ca-

2479 1932 2545 1993 in
2583 1933 2758 1995 omni
2796 1933 3175 1995 adversitate
3213 1933 3581 2015 patientiam
3624 1931 3881 1994 firmam
3912 1941 3975 1995 et

2477 2028 2936 2092 inconcussam.
2952 2029 3211 2112 Propter
3232 2031 3404 2112 quod
3436 2049 3553 2112 per
3580 2030 3799 2092 Isaiam
3830 2049 3975 2094 con·
4233 2099 4234 2106 ἵ

2476 2135 2742 2190 testatur
2785 2146 2798 2191 :
2842 2127 3027 2192 Posui
3073 2128 3303 2191 faciem
3354 2147 3559 2191 meam
3610 2136 3679 2190 ut
3728 2137 3969 2210 petram
4042 2147 4187 2194 ιι.ι,τ.
4233 2167 4234 2194 ι

2476 2225 2905 2288 durissimam.
2948 2226 3123 2289 Unde
3166 2225 3478 2289 Ezechieli
3522 2226 3847 2308 prophetae
3888 2227 3973 2289 lo-
4233 2287 4234 2302 1

2476 2324 2696 2405 quitur
2726 2324 2928 2387 Deus:
2955 2324 3028 2387 Ut
3056 2326 3457 2388 adamantem
3486 2332 3551 2386 et
3580 2325 3822 2387 silicem
3867 2325 3975 2387 de-
4001 2337 4079 2440 ⁹-ss
4081 2335 4197 2379 ecam
4200 2351 4234 2382 ι

2477 2424 2539 2485 di
2570 2421 2799 2486 faciem
2829 2431 3026 2485 tuam.
3050 2422 3361 2499 Secundo,
3388 2430 3647 2505 propter
3676 2424 3978 2505 operatio
4001 2402 4039 2440 ⁹·

2477 2523 2577 2584 nis
2608 2541 2739 2584 suae
2767 2522 3267 2604 insuperabilem
3300 2529 3712 2605 potestatem.
3738 2523 3976 2586 idcirco

2478 2622 2556 2683 de
2598 2620 2809 2702 lapide
2852 2620 2971 2684 isto
3018 2620 3083 2682 in
3128 2619 3385 2683 Daniele
3432 2621 3757 2693 asseritur,
3797 2621 3971 2701 quod

2477 2717 2857 2781 comminuit
2905 2725 3197 2779 statuam.
3243 2716 3475 2792 Tertio,
3518 2725 3776 2800 propter
3818 2718 3976 2780 aedi-
4002 2736 4211 2779 ιιιιιιιιιε.

2478 2815 2795 2879 ficationis
2840 2834 3033 2898 super
3076 2816 3290 2896 ipsum
3332 2815 3751 2897 aptitudinem
3796 2835 3975 2878 sum-

2478 2934 2645 2977 mam
2708 2935 2721 2977 :
2776 2915 2855 2977 de
2911 2933 3041 2995 quo
3091 2913 3321 2976 Paulus
3376 2921 3662 2990 testatur,
3722 2914 3972 2976 Funda-
4040 2931 4207 2974 ιειωιι.

578 3029 843 3080 Laesum.
874 3011 1138 3073 lamitati
1177 3009 1408 3072 futurae
1447 3010 1773 3073 condoluit
1804 3028 1818 3072 t
1855 3010 2019 3072 sicut
2049 3019 2114 3072 et
2143 3011 2366 3074 videns
2404 3009 2447 3073 C
2477 3020 2765 3074 mentum
2802 3012 2974 3074 aliud
3015 3029 3202 3075 nemo
3233 3029 3469 3093 ponere
3500 3021 3705 3094 potest
3742 3019 3975 3094 praeter
4000 3000 4061 3038 ¹¹·

873 3109 1216 3182 civitatem,
1251 3107 1432 3171 flevit
1471 3125 1663 3190 super
1700 3126 1861 3169 eam.
1903 3111 2076 3176 Quid
2101 3119 2193 3170 est
2220 3130 2367 3188 erqo

2478 3111 2542 3172 id
2599 3111 2770 3191 quod
2820 3109 3097 3192 positum
3154 3116 3271 3184 est,
3322 3110 3492 3190 quod
3540 3118 3639 3172 est
3684 3109 3975 3172 Christus

871 3210 986 3268 hoe
1016 3209 1188 3287 quod
1219 3207 1533 3283 scriptum
1563 3208 1698 3266 est?
1735 3206 1854 3268 hoc
1897 3214 2014 3280 est,
2059 3207 2110 3268 si
2145 3215 2217 3269 ut
2254 3226 2366 3271 vos
2474 3207 2677 3270 Jesus.

872 3305 1106 3386 dicitis,
1140 3305 1326 3368 vinea
1360 3322 1486 3366 non
1522 3312 1619 3366 est
1651 3304 1792 3366 aliis
1823 3305 2046 3379 danda,
2083 3323 2157 3368 eo
2196 3307 2367 3386 quod

873 3404 1078 3467 coloni
1120 3403 1260 3485 ejus
1292 3401 1665 3465 occiderunt
1699 3402 1998 3464 heredem
2039 3421 2148 3466 seu
2191 3404 2370 3467 Chri-

874 3509 1066 3576 stum,
1118 3518 1311 3582 quem
1371 3499 1709 3580 significat,
1767 3511 1879 3563 aut
1931 3501 2206 3582 qualiter
2264 3521 2371 3566 ve-

621 3615 844 3667 paen-n„
875 3618 1016 3661 rum
1073 3607 1170 3660 est
1225 3599 1397 3680 quod
1445 3597 1754 3680 Propheta
1799 3599 1889 3662 ait
1945 3600 2011 3661 in
2071 3599 2367 3663 Psalmo?

873 3698 1188 3774 Lapidem
1219 3717 1406 3776 quem
1426 3699 1928 3772 reprobaverunt
1955 3699 2254 3775 aedificari
2264 3708 2368 3766 tes,

875 3795 996 3858 hoc
1033 3802 1127 3856 est
1156 3793 1440 3857 Christus
1471 3793 1632 3875 lapis
1665 3802 1943 3869 vocatuS‚
1977 3813 2171 3876 quem
2216 3814 2372 3877 prae-

874 3892 988 3956 fati
1038 3892 1244 3956 coloni
1294 3890 1703 3966 aedificanteS,
1745 3892 1865 3955 hoc
1912 3901 2009 3955 est
2057 3894 2369 3976 populum

878 3991 1262 4053 instruentes
1312 3997 1374 4051 et
1419 3989 1497 4050 ad
1548 3989 1856 4051 virtutum
1906 4009 2099 4072 opera
2146 3991 2373 4054 exhor-

876 4098 1104 4164 tante5‚
1157 4087 1675 4170 reprobaverunt,
1728 4103 1872 4149 cum
1927 4089 2367 4172 vituperandO,

638 4205 810 4249 Matth-

589 4280 715 4319 xxm,
741 4269 809 4311 ⁶³·
881 4287 1168 4359 serendO,
1215 4287 1322 4346 hic
1362 4285 1576 4360 factus
1621 4294 1710 4344 est
1753 4286 1822 4345 in
1869 4297 2064 4363 caput
2111 4291 2368 4364 anyuli,

586 4400 791 4446 Joanm
762 4415 850 4452 ιι
879 4385 999 4448 hoc
1029 4392 1144 4458 est,
1168 4381 1546 4446 constitutus
1577 4388 1671 4443 est
1701 4382 2116 4465 principium,
2145 4384 2211 4446 in
2242 4403 2371 4466 quo

588 4465 786 4582 ’ζ’-ΡΜ
807 4541 850 4578 u,
881 4485 1006 4547 duo
1044 4481 1288 4564 populi,
1326 4486 1542 4561 utpote
1581 4478 1777 4542 Judaei
1822 4489 1883 4543 et
1922 4483 2213 4562 gentileS,
2259 4501 2373 4565 per

593 4593 820 4645 Μαίας·
882 4581 1079 4644 fidem
1138 4577 1462 4659 conjuncti
1525 4585 1676 4640 sunt
1727 4579 1806 4640 ad
1865 4580 2368 4643 constituendam

884 4698 1074 4741 unam
1114 4677 1456 4740 Ecclesiam
1494 4695 1507 4739 :
1541 4684 1602 4738 et
1647 4695 1761 4758 per
1804 4678 1920 4740 hoc
1961 4677 2247 4741 Christus
2290 4680 2375 4741 si-

885 4777 1054 4840 milis
1077 4775 1278 4838 sactus
1308 4783 1404 4837 est
1431 4774 1626 4857 lapidi
1646 4775 1955 4855 angulari,
1990 4776 2056 4838 in
2087 4795 2217 4858 quo
2248 4779 2373 4842 duo

885 4881 1346 4939 connectuntur
1377 4874 1668 4955 parietes.
1693 4873 1868 4936 Unde
1897 4873 2201 4938 fidelibus
2232 4877 2379 4939 scri-

615 4999 827 5044 maso.
885 4974 982 5037 bit
1020 4972 1354 5055 Apostolus
1397 4990 1410 5034 ε
1453 4970 1952 5054 Superaedificati
1997 4993 2191 5056 super
2232 4975 2378 5038 fun-

885 5076 1250 5137 damentum
1291 5070 1736 5153 Apostolorum
1785 5081 1848 5134 et
1893 5071 2371 5154 Prophetarum,

887 5171 1027 5254 ipso
1065 5187 1315 5234 summo
1349 5169 1636 5250 angulari
1677 5170 1888 5252 lapide
1927 5170 2174 5235 Christo
2201 5172 2370 5234 Jesu.

595 5293 860 5344 waram.
887 5269 974 5332 De
1027 5287 1157 5351 quo
1215 5268 1511 5350 princeps
1567 5268 2013 5350 Apostolorum
2069 5270 2158 5332 ait
2212 5289 2227 5334 ε
2282 5270 2376 5334 Ad

2560 3308 2784 3368 Omnis
2821 3307 2939 3386 qui
2984 3307 3284 3366 ceciderit
3328 3325 3522 3384 super
3562 3307 3845 3383 lapidem
3886 3309 3971 3368 il·
4098 3309 4151 3363 18

2480 3407 2645 3474 lum,
2672 3404 3207 3484 conquassabitur
3226 3427 3254 3474 ,·
3296 3423 3489 3480 super
3524 3423 3711 3484 quem
3754 3415 3976 3466 autem

2478 3504 2801 3570 ceciderit,
2832 3510 3106 3562 conteret
3134 3503 3348 3563 illum.
3382 3500 3779 3584 Quicumque
3806 3522 3983 3566 mor-

2478 3599 2689 3663 taliter
2738 3607 2976 3682 peccat,
3020 3600 3297 3680 graviter
3348 3600 3534 3663 cadit.
3581 3601 3822 3663 Fideles
3873 3621 3983 3664 au·

2479 3707 2607 3760 tem
2655 3700 2805 3760 dum
2849 3708 3133 3780 peccant,
3178 3697 3479 3760 dicuntur
3520 3699 3743 3762 cadere
3784 3719 3983 3782 super

2480 3797 2755 3878 lapidem
2822 3797 3190 3877 angularem
3259 3797 3618 3879 praefatum,
3683 3798 3983 3860 videlicet

2480 3894 2798 3957 Christum
2835 3913 2848 3957 ε
2883 3895 3037 3975 quia
3078 3895 3195 3956 etsi
3236 3895 3561 3956 caritatem
3601 3913 3673 3958 ac
3712 3897 3980 3976 gratiam

2482 3995 2770 4076 perdant,
2830 4001 3042 4054 tamen
3106 3999 3368 4054 manent
3424 3993 3491 4055 in
3555 3991 3687 4056 fide
3742 4003 3803 4056 et
3866 4013 3981 4077 spe

2482 4090 2765 4165 informi,
2812 4097 2875 4152 et
2922 4090 3009 4151 ita
3058 4109 3185 4153 non
3236 4091 3491 4172 penitus
3540 4098 3975 4168 conteruntur,

879 4195 942 4250 et
980 4206 1104 4251 non
1145 4186 1486 4258 Christum,
1521 4186 1630 4247 sed
1670 4187 2064 4250 seductorem
2105 4206 2244 4251 esse
2276 4208 2373 4250 as-
2400 4192 2450 4254 D
2480 4189 2773 4270 quamvis
2834 4188 3251 4270 spiritualiter
3306 4188 3614 4251 laedantur
3670 4207 3781 4252 seu
3824 4209 3982 4254 con-

2481 4294 2885 4370 quassentur.
2920 4285 3040 4348 Sed
3078 4285 3449 4368 frequenter
3486 4287 3850 4368 poenitendo
3882 4307 3979 4350 re-

2482 4391 2767 4465 surgunt,
2790 4392 2852 4446 et
2881 4384 3191 4446 cautiores
3221 4383 3645 4467 fortioresque
3672 4385 3840 4458 fiunt.
3862 4387 3978 4450 sic·

2484 4491 2551 4545 ut
2581 4483 2669 4544 ait
2697 4483 3035 4565 Apostolus
3070 4501 3083 4544 ε
3118 4481 3234 4544 Ubi
3266 4483 3613 4545 abundavit
3646 4485 3971 4560 delictum,
4003 4501 4219 4548 aon-...ze-

2484 4581 2960 4664 superabundat
3017 4589 3080 4642 et
3142 4581 3364 4661 gratia.
3426 4582 3614 4646 Porro
3678 4583 3973 4646 infideles

2484 4681 2803 4763 peccando
2861 4679 3117 4760 penitus
3176 4687 3613 4756 conteruntur,
3664 4683 3811 4763 quia
3858 4701 3973 4745 ne-

2484 4797 2805 4861 quaquam
2838 4795 2952 4860 per
2980 4777 3175 4840 sidem
3209 4778 3273 4840 in
3306 4778 3551 4842 Christo
3584 4779 3971 4845 fundantur:

2486 4879 2627 4940 ideo
2668 4895 2784 4938 nec
2821 4883 3179 4956 resurgunt.
3213 4877 3451 4958 Itaque,
3486 4880 3710 4940 Omnis
3736 4882 3853 4960 qm·
3878 4901 3977 4940 ee-

2482 4977 2716 5037 eiderit
2744 4995 2940 5054 super
2959 4977 3243 5051 lapidem
3262 4977 3473 5042 illum,
3496 4975 3617 5039 hoc
3646 4985 3741 5040 est
3767 4979 3975 5040 omnis

2486 5074 2877 5139 Christianus
2936 5074 3284 5136 mortaliter
3333 5092 3622 5156 peccans,
3670 5097 3979 5156 conquas·-

2483 5175 2759 5241 sabitur,
2806 5171 2961 5254 quia
3017 5171 3249 5234 desinit
3306 5172 3723 5254 spiritualiter
3774 5193 3913 5239 esse
3955 5199 3972 5259 ;

2484 5279 2696 5334 tamen
2741 5271 2807 5333 in
2846 5269 2979 5333 fide
3016 5277 3079 5332 et
3117 5288 3230 5352 spe
3274 5270 3692 5352 persistendo,
3734 5273 3975 5356 aliquid
