4300 6259
875 501 998 567 502

1625 520 1976 568 manuario
2019 520 2082 567 m
2124 521 2263 568 CAP.
2310 521 2399 568 111
2438 521 2717 568 somma.
2762 540 2845 552 —-
2883 521 3027 568 ΛΒΤ.
3073 522 3225 568 xxx!

878 693 958 754 ad
988 691 1209 766 fidem,
1246 692 1366 754 nisi
1409 693 1588 774 prius
1626 712 1662 754 a
1690 693 1918 772 Judaeis
1957 693 2371 756 occideretur.
2407 691 2458 753 A
2487 698 2582 754 θεῖ
2638 693 2931 756 salutaris
2996 693 3289 775 perditio,
3350 713 3495 774 quae
3548 702 3645 756 est
3706 691 3981 755 effectus

880 791 1053 864 Quod
1087 810 1200 874 per
1227 792 1450 854 Isaiam
1491 791 1826 854 manifeste
1868 793 2191 854 invenitur
2225 811 2377 873 prae—

587 903 847 954 1·.un‚10.
881 890 1144 965 dictum,
1165 910 1294 971 quo
1325 890 1663 953 scribitur:
1689 890 1751 953 Si
1787 891 2069 973 posuerit
2097 891 2373 954 animam

879 1009 1060 1052 suam
1113 1007 1226 1071 pro
1276 997 1554 1071 peccato,
1592 989 1832 1053 videbit
1879 1009 2094 1052 semen
2149 991 2378 1071 longae-

879 1108 1054 1162 vum,
1108 1095 1168 1150 et
1218 1089 1510 1151 voluntas
1556 1089 1807 1152 Domini
1864 1090 1928 1150 in
1984 1107 2175 1150 manu
2234 1089 2374 1170 ejus

877 1187 1205 1268 dirigetur.
1245 1187 1358 1248 Per
1397 1205 1612 1248 semen
1655 1187 2034 1268 longaevum,
2079 1187 2375 1268 intelligi-

878 1294 984 1348 tur
1014 1285 1194 1367 plebs
1224 1285 1437 1348 fidelis
1469 1287 1732 1348 credens
1763 1287 1828 1348 in
1862 1286 2205 1360 Christum,
2230 1306 2374 1368 quae

880 1403 1085 1467 usque
1135 1385 1200 1446 in
1250 1383 1447 1446 finem
1495 1384 1709 1446 saeculi
1757 1385 2146 1466 perdurabit.
2191 1385 2373 1446 Deni-

879 1503 1006 1566 que
1067 1502 1181 1566 per
1235 1484 1620 1546 voluntatem
1671 1484 1944 1559 Domini,
2006 1484 2372 1565 designatur

880 1583 1211 1646 conversio
1248 1582 1557 1663 gentium,
1592 1584 1942 1645 secundum
1983 1583 2155 1664 quod
2186 1582 2373 1644 Thes-

595 1680 1383 1744 lrhm.1v.salonicensibus
1425 1680 1646 1743 scribit
1677 1681 2012 1763 Apostolus
2049 1699 2062 1743 ε
2096 1681 2240 1742 Haec
2278 1690 2373 1743 est

879 1779 1170 1842 voluntas
1219 1779 1348 1852 Dei,
1384 1777 1803 1842 sanctificatio
1853 1786 2079 1841 vestra.
2113 1779 2255 1841 Haec
2306 1779 2367 1840 in

2486 794 2683 855 sancti
2744 793 2997 855 amoris,
3060 792 3295 874 Estque
3356 793 3626 875 perditio
3686 791 3828 866 ista,
3878 791 3977 852 sui

2486 891 2687 973 ipsius
2730 892 3083 972 abnegatio,
3119 891 3393 974 propriae
3429 891 3637 953 crucis
3685 891 3973 972 portatio,

2484 996 2547 1052 et
2585 988 2812 1052 Christi
2866 990 3133 1052 imitatio
3166 1009 3179 1052 :
3216 990 3294 1051 de
3332 988 3567 1071 quibus
3614 989 3785 1070 apud
3832 988 3979 1051 Mat-

2486 1088 2719 1150 thaeum
2768 1089 2855 1150 ait
2908 1087 3209 1163 Salvator,
3262 1087 3323 1149 Si
3373 1088 3519 1169 quis
3572 1087 3707 1150 vult
3758 1088 3977 1152 venire
4002 1113 4223 1156 uanam

2488 1196 2631 1268 post
2690 1206 2812 1263 me,
2864 1187 3134 1268 abneget
3191 1187 3628 1268 semetipsum,
3681 1195 3747 1248 et
3800 1187 3974 1250 tollat
4000 1177 4227 1279 ἔξω-ἲ*

2487 1305 2740 1349 crucem
2799 1307 2975 1348 suam
3025 1286 3333 1367 quotidie,
3384 1294 3445 1348 et
3496 1292 3801 1366 sequatur
3848 1305 3969 1347 me.
4052 1270 4063 1280 ⁶

2486 1421 2566 1430 —
2595 1385 2883 1449 Secundo
2910 1404 2923 1448 ε
2952 1387 3081 1454 Qui
3109 1394 3289 1446 amat
3316 1386 3611 1445 animam
3636 1405 3823 1444 suam
3854 1403 3975 1446 car-

2488 1485 2614 1546 nali
2659 1491 2721 1546 et
2763 1485 2987 1548 vitioso
3024 1502 3261 1558 amore,
3292 1483 3677 1546 ambulando
3720 1484 3785 1544 in
3830 1503 3977 1546 con-

2486 1582 2899 1665 cupiscentiis
2946 1582 3243 1664 propriis,
3278 1589 3340 1644 θῖ
3375 1581 3833 1664 temporalibus
3874 1603 3974 1664 po-

2484 1681 2610 1744 tius
2640 1701 2833 1762 quam
2864 1682 3115 1744 aeternis
3148 1680 3529 1752 inhaerendo,
3556 1683 3782 1758 perdet
3808 1702 3971 1750 eain,

2487 1779 2549 1840 id
2581 1787 2697 1852 est,
2732 1787 3029 1841 aeternam
3070 1779 3533 1840 damnationem
3578 1779 3882 1848 incurret,
3914 1786 3975 1840 et

877 1897 1073 1940 manu
1107 1878 1336 1942 Christi
1378 1878 1616 1940 directa
1644 1886 1762 1951 est,
1797 1878 1859 1940 id
1891 1887 1987 1940 cst
2020 1879 2098 1940 ad
2128 1877 2369 1941 bonum
2412 1883 2455 1944 B
2486 1896 2553 1939 se
2602 1878 2813 1960 ipsum
2854 1896 3003 1940 vera
3049 1876 3350 1940 felicitate
3394 1884 3535 1958 post
3574 1876 3739 1939 hanc
3783 1877 3969 1940 vitam

878 1977 1081 2040 finem
1119 1984 1310 2058 atque
1351 1977 1668 2038 salubrem
1704 1976 2007 2040 effectum
2042 1978 2369 2058 perducta,

877 2094 953 2140 eo
995 2077 1164 2158 quod
1208 2075 1422 2157 posuit
1457 2075 1732 2138 animam
1779 2095 1956 2138 suam
2005 2095 2120 2159 pro
2161 2094 2375 2158 pecca-

875 2183 942 2238 to
982 2174 1234 2255 generis
1277 2174 1541 2237 humani
1587 2174 1879 2238 delendo.

962 2275 1089 2342 Qui
1136 2283 1313 2334 amat
1359 2274 1652 2333 animam
1698 2294 1912 2342 suam,
1935 2275 2162 2352 perdet
2208 2293 2372 2333 eam.

876 2373 963 2434 De
1013 2371 1354 2453 multiplici
1405 2390 1618 2435 amore
1661 2371 1946 2452 loquitur
1989 2371 2378 2434 sacra-Scri-

879 2478 1103 2554 ptura:
1132 2469 1358 2544 Primo,
1395 2471 1471 2532 de
1503 2489 1672 2544 vero,
1707 2470 1924 2533 divino
1953 2489 2027 2532 ac
2057 2469 2373 2551 spirituali

876 2587 1113 2643 amore,
1166 2569 1278 2650 qui
1336 2567 1641 2630 fundatur
1689 2569 1754 2630 in
1814 2569 1981 2632 bono
2039 2569 2305 2632 honesto
2362 2569 2377 2615 ἲ

878 2667 1238 2750 cujusmodi
1289 2675 1439 2729 sunt
1486 2667 1651 2730 bona
1697 2667 1948 2740 animae,
2003 2667 2229 2741 virtuS‚
2282 2687 2379 2730 sa-

881 2766 1140 2850 pientia,
1191 2765 1412 2847 gratia‚
1466 2765 1812 2828 beatitudo.
1860 2764 1946 2826 De
1994 2765 2114 2828 hoc
2163 2783 2378 2828 amore

585 2883 697 2928 ισω·
701 2896 802 2935 ιιιιιι
809 2884 847 2926 ι.
880 2866 1034 2929 dicit
1071 2865 1408 2947 Apostolus
1443 2882 1457 2926 :
1493 2862 1553 2925 Si
1608 2863 1842 2944 linguis
1883 2864 2252 2944 angelorum
2294 2865 2383 2927 lo-

606 2971 848 3023 1Petr.w,
878 2983 1060 3046 quar,
1095 2970 1255 3043 etc.;
1289 2971 1350 3024 et
1388 2961 1627 3034 PetruS,
1663 2963 1822 3024 Ante
1861 2963 2096 3036 omnia,
2143 2963 2375 3044 inquit,

880 3161 1125 3224 benteS.
1157 3160 1318 3222 Huic
1345 3159 1545 3222 amori
1580 3160 1928 3242 opponitur
1959 3160 2176 3223 odium
2208 3162 2378 3242 quod

879 3267 977 3322 est
1005 3277 1330 3321 summum
1372 3265 1722 3340 peccatum.
1757 3258 2068 3332 Secundo,
2104 3260 2181 3321 de
2209 3277 2383 3321 amo-

880 3377 950 3422 re
980 3357 1238 3432 carnali,
1274 3357 1630 3420 inordinato
1659 3365 1723 3418 et
1760 3357 2063 3434 saecnlari,
2098 3357 2211 3438 qui
2243 3356 2381 3419 fun-

879 3459 1065 3520 datur
1113 3457 1177 3518 in
1229 3455 1397 3519 bono
1447 3454 1802 3536 temporali,
1851 3455 2234 3530 delectabili,
2280 3457 2377 3519 vel

881 3556 1024 3619 utili
1088 3555 1310 3618 saltem
1368 3561 1772 3636 apparenter.
1828 3553 1913 3615 De
1979 3572 2107 3634 quo
2165 3573 2380 3617 amore

589 3669 851 3776 ίιιξϊηωιι,
883 3654 1036 3717 dicit
1077 3653 1413 3735 Apostolus
1453 3652 1785 3734 alloquens
1827 3651 2225 3715 Timotheum
2262 3671 2275 3714 :
2311 3653 2376 3714 ln

884 3961 999 4016 tes.
1033 3952 1192 4015 Huic
1219 3951 1420 4014 amori
1451 3950 1796 4033 opponitur
1825 3951 2042 4013 odium
2083 3950 2323 4013 bonum
2360 3970 2373 4014 :

589 4065 854 4116 Pacxxmu.
885 4053 963 4113 de
1001 4069 1130 4132 quo
1167 4048 1516 4122 Psalmista,
1547 4048 1828 4110 Perfecto
1865 4047 2008 4128 (ait)
2046 4048 2191 4111 odio
2234 4050 2379 4111 ode-

587 4129 656 4170 ²²‘
885 4168 1020 4211 ram
1050 4148 1213 4210 illos.
1239 4147 1425 4210 Porro
1453 4146 1633 4227 juxta
1662 4146 2130 4227 Philosophum,
2166 4166 2377 4209 amare

881 4257 980 4312 est
1019 4247 1210 4310 alicui
1261 4247 1498 4311 bonum
1547 4247 1734 4310 velle.

962 4345 1311 4428 Dupliciter
1349 4364 1498 4426 ergo
1540 4345 1809 4426 intelligi
1852 4352 2059 4427 potest
2097 4364 2375 4426 praesens

881 4446 1218 4529 scriptura.
1256 4444 1462 4507 Primo
1497 4462 1510 4506 :
1549 4447 1678 4514 Qui
1715 4453 1895 4506 amat
1930 4446 2225 4505 animam
2272 4465 2378 4505 su-

880 4566 1010 4618 am,
1047 4544 1110 4606 id
1159 4551 1275 4616 est,
1309 4543 1421 4624 qui
1462 4560 1610 4606 vere
1653 4561 1725 4604 ac
1776 4541 2194 4624 spiritualiter
2235 4541 2378 4603 dili-

877 4643 970 4724 git
1008 4661 1146 4705 eam
1188 4643 1253 4704 in
1285 4641 1517 4704 saeculo
1556 4641 1699 4715 isto,
1736 4641 1954 4704 volens
1996 4639 2116 4702 sibi
2162 4639 2283 4721 ipsi
2314 4648 2379 4702 et

879 4741 1147 4824 cupiens
1197 4748 1672 4822 perseveranter
1710 4738 1878 4802 bona
1926 4739 2211 4814 honesta,
2248 4739 2377 4820 spi-

879 4839 1128 4902 ritualia
1175 4858 1248 4902 ac
1285 4837 1522 4912 divina,
1558 4840 1783 4916 perdet
1827 4859 1994 4905 eam,
2036 4837 2099 4900 id
2149 4844 2265 4911 est,
2308 4837 2372 4899 in

880 4938 1111 5000 saeculo
1169 4937 1289 5000 isto
1347 4944 1621 5017 exponet
1669 4954 1807 4998 eam
1869 4943 2128 5017 propter
2179 4935 2371 4997 Deum

877 5044 1069 5118 atque
1114 5034 1448 5117 justitiam,
1486 5034 1768 5096 adversis
1815 5052 1889 5096 ac
1939 5033 2161 5096 mortis
2210 5033 2377 5114 peri-

879 5135 1063 5210 culiS,
1102 5141 1554 5216 praeponetque
1605 5133 1761 5195 dura
1809 5133 2058 5215 corpori
2109 5133 2375 5194 delecta-

601 5224 848 5275 M““'⁸·'¹¹·
875 5232 1118 5296 bilibus
1151 5233 1396 5306 mundi,
1432 5231 1732 5293 incedens
1764 5248 1879 5313 per
1907 5239 2144 5294 arctam
2178 5230 2367 5305 viam,

580 5289 702 5394 iii-a.
720 5364 762 5402 1,
780 5353 849 5397 28.
878 5350 996 5394 nec
1032 5331 1264 5394 timens
1303 5349 1409 5394 eos
1449 5329 1559 5412 qui
1605 5347 1837 5410 corpus
1874 5329 2194 5393 occidunt.
2228 5328 2371 5391 Haec

883 3753 1250 3819 novissimis
1302 3752 1527 3815 diebus
1575 3753 1902 3815 instabunt
1944 3759 2231 3835 tempora
2274 3772 2380 3835 pe—

884 3854 1178 3926 riculosa,
1213 3860 1276 3914 et
1305 3859 1492 3914 erunt
1530 3851 1820 3914 homines
1861 3870 1928 3913 se
1961 3851 2132 3933 ipsos
2166 3872 2380 3914 aman-

2486 1976 2783 2059 privabit,
2817 1977 2997 2057 juxta
3026 1977 3185 2039 illud
3216 1975 3637 2038 Ecclesiastici
3675 1994 3689 2039 ε
3725 1975 3787 2038 Si
3824 1995 3974 2058 prae-
4044 1997 4165 2039 scca.

2484 2075 2720 2138 stiteris
2769 2075 2999 2166 animae
3041 2084 3167 2138 tuae
3214 2074 3763 2156 concupiscentias
3812 2075 3968 2155 ejuS,
3996 2075 4096 2105 “““’·
4127 2062 4178 2100 ³¹·

2485 2174 2722 2237 facient
2749 2183 2812 2236 te
2851 2175 2917 2236 in
2956 2174 3257 2255 gaudium
3299 2173 3576 2236 inimicis
3614 2173 3767 2236 tuis.
3801 2173 3972 2236 Tales

2488 2291 2636 2335 vere
2684 2273 2910 2336 odiunt
2955 2273 3351 2354 semetipSOS,
3402 2272 3652 2335 dicente
3698 2271 3975 2354 Scriptu-

2490 2388 2605 2433 ra:
2641 2370 2756 2443 Qui
2806 2370 3014 2450 diligit
3060 2370 3483 2452 iniquitatem,
3520 2371 3653 2434 odit
3700 2371 3967 2434 animam
4018 2391 4193 2435 Pam.

2491 2489 2691 2532 suam.
2728 2470 2876 2531 Vult
2921 2470 3092 2531 enim
3137 2471 3195 2532 ei
3244 2489 3387 2550 quae
3425 2477 3673 2532 nocent.
3708 2470 3794 2532 De
3844 2471 3972 2532 tali-

2490 2568 2611 2630 bus
2661 2568 2747 2630 ait
2791 2568 2981 2630 Judas
3030 2568 3097 2629 in
3146 2587 3259 2629 sua
3308 2567 3618 2631 Canonica
3652 2587 3667 2630 ε
3702 2567 3773 2630 Hi
3829 2577 3969 2631 sunt
4014 2587 4219 2636 audant.

2492 2667 2555 2729 in
2590 2667 2797 2749 epulis
2837 2667 2968 2729 suis
3000 2667 3406 2730 convivantes
3437 2666 3573 2728 sine
3606 2667 3857 2742 timore,
3890 2687 3972 2730 se-
3996 2655 4039 2694 ¹³

2492 2766 2794 2847 metipsos
2827 2772 3176 2847 pascenteS‚
3213 2765 3413 2827 nubes
3448 2765 3585 2827 sine
3614 2785 3802 2848 aqua,
3833 2785 3971 2848 quae

2490 2884 2527 2926 a
2576 2865 2781 2927 ventis
2830 2863 3416 2926 circumferuntur:
3450 2865 3687 2947 quibus
3740 2864 3973 2948 procel-

2491 2965 2549 3026 la
2580 2963 2985 3026 tenebrarum
3026 2972 3392 3027 conservata
3418 2971 3514 3024 est
3548 2963 3613 3025 in
3646 2971 3968 3026 aeternum.

881 3071 1165 3126 mutuam
1198 3063 1262 3123 in
1299 3061 1478 3124 vobis
1518 3061 1840 3124 caritatem
1875 3061 2242 3124 continuam
2275 3062 2382 3124 ha·
2418 3062 2462 3126 C
2490 3062 2649 3124 Huic
2704 3069 2915 3124 autem
2981 3063 3273 3124 secundae
3336 3062 3717 3144 expositioni
3780 3064 3974 3144 magis

2491 3163 2872 3224 concordant
2921 3162 3275 3242 sequentia.

2570 3263 2655 3321 Ec
2685 3261 2801 3340 qui
2828 3261 2966 3321 odit
2998 3261 3291 3321 animam
3322 3281 3509 3321 suam
3546 3262 3619 3321 in
3649 3264 3767 3322 lzoc
3796 3282 3976 3321 mun-

2486 3361 2595 3428 do,
2627 3359 2690 3420 id
2728 3366 2843 3431 est,
2878 3358 3277 3420 delectabilia
3316 3358 3537 3421 mundi
3578 3367 3642 3421 et
3674 3359 3883 3422 carnis
3920 3359 3973 3420 ei

2489 3456 2827 3530 subtrahit,
2861 3475 3130 3538 eamque
3173 3457 3458 3538 quotidie
3508 3466 3769 3539 propter
3805 3457 3980 3520 Chri-

2488 3561 2656 3617 stum
2708 3555 3071 3628 mortificat,
3104 3563 3168 3617 et
3216 3555 3268 3617 si
3314 3563 3601 3619 occurrat
3648 3557 3973 3631 articuluS‚

2491 3672 2605 3735 pro
2662 3653 2793 3715 side
2850 3661 2913 3716 et
2955 3653 3203 3733 justitia
3252 3663 3519 3717 mortem
3574 3655 3979 3737 amplectitur

2490 3754 2936 3836 temporalem;
2962 3756 3031 3815 in
3064 3757 3269 3816 vitam
3298 3765 3605 3816 oeternam
3634 3755 3981 3838 adipiscen-

2488 3852 2631 3914 dam
2684 3851 2910 3914 merito
2959 3853 3085 3915 odii
3138 3852 3355 3933 hujus,
3386 3855 3663 3914 custodit
3693 3875 3859 3914 eam.
3894 3853 3977 3915 De

2487 3968 2616 4031 quo
2663 3951 2808 4014 odio
2858 3950 3013 4013 dicit
3060 3950 3342 4016 Salvator
3388 3952 3556 4033 apud
3598 3951 3832 4014 Lucam
3868 3971 3881 4014 :
3914 3951 3973 4014 Si
4006 3971 4207 4014 ammas

2486 4049 2633 4129 quis
2696 4049 2869 4110 venit
2928 4051 3004 4111 ad
3066 4068 3187 4122 me,
3242 4057 3304 4111 et
3363 4069 3487 4113 non
3546 4048 3679 4113 odit
3732 4058 3974 4130 patrem

2487 4166 2698 4221 suum,
2734 4155 2798 4209 et
2838 4155 3127 4220 matrem,
3161 4156 3225 4209 ot
3268 4166 3550 4223 uxorem,
3584 4155 3646 4209 et
3688 4146 3883 4223 silioS,
3916 4158 3977 4210 et

2409 4245 2457 4306 D
2488 4245 2733 4320 fratres,
2788 4253 2851 4307 et
2899 4264 3168 4321 sororeS,
3220 4246 3428 4308 adhuc
3476 4254 3686 4308 autem
3735 4254 3799 4308 et
3844 4247 3978 4309 ani-

2486 4362 2654 4404 mam
2690 4362 2891 4417 suam,
2929 4362 3053 4406 non
3088 4351 3294 4426 potest
3322 4362 3503 4406 meus
3534 4362 3673 4406 esse
3703 4344 3979 4428 discipu-

2486 4441 2607 4504 lus.
2644 4441 2979 4523 Fugiamus
3019 4460 3167 4523 ergo
3203 4441 3602 4505 delectabilia
3641 4442 3787 4505 vitae
3826 4463 3977 4525 prae-

2487 4539 2701 4614 sentis,
2724 4558 3110 4621 omnemque
3141 4541 3363 4602 mundi
3396 4540 3717 4608 honorem.
3740 4541 3973 4604 samam

2486 4644 2547 4698 et
2579 4638 2845 4718 gloriam
2887 4637 3250 4701 cordialiter
3288 4657 3725 4720 aspernemur,
3769 4641 3976 4703 cruci-

2484 4735 2767 4817 figentes
2799 4737 2979 4818 juxta
3009 4737 3360 4799 doctrinam
3392 4736 3691 4819 Apostoli,
3716 4756 3971 4800 carnem
4004 4762 4213 4806 cainam

2486 4843 2763 4898 nostram
2808 4855 2954 4898 cum
2998 4835 3169 4899 vitiis
3214 4843 3276 4897 et
3318 4836 3877 4918 concupiscentiis.

2564 4937 2644 4996 Si
2671 4937 2816 5014 quis
2846 4937 3013 4995 mihi
3042 4935 3401 5002 ministrat,
3433 4934 3785 4998 obediendo
3816 4936 3971 4997 meis
4092 4941 4153 4995 26

2486 5032 2835 5114 praecepti5‚
2856 5032 2956 5094 vel
2985 5031 3447 5113 acquiescendo
3476 5033 3759 5095 consiliis
3791 5053 3974 5096 evan-

2480 5130 2716 5211 geliciS‚
2741 5151 2837 5191 me
2857 5141 3185 5210 sequatur,
3206 5131 3271 5192 id
3300 5138 3409 5204 θεῖ,
3436 5131 3731 5212 patiendo
3758 5133 3971 5195 adver·

2482 5249 2571 5308 sa,
2603 5246 2705 5291 me
2753 5228 3216 5309 aequanimiter,
3252 5229 3500 5292 fortiter
3542 5237 3732 5312 atque
3782 5231 3969 5293 stabi-

2479 5327 2622 5389 liter
2651 5326 2951 5401 imitetur,
2978 5345 3104 5390 non
3136 5328 3488 5391 recedendo
3514 5348 3551 5390 a
3583 5328 3685 5392 via
3708 5329 3965 5410 justitiae
