4300 6259
237 1878 342 1933 1⁴

235 4362 343 4419 15

1349 518 1702 565 mumulo
1743 518 1808 565 m
1846 518 1987 565 ω.
2032 518 2118 565 vn
2160 518 2436 566 somma.
2480 538 2561 550 -—
2601 520 2744 567 ΛΒΤ.
2789 520 2898 566 xlx

3548 501 3661 564 411

537 687 776 753 bonus
833 697 957 752 est.-
1003 690 1100 752 llli
1151 690 1324 753 enim
1375 710 1454 753 ne
1503 689 1926 764 offenderent,
1978 698 2068 752 ta-
2097 687 2148 748 A
2178 690 2363 753 litum
2402 689 2546 765 fuit,
2580 698 2641 753 et
2682 690 3047 753 nescierunt
3082 692 3255 773 quod
3288 690 3465 753 Jesus
3504 696 3669 753 esset

536 796 860 851 cuerunt.
895 788 958 851 Si
992 808 1142 854 vero
1181 791 1352 872 quod
1387 791 1496 866 ait,
1529 790 1790 872 Propter
1825 798 2065 851 metum

532 887 950 963 Judaeorum,
1001 889 1352 970 accipiatur
1409 890 1788 971 simpliciter
1840 890 1917 951 de
1961 887 2066 949 Ju-

539 986 744 1059 daeis,
779 986 948 1048 inter
976 1006 1138 1068 quos
1177 988 1363 1050 multi
1398 989 1589 1051 etiam
1623 988 1832 1067 magni
1873 995 2064 1067 atque

545 1093 861 1167 potentes
910 1085 1173 1149 l'uerunt
1221 1087 1333 1169 qui
1391 1088 1556 1149 bene
1603 1094 1941 1148 senserunt
1989 1086 2066 1147 de

537 1182 736 1257 ἔθευ,
778 1192 931 1246 tunc
969 1187 1139 1266 quod
1181 1186 1422 1248 dictum
1463 1193 1578 1260 est,
1619 1185 1815 1248 Nemo
1859 1184 2066 1266 palam

543 1282 952 1363 loquebatur
1001 1284 1081 1346 de
1128 1302 1224 1359 eo,
1281 1284 1764 1365 intelligendum
1819 1284 1940 1345 erit
1989 1283 2067 1344 de

541 1381 868 1444 omnibus
936 1382 1048 1463 qui
1110 1390 1676 1446 murmuraverunt
1731 1390 1794 1445 et
1848 1383 2067 1463 loque-

543 1479 804 1542 bantur
852 1482 930 1543 de
977 1481 1145 1555 Jesu,
1196 1482 1480 1543 dicentes
1535 1500 1549 1544 ε
1602 1480 1718 1543 Ubi
1769 1491 1864 1544 est
1912 1481 2063 1543 ille?

541 1577 726 1641 Nam
772 1578 970 1660 aliqui
1025 1579 1189 1641 male
1233 1579 1579 1642 sentientes
1623 1580 1700 1641 de
1735 1579 1902 1652 Jesu,
1938 1598 2063 1641 non

541 1677 887 1739 audebant
946 1696 1157 1741 coram
1220 1678 1520 1741 omnibus
1575 1678 1804 1741 Judaeis
1865 1679 2067 1739 detra-

545 1777 726 1838 here
765 1776 845 1838 ei.

2179 790 2287 851 ille
2326 792 2403 852 de
2442 808 2571 871 quo
2607 790 2794 852 Isaias
2834 791 3144 872 propheta
3182 789 3473 872 praedixit
3508 808 3521 853 ε
3555 788 3671 851 Re-

2178 889 2466 970 quiescet
2507 907 2700 971 super
2740 908 2888 952 eum
2934 891 3196 972 spiritus
3241 889 3567 971 sapientiae
3606 896 3672 950 et

2180 989 2561 1062 intellectus,
2614 989 2877 1071 spiritus
2936 988 3186 1054 consilii
3246 997 3308 1051 et
3352 986 3671 1051 fortitudi-

2180 1088 2301 1162 niS,
2335 1095 2455 1150 etc.
2488 1086 2697 1149 Latuit
2735 1106 2841 1151 eos
2882 1089 3053 1169 quod
3088 1087 3267 1149 Jesus
3306 1094 3471 1150 esset
3505 1086 3667 1148 Deus

2178 1192 2241 1247 et
2278 1186 2488 1260 homo,
2524 1186 2589 1248 in
2628 1205 2757 1268 quo
2795 1194 2945 1247 sunt
2986 1204 3205 1249 omnes
3249 1185 3528 1248 thesauri
3573 1203 3669 1246 sa-

2180 1284 2435 1365 pientiae
2472 1292 2535 1346 et
2572 1284 2853 1347 scientiae
2888 1284 3264 1357 absconditi,
3297 1284 3409 1365 qui
3450 1302 3671 1346 secun·

2178 1384 2331 1445 dum
2391 1392 2676 1445 naturam
2734 1390 3125 1464 assumptam
3171 1382 3419 1464 accepit
3464 1402 3499 1444 a
3546 1381 3671 1444 Deo

2178 1482 2481 1543 Trinitate
2529 1481 2816 1544 omnium
2861 1482 3292 1563 praesentium,
3328 1480 3675 1564 praeterito-

2180 1599 2321 1641 rum
2365 1600 2437 1642 ac
2480 1579 2842 1643 futurorum
2894 1581 3147 1662 plenam
3198 1580 3549 1653 scientiam,
3593 1578 3672 1640 ab

2179 1679 2628 1741 incarnationis
2680 1678 3020 1761 principio.
3072 1678 3519 1741 Verumtamen
3568 1678 3678 1739 ad-

2177 1778 2428 1839 miratio
2460 1778 2683 1841 horum
2721 1777 2950 1859 partim
2995 1777 3167 1839 rudis
3209 1776 3334 1839 fuit
3371 1784 3434 1839 et
3472 1777 3677 1839 incre-

648 1878 794 1936 Jam
836 1885 1054 1936 autem
1091 1878 1202 1936 die
1238 1877 1398 1952 festo
1440 1878 1786 1944 mediante,
1833 1876 1896 1937 id
1945 1883 2060 1950 est,
2102 1873 2148 1934 B
2180 1875 2431 1957 pabilis.
2465 1874 2669 1947 Quum
2710 1874 2882 1937 enim
2926 1875 3233 1937 vidissent
3274 1876 3457 1957 plura
3494 1875 3675 1955 signa

467 1984 488 1993 “
547 1974 871 2057 praedicta
917 1973 1261 2036 festivitate
1303 1974 1876 2037 Tabernaculorum
1926 1992 2068 2056 sep-

547 2081 696 2135 tem
740 2072 965 2134 diebus
1009 2074 1280 2135 durante
1317 2072 1446 2152 jam
1490 2091 1606 2154 pro
1642 2072 1849 2135 media
1889 2080 2066 2153 parte

543 2172 804 2253 elapsa,
859 2172 1157 2233 videlicet
1204 2178 1431 2252 quarto
1483 2170 1586 2233 die
1644 2170 1805 2252 ejus.
1858 2169 2066 2231 Sumi-

539 2278 671 2332 tur
717 2288 864 2351 ergo
909 2270 975 2331 in
1021 2269 1143 2333 isto
1184 2268 1464 2350 capitulo
1502 2269 1636 2331 dies
1679 2267 1900 2343 l'estuS,
1936 2287 2062 2331 non

545 2387 683 2452 pro
733 2388 860 2431 uno
910 2369 1014 2432 die
1062 2370 1407 2443 dumtaxat,
1442 2369 1552 2429 sed
1591 2367 1896 2431 totalitate
1936 2368 2067 2430 die-

543 2486 712 2530 rum
751 2467 1150 2531 solennitatis
1195 2466 1400 2529 istius.
1435 2468 1742 2527 Ascendit
1771 2468 1950 2526 Jesus
1989 2468 2062 2526 in

545 2570 878 2645 templum
902 2565 1520 2648 lerosolymitanum,
1553 2574 1610 2624 et
1639 2566 1916 2625 docebat.
1951 2562 2062 2626 Su-

541 2666 782 2749 perius
830 2665 991 2728 dixit
1041 2664 1456 2745 Evangelista,
1500 2665 1670 2745 quod
1722 2664 1923 2727 noluit
1966 2663 2063 2726 Je-

541 2784 672 2827 sus
722 2764 788 2826 in
833 2764 1110 2827 Judaeam
1164 2764 1453 2838 transire,
1495 2763 1648 2845 quia
1694 2763 2064 2843 quaerebant

541 2882 710 2926 eum
739 2863 936 2925 Judaei
979 2862 1269 2925 occidere
1301 2881 1315 2925 t
1350 2863 1670 2944 quomodo
1706 2880 1854 2943 ergo
1891 2882 2061 2925 nunc

541 2960 760 3024 refert
807 2978 955 3023 eum
1000 2960 1314 3043 templum
1357 2979 1568 3023 coram
1609 2960 1925 3023 universis
1967 2960 2063 3022 in·

2178 1991 2293 2054 per
2321 1973 2532 2035 Jesum
2564 1973 2730 2048 l'ieri,
2770 1992 2963 2055 quam
3004 1972 3293 2035 lecerunt
3322 1972 3669 2055 Prophetae,

2176 2072 2492 2134 debebant
2546 2073 2870 2135 attendere
2930 2074 3099 2153 quod
3159 2072 3271 2153 qui
3329 2072 3671 2154 Prophetas

2175 2171 2390 2233 docuit
2454 2189 2569 2254 per
2624 2171 3104 2253 inspirationem
3166 2171 3501 2245 internam,
3563 2172 3671 2234 do-

2175 2270 2409 2331 cuisset
2446 2277 2508 2331 et
2544 2269 2754 2331 Jesum
2795 2269 3113 2333 Christum
3159 2269 3473 2331 similiter.
3508 2269 3666 2331 Hinc

2174 2376 2270 2432 est
2306 2368 2476 2449 quod
2513 2367 2838 2431 Matthaeus
2878 2375 2940 2429 et
2976 2367 3216 2430 Marcus
3257 2367 3542 2430 referunt
3570 2368 3665 2429 di-

2174 2465 2341 2527 xisse
2389 2465 2633 2529 Judaeos
2685 2484 2698 2528 τ
2755 2465 2926 2531 Unde
2974 2466 3125 2528 huic
3172 2466 3483 2548 sapientia
3528 2466 3663 2529 haec

2174 2571 2237 2626 et
2285 2564 2595 2626 virtutes?
2642 2563 2863 2628 Nonne
2912 2564 3016 2626 hic
3073 2572 3168 2627 est
3224 2564 3400 2627 filius
3448 2563 3660 2626 fabri?

2251 2664 2604 2739 Respondit
2644 2665 2737 2723 eia
2770 2666 2970 2735 JesuS,
3014 2673 3073 2724 et
3110 2664 3288 2724 dia-it
3317 2684 3340 2722 .·
3370 2666 3519 2725 Mea
3555 2665 3664 2723 do-

2171 2762 2383 2822 ctrina
2414 2781 2537 2822 non
2569 2771 2658 2821 est
2690 2780 2850 2831 mea,
2882 2764 2992 2822 sed
3018 2762 3158 2840 ejus
3186 2764 3304 2842 qui
3334 2763 3510 2823 misit
3540 2782 3659 2822 me.

2169 2859 2347 2921 Juxta
2374 2860 2747 2933 dialecticOS,
2774 2860 2948 2923 nulla
2975 2861 3316 2942 propositio
3344 2861 3544 2924 verior
3571 2868 3667 2922 est

2171 2977 2363 3039 quam
2404 2959 2467 3020 in
2503 2978 2631 3040 qua
2670 2960 2837 3022 idem
2879 2960 3257 3041 praedicatur
3284 2960 3363 3022 de
3392 2978 3462 3022 se
3502 2960 3663 3041 ipso,

545 3068 784 3133 trasse‚
847 3058 1254 3121 manentibus
1316 3057 1546 3121 Judaeis
1612 3058 1677 3119 in
1741 3058 2062 3121 voluntate
2099 3056 2141 3118 C
2171 3064 2235 3118 et
2278 3057 2454 3119 nulla
2498 3056 2715 3121 salsior
2754 3077 2943 3139 quam
2990 3057 3056 3120 in
3100 3077 3227 3139 qua
3267 3058 3434 3121 idem
3481 3059 3559 3120 de
3603 3076 3669 3119 se

541 3166 690 3220 tam
731 3158 978 3239 impia?
1021 3156 1095 3219 Et
1135 3157 1672 3239 respondendum,
1706 3158 1873 3238 quod
1922 3176 2064 3239 pro-

547 3266 703 3341 pter
753 3256 1119 3339 praedictam
1171 3275 1424 3317 causam
1483 3255 1730 3317 distulit
1777 3254 2060 3318 Christus

543 3355 952 3436 quandoque
1010 3353 1248 3415 intrare
1301 3353 1602 3427 Judaeam,
1665 3371 1792 3415 non
1852 3371 1929 3415 ex
1988 3353 2062 3414 ti-

543 3470 762 3526 more,
809 3460 883 3514 ut
939 3452 1183 3514 dictum
1237 3460 1334 3513 est
1381 3470 1395 3514 ε
1446 3470 1570 3515 non
1625 3459 1836 3514 tamen
1897 3469 2063 3513 sem-

545 3568 702 3634 per,
737 3558 807 3611 ut
839 3550 1112 3612 instruat
1141 3550 1581 3632 praedicatores
1618 3568 1698 3612 ne
1731 3550 1906 3631 gregi
1937 3550 2057 3612 sibi

545 3648 906 3713 commisso
965 3648 1340 3711 subtrahant
1388 3647 1658 3711 verbum
1717 3648 1940 3711 salutis
1993 3648 2057 3710 in

543 3746 958 3809 necessitatis
997 3746 1305 3825 articu103
1339 3746 1642 3828 itemque,
1679 3755 1749 3808 ut
1786 3747 2060 3810 declaret

537 3846 806 3909 Judaeos
839 3845 930 3907 nil
972 3862 1160 3928 posse
1189 3852 1407 3907 contra
1435 3845 1672 3927 ipsum,
1707 3845 1829 3908 nisi
1860 3866 2061 3929 quan-

543 3956 700 4007 tum
740 3944 880 4027 ipse
919 3944 1304 4026 permiserit.
1338 3944 1563 4007 Docuit
1601 3962 1748 4025 ergo
1775 3944 1952 4007 Jesus
1993 3946 2057 4007 in

537 4043 824 4125 templo,
869 4043 1331 4106 introducendo
1370 4044 1749 4106 documenta
1791 4043 1947 4124 legis
1987 4063 2059 4107 ac

539 4141 1059 4223 Prophetarum3
1102 4150 1165 4202 et
1201 4141 1314 4203 illa
1352 4140 1620 4225 perfecit
1658 4160 1770 4223 per
1802 4143 2060 4225 propria

541 4241 964 4305 documenta.

639 4340 730 4400 Et
777 4340 1198 4400 mirabantur
1233 4340 1474 4409 Judoei,
1507 4340 1788 4400 dieentes
1826 4360 1850 4399 .·
1897 4344 2058 4409 Quo-

538 4440 748 4499 modo
795 4438 903 4498 Ιιίσ
951 4438 1202 4497 litteras
1250 4438 1394 4506 scit,
1445 4436 1508 4498 id
1557 4444 1650 4498 est
1709 4437 2055 4519 scripturas

538 4534 717 4617 legis
745 4554 816 4597 ac
846 4534 1326 4618 Prophetarum,
1360 4555 1561 4615 quum
1589 4555 1716 4597 non
1749 4538 2056 4599 didicerit

534 4652 661 4697 eas
711 4633 790 4695 ab
851 4632 1156 4696 homine?
1207 4632 1561 4695 Audierunt
1619 4652 1894 4716 namque
1951 4653 2057 4698 ex-

533 4732 1012 4797 cellentissima
1064 4733 1444 4795 documenta
1492 4732 1722 4795 Christi
1775 4734 2057 4796 testimo-

536 4832 684 4895 niis
731 4830 1206 4914 Scripturarum
1253 4829 1547 4909 firmata3
1600 4838 1662 4893 et
1711 4831 1915 4912 patuit
1963 4832 2054 4894 eis

531 4930 726 5013 quod
751 4929 931 4991 Jesus
964 4947 1088 4992 non
1131 4928 1560 5010 frequentavit
1593 4928 1912 5008 [scholas],
1949 4949 2056 4993 ne-

533 5046 684 5111 que
729 5026 810 5089 ab
860 5026 1230 5091 hominibus
1281 5027 1626 5089 instructus
1678 5027 1799 5089 fuit
1847 5046 1860 5091 ε
1915 5029 2056 5093 ideo

533 5124 970 5189 mirabantur.
1013 5124 1363 5188 Admiratio
1407 5126 1650 5208 quippe
1703 5128 2048 5208 consurgit,

533 5242 758 5307 quum
807 5223 1054 5305 aliquid
1103 5223 1248 5286 novi
1305 5232 1569 5307 apparet
1622 5224 1807 5305 cujus
1866 5244 2054 5287 causa

535 5322 858 5387 nescitur.
913 5323 1085 5385 Istud
1135 5339 1286 5387 vero
1338 5340 1578 5387 novum
1635 5330 1828 5405 atque
1884 5324 2053 5388 inso-

2173 3154 2313 3236 ipso
2359 3164 2643 3237 negatur.
2686 3155 3006 3228 Quomodo
3052 3173 3199 3237 ergo
3242 3158 3349 3232 ait,
3394 3156 3523 3219 Mea
3566 3158 3675 3220 do-

2174 3253 2377 3315 ctrina
2414 3272 2537 3316 non
2581 3260 2677 3315 est
2714 3257 2896 3316 mea?
2928 3254 2991 3316 Si
3032 3254 3203 3316 enim
3245 3254 3337 3316 sic
3374 3262 3490 3329 est,
3526 3272 3674 3336 ergo

2174 3351 2465 3413 doctrina
2507 3352 2738 3415 Christi
2783 3372 2909 3417 non
2956 3352 3084 3416 fuit
3126 3353 3378 3427 Christi,
3422 3361 3484 3415 et
3526 3372 3675 3417 con-

2172 3450 2364 3512 traria
2405 3450 2595 3513 simul
2638 3451 2915 3513 stabunt.
2950 3452 3321 3526 Dicendum,
3356 3452 3526 3533 quod
3567 3454 3675 3516 do-

2175 3548 2379 3610 ctrina
2436 3549 2665 3612 Christi
2725 3548 2849 3612 l'uit
2903 3549 3119 3631 aliquo
3174 3550 3362 3612 modo
3418 3568 3552 3624 sua,
3610 3560 3675 3613 et

2168 3647 2386 3729 aliquo
2426 3648 2613 3711 modo
2654 3665 2779 3709 non
2823 3646 2947 3709 l'uit
2985 3667 3119 3710 sua.
3154 3646 3263 3710 Est
3302 3647 3497 3729 igitur
3532 3666 3673 3709 sen-

2174 3765 2281 3808 sus
2346 3764 2359 3808 z
2422 3744 2552 3807 Mea
2609 3745 2916 3819 doctrina,
2978 3745 3098 3808 hoc
3154 3753 3251 3807 est
3308 3745 3671 3828 praedicatio

2170 3844 2531 3925 evangelica
2570 3862 2715 3925 quae
2753 3852 2849 3905 est
2889 3862 3027 3905 mea
3066 3852 3368 3926 tanquam
3409 3845 3672 3926 loquen-

2171 3942 2250 4004 tis
2297 3962 2369 4005 ac
2421 3942 2809 4024 recipientiS,
2859 3961 2983 4005 non
3035 3950 3130 4004 est
3178 3961 3319 4005 mea
3367 3950 3667 4025 tanquam

2168 4060 2205 4103 a
2251 4060 2355 4103 me
2403 4042 2543 4123 ipso
2592 4060 2730 4104 eam
2788 4041 3100 4105 habentis.
3153 4041 3437 4105 Christus
3495 4042 3664 4105 enim

2170 4158 2295 4203 non
2328 4141 2534 4203 solum
2566 4142 2915 4203 secundum
2946 4150 3225 4203 naturam
3257 4148 3661 4224 assumptam,

2089 4244 2138 4306 D
2168 4241 2279 4302 sed
2328 4240 2593 4322 insuper
2641 4242 2993 4303 secundum
3046 4250 3333 4304 naturam
3382 4242 3665 4305 divinam

2166 4338 2413 4421 accepit
2444 4358 2481 4400 a
2508 4338 2687 4400 Patre
2727 4339 3043 4421 quidquid
3082 4340 3271 4403 habet
3309 4348 3372 4403 et
3400 4349 3516 4416 est,
3551 4360 3669 4423 pu-

2167 4445 2229 4499 ta
2284 4438 2621 4500 essentiam
2684 4445 2872 4519 atque
2930 4439 3283 4501 scientiam.
3337 4440 3445 4501 Vel
3500 4440 3593 4503 sic
3645 4459 3659 4503 :

2163 4536 2295 4599 Mea
2342 4536 2629 4600 doctrina
2676 4556 2820 4619 quae
2876 4545 2973 4600 est
3020 4556 3159 4600 mea
3208 4546 3506 4619 tanquam
3558 4539 3665 4601 do-

2166 4635 2392 4710 centiS,
2437 4654 2561 4699 non
2612 4642 2708 4697 est
2755 4653 2897 4698 mea
2941 4654 3054 4718 per
3098 4636 3378 4699 studium
3431 4636 3665 4699 instru-

2166 4734 2394 4797 ctionis
2424 4734 2739 4809 bumanae,
2777 4734 2928 4815 quia
2958 4752 3073 4818 per
3105 4733 3489 4798 infusionem
3522 4752 3659 4798 eam

2163 4834 2405 4916 accepi.

2244 4932 2632 5012 Augustinus
2681 4940 2744 4995 et
2798 4931 2962 4993 Beda
3022 4931 3317 4994 videntur
3374 4932 3663 4995 subtilio-

2166 5048 2299 5091 rem
2330 5037 2585 5111 tangere
2619 5032 3035 5105 intellectum,
3070 5040 3280 5094 tamen
3312 5032 3656 5095 obscurum

2164 5135 2225 5189 et
2276 5127 2379 5209 pia
2428 5127 2943 5210 interpretatione
3002 5138 3314 5211 egentem.
3368 5130 3482 5195 Pro
3530 5151 3659 5214 quo

2164 5226 2517 5299 sciendum,
2542 5229 2711 5307 quod
2743 5228 2908 5291 sicut
2938 5230 3223 5292 Christus
3256 5230 3489 5293 dicitur
3518 5232 3658 5294 Ver·

2164 5324 2316 5386 bum
2350 5331 2413 5385 et
2451 5340 2660 5388 sermo
2696 5324 2892 5388 Patris
2932 5346 3061 5409 quo
3096 5328 3311 5392 omnia
3344 5329 3651 5413 loquitur,

3722 803 3784 849 1⁸.
3801 818 3859 855 xi,
3876 805 3917 849 2.

3698 1206 3958 1257 Columna.

3705 2484 3957 2536 Mammas,

3692 2550 3760 2597 54,
3791 2550 3843 2590 55
3864 2562 3874 2597 ;

3692 2612 3841 2715 ἕως.
3854 2612 3952 2661 vnz.

3801 2735 3868 2790 16
