4300 6259
820 487 900 550 82
1600 509 1948 555 RNARRATIO
1992 507 2053 552 rs
2095 507 2233 554 cnr.
2280 508 2390 553 xm
2435 507 2622 553 tucia.
2669 527 2748 538 —
2791 507 2933 554 Aur.
2975 509 3143 555 xxxv

820 676 1010 740 homo
1058 677 1333 740 nobilior
1369 685 1466 740 est
1500 677 1811 759 jumento,
1844 686 1981 740 tum
2025 678 2178 759 quia
2219 678 2316 739 in-
2341 678 2390 738 A
2424 685 2493 739 ut
2523 695 2722 759 quum
2753 678 2842 738 ait
2878 679 3047 760 apud
3087 677 3411 740 Marcum:
3443 676 3783 740 Sabbatum
3825 675 3917 739 fa·
3989 694 4202 741 namn.

819 775 1095 855 digentia
1148 774 1405 837 feminae
1453 775 1645 855 hujus
1698 776 1900 856 major
1946 775 2070 837 fuit
2116 795 2308 856 quam

816 871 1250 954 jumentorum
1292 874 1355 934 in
1396 873 1675 948 sabbato,
1721 882 1853 935 tum
1898 874 2051 955 quia
2098 873 2314 953 alliga-

818 971 908 1034 tio
949 971 1067 1032 ista
1108 971 1531 1034 miserabilior
1572 971 1715 1033 fuit.

616 1077 685 1135 17
899 1072 985 1130 Et
1013 1089 1215 1148 quum
1256 1073 1389 1132 Izoec
1414 1072 1676 1140 diceret,
1706 1073 2143 1132 erubescebant
2181 1090 2313 1130 om-

816 1187 927 1228 nes
972 1170 1338 1228 adversarii
1378 1169 1518 1245 ejus
1547 1190 1569 1228 .·
1600 1168 1753 1250 quia
1799 1168 2156 1230 clarissime
2202 1186 2310 1230 eos

819 1265 1114 1340 convicit,
1166 1273 1229 1327 et
1274 1267 1589 1330 derisione
1639 1267 1859 1348 dignos
1907 1267 2306 1330 monstravit.

818 1366 905 1424 Ec
949 1365 1157 1426 omnis
1196 1369 1502 1442 populus,
1544 1366 1664 1428 hoc
1712 1372 1809 1427 est
1860 1364 2201 1447 populares
2249 1372 2314 1426 et

817 1461 1139 1544 simplices
1192 1481 1205 1525 :
1262 1482 1406 1525 nam
1455 1464 1799 1526 adversarii
1848 1472 2024 1526 erant
2074 1462 2312 1526 Scribae

817 1566 879 1622 et
924 1559 1240 1641 Pharisaei,
1282 1561 1575 1624 humanae
1618 1561 1837 1643 gloriae
1886 1561 2125 1643 cupidi,
2170 1561 2312 1624 ideo

816 1656 1045 1720 Christi
1087 1658 1561 1722 honorationem
1603 1658 1769 1722 ferre
1808 1677 1935 1722 non
1976 1665 2308 1741 poterant3

810 1758 1131 1833 §audebat
1162 1759 1235 1818 in
1265 1759 1587 1818 universis
1612 1779 1755 1838 quae
1776 1761 2049 1836 ‚qloriose
2076 1759 2313 1835 fiebant

2422 784 2596 837 ctum
2655 785 2751 837 est
2811 784 3070 858 propter
3125 777 3474 851 hominem,
3537 795 3662 839 non
3725 757 3994 838 homo²⁷

2423 881 2683 956 propter
2729 875 3084 936 sabbatum.
3138 874 3448 948 Secundo,
3503 892 3578 936 ex
3627 893 3740 937 sua
3787 893 3918 936 ma-

2417 973 2663 1053 jestate,
2700 980 2770 1034 ut
2798 991 2999 1054 quum
3030 973 3118 1034 ait
3148 973 3212 1034 in
3244 971 3528 1036 Matthaeo
3563 991 3576 1036 :
3613 973 3916 1036 Dominus
3963 997 4208 1046 Mamm,

2421 1079 2516 1132 est
2563 1070 2760 1132 Filius
2808 1071 3087 1134 hominis
3141 1071 3329 1132 etiam
3382 1070 3648 1133 sabbati.
3683 1070 3912 1144 Terti0‚
3945 1063 3988 1103 ⁸·

2422 1189 2498 1233 ex
2539 1171 2694 1251 legis
2741 1170 3134 1246 auctoritate,
3168 1172 3323 1233 dum
3369 1171 3457 1232 ait
3491 1169 3600 1233 :Si
3647 1171 3915 1233 circum·
3961 1193 4204 1240 ιοιιυωι,

2423 1269 2728 1332 cisionem
2767 1269 3000 1351 accipit
3038 1269 3230 1332 homo
3260 1270 3324 1331 in
3367 1268 3646 1342 sabbato,
3683 1277 3752 1331 ut
3789 1287 3914 1332 non
3945 1257 4011 1298 ²³·

2422 1368 2703 1430 solvatur
2743 1367 2843 1429 lex
2883 1367 3129 1450 MoysiS,
3163 1375 3284 1429 etc.
3318 1367 3569 1441 Quarto,
3599 1385 3676 1428 ex
3715 1383 3920 1429 sacer-

2423 1467 2638 1529 dotum
2670 1465 3051 1548 operatione,
3071 1465 3370 1546 quoniam
3405 1466 3756 1528 sacerdotes
3786 1464 3919 1526 sab-

2424 1564 2639 1625 batum
2675 1563 3016 1639 violabant,
3053 1581 3170 1626 nec
3207 1571 3419 1625 tamen
3453 1581 3520 1624 se
3560 1581 3698 1626 reos
3738 1571 3987 1685 puta—⁵
3965 1578 4166 1621 acam.
4143 1593 4208 1628 ιι,

2421 1662 2596 1736 bant,
2633 1671 2822 1744 prout
2859 1662 2924 1724 in
2956 1660 3240 1725 Matthaeo
3278 1661 3524 1742 allegat.
3557 1661 3807 1736 Quinto,
3841 1644 3970 1722 ex⁵

2423 1779 2643 1823 eorum
2676 1761 3024 1842 cupiditate
3053 1768 3116 1822 et
3149 1760 3580 1842 perversitate,
3614 1759 3919 1841 quoniam

818 1855 897 1914 ab
940 1873 1035 1924 eo,
1083 1854 1202 1917 hoc
1250 1863 1345 1916 est
1404 1855 1467 1917 in
1524 1856 2029 1937 praeclarissimis
2078 1855 2311 1918 Christi
2349 1861 2395 1923 B
2425 1878 2643 1921 curam
2689 1877 2988 1940 pecorum
3039 1857 3347 1920 sanationi
3390 1858 3722 1921 hominum
3765 1877 3924 1941 prae-

818 1951 1163 2028 miraculiS,
1223 1972 1366 2035 quae
1424 1954 1561 2035 ipse
1621 1954 2060 2036 potentissime
2119 1962 2312 2035 atque

818 2050 1292 2133 promptissime
1331 2050 1483 2114 fecit
1516 2070 1529 2114 τ
1566 2052 1653 2114 ita
1689 2054 1861 2134 quod
1910 2071 2160 2114 summa
2197 2071 2315 2114 nu-

818 2166 1066 2211 merum
1094 2151 1427 2232 superavit,
1451 2151 1629 2230 juxta
1659 2151 1817 2214 illud
1847 2151 2099 2215 Ioannis
2129 2169 2313 2214 evan-

527 2246 789 2352 genuum,
816 2245 1056 2326 gelistae
1101 2265 1116 2310 ε
1164 2247 1353 2310 Multa
1398 2248 1523 2310 alia
1570 2249 1723 2311 fecit
1765 2248 1942 2312 Iesus
1996 2269 2010 2312 ε
2063 2269 2208 2331 quae
2257 2249 2309 2310 si

582 2339 597 2354 ⁶
819 2345 1176 2407 scribantur
1224 2364 1338 2427 per
1385 2346 1655 2428 singula,
1696 2365 1813 2410 nec
1862 2347 2075 2431 ipsum
2125 2366 2314 2409 mun-

817 2444 967 2505 dum
1014 2444 1287 2508 arbitror
1327 2464 1513 2528 posse
1561 2465 1789 2528 capere
1838 2465 1945 2510 eos
1995 2447 2107 2528 qui
2159 2447 2313 2509 scri-

814 2540 1005 2604 bendi
1053 2550 1203 2605 sunt
1257 2543 1474 2608 libros.
1526 2544 1819 2607 Naturale
1866 2546 2167 2626 equidem
2217 2553 2313 2607 est

812 2640 1010 2703 menti
1056 2641 1371 2717 humanae,
1418 2642 1485 2704 in
1532 2651 1659 2705 tam
1710 2643 2310 2725 supernaturalibus

812 2745 1003 2820 atque
1049 2739 1321 2803 insolitis
1363 2741 1684 2812 delectari,
1720 2761 1795 2805 eo
1839 2743 2009 2823 quod
2061 2752 2313 2805 natura-

813 2836 961 2900 liter
987 2838 1149 2900 scire
1188 2839 1345 2901 etin
1382 2842 1817 2920 cognoscendo
1857 2841 2172 2923 proficere
2202 2860 2315 2923 op-

825 2943 916 2998 tet
949 2955 963 3000 :
998 2938 1165 2999 unde
1207 2944 1269 2999 et
1310 2957 1472 3002 nova
1515 2939 1786 3020 placent.

2425 1957 2733 2019 ferebant.
2777 1956 2986 2029 Sexto,
3019 1975 3098 2018 ex
3147 1957 3359 2038 operis
3407 1956 3732 2038 qualitate,
3766 1974 3925 2037 quo-

2422 2057 2594 2119 niam
2637 2057 2883 2119 solvere
2918 2056 3242 2118 hominem
3283 2074 3322 2116 a
3361 2055 3616 2118 vinculo
3655 2053 3918 2126 Satanae,

2423 2174 2585 2236 opus
2617 2163 2712 2216 est
2752 2155 3051 2216 caritatis.
3087 2153 3162 2215 Et
3191 2154 3257 2215 hi
3297 2154 3422 2217 duo
3461 2153 3630 2216 modi
3672 2153 3737 2215 in
3771 2171 3924 2234 prae-

2425 2254 2588 2316 senti
2633 2254 2773 2317 loco
2813 2260 3182 2334 tanguntur.

2501 2351 2826 2425 Praeterea,
2856 2349 3196 2412 confutatis
3227 2348 3593 2422 incredulis,
3627 2347 3926 2410 subditur

2424 2449 2760 2512 instructio
2799 2448 3218 2522 credentium,
3252 2448 3364 2529 qui
3407 2447 3470 2508 in
3503 2445 3734 2509 Christi
3775 2463 3924 2528 ope-

2425 2548 2602 2610 ribus
2649 2546 3107 2628 gloriabantur.
3140 2548 3406 2608 Dicebat
3441 2564 3588 2622 eryo
3624 2543 3802 2607 Jesus
3833 2545 3916 2604 ad
4059 2550 4128 2604 {8

2422 2647 2642 2709 turbas
2678 2665 2691 2708 :
2722 2648 2845 2706 Cui
2871 2648 3088 2706 simile
3115 2656 3205 2704 est
3230 2663 3504 2722 regnum
3533 2645 3697 2705 Dei?
3723 2652 3782 2702 ei
3809 2643 3920 2702 cui

2421 2747 2639 2806 simile
2669 2765 2795 2804 esse
2824 2745 3205 2804 existimabo
3235 2745 3409 2803 illud
3429 2745 3459 2802 ?
3488 2741 3696 2804 Primo
3731 2740 3922 2801 inter-

2425 2851 2620 2923 rogat,
2655 2850 2718 2904 et
2765 2841 3320 2921 interrogationem
3367 2839 3486 2902 sub
3524 2838 3668 2901 aliis
3706 2838 3919 2901 verbis

2425 2941 2715 3020 resumit,
2750 2947 2819 3001 ut
2856 2947 3127 3002 attentos
3169 2939 3457 3000 redderet
3485 2937 3825 3010 auditoreS,
3857 2944 3920 2998 et

896 3034 1179 3117 Denique
1208 3036 1491 3099 Christus
1520 3039 1912 3102 adversarios
1944 3057 2091 3102 suos
2120 3039 2312 3100 variis
2351 3040 2394 3103 C
2425 3039 2704 3101 materiae
2758 3037 3186 3119 proponendae
3231 3035 3667 3097 excellentiam
3718 3033 3924 3096 decla-

824 3134 1027 3196 modis
1076 3135 1399 3198 convicit:
1433 3135 1663 3210 Primo,
1718 3155 1831 3218 per
1878 3137 2311 3218 operationem

533 3249 795 3302 Luc.v,2z.
824 3232 1299 3308 miraculorum,
1332 3235 1497 3296 sicut
1538 3254 1739 3316 quum
1781 3235 1941 3297 dixit
1974 3255 1987 3298 ε
2020 3235 2182 3308 Quid
2221 3245 2317 3299 est

825 3326 1076 3390 facilius
1124 3329 1355 3404 dicere,
1406 3330 1819 3393 Dimittuntur
1868 3331 1984 3393 tibi
2036 3341 2313 3414 peccata,

823 3444 904 3488 an
936 3427 1166 3502 dicere,
1198 3427 1395 3509 Surge
1434 3436 1496 3491 et
1523 3429 1822 3491 ambula?
1854 3429 2166 3508 Secundo,
2203 3449 2318 3512 per

825 3525 1262 3607 allegationem
1292 3525 1783 3609 Scripturarum,
1808 3529 1973 3590 sicut
2002 3548 2204 3610 quum
2234 3530 2318 3591 al-

532 3633 739 3678 uam-x
771 3622 1058 3705 :legavit
1094 3625 1254 3688 illud
1290 3643 1368 3687 ex
1399 3625 1663 3700 Psalmo,
1700 3626 1787 3687 Ex
1826 3644 1934 3689 ore
1974 3627 2316 3690 infantium

534 3696 796 3802 {⁰³P'''¹''¹'
827 3729 889 3784 et
944 3723 1312 3785 lactentium
1371 3723 1692 3805 perfecisti
1752 3724 2001 3786 laudem
2059 3731 2320 3807 propter

532 3837 699 3883 natta.
714 3851 798 3888 m
830 3820 1121 3884 inimicos
1168 3829 1354 3902 tuos;
1404 3822 1578 3896 itcm,
1629 3822 1930 3904 Lapidem
1979 3841 2173 3904 quem
2224 3842 2320 3885 re-

531 3901 775 4007 }{ff’mffl
777 3916 1257 4002 ¹’probaverunt
1302 3921 1710 3996 aedificanteS,
1758 3929 1876 3984 etc.
1925 3921 2156 3998 Tertio,
2206 3941 2320 4005 per

831 4018 1327 4100 propositionem
1379 4018 1844 4100 parabolarum,
1878 4027 1947 4080 ut
1984 4039 2188 4100 quum
2227 4021 2322 4082 di-

537 4132 800 4185 Lueamn.
831 4115 923 4176 xit
966 4116 1045 4178 ad
1092 4115 1472 4178 Pharisaeum
1522 4135 1535 4178 ε
1581 4115 1710 4179 Duo
1750 4117 2066 4180 debitores
2116 4127 2317 4193 erant,

2427 3145 2614 3199 raret.
2648 3135 2886 3197 Deinde
2916 3133 3256 3216 respondet
3291 3152 3303 3194 :
3339 3134 3574 3194 Simile
3599 3142 3690 3193 est
3710 3151 3920 3210 ,qrano
4059 3137 4130 3192 19

2423 3236 2701 3312 sinapi&
2743 3242 2863 3295 etc.

2505 3333 2792 3414 Regnum
2840 3331 2948 3392 Dei
2999 3347 3111 3392 seu
3163 3347 3430 3410 regnum
3481 3329 3806 3400 coelorum,
3856 3327 3921 3390 in

2427 3430 2772 3513 Scripturis
2823 3427 3266 3510 multipliciter
3313 3427 3589 3488 sumitur
3629 3443 3643 3488 t
3695 3426 3924 3508 primo,

2430 3549 2544 3613 pro
2589 3527 2868 3590 Ecclesia
2915 3525 3262 3590 militanti:
3305 3525 3604 3597 secundo,
3655 3541 3768 3605 pro
3818 3523 3932 3586 Ec-

2430 3629 2622 3691 clesia
2665 3625 3123 3707 triumphanti;
3157 3623 3364 3698 tertio,
3411 3642 3526 3706 pro
3567 3630 3802 3685 aeterna
3838 3622 3932 3684 fe-

2429 3728 2687 3796 licitate,
2713 3743 2824 3787 seu
2858 3723 3120 3806 praemio
3149 3722 3512 3802 Beatorum3
3544 3729 3790 3802 quarto,
3813 3739 3930 3803 pro

2429 3825 2668 3889 coelesti
2723 3823 3054 3885 mansione
3099 3839 3344 3895 eorum,
3399 3827 3552 3901 puta
3607 3837 3722 3900 pro
3769 3819 3930 3882 coelo

2429 3940 2762 4005 empyre03
2789 3921 3028 4002 quinto,
3068 3938 3180 4000 pro
3209 3919 3415 3981 activo
3448 3917 3754 3998 regimine
3787 3917 3928 3998 Dei;

2431 4029 2628 4096 sexto,
2675 4039 2790 4102 pro
2837 4018 3090 4098 negotio
3138 4017 3307 4099 quod
3358 4015 3422 4076 in
3473 4015 3771 4078 militanti
3819 4013 3934 4077 Ec-

2431 4120 2625 4184 clesia
2671 4118 2914 4198 agitur3
2949 4115 3242 4196 septimO,
3279 4132 3394 4195 pro
3435 4121 3598 4175 statu
3635 4113 3932 4176 Ecclesiae

831 4221 949 4276 etc.
982 4212 1233 4289 Quarto,
1266 4213 1554 4276 efficacia
1594 4215 2121 4290 testimoniorum,
2158 4217 2322 4279 sicut
2353 4225 2402 4285 D
2433 4217 2763 4280 militantis
2799 4235 2814 4294 3
2865 4221 3108 4287 octavo,
3163 4231 3277 4294 pro
3327 4211 3563 4274 virtute
3619 4218 3682 4272 et
3729 4211 3934 4292 gratia

584 4321 801 4374 Joanna.
830 4330 1033 4394 quum
1067 4311 1227 4374 dixit
1251 4311 1481 4374 Judaeis
1516 4331 1529 4374 ε
1567 4311 1685 4374 Vos
1727 4313 1988 4375 misistis
2025 4314 2101 4374 ad
2140 4314 2323 4376 Joan-

539 4387 607 4428 ³³·
832 4427 1001 4486 nem,
1044 4418 1163 4472 etc.
1194 4409 1443 4484 Quinto,
1479 4409 1827 4472 subtilitate
1868 4412 2316 4491 quaestionum,

704 4533 803 4571 xxu.
835 4516 905 4570 ut
949 4527 1149 4589 quum
1200 4508 1611 4588 interrogavit
1654 4508 1898 4570 Judaeos
1934 4527 1947 4570 :
1982 4508 2178 4591 Cujus
2226 4519 2322 4574 est

835 4607 1042 4686 imago
1098 4607 1231 4669 haec
1288 4613 1350 4668 et
1407 4605 1915 4688 superscriptio?
1965 4607 2248 4689 Itemque
2302 4629 2315 4672 :

572 4716 655 4758 ua
626 4727 724 4761 m.
746 4731 803 4770 n,
832 4704 1189 4786 Baptismus
1218 4703 1473 4766 loannis
1511 4706 1589 4766 de
1619 4705 1778 4768 coelo
1808 4712 1960 4779 erat,
1993 4724 2073 4766 an
2104 4725 2182 4768 ex
2213 4708 2323 4770 ho-

539 4779 607 4822 ⁸⁰
833 4803 1159 4865 minibus?
1190 4800 1398 4876 Sexto,
1432 4802 1823 4865 exhibitione
1852 4804 2316 4885 exemplorum,

832 4901 997 4964 sicut
1038 4900 1158 4963 hoc
1201 4900 1359 4963 loco.

911 4998 1249 5072 Postremo,
1272 4998 1425 5079 quia
1451 4998 1646 5061 Judaei
1678 4998 1995 5061 Christum
2027 4999 2323 5082 frequen-

827 5106 925 5160 ter
965 5099 1043 5160 de
1080 5097 1322 5160 sabbati
1366 5099 1860 5178 transgressione
1904 5101 2322 5182 reprehende-

832 5205 1001 5270 runt,
1036 5197 1176 5260 ideo
1212 5196 1655 5278 multipliciter
1684 5215 1751 5259 se
1790 5208 2047 5261 excusat
2086 5208 2148 5261 et
2179 5200 2320 5263 illos

830 5295 1153 5358 convincit
1200 5313 1213 5354 :
1261 5294 1489 5368 Primo,
1542 5312 1618 5356 ex
1667 5295 1943 5358 hominis
1994 5297 2318 5377 dignitate,

537 4517 701 4562 Manli.

2431 4315 2727 4379 Ecclesiae
2775 4312 3131 4386 militantis,
3177 4329 3290 4392 per
3333 4329 3492 4392 quas
3538 4311 3614 4372 ad
3665 4309 3932 4372 Ecclesi—

2428 4434 2530 4477 am
2580 4412 3084 4494 triumphantem
3136 4410 3544 4490 perducitur3
3579 4426 3767 4481 nono,
3813 4427 3931 4489 pro

2431 4531 2606 4575 sacra
2635 4511 2998 4592 Scriptura3
3033 4507 3301 4581 decim0,
3337 4525 3452 4588 pro
3492 4507 3632 4588 ipso
3663 4505 3928 4570 Domino

2431 4610 2771 4682 Salvator-e,
2807 4608 3160 4670 secundum
3203 4604 3677 4687 Hieronymum.
3709 4603 3928 4686 Itaque

2432 4727 2696 4790 regnum
2728 4706 2838 4768 Dei
2879 4705 2984 4767 hic
3017 4703 3222 4785 accipi
3262 4711 3489 4784 potest,
3525 4701 3752 4784 primo,
3787 4719 3927 4764 sex-

2431 4817 2512 4883 to,
2548 4806 2840 4889 septimo,
2866 4811 3106 4878 oetam,
3133 4821 3300 4866 nono
3329 4809 3390 4863 et
3421 4801 3666 4864 decimo
3693 4801 3918 4863 modis.

2427 4905 2632 4977 Quum
2673 4902 2844 4965 enim
2884 4901 3168 4965 Christus
3211 4901 3344 4962 haec
3385 4898 3566 4978 dixit,
3600 4897 3924 4980 primitiva

2428 5003 2708 5066 Ecclesia
2763 5001 3068 5074 militanS,
3121 4998 3366 5061 scilicet
3421 4997 3603 5080 plebs
3659 4998 3921 5059 credens

2431 5103 2496 5164 in
2539 5104 2772 5184 ipsum,
2807 5101 3006 5160 instar
3041 5097 3221 5178 grani
3259 5097 3500 5178 sinapis
3540 5115 3731 5178 parva
3770 5094 3918 5158 fuit.

2431 5201 2605 5262 Unde
2662 5198 2960 5279 superius
3009 5195 3257 5258 vocavit
3311 5213 3449 5256 eam
3501 5212 3754 5274 gregem
3805 5212 3924 5274 pu-
3953 5219 4220 5264 Lemma.

2431 5299 2670 5361 sillum.
2719 5297 3012 5366 Rursum,
3067 5291 3528 5376 praedicationis
3573 5291 3920 5373 negotium,
