4300 6259
537 1579 690 1624 ΠαειΙι
695 1591 806 1628 xxxxx

539 1647 606 1687 u.

829 485 952 550 528

1577 506 1926 552 mutuno
1968 505 2030 551 m
2071 505 2211 552 CAP-
2256 503 2365 551 nv
2402 503 2682 551 mamus.
2725 524 2809 532 —
2847 506 2993 550 ΛΒΤ.
3038 505 3207 551 XXXV

829 692 957 736 non
1015 685 1250 752 essent,
1299 679 1612 738 dixissem
1661 680 1835 738 vobis
1879 677 2050 758 quod
2109 676 2329 738 subdi·
2354 675 2407 736 A
2436 676 2545 740 bet
2592 677 2866 741 videndo
2922 677 3121 739 Deum
3178 695 3293 760 per
3338 677 3641 759 speciem.
3686 679 3775 738 Ee
3820 695 3931 735 vos

832 780 934 832 tur
965 791 980 834 ε
1025 775 1222 844 Quia,
1259 775 1326 837 id
1365 784 1462 839 est
1507 777 1700 857 quod,
1745 780 1908 836 vado
1937 795 2185 853 parare
2224 794 2328 835 vo—

827 871 922 928 bis
951 875 1188 942 locum,
1221 873 1284 936 id
1315 880 1412 935 est
1449 875 1846 938 mansionem
1886 875 1952 936 in
1995 874 2185 936 domo
2224 871 2327 934 Pa-

825 969 941 1030 tris
977 970 1276 1033 coelestis.
1309 971 1429 1036 Sed
1471 973 1590 1036 hoc
1627 973 1970 1035 dicendum
2011 989 2136 1033 non
2176 970 2321 1044 fuit,

826 1068 1128 1147 quoniam
1156 1069 1288 1150 jam
1329 1079 1560 1152 paratae
1601 1079 1750 1133 sunt
1789 1069 2150 1133 mansiones
2190 1069 2327 1131 istae

827 1182 902 1227 ex
935 1173 1112 1248 parte
1151 1167 1281 1243 Dei,
1313 1171 1424 1251 qui
1467 1177 1656 1233 tantae
1695 1169 2018 1242 bonitatis,
2054 1174 2329 1250 potesta-

827 1264 910 1325 tis
939 1273 1002 1326 et
1038 1265 1366 1347 sapientiae
1403 1275 1519 1341 est,
1553 1268 1724 1349 quod
1766 1274 2022 1349 paratus
2059 1275 2159 1328 est
2192 1284 2328 1328 om-

830 1363 1020 1424 nibus
1059 1382 1169 1427 cor
1195 1366 1509 1428 mundum
1549 1364 1931 1428 habentibus
1967 1367 2120 1428 dare
2154 1382 2327 1426 man-

831 1461 1076 1524 sionem
1142 1463 1208 1525 in
1276 1465 1463 1528 domo
1527 1484 1642 1527 sua
1709 1464 1972 1528 coelesti.
2033 1463 2194 1525 Hinc
2258 1462 2325 1524 in

831 1557 1114 1624 Matthaeo
1163 1561 1535 1624 inducitur:
1569 1561 1812 1637 Venite,
1855 1561 2175 1624 benedicti
2225 1560 2331 1623 Pa-

833 1658 947 1720 tris
975 1659 1124 1732 mei,
1160 1661 1478 1741 possidete
1518 1669 1806 1743 paratum
1843 1659 2022 1724 vobis
2057 1677 2326 1740 regnum

833 1776 870 1818 a
909 1758 1360 1822 constitutione
1405 1761 1652 1823 mundi.

2430 775 2599 844 siti-5,
2630 784 2943 855 quantum
2984 777 3061 838 ad
3104 777 3381 838 animam
3418 783 3565 837 ante
3610 775 3781 836 diem
3826 773 3933 854 ju-

2432 871 2607 933 dicii.
2641 873 2883 936 Animae
2912 875 3085 936 enim
3123 893 3325 955 quum
3364 873 3603 936 fuerint
3638 873 3719 934 ab
3748 872 3927 934 omni

2434 978 2611 1031 reatu
2646 971 2987 1046 immuneS‚
3020 992 3169 1036 mox
3218 973 3657 1054 perducuntur
3691 972 3771 1033 ad
3816 989 3929 1052 pa-

2431 1069 2641 1142 triam,
2670 1070 2853 1150 Juxta
2880 1071 3041 1134 illud
3072 1071 3203 1133 divi
3234 1071 3408 1132 Pauli

2434 1166 2607 1228 niam
2636 1169 2687 1230 si
2726 1169 3045 1231 terrestris
3084 1170 3309 1232 domus
3348 1177 3563 1231 nostra
3598 1167 3795 1248 hujus
3824 1167 3929 1228 ha-

2432 1262 2756 1328 bitationis
2785 1266 3189 1342 dissolvatur,
3222 1267 3393 1348 quod
3432 1265 3925 1328 {edificationem

2434 1361 2744 1426 habemus
2800 1383 2880 1426 ex
2932 1365 3077 1440 Dee,
3132 1367 3390 1428 domum
3452 1384 3579 1428 non
3638 1363 3929 1426 manufa-

2434 1469 2623 1536 ctam,
2672 1471 2973 1525 aeternam
3023 1464 3088 1526 in
3136 1464 3337 1527 coelis.
3384 1499 3464 1511 -—
3502 1463 3770 1536 Quidam
3819 1480 3929 1524 ex-

2436 1568 2681 1642 ponunt
2725 1562 2819 1623 sic
2852 1581 2867 1624 :
2900 1562 3133 1624 lterum
3180 1563 3388 1636 venio,
3422 1561 3486 1624 id
3529 1570 3646 1636 est,
3680 1563 3749 1623 in
3792 1561 3929 1624 fine

2434 1660 2658 1722 mundi
2691 1660 3031 1723 visibiliter
3059 1661 3281 1724 redibo
3312 1680 3327 1722 :
3362 1662 3715 1723 secundum
3754 1661 3929 1742 quod

2435 1758 2501 1818 in
2566 1757 2829 1821 Actibus
2889 1761 3336 1842 Apostolorum
3400 1761 3609 1840 angeli
3679 1761 3924 1830 dicunt,

911 1859 999 1918 Et
1025 1859 1086 1916 si
1113 1860 1352 1928 abiero,
1385 1859 1450 1922 id
1487 1866 1603 1934 est,
1639 1858 1705 1921 in
1743 1858 2114 1921 ascensione
2150 1876 2190 1919 a
2225 1875 2328 1921 vo-
2362 1859 2409 1922 B
2434 1855 2975 1927 Quemadmodum
3032 1857 3281 1920 vidistis
3338 1876 3486 1919 eum
3544 1865 3801 1919 euntem
3858 1857 3927 1918 in

831 1956 931 2019 bis
991 1958 1402 2040 corporaliter
1458 1976 1778 2022 recessero
1835 1958 2068 2021 coelum
2127 1957 2325 2020 intro-

831 2055 1063 2130 eundo,
1094 2067 1156 2118 et
1192 2076 1652 2136 proeparavero
1692 2059 1866 2118 vobis
1905 2061 2134 2116 locum.
2168 2053 2327 2127 Quo-

828 2153 1018 2216 modo
1072 2154 1558 2236 intelligendum
1605 2163 1701 2216 est
1749 2155 1917 2218 hoc?
1965 2153 2098 2216 Jam
2149 2154 2323 2215 enim

829 2251 990 2314 dixit
1027 2253 1386 2316 mansiones
1421 2271 1560 2314 esse
1601 2261 1897 2335 paratas:
1931 2252 2208 2334 qualiter
2236 2269 2329 2314 er-

828 2367 909 2430 go
939 2351 1110 2413 vadit
1141 2359 1207 2413 ut
1244 2358 1554 2433 praeparet
1583 2354 1722 2414 eas?
1753 2351 2128 2426 Dicendum,
2147 2351 2325 2440 quod

830 2449 1190 2513 mansiones
1249 2457 1481 2532 paratae
1539 2457 1688 2512 sunt
1743 2456 2056 2531 quantum
2105 2455 2203 2510 est
2247 2465 2326 2509 ex

832 2556 1008 2629 parte
1056 2547 1187 2622 Dei,
1221 2549 1332 2610 sed
1378 2546 1492 2629 qui
1534 2549 1612 2610 ad
1649 2565 1754 2610 eas
1800 2547 2197 2630 pervenient,
2232 2546 2329 2608 in-

830 2646 1046 2727 digent
1091 2646 1429 2728 praeparari
1478 2665 1515 2708 a
1548 2645 1817 2720 Christo,
1854 2653 1924 2707 ut
1967 2645 2142 2727 digni
2198 2643 2328 2706 sint

829 2745 908 2807 ad
959 2744 1099 2807 illas
1138 2745 1423 2826 perduci.
1478 2743 1586 2806 Est
1637 2743 1852 2826 itaque
1903 2761 2129 2805 sensus
2182 2761 2196 2804 :
2252 2741 2328 2804 Et

831 2861 1270 2953 praeparavero
1299 2842 1478 2908 vobis
1510 2843 1742 2917 locum,
1775 2842 1838 2905 id
1869 2850 1985 2916 est,
2015 2840 2327 2924 Spiritum

830 2941 1128 3004 Sanctum
1187 2940 1422 3004 misero
1478 2940 1680 3015 vobiS,
1733 2959 1846 3023 per
1893 2941 2078 3022 cujus
2128 2941 2329 3004 virtu-

2434 1953 2690 2028 coelum,
2725 1955 2819 2018 sic
2848 1956 3095 2037 veniet3
3126 1965 3191 2017 et
3216 1956 3525 2038 accipiam
3558 1975 3670 2019 vos
3706 1956 3785 2018 ad
3824 1973 3929 2016 me

2434 2051 2672 2133 ipsum,
2721 2053 2783 2116 id
2832 2063 2947 2129 est,
3001 2055 3067 2116 in
3116 2072 3381 2136 corpore
3429 2062 3491 2115 et
3538 2054 3753 2116 anima
3795 2053 3931 2134 glo-

2435 2150 2715 2214 rificatos
2761 2151 3137 2215 transferam
3186 2171 3295 2216 vos
3343 2153 3421 2214 ad
3468 2153 3679 2214 aulam
3740 2151 3929 2215 coele-

2436 2251 2549 2312 stis
2594 2251 2841 2332 palatii.

2517 2351 2602 2410 Ec
2638 2369 2763 2429 quo
2800 2369 2910 2426 eyo
2950 2351 3139 2420 vado,
3178 2348 3241 2411 id
3292 2356 3389 2411 est
3436 2349 3787 2411 terminum
3830 2367 3931 2409 as-

2435 2448 2753 2510 censionis
2812 2466 2991 2529 meae,
3047 2448 3341 2511 videlicet
3396 2447 3663 2522 Patrem,
3722 2449 3929 2517 scitis,

2435 2547 2660 2609 saltem
2696 2565 2812 2629 per
2855 2545 3055 2610 fidem
3103 2546 3504 2629 implicitam,
3553 2546 3685 2609 imo
3722 2545 3931 2628 expli-

2435 2646 2648 2721 citam,
2700 2647 3017 2728 loquendo
3062 2646 3143 2708 de
3192 2646 3567 2728 paternitate
3624 2646 3693 2708 in
3740 2663 3931 2726 gene-

2438 2745 2575 2807 rali.
2626 2744 2988 2828 Saepissime
3038 2745 3209 2807 enim
3256 2745 3539 2827 Apostoli
3592 2745 3931 2807 audierunt

2436 2842 2515 2906 ab
2544 2862 2654 2906 ore
2684 2842 2914 2907 Christi
2942 2845 3113 2925 quod
3143 2844 3392 2907 vocavit
3420 2843 3617 2905 Deum
3656 2842 3925 2916 Patrem,

2437 2940 2706 3005 dicendo
2757 2960 2771 3004 :
2824 2941 3003 3004 Pater
3060 2959 3239 3004 meus
3284 2941 3397 3022 qui
3445 2949 3541 3003 est
3588 2942 3657 3003 in
3704 2941 3925 3018 coelis;
3973 2953 4217 2996 ,it-,nam

4014 3029 4113 3121 ιΙΙΙ,
4148 3029 4215 3062 Π.

3444 1090 3459 1132 :
3490 1069 3741 1132 Scimus
3768 1088 3930 1150 quo—
3956 1085 4221 1129 neema.

3968 1875 4201 1926 Aeacii.

831 3048 959 3103 tem
1007 3048 1070 3102 et
1115 3041 1380 3121 gratiam
1433 3038 1949 3122 praeparabimini
1997 3040 2076 3102 ad
2124 3038 2329 3121 adipi·
2360 3043 2405 3107 C
2439 3047 2521 3113 et,
2554 3038 2794 3102 Gratias
2835 3058 2951 3120 ago
2994 3039 3135 3114 tibi,
3180 3039 3400 3120 Patet-3
3442 3047 3525 3114 et,
3567 3039 3766 3113 Pater,
3809 3031 3987 3122 cla-¹
4030 3092 4179 3126 m,

831 3140 1136 3202 scendum
1195 3138 1406 3202 locum
1464 3137 1813 3201 mansionis
1865 3137 2165 3201 coelestis.
2216 3136 2326 3199 Vel
2440 3137 2622 3200 rifica
2662 3156 2893 3202 nomen
2939 3146 3143 3199 tuum.
3176 3136 3295 3200 Sed
3338 3137 3513 3219 quod
3561 3137 3723 3200 Deus
3765 3146 3933 3200 esset
3958 3093 4147 3246 :¹⁰²2-
4160 3153 4215 3188 ¹¹

569 3263 709 3308 near.
732 3276 799 3310 vn.
834 3244 1144 3320 praeparat
1172 3236 1457 3301 Christus
1495 3236 1706 3299 locum
1749 3236 1991 3311 electiS,
2027 3235 2331 3319 interpel-

539 3331 609 3372 25·
833 3337 1020 3399 lando
1079 3336 1430 3398 secundum
1486 3335 1656 3416 quod
1715 3335 1904 3398 homo
1962 3342 2078 3409 est,
2129 3334 2328 3397 Deum

833 3435 1076 3498 Patrem
1128 3452 1243 3515 pro
1283 3433 1460 3516 ipsis,
1495 3433 2034 3515 quemadmodum
2082 3434 2161 3496 ad
2210 3434 2331 3496 He-

537 3533 1036 3602 tbtaeustabraeos
1083 3531 1240 3594 dicit
1283 3531 1622 3612 Apostolus
1674 3549 1688 3593 :
1741 3531 1874 3593 Non
1926 3532 1990 3593 in
2043 3531 2331 3595 manufa—

835 3637 934 3692 cta
980 3635 1194 3691 sancta
1238 3627 1416 3689 Jesus
1472 3626 1736 3701 introiit,
1789 3627 2179 3708 exemplaria
2227 3647 2331 3692 ve-

2438 3237 2616 3300 Pater
2644 3237 2873 3300 Christi
2906 3237 3280 3318 paternitate
3311 3235 3605 3310 naturali,
3641 3237 3731 3298 ita
3756 3237 3929 3318 quod
3959 3265 4033 3308 η.
4026 3265 4151 3307 11„
4154 3265 4217 3306 23,

2435 3335 2615 3398 Jesus
2652 3343 2817 3398 esset
2854 3334 3049 3396 Filius
3092 3333 3195 3396 Dei
3236 3334 3541 3396 naturalis
3576 3342 3639 3396 et
3674 3335 3928 3410 unicuS,

2443 3452 2757 3516 verusque
2799 3433 2983 3509 Deus,
3025 3440 3087 3496 et
3132 3433 3295 3496 Patri
3345 3433 3929 3509 consubstantialiS,

2440 3534 2723 3597 nondum
2773 3531 3083 3595 stabiliter
3129 3539 3580 3613 cognoverunt.
3624 3537 3711 3596 Ec
3752 3537 3935 3598 viam

2437 3633 2641 3703 scitis,
2690 3631 2753 3694 id
2811 3640 2926 3704 est,
2978 3631 3145 3694 viam
3194 3650 3322 3712 qua
3379 3631 3507 3692 itur
3553 3632 3631 3692 ad
3688 3631 3933 3693 Patrem

836 3747 1074 3801 rorum,
1109 3727 1216 3789 sed
1263 3725 1328 3788 in
1369 3725 1585 3807 ipsum
1623 3725 1880 3806 coelum,
1916 3733 1984 3788 ut
2029 3737 2331 3808 appareat
2439 3731 2654 3812 aliquo
2697 3731 2903 3804 mode,
2937 3730 3231 3811 quamvis
3274 3729 3679 3811 imperfecte,
3708 3749 3937 3812 cogno-

720 3863 806 3901 m..
837 3845 1008 3890 nunc
1047 3824 1250 3888 vultui
1303 3823 1412 3886 Dei
1465 3842 1581 3906 pro
1633 3823 1852 3905 uobis3
1886 3832 1950 3886 et
1993 3824 2169 3900 alibi,
2211 3825 2327 3898 Qui
2442 3829 2637 3903 scitiS,
2678 3829 2922 3890 scilicet
2970 3846 3093 3903 me,
3138 3828 3238 3890 vel
3286 3826 3646 3909 passionem
3698 3847 3929 3902 meam,

543 3917 610 3958 ³⁴·
835 3926 1024 3990 etiam
1071 3923 1338 4004 (inquit)
1387 3922 1747 4005 interpellat
1797 3931 1911 4004 pro
1964 3923 2171 3986 nobis.
2204 3929 2331 3986 Ite—
2441 3946 2554 4010 per
2597 3946 2789 4010 quam
2834 3927 2993 3990 vado
3033 3927 3113 3989 ad
3154 3925 3418 3988 Patrem.

834 4045 984 4086 rum
1013 4025 1225 4091 venie,
1257 4020 1320 4082 id
1360 4029 1474 4096 est,
1511 4021 1575 4082 in
1620 4028 1823 4084 morte
1853 4019 2201 4102 cujuslibet
2230 4043 2330 4086 ve·
2529 4028 2704 4088 Dicit
2749 4027 2812 4084 ei
2864 4028 3157 4095 ΤΙιονηαε,
3207 4025 3477 4106 loquens
3536 4025 3601 4086 in
3664 4043 3936 4106 persona
4078 4033 4113 4085 5

835 4131 1038 4184 strum
1081 4121 1299 4185 redibo
1345 4122 1422 4184 ad
1470 4140 1601 4196 VOS,
1645 4121 1866 4184 saltem
1917 4121 2329 4188 invisibiliter
2440 4127 2538 4188 sui
2586 4136 2648 4189 et
2694 4123 3299 4205 condiscipulorum,
3350 4124 3571 4185 saltem
3626 4142 3937 4205 quorum-

834 4239 946 4282 seu
979 4238 1091 4302 per
1119 4218 1445 4293 effectum,
1479 4227 1543 4281 et
1571 4238 1685 4301 per
1713 4220 1968 4301 angelos
1996 4239 2159 4302 quos
2191 4223 2331 4285 mit·
2363 4226 2410 4288 D
2438 4224 2584 4286 dam
2638 4241 2651 4285 :
2707 4225 3001 4293 Domine,
3051 4224 3369 4283 nescimus
3418 4241 3543 4300 quo
3600 4224 3812 4290 vadis,
3868 4222 3935 4284 id

832 4327 961 4380 tam
996 4325 1066 4380 ut
1100 4317 1342 4380 animas
1373 4325 1612 4380 vestras
1651 4318 1966 4381 adducant
2003 4321 2082 4382 ad
2112 4339 2328 4383 meum
2439 4330 2535 4384 est
2582 4320 2924 4383 terminum
2972 4327 3097 4382 tuae
3143 4318 3566 4382 abscessionis
3614 4339 3651 4382 a
3700 4319 3933 4400 nobis;

551 4927 736 5031 1ζοαιυι.
751 4941 793 4970 ιιι

835 4415 1152 4498 tribunal;
1193 4425 1252 4476 ec
1301 4417 1618 4494 accipiam
1669 4437 1772 4477 vos
1818 4420 1906 4478 ad
1949 4439 2047 4478 me
2088 4421 2331 4496 ipsum,

837 4516 899 4579 id
949 4524 1064 4590 est,
1101 4514 1258 4577 mihi
1301 4533 1410 4579 vos
1460 4515 1771 4596 copulabo
1813 4515 1952 4580 loco
1995 4525 2058 4578 et
2103 4517 2326 4598 gloria,

834 4613 1273 4676 transferendo
1311 4613 1554 4675 animas
1597 4621 1833 4676 vestras
1882 4615 1959 4676 de
1999 4615 2120 4689 via,
2157 4634 2331 4697 pere·

834 4711 1191 4792 grinatione
1237 4718 1429 4792 atque
1488 4709 1734 4785 exsilio,
1785 4713 1862 4774 ad
1913 4712 2204 4793 patriam,
2259 4723 2331 4776 ut

839 4811 1132 4871 abisam
1168 4828 1303 4886 eqo,
1335 4809 1400 4871 id
1448 4816 1542 4871 est
1593 4808 1660 4871 in
1711 4827 1902 4890 regno
1953 4810 2217 4888 coelesti,
2264 4814 2330 4875 in

800 4927 969 4989 ,quo
1004 4927 1118 4990 ego
1156 4908 1287 4989 jam
1337 4927 1481 4971 sum
1520 4925 1634 4990 per
1671 4907 2093 4971 divinitatem.
2135 4910 2333 4976 Nemo

839 5007 1010 5070 enim
1049 5007 1332 5070 ascendit
1369 5007 1434 5069 in
1467 5007 1723 5084 coelum,
1758 5007 1881 5070 nisi
1922 5008 2035 5090 qui
2072 5009 2335 5072 descen-

840 5105 934 5167 dit
981 5106 1058 5168 de
1106 5105 1287 5180 coelo,
1338 5104 1535 5167 Filius
1587 5106 1886 5181 hominiS,
1939 5107 2053 5188 qui
2111 5116 2207 5170 est
2266 5109 2330 5171 in

841 5204 1021 5267 coelo.
1071 5203 1206 5282 Vel,
1259 5203 1374 5268 Ubi
1431 5221 1547 5285 ego
1595 5224 1758 5280 sum,
1812 5205 1876 5267 id
1925 5213 2040 5280 est,
2095 5205 2163 5267 in
2223 5207 2331 5269 tali

838 5300 1250 5379 beatitudine,
1284 5301 1539 5384 qualem
1577 5303 1789 5366 anima
1834 5321 1973 5366 mea
2012 5322 2185 5367 nunc
2222 5304 2335 5367 ha-

2436 4431 2496 4482 et
2542 4421 2869 4499 quomodo.
2896 4437 3235 4496 possumus
3282 4421 3457 4480 viam
3500 4437 3631 4500 qua
3679 4418 3809 4480 itur
3852 4419 3935 4482 ad

2442 4520 2679 4581 Patrem
2710 4518 2873 4578 scire
2892 4519 2924 4577 ?
2950 4516 3215 4579 Videtur
3247 4515 3514 4579 Thomas
3552 4517 3769 4579 verbis
3802 4536 3940 4579 ma-

2437 4609 2617 4699 gistri
2686 4615 2925 4679 directe
2994 4615 3444 4678 contradicere.
3512 4615 3648 4678 Non
3721 4624 3935 4678 tamen

2442 4710 2687 4798 putavit
2732 4714 2944 4776 Jesum
2999 4712 3244 4795 aliquid
3296 4713 3440 4775 falsi
3494 4713 3754 4789 dixisse,
3817 4731 3939 4777 nec

2440 4813 2806 4877 intendebat
2844 4810 3038 4875 verba
3076 4811 3214 4892 ejus
3254 4812 3635 4894 reprobare3
3674 4813 3785 4874 sed
3822 4831 3941 4875 ωε-

2438 4911 2687 4975 timavit
2734 4910 2975 4971 dictum
3013 4909 3244 4974 Christi
3283 4917 3345 4972 et
3384 4930 3571 4972 suum
3622 4929 3809 4992 posse
3851 4911 3941 4972 si-

2440 5010 2574 5073 mul
2644 5016 2829 5082 stare,
2892 5009 3194 5089 quoniam
3257 5008 3541 5072 Christus
3608 5027 3779 5091 saepe
3840 5009 3936 5071 lo-

2439 5107 2754 5190 quebatur
2800 5104 3155 5187 figuraliter
3202 5115 3265 5168 et
3310 5106 3602 5170 obscure.
3648 5106 3937 5189 Denique

2443 5215 2785 5288 utrumque
2817 5223 3039 5267 verum
3066 5203 3212 5267 fuit.
3237 5205 3531 5268 Sciebant
3556 5205 3728 5268 enim
3763 5206 3938 5269 viam

2444 5313 2505 5367 et
2546 5303 2893 5366 terminum
2940 5303 3204 5367 confuse
3250 5311 3312 5365 et
3353 5303 3780 5387 incomplete3
3824 5321 3939 5368 ne—
