4300 6259
1125 495 1478 541 mmmmm
1522 493 1587 540 m
1628 493 1766 540 cAP.
1811 493 1964 540 xvm
2005 494 2193 541 LUGAE.
2240 513 2321 524 —
2360 494 2503 541 Aur.
2548 495 2648 541 xm

3320 479 3439 545 145

325 665 486 729 lusti
538 685 692 732 vero
737 667 986 750 judices
1035 685 1166 748 quo
1213 664 1456 728 fuerint
1511 665 1835 747 justiores,
1864 662 1917 724 A
1947 662 2181 727 dicitur
2230 665 2441 728 statim
2494 665 2717 728 ulcisci
2751 684 2765 728 :
2799 666 2922 742 vel,
2955 665 3108 747 quia
3152 665 3439 730 interiori

330 782 404 827 eo
453 765 604 848 plus
663 765 1010 845 injustitias
1067 766 1460 828 detestantur
1506 773 1572 827 et
1629 782 1840 846 perse-

330 871 645 943 quuntur.

169 968 198 1021 6
407 963 532 1022 Ait
568 970 786 1023 autem
814 963 1135 1022 Dominus
1170 960 1350 1022 lesus
1390 959 1698 1035 ChristuS,
1732 979 1840 1022 ex-

331 1059 668 1134 hortando,
727 1067 798 1120 ut
854 1059 1152 1121 subditur
1210 1077 1224 1121 t
1270 1061 1539 1128 Audite,
1593 1059 1659 1120 id
1715 1065 1832 1133 est,

330 1157 654 1240 sapienter
682 1157 1003 1233 attendite,
1035 1159 1198 1238 quia
1212 1159 1432 1235 judex
1459 1159 1839 1237 iniquitatis

328 1258 524 1326 dicit,
553 1257 616 1318 id
648 1263 744 1318 est
773 1255 1035 1338 praefata
1060 1256 1192 1337 jam
1224 1256 1419 1320 verba
1452 1255 1688 1337 judicis
1720 1257 1840 1318 hu-

327 1353 434 1436 jus
484 1354 710 1436 injusti
755 1354 1049 1430 dicentiS‚
1081 1354 1238 1427 Quia
1276 1355 1540 1418 molesta
1585 1363 1681 1417 est
1719 1355 1840 1417 mi-

331 1453 420 1528 hi,
457 1461 582 1516 etc.
614 1452 690 1515 Et
741 1471 820 1516 ex
869 1454 992 1516 hoc
1035 1453 1322 1517 Christus
1372 1453 1697 1516 concludit
1745 1454 1840 1516 in-

330 1557 606 1625 tentum,
642 1550 963 1624 videlicet,
996 1550 1168 1631 quod
1196 1549 1402 1612 multo
1442 1550 1640 1630 magis
1672 1551 1838 1612 Deus

169 1655 198 1709 7
328 1649 731 1730 justissimus
762 1667 912 1712 suos
943 1648 1257 1710 exaudiet.
1273 1651 1446 1709 Deus
1467 1658 1684 1710 autem
1707 1669 1838 1710 non

329 1749 558 1836 faciet,
579 1749 642 1810 id
675 1757 792 1822 cst,
829 1747 958 1810 imo
989 1747 1214 1829 utique
1244 1745 1454 1822 faciet,
1478 1750 1836 1810 vindictam

331 1851 676 1908 electorum
717 1867 988 1908 suorum
1035 1847 1470 1906 clamantium
1509 1849 1598 1906 ad
1632 1867 1698 1906 se
1733 1847 1842 1908 die
1876 1847 1922 1910 Β
1951 1847 2114 1908 Deus
2152 1845 2355 1922 fortiS,
2391 1847 2661 1908 reddens
2701 1844 3064 1908 odientibus
3102 1863 3171 1908 se
3208 1846 3443 1921 statim,

330 1965 408 2006 ac
435 1955 620 2006 nocte
647 1963 764 2028 pro
799 1944 972 2026 justa
1010 1944 1274 2007 ultione.
1308 1943 1472 2006 Deus
1511 1944 1686 2006 enim
1728 1963 1842 2026 per

69 2055 302 2110 neuim-1,
331 2042 586 2126 Moysen
637 2051 701 2105 et
745 2043 1010 2105 Paulum
1062 2043 1350 2105 hortatur
1383 2060 1396 2104 ε
1435 2041 1586 2104 Mihi
1636 2043 1844 2110 vindi-

69 2120 302 2232 ῗξζῇζζῗξ
333 2149 526 2216 ctam,
578 2148 642 2204 et
697 2159 814 2222 ego
863 2140 1234 2203 retribuam.
1285 2139 1544 2203 Nullum
1602 2141 1839 2203 etenim

69 2247 124 2286 ³0-
331 2240 576 2302 malum
619 2239 1014 2322 impunitum
1057 2237 1385 2319 relinquit.
1418 2242 1506 2300 Ει
1532 2241 1844 2317 patienti-

67 2308 303 2360 ³⁰⁶¹¹¹⁸²¹²
331 2360 440 2400 am
473 2340 732 2400 habebit
758 2340 834 2398 in
863 2339 1005 2398 illis
1026 2339 1056 2396 ?
1087 2336 1152 2398 id
1182 2343 1297 2411 est,
1334 2355 1460 2400 non
1500 2336 1842 2399 sustinebit

329 2437 689 2500 electorum
733 2453 999 2498 suorum
1045 2433 1372 2516 injuriam.

427 2535 612 2598 Circa
660 2535 796 2597 haec
843 2533 1192 2597 occurrunt‘
1235 2532 1430 2596 dubia
1479 2534 1598 2596 tria
1650 2553 1662 2596 :
1718 2533 1844 2617 pri-

328 2653 540 2708 mum,
591 2633 914 2715 quomodo
975 2649 1090 2715 per
1135 2631 1420 2712 judicem
1479 2632 1670 2694 istum
1721 2632 1846 2694 ini—

329 2751 540 2814 quum
598 2730 764 2793 Deus
820 2730 1032 2810 justus
1082 2728 1288 2793 valeat
1332 2730 1696 2810 designari3
1749 2749 1845 2793 se-

330 2831 645 2902 cundum,
699 2829 1020 2910 quomodo
1068 2827 1286 2891 electis
1333 2828 1443 2890 Dei
1494 2828 1681 2890 liceat
1729 2847 1844 2910 pro

331 2929 622 2992 vindicta
650 2929 926 2990 clamare
955 2928 1032 2990 ad
1063 2927 1284 3002 Deum,
1319 2945 1524 3008 quum
1563 2926 1716 2989 alibi
1745 2927 1846 3007 ju-

1946 763 2228 826 vindicta
2256 783 2403 828 mox
2435 764 2736 839 vindicat,
2766 764 3033 845 gratiam
3062 763 3443 827 subtrahen-

1945 862 2048 935 do,
2081 870 2191 923 aut
2230 870 2597 944 peccantem
2637 861 2859 924 durius
2904 862 3326 944 relinquendo
3366 882 3441 925 ac

1947 959 2304 1024 indurando
2331 961 2897 1042 (quemadmodum
2935 961 3027 1023 ait
3066 961 3130 1022 in
3170 961 3438 1037 Psalm0,

1945 1059 2169 1120 Dimisi
2209 1077 2315 1122 eos
2356 1060 2705 1122 secundum
2748 1059 3061 1122 desideria
3100 1060 3306 1123 cordis
3339 1078 3445 1124 eo-
3512 1079 3729 1132 pann,

1947 1176 2113 1233 rum,
2149 1156 2335 1219 ibunt
2376 1157 2442 1220 in
2483 1157 3043 1221 adinventionibus
3084 1159 3265 1239 suis),
3300 1177 3445 1240 quae
3474 1146 3539 1186 ¹³·

1945 1266 2042 1319 est
2085 1258 2309 1339 utique
2352 1257 2874 1320 metuendissima
2914 1265 3105 1340 atque
3145 1257 3447 1339 gravissi-

1949 1374 2051 1417 ma
2106 1355 2217 1418 Dei
2269 1356 2597 1437 vindicta3
2647 1364 2757 1418 aut
2806 1359 3107 1438 quoniam
3156 1365 3446 1438 tempore

1948 1455 2391 1536 praeordinato,
2427 1473 2573 1517 mox
2611 1454 2911 1529 vindicat,
2941 1455 3121 1536 juxta
3162 1455 3333 1536 quod
3376 1454 3445 1516 in

1947 1550 2434 1616 Deuteronomio
2487 1559 2775 1624 testatur,
2810 1551 2957 1614 'Mea
3003 1559 3101 1634 est
3153 1551 3329 1626 ultio,
3384 1558 3446 1614 et
3472 1569 3735 1618 Daunum.

1949 1667 2064 1730 ego
2114 1649 2461 1712 retribuam
2512 1650 2603 1712 eis
2644 1651 2709 1712 in
2757 1657 3064 1732 tempore.
3098 1650 3258 1712 Hinc
3306 1670 3447 1712 rur-
3474 1635 3545 1675 ³⁵·

1951 1767 2058 1810 sus
2096 1747 2332 1811 dicitur
2365 1767 2378 1810 :
2414 1747 2718 1811 Dominus
2755 1746 2917 1810 Deus
2968 1755 3137 1823 tuuS,
3172 1747 3310 1830 ipse
3352 1754 3448 1810 est
3478 1765 3737 1871 ιιῠῡεαηιιρ,

1954 1945 2040 2006 ita
2077 1953 2148 2007 ut
2184 1945 2509 2027 disperdat
2537 1962 2665 2020 eOS,
2700 1952 2763 2006 ct
2800 1945 2968 2006 ultra
3005 1963 3132 2007 non
3164 1943 3443 2020 differat,

1955 2043 2245 2124 protinus
2308 2043 2401 2104 eis
2464 2043 2804 2105 restituens
2861 2043 3031 2124 quod
3096 2051 3443 2106 merentur.

1951 2142 2095 2205 Ideo
2136 2141 2421 2204 Christus
2464 2141 2552 2203 ait
2598 2159 2612 2205 ε

2031 2242 2192 2302 Dico
2242 2241 2437 2311 υοόίε,
2470 2242 2631 2319 quia
2676 2243 2801 2300 cito
2839 2241 3039 2318 faciet
3086 2242 3449 2303 vindictam
3592 2255 3628 2311 8

1953 2341 2223 2400 illorum
2252 2339 2459 2420 :quia
2504 2345 2568 2400 et
2614 2339 2745 2402 vita
2789 2339 2923 2402 haec
2970 2338 3185 2402 brevis
3233 2347 3350 2415 est,
3388 2346 3451 2402 et

1955 2446 2097 2520 post
2142 2456 2282 2500 eam
2328 2437 2703 2518 gravissima
2751 2446 2847 2500 est
2892 2437 3050 2502 ultio
3098 2439 3229 2514 Dei,
3271 2439 3451 2521 juxta

1953 2534 2113 2598 illud
2163 2535 2585 2598 Ecclesiastici
2631 2555 2645 2599 :
2688 2535 2978 2598 Vindicta
3024 2537 3231 2619 impii,
3285 2536 3449 2618 ignis
3505 2557 3743 2609 Eccum.

1954 2642 2017 2696 et
2069 2634 2330 2697 vermiS.
2396 2636 2847 2696 Verumtamen
2894 2636 3113 2696 Filius
3166 2636 3451 2698 hominis
3482 2623 3547 2664 ¹⁹·

1955 2735 2244 2803 veniens,
2265 2743 2488 2810 patae,
2524 2735 2811 2794 inveniet
2856 2735 3051 2811 fidem
3102 2735 3175 2794 in
3228 2737 3453 2796 terra?

1955 2838 2259 2912 tanquam
2300 2830 2467 2893 dicat
2499 2849 2513 2892 ε
2548 2829 2845 2903 Quamvis
2885 2830 3047 2893 Deus
3086 2831 3179 2893 sic
3212 2831 3453 2894 zeletur

1955 2948 2072 3012 pro
2113 2929 2246 2991 suis
2283 2929 2523 3004 electiS,
2556 2935 2833 2990 attamen
2865 2928 3151 2992 Christus
3188 2930 3452 2993 veniens

95 3043 302 3096 Maxim,
329 3028 484 3090 beat
533 3026 843 3102 ChristuS,
896 3025 1078 3089 Orate
1135 3044 1252 3109 pro
1311 3026 1846 3108 persequentibus
1881 3023 1924 3088 C
1953 3029 2031 3090 ad
2076 3027 2394 3109 judicium
2435 3045 2547 3089 seu
2584 3027 2663 3088 ad
2705 3026 3059 3090 faciendam
3104 3028 3449 3092 electorum

67 3107 124 3149 ⁴⁴·
332 3135 397 3188 et
435 3124 984 3188 calumniantibus
1024 3143 1176 3205 vos3
1205 3124 1490 3200 tertium,
1525 3125 1846 3206 quomodo

330 3225 506 3288 Deus
555 3242 683 3287 non
732 3221 990 3286 differat
1041 3239 1252 3304 neque
1301 3223 1613 3285 sustineat
1669 3223 1843 3305 inju-

329 3324 496 3385 riam
549 3322 921 3397 electorum,
955 3339 1158 3402 quum
1207 3319 1581 3402 frequenter
1627 3339 1844 3384 cerna-

325 3441 476 3484 mus
531 3426 971 3504 persecutores
1017 3419 1336 3500 justorum
1379 3437 1582 3500 usque
1620 3420 1697 3482 ad
1749 3420 1846 3481 ul-

323 3521 558 3582 timam
589 3519 814 3582 vivere
837 3523 1084 3580 aetatem
1117 3535 1268 3579 sane
1296 3535 1369 3579 ac
1400 3535 1724 3599 prospere.
1747 3517 1840 3580 Ad

325 3619 620 3700 primum
660 3616 1027 3690 dicendum,
1059 3616 1232 3697 quod
1277 3615 1343 3676 in
1385 3614 1504 3677 ista
1545 3614 1842 3696 parabola

324 3737 456 3780 non
491 3716 574 3778 fit
613 3714 1003 3796 comparatio
1034 3731 1322 3796 personae
1359 3714 1439 3775 ad
1476 3732 1835 3795 personam,

324 3817 437 3878 sed
503 3813 744 3894 negotii
801 3814 877 3875 ad
945 3811 1294 3893 negotium,
1357 3830 1483 3874 non
1551 3821 1681 3874 tam
1739 3827 1838 3874 se-

323 3909 632 3976 cundum⁴
667 3910 1182 3984 similitudinem,
1238 3928 1432 3991 quam
1481 3911 1837 3972 secundum

323 4031 689 4085 excessum,
725 4017 796 4072 ut
827 4009 1218 4091 praeinducta
1248 4008 1590 4070 declarant.
1618 4009 1710 4070 Ad
1742 4027 1840 4071 se—

323 4111 622 4174 cundum
650 4108 1016 4181 dicendum,
1044 4107 1216 4188 quod
1244 4105 1402 4187 justi
1433 4124 1690 4188 semper
1719 4106 1840 4188 spi·

1954 3125 2323 3200 vindictam,
2387 3143 2643 3207 paucOS,
2697 3126 3125 3207 comparative
3183 3126 3451 3208 loquen-

1950 3225 2052 3299 do,
2089 3224 2373 3287 inveniet
2402 3241 2551 3287 vere
2589 3222 2813 3286 fideles
2854 3223 2921 3285 in
2953 3230 3141 3298 terra,
3174 3225 3286 3306 qui
3318 3223 3451 3288 fide

1950 3322 2220 3386 formata
2261 3331 2325 3385 et
2364 3321 2673 3385 fidelitate
2714 3321 2979 3404 justitiae
3025 3323 3155 3385 sint
3198 3321 3443 3386 fideles.

1947 3419 2124 3482 Multi
2174 3419 2345 3482 enim
2386 3419 2612 3495 vocati,
2647 3419 2833 3502 pauci
2875 3437 3025 3484 vero
3062 3420 3269 3483 electi.
3302 3421 3447 3485 Ideo
3496 3441 3739 3494 uanam.

1950 3535 2064 3601 per
2093 3518 2413 3581 Michaeam
2456 3518 2761 3580 scribitur
2794 3535 2807 3580 :
2842 3516 3035 3579 Periit
3068 3526 3323 3581 sanctus
3366 3520 3445 3582 de
3472 3506 3740 3618 {223ssssss

1948 3624 2137 3694 terra,
2174 3623 2236 3679 et-
2275 3623 2486 3679 rectus
2526 3616 2593 3678 in
2633 3615 3003 3678 hominibus
3044 3635 3169 3680 non
3211 3623 3327 3679 est.
3368 3616 3446 3680 Et

1948 3713 2176 3776 Paulus
2207 3714 2441 3776 fatetur
2475 3732 2489 3776 ε
2524 3712 2753 3776 Omnes
2784 3731 2929 3794 quae
2958 3732 3072 3775 sua
3102 3721 3253 3776 sunt
3281 3733 3445 3796 quae-
3470 3735 3737 3793 rheuma,

1947 3820 2118 3889 runt,
2165 3833 2292 3877 non
2336 3831 2482 3895 quae
2519 3812 2665 3874 lesu
2710 3811 2963 3876 Christi.
3471 3800 3540 3842 ²¹·

2025 3911 2313 3993 Insuper,
2356 3929 2559 3992 quum
2610 3909 2937 3972 humilitas
2986 3909 3069 3972 sit
3116 3911 3446 3974 securissi-

1947 4028 2121 4072 mum
2154 4008 2637 4071 fundamentum
2668 4007 2990 4082 virtutum,
3016 4009 3286 4071 reddens
3316 4028 3447 4073 ora·

1944 4109 2185 4172 tionem
2242 4107 2367 4170 Deo
2414 4107 2596 4170 valde
2650 4113 2996 4188 acceptam,
3048 4106 3229 4186 juxta
3279 4107 3444 4171 illud

323 4209 652 4273 ritualiter
679 4207 957 4287 diligunt
991 4205 1386 4268 adversarios
1425 4223 1571 4268 suos
1614 4205 1680 4267 in
1710 4205 1840 4268 vita
1867 4203 1920 4268 D
1945 4205 2393 4280 Ecclesiastici,
2427 4203 2635 4267 Oratio
2684 4204 3081 4266 humiliantis
3122 4223 3190 4267 se
3236 4206 3441 4269 nubes
3467 4223 3736 4279 Ecettxxxv.

324 4308 658 4391 praescnti,
691 4323 810 4369 nec
847 4323 926 4367 ex
953 4304 1099 4368 odio
1135 4311 1318 4367 orant
1349 4323 1464 4387 pro
1504 4304 1839 4386 punitione

322 4408 618 4482 illorum,
670 4406 778 4468 sed
831 4403 1042 4486 potius
1100 4420 1177 4464 ex
1226 4401 1544 4485 spirituali
1596 4421 1833 4479 amore,

325 4506 392 4569 in
423 4511 747 4588 quantum
777 4501 1036 4584 expedit
1075 4519 1192 4583 pro
1221 4500 1424 4562 salute
1455 4499 1734 4576 illorum,
1769 4508 1840 4563 ut

322 4606 392 4668 in
423 4605 566 4668 vita
593 4602 712 4664 hac
743 4601 1154 4681 corrigantur,
1179 4617 1260 4661 ne
1285 4599 1540 4680 gravius
1570 4606 1681 4660 aut
1710 4599 1840 4662 diu·

322 4705 454 4766 tius
507 4706 802 4784 peccent,
855 4716 974 4761 nec
1021 4696 1347 4761 communi
1406 4705 1676 4761 noceant
1728 4696 1840 4761 bo—

323 4822 430 4877 no,
473 4799 584 4863 vel
627 4807 696 4860 ut
745 4815 860 4880 per
898 4797 1018 4860 hoc
1068 4795 1570 4858 misericordiam
1621 4814 1840 4859 conse-

323 4905 638 4983 quantur,
661 4904 774 4958 aut
804 4895 870 4957 in
900 4893 1120 4957 futuro
1148 4893 1370 4955 mitius
1399 4900 1833 4975 torqueantur.

325 4998 492 5061 Hinc
558 5013 769 5079 poenae
828 4993 974 5057 vitae
1031 4991 1364 5074 praesentis
1428 4991 1839 5054 medicinales

328 5099 660 5162 dicuntur.
696 5092 956 5166 RursuS,
988 5091 1146 5172 justi
1188 5089 1280 5152 sic
1319 5097 1502 5153 orant
1539 5107 1707 5172 saepe
1745 5109 1842 5152 ze-

331 5198 394 5260 lo
432 5193 726 5277 justitiae,
761 5199 824 5253 ct
861 5187 1317 5254 conformando
1366 5207 1434 5250 se
1471 5187 1704 5252 divinae
1738 5189 1843 5271 ju-

331 5295 549 5360 stitiae.
581 5292 677 5354 Ad
709 5288 969 5353 tertium
1001 5289 1441 5371 respondetur,
1475 5289 1646 5370 quod
1676 5287 1840 5351 Deus

588 5425 656 5480 T.
690 5423 774 5476 12.

1950 4302 2341 4386 penetrabit3
2372 4303 2611 4365 idcirco
2649 4300 2935 4365 Christus
2981 4311 3444 4385 consequenter
3469 4291 3539 4333 ²¹·

1946 4404 2024 4465 ad
2084 4402 2509 4464 humilitatem
2568 4418 2715 4463 suos
2765 4399 3067 4464 informat
3122 4403 3437 4485 exemplo.

1947 4503 2138 4562 Dioeit
2168 4509 2385 4562 autem
2415 4501 2503 4559 ad
2531 4501 2841 4577 quosdam
2869 4501 2987 4579 qui
3014 4501 3089 4561 in
3114 4521 3201 4573 se,
3234 4501 3300 4562 id
3346 4509 3444 4564 est
3584 4505 3621 4560 9

1948 4598 2227 4681 propriis
2275 4595 2520 4659 meritis
2570 4597 2781 4677 potius
2838 4615 3031 4678 quam
3082 4599 3147 4661 in
3208 4601 3441 4682 pietate

1947 4703 2009 4758 et
2055 4695 2257 4777 gratia
2302 4695 2431 4772 Dei,
2465 4697 2867 4774 confidebant
2907 4704 3217 4776 tanquam
3240 4700 3439 4777 justi,

1947 4796 2012 4858 id
2052 4803 2168 4870 est,
2201 4795 2386 4876 quasi
2425 4811 2572 4858 vere
2610 4801 2823 4856 essent
2854 4793 3009 4875 justi
3051 4804 3115 4858 et
3150 4796 3441 4874 virtuosi,

1949 4913 2153 4976 quum
2193 4891 2433 4954 fuerint
2462 4892 2609 4956 vani
2646 4891 3191 4974 spiritualiterque
3220 4914 3449 4978 super-

1949 4992 2038 5055 bi.
2091 4989 2168 5052 Et
2217 4991 2309 5052 illi
2357 4989 2618 5052 fuerunt
2666 4989 2985 5053 Pharisaei.
3034 4989 3198 5062 Quos
3258 4995 3446 5059 modo

1949 5097 2309 5172 sequuntur
2346 5089 2459 5170 qui
2507 5088 2576 5150 in
2624 5106 2693 5150 se
2740 5088 2898 5170 ipsis
2947 5088 3222 5153 inaniter
3256 5092 3451 5173 glori·

1949 5196 2158 5265 antur,
2192 5197 2257 5250 et
2293 5189 2371 5250 de
2419 5187 2665 5250 meritis
2703 5187 2836 5249 suis
2880 5197 3299 5270 praesumunt,
3335 5210 3448 5256 seu

1949 5288 2116 5352 bona
2155 5306 2300 5369 quae
2336 5296 2533 5369 agunt
2571 5286 2849 5371 propriis
2879 5285 3125 5350 viribus
3165 5307 3242 5353 ac
3279 5290 3450 5355 labo-

3134 5424 3198 5478 10
