4300 6259
1087 496 1440 544 amanum
1483 494 1546 542 m
1589 495 1727 543 car.
1773 495 1882 541 vm
1923 494 2201 542 scamus.
2247 515 2327 526 —
2370 497 2511 543 aar.
2558 498 2712 544 xxm
3334 481 3455 547 445

11 770 122 813 ‘Jen-
147 785 278 824 uu,
323 764 586 827 dictum
631 773 726 828 est
768 768 826 828 ei
863 786 877 830 :
912 767 980 829 In
1026 767 1270 829 semine
1313 773 1424 829 tuo
1466 766 1847 827 benedicen-

11 840 36 876 i.

11 1468 196 1516 Dema.
203 1470 294 1511 24-

11 1532 30 1569 7

11 2160 110 2205 ῗεη.
137 2176 220 2213 ιτ,
247 2164 296 2207 1.

11 2656 304 2705 Heln-ando.

15 3048 196 3095 Manli.
209 3064 312 3103 xm,

21 3116 88 3153 ¹7.

77 3736 271 3780 laidem.

127 4223 198 4277 57

321 869 446 925 tur
493 882 715 927 omnes
761 873 1005 947 gentes.
1047 865 1174 927 Nec
1220 865 1487 927 dubium
1542 864 1699 945 quin
1755 864 1846 945 ip-

323 980 424 1035 se,
467 962 712 1044 aliique
753 962 1082 1047 Prophetae
1128 972 1192 1026 et
1228 963 1601 1026 Patriarchae
1644 962 1846 1025 multa

325 1068 661 1123 noverunt
716 1080 833 1144 per
889 1062 1342 1126 revelationem
1399 1061 1706 1136 divinam,
1767 1061 1846 1123 de

325 1156 592 1223 Christo
631 1160 904 1242 ejusque
941 1163 1219 1224 adventu
1267 1168 1460 1242 atque
1499 1158 1842 1242 mysteriis,

326 1274 487 1337 quae
528 1277 655 1322 non
699 1266 850 1322 sunt
890 1259 1228 1341 descripta.
1262 1259 1358 1321 An
1400 1266 1612 1321 tamen
1652 1257 1847 1319 Abra-

329 1354 490 1417 ham
541 1357 720 1420 novit
767 1358 1184 1421 determinate
1234 1368 1487 1439 tempus
1533 1357 1844 1420 adventus

333 1453 601 1530 Christi,
637 1462 706 1519 ut
747 1456 988 1531 Daniel,
1030 1458 1143 1540 qui
1195 1455 1643 1519 determinavit
1691 1455 1848 1518 heb-

333 1554 642 1616 domades
684 1554 1022 1617 dominicae
1063 1555 1398 1637 passioniS‚
1435 1562 1676 1617 certum
1718 1573 1844 1617 non

331 1650 568 1713 habeo.
601 1650 811 1715 Potest
845 1671 1106 1735 quoque
1134 1652 1404 1733 intelligi
1437 1654 1514 1715 de
1545 1652 1648 1715 die
1676 1660 1847 1716 aeter·

333 1748 560 1811 nitatis
616 1749 851 1813 Christi
905 1770 920 1813 :
972 1770 1118 1833 quae
1168 1751 1302 1814 dies
1351 1750 1525 1813 aliud
1575 1769 1700 1814 non
1751 1757 1846 1812 est

319 664 450 727 Dei
484 666 551 729 in
581 666 714 729 fine
745 668 1117 731 saeculorum
1148 668 1623 740 incarnandum,
1642 685 1845 749 quum
1875 666 1924 729 A
1957 684 2258 747 magnum
2307 676 2471 730 esset
2517 667 2662 731 Jesu
2705 669 2940 732 vidisse
2977 669 3294 733 Abraham
3345 689 3454 752 pa-

1955 765 2311 841 triarcham,
2332 776 2393 828 et
2424 786 2549 830 non
2580 774 2848 844 econtra,
2875 775 3237 849 reputantes
3266 768 3457 831 Abra·

1955 862 2101 924 ham
2153 864 2355 927 multo
2407 864 2709 945 majorem
2766 866 2933 927 Jesu.
2988 902 3068 911 —
3116 865 3451 943 Quaeritur,

1955 979 2072 1023 cur
2141 962 2633 1025 nominaverunt
2699 983 2897 1028 annos
2958 966 3448 1048 quinquaginta,

1955 1078 2159 1139 quum
2188 1060 2367 1123 Jesus
2407 1062 2609 1126 multo
2637 1063 2856 1144 junior
2892 1071 3077 1125 esset.
3112 1063 3327 1145 Aliqui
3363 1065 3456 1127 di-

1956 1165 2130 1233 cunt,
2183 1161 2355 1239 quod
2413 1180 2449 1222 a
2508 1180 2673 1235 casu,
2725 1162 2879 1243 quia
2935 1162 3027 1225 sic
3083 1163 3456 1226 occurrebat

1955 1256 2067 1318 eis.
2104 1256 2227 1317 Alii
2261 1258 2503 1331 dicunt,
2537 1260 2711 1340 quod
2743 1268 3004 1342 propter
3034 1262 3453 1324 reverentiam

1953 1354 2223 1435 jubilaei,
2273 1356 2385 1438 qui
2434 1356 2557 1418 fuit
2604 1358 3173 1440 quinquagesimus
3222 1378 3449 1421 annua.
3522 1380 3745 1433 Lanu,

1954 1452 2140 1525 Quasi
2181 1453 2395 1517 dicant
2428 1474 2441 1517 :
2472 1454 2755 1518 Necdum
2792 1457 3055 1538 attigisti
3110 1477 3309 1520 unum
3354 1458 3456 1538 ju·
3486 1444 3639 1493 ¹⁰³¹·

1954 1550 2239 1627 bilaeum,
2274 1559 2337 1614 et
2362 1553 2677 1616 Abraham
2710 1554 2947 1628 vidisti,
2981 1556 3094 1637 qui
3137 1574 3299 1637 pene
3341 1574 3456 1639 per

1955 1651 2082 1713 duo
2117 1650 2321 1714 millia
2368 1671 2681 1715 annorum
2732 1652 3031 1716 dormivit
3072 1673 3217 1717 cum
3266 1654 3455 1736 patri·

1956 1748 2076 1811 bus
2115 1750 2303 1812 suis?
2341 1749 2604 1822 Quidam
2645 1750 2887 1826 dicunt,
2925 1754 3094 1833 quod
3140 1753 3448 1827 ChristuS,

331 1847 467 1909 nisi
499 1848 639 1929 ipsa
666 1849 1004 1923 aeternitaS,
1037 1868 1149 1912 seu
1188 1850 1352 1912 Deus
1391 1857 1687 1913 aeternus.
1723 1848 1847 1911 Hu-
1881 1850 1929 1913 B
1959 1854 2219 1928 propter
2265 1847 2510 1928 jejunia
2548 1854 2611 1909 et
2658 1847 2907 1911 labores
2946 1856 3009 1911 et
3056 1857 3317 1933 propter
3359 1850 3456 1911 ni-

330 1946 444 2026 jus
494 1946 621 2008 diei
669 1945 1035 2010 beatificam
1085 1948 1398 2011 visionem
1446 1948 1512 2009 in
1561 1947 1846 2011 claritate

335 2044 564 2126 patriae
591 2044 963 2121 electorum,
1000 2046 1161 2108 Deus
1203 2046 1494 2129 promisit
1524 2046 1792 2109 Abrahae
1827 2065 1841 2109 ε

333 2141 470 2223 Ego
514 2143 876 2226 (inquiens)
924 2154 1241 2226 protector
1295 2152 1444 2207 tuus
1493 2152 1555 2207 et
1603 2162 1844 2207 merces

335 2248 452 2302 tua
495 2259 724 2323 magna
767 2242 984 2305 nimis.
1026 2242 1199 2306 Hanc
1245 2244 1412 2306 diem
1455 2243 1617 2307 vidit
1654 2243 1847 2305 Abra-

337 2339 488 2402 ham
541 2340 607 2401 in
657 2341 761 2403 via
809 2359 925 2424 per
972 2340 1192 2417 fidem,
1235 2342 1532 2405 tendebat
1579 2343 1658 2403 ad
1706 2360 1844 2403 eam

339 2456 460 2520 per
487 2456 693 2521 spem,
727 2440 1070 2503 exsultavit
1101 2440 1168 2503 in
1199 2441 1338 2521 ejus
1379 2441 1846 2523 praestolatione

344 2553 462 2618 per
496 2537 847 2599 caritatem.
884 2537 1044 2601 Hinc
1088 2556 1344 2620 quoque
1389 2538 1542 2601 dicit
1583 2538 1848 2621 Aposto-

343 2636 447 2697 lus
504 2653 518 2698 :
583 2634 1005 2719 Exspectabat
1062 2637 1374 2699 Abraham
1433 2637 1847 2699 fundamenta

344 2734 690 2797 habentem
730 2736 1075 2810 civitatem,
1110 2735 1294 2816 cujus
1331 2735 1560 2799 artifex
1599 2742 1662 2797 et
1699 2754 1849 2799 con-

344 2832 518 2896 ditor
557 2833 745 2895 Deus.

425 2929 549 2993 Sed
597 2932 698 2993 his
745 2930 1006 2995 obviare
1045 2931 1296 2995 videtur
1339 2932 1511 3014 quod
1560 2932 1847 2996 Christus

1958 1944 2149 2006 miam
2191 1946 2639 2022 maturitatem,
2675 1946 3009 2010 videbatur
3042 1948 3246 2012 multo
3286 1949 3455 2011 seni-

1955 2061 2028 2106 or
2059 2061 2254 2124 quam
2288 2042 2432 2106 fuit.
2468 2044 2643 2107 Unde
2681 2044 2769 2106 ait
2806 2045 2873 2107 in
2914 2045 3158 2110 Psalmo
3192 2066 3206 2110 ε
3239 2047 3456 2111 Genua
3484 2070 3747 2118 emonam.

1955 2158 2098 2202 mea
2127 2140 2451 2204 infirmata
2490 2150 2641 2204 sunt
2668 2162 2704 2204 a
2731 2143 2999 2225 jejunio,
3034 2152 3097 2207 et
3127 2165 3274 2209 caro
3314 2164 3454 2208 mea

1955 2238 2289 2301 immutata
2330 2248 2426 2303 est
2471 2247 2731 2324 propter
2777 2243 3013 2305 oleum.
3058 2243 3186 2325 Ego
3228 2245 3455 2327 opinor

1955 2339 2124 2419 quod
2168 2338 2309 2401 ideo
2340 2345 2585 2401 tantum
2624 2349 3101 2404 excrementum
3140 2362 3453 2408 annorum

1955 2444 2427 2516 expresserunt,
2474 2444 2541 2498 ut
2582 2437 2979 2503 insinuarent
3026 2460 3221 2524 quam
3267 2443 3455 2525 plane

1955 2552 2028 2595 ac
2067 2532 2254 2596 facile
2294 2541 2551 2617 possent
2589 2534 2933 2601 falsificare
2964 2540 3157 2602 verba
3196 2540 3449 2604 Christi.

1955 2633 2140 2706 Quasi
2193 2634 2406 2697 dicant
2453 2654 2465 2698 :
2513 2635 2666 2699 Dato
2714 2639 2887 2719 quod
2936 2639 3202 2701 haberes
3252 2642 3454 2705 multo

1956 2733 2175 2815 plures
2222 2752 2421 2797 annos
2471 2754 2662 2815 quam
2722 2736 2939 2812 habeS,
2992 2738 3194 2802 nihilo
3240 2740 3454 2803 minus

1954 2830 2189 2894 falsum
2232 2838 2397 2894 esset
2438 2833 2609 2914 quod
2654 2834 2868 2896 dixisti
2907 2834 3223 2899 Abraham
3261 2846 3325 2900 te
3367 2838 3456 2902 vi-

1959 2932 2148 2994 disse.

345 3028 500 3091 alibi
551 3030 643 3091 ait
689 3030 1023 3112 discipulis
1074 3030 1254 3093 suis:
1297 3029 1472 3092 Multi
1521 3030 1847 3113 Prophetae
1883 3031 1926 3094 C
2035 3027 2423 3092 Erraverunt
2451 3036 2663 3092 autem
2694 3030 2798 3093 isti
2829 3031 3225 3123 obtenebrati
3254 3033 3453 3099 Judaei

347 3136 410 3190 et
446 3128 602 3209 justi
647 3128 990 3211 cupierunt
1019 3128 1236 3191 videre
1273 3147 1417 3210 quae
1447 3147 1558 3191 vos
1591 3129 1841 3205 videtiS,

345 3233 408 3288 et
459 3246 589 3289 non
638 3227 960 3289 viderunt.
1007 3226 1136 3290 Hoc
1183 3228 1357 3289 enim
1405 3237 1670 3309 apparet
1718 3235 1845 3290 tam

344 3324 512 3387 bene
572 3325 816 3387 dictum
867 3326 944 3387 de
991 3325 1305 3388 Abraham
1368 3325 1533 3388 sicut
1580 3327 1658 3388 de
1704 3326 1846 3389 aliis

345 3422 680 3505 Prophetis
749 3442 822 3486 ac
887 3423 1098 3504 justis.
1165 3422 1240 3485 Et
1307 3424 1841 3506 respondendum,

346 3523 522 3603 quod
593 3521 881 3585 Christus
949 3521 1235 3603 loquitur
1299 3522 1390 3584 ibi
1459 3522 1536 3584 de
1602 3522 1846 3586 visione

346 3619 767 3683 intellectuali
829 3619 1169 3700 conjuncta
1225 3620 1456 3684 visioni
1521 3620 1842 3696 exteriori,

347 3719 890 3801 quemadmodum
949 3718 1203 3801 plenius
1262 3719 1687 3782 demonstravi
1745 3738 1850 3782 su-

349 3836 466 3900 per
511 3816 895 3879 Matthaeum.
949 3814 1053 3878 Sic
1097 3824 1310 3879 autem
1352 3816 1668 3879 Abraham
1719 3836 1846 3881 non

349 3916 513 3980 vidit
551 3915 722 3977 diem
763 3921 827 3977 et
855 3932 1048 3997 opera
1085 3913 1339 3989 Christi,
1374 3933 1486 3977 seu
1524 3916 1847 3979 Christum

349 4016 418 4078 in
469 4032 680 4089 carne,
735 4031 854 4076 nec
899 4013 1009 4075 alii
1057 4012 1384 4095 Prophetae
1429 4023 1575 4077 ante
1616 4014 1846 4078 Christi

351 4114 855 4177 incarnationem
897 4111 1204 4174 defuncti.

1956 3126 2297 3209 dupliciter
2344 3146 2357 3190 :
2408 3127 2637 3210 prime,
2690 3131 2861 3211 quod
2906 3131 3173 3193 verbum
3224 3131 3454 3197 Christi

1955 3227 2033 3288 de
2072 3225 2384 3307 corporali
2426 3226 2673 3290 visione
2712 3227 3197 3311 intellexerunt3
3232 3249 3458 3295 secun-

1955 3324 2056 3397 do,
2098 3325 2272 3406 quod
2312 3323 2517 3387 solum
2566 3324 2630 3386 in
2676 3324 2923 3390 Christo
2962 3327 3304 3391 humanam
3346 3350 3457 3392 na-

1953 3422 2267 3484 tivitatem
2327 3422 2700 3504 pensabant,
2759 3433 3054 3506 putantes
3112 3428 3284 3509 quod
3346 3448 3457 3492 ne—

1955 3538 2278 3601 quaquam
2327 3519 2554 3582 fuisset
2605 3522 2779 3603 prior
2825 3542 2939 3585 sua
2986 3532 3207 3587 matre.
3252 3526 3452 3608 Hujus

1955 3618 2221 3681 secundi
2268 3617 2609 3681 falsitatem
2653 3620 2949 3700 reprobat
2996 3622 3304 3686 Christus.
3340 3628 3456 3686 Di·
3586 3635 3661 3691 58

1953 3719 2058 3779 mic
2087 3720 2181 3777 eis
2205 3721 2389 3779 Iesus
2418 3738 2441 3777 .·
2469 3721 2705 3787 Amen,
2738 3739 2927 3780 amen
2956 3723 3100 3782 dico
3125 3724 3319 3784 vebia.
3350 3723 3455 3786 Mi-

1958 3816 2038 3878 tis
2077 3815 2470 3896 humilisque
2510 3816 2809 3897 magister
2848 3836 3103 3900 semper
3140 3820 3455 3901 patienter

1959 3933 2104 3977 cum
2164 3912 2623 3995 tranquillitate
2682 3916 3042 3997 respondet,
3096 3936 3222 3981 non
3286 3938 3456 3984 com-

1958 4020 2167 4076 motus
2197 4012 2451 4075 illorum
2483 4012 2751 4094 injuriis,
2777 4013 2902 4077 Hoc
2930 4014 3102 4077 enim
3134 4019 3455 4101 praecipue

1958 4112 2235 4195 pertinet
2284 4111 2362 4173 ad
2416 4111 2891 4194 praedicatorem
2945 4114 3081 4177 sive
3133 4116 3454 4182 doctorem

431 4216 766 4276 Dim-erunt
810 4229 958 4288 erqo
1002 4213 1220 4273 Judaei
1265 4214 1356 4271 ad
1395 4230 1544 4273 eum
1582 4230 1606 4272 .·
1648 4214 1845 4281 Quin·
1877 4218 1927 4279 D
1958 4210 2133 4274 verbi
2179 4210 2307 4283 Dei,
2341 4210 2495 4292 quia
2534 4219 2603 4274 ut
2639 4209 2933 4276 Salomon
2972 4213 3257 4295 loquitur
3290 4234 3304 4280 ε
3338 4217 3455 4281 Do-
3518 4238 3755 4291 mnan.

349 4314 674 4395 quaqinca
709 4330 918 4370 annos
963 4312 1254 4370 nondum
1292 4312 1506 4379 habea,
1543 4320 1602 4371 et
1641 4313 1848 4371 Abra-

344 4414 502 4473 ham
525 4408 796 4471 vidisti?
823 4406 1108 4470 Christus
1140 4406 1300 4468 dixit
1328 4409 1499 4489 quod
1529 4407 1846 4472 Abraham

345 4508 510 4573 vidit
554 4508 725 4570 diem
773 4524 1006 4584 suum3
1059 4512 1122 4566 et
1172 4505 1293 4588 ipsi
1345 4506 1437 4567 sic
1486 4513 1784 4589 repetunt
1827 4526 1842 4571 ε

342 4607 664 4670 Abraham
711 4603 973 4668 vidisti?
1022 4603 1174 4685 quia
1219 4623 1348 4685 qua
1397 4604 1637 4668 ratione
1687 4606 1850 4669 veri-

343 4706 650 4769 ficaretur
681 4721 906 4779 unum,
941 4700 1381 4767 verificaretur
1409 4710 1471 4765 et
1501 4703 1844 4785 reliquum.

343 4804 533 4879 Quasi
573 4802 789 4866 dicant
821 4820 836 4864 z
871 4801 934 4863 Si
975 4801 1294 4863 Abraham
1334 4800 1495 4863 vidit
1538 4802 1707 4865 diem
1751 4812 1850 4865 tu-

347 4922 482 4977 um,
515 4920 666 4983 ergo
697 4899 1216 4981 contemporanei
1258 4900 1611 4975 exstitistiS,
1647 4910 1708 4963 et
1738 4920 1849 4967 vos

346 5002 629 5066 invicem
670 4998 1092 5081 conspexistis
1125 5018 1144 5084 ς
1173 4999 1344 5080 quod
1385 5006 1556 5082 patet
1593 5000 1844 5079 falsum,

348 5120 552 5184 quum
614 5099 900 5162 nondum
949 5096 1212 5161 sortitus
1269 5096 1356 5159 sis
1415 5116 1614 5161 annos
1663 5098 1851 5179 quin-

350 5198 678 5283 quaginta.
702 5195 916 5261 Potius
947 5202 1161 5257 autem
1191 5194 1508 5271 dixerunt,
1533 5196 1851 5260 Abraham

355 5297 619 5365 vidisti?
667 5312 884 5377 quam,
936 5292 1254 5356 Abraham
1301 5292 1460 5357 vidit
1506 5298 1621 5357 te?
1669 5296 1851 5378 quasi

1957 4310 2161 4372 ctrina
2190 4309 2311 4372 viri
2344 4327 2458 4391 per
2488 4310 2857 4392 patientiam
2888 4314 3202 4395 noscitur-3
3233 4324 3295 4377 et
3324 4336 3450 4380 non
3483 4302 3745 4415 {gd-„m-

1955 4407 2352 4472 contristabit
2388 4408 2635 4489 justum
2677 4410 2993 4492 quidquid
3032 4414 3089 4474 ei
3128 4414 3449 4479 acciderit.

1956 4506 2293 4588 Propterea
2349 4508 2518 4589 apud
2566 4506 2937 4588 Gregorium
2992 4528 3007 4572 ε
3062 4510 3257 4575 Tanto
3307 4532 3455 4577 con-

1958 4606 2238 4670 vincitur
2295 4606 2575 4688 quisque
2638 4608 2853 4669 minus
2911 4610 3153 4685 doctus,
3215 4621 3456 4694 quanto

1959 4706 2173 4767 minus
2224 4705 2492 4787 patiens.
2547 4710 2918 4785 Antequam
2963 4710 3297 4771 Abraham
3343 4718 3456 4790 fie-

1957 4814 2078 4875 ret,
2111 4804 2175 4866 id
2204 4810 2320 4878 est,
2355 4811 2677 4866 crearetur
2705 4812 3013 4885 quantum
3044 4807 3121 4869 ad
3151 4809 3451 4885 animam,

1963 4902 2062 4965 vel
2107 4908 2519 4981 generaretur
2557 4909 2869 4984 quantum
2918 4906 2997 4967 ad
3044 4912 3246 4969 totum
3289 4927 3459 4972 com-

1963 4999 2267 5082 positum,
2326 5018 2439 5077 eqo
2494 5020 2637 5061 sum
2693 5000 2759 5062 in
2822 5008 3047 5065 natura
3103 5005 3457 5070 divinitatis

1960 5097 2363 5175 aeternaliter,
2384 5097 2976 5180 invariabiliterque
3005 5101 3299 5167 subsisto.
3322 5103 3460 5169 Por-

1964 5217 2033 5261 ro
2064 5197 2352 5271 dicendo,
2387 5196 2516 5277 Ego
2554 5214 2721 5271 sum,
2756 5198 3032 5261 ostendit
3066 5220 3246 5263 suam
3279 5210 3459 5265 aeter-

1965 5296 2249 5371 nitatem,
2282 5314 2425 5378 quae
2454 5313 2572 5359 nec
2602 5296 2995 5379 praeteritum
3024 5297 3216 5362 habet
3244 5318 3457 5385 neque
