4300 6259
1145 529 1499 578 ENARnATlo
1540 530 1603 576 IN
1642 529 1781 577 GAP.
1826 529 1934 576 xv1
1974 529 2166 577 LUCAE.
2214 549 2292 560 -
2333 531 2476 576 ART.
2521 531 2716 578 XXXIX

3365 509 3482 576 123

82 715 339 764 moa-vs.
371 697 488 760 lud
533 698 751 762 Jacobi
794 717 808 762 :
849 700 1117 763 Nescitis
1166 701 1319 783 quia
1364 701 1645 764 amicitia
1685 701 1878 782 hujus
1909 700 1960 761 Α
1992 710 2127 783 put.
2162 703 2608 766 Verumtamen
2658 702 2783 764 dici
2834 708 3060 784 potest,
3103 700 3274 783 quod
3322 699 3485 762 Deus

370 798 604 859 mundi
648 798 907 862 inimica
949 807 1045 862 est
1082 799 1252 863 Deo?
1294 800 1691 882 Quicumque
1731 817 1879 880 ergo

370 895 651 958 voluerit
689 899 933 960 amicus
966 899 1160 980 hujus
1200 900 1425 961 mundi
1464 899 1632 974 fieri,
1669 898 1882 961 inimi-

369 1013 491 1056 cus
536 993 645 1057 Dei
698 998 1141 1060 constituetur.
1188 998 1349 1060 lllud
1397 1017 1655 1080 quoque
1700 998 1883 1060 loan-

86 1109 100 1152 1
111 1109 271 1186 joann.
292 1121 339 1160 n,
370 1093 479 1155 nis
533 1114 547 1157 :
602 1093 809 1158 Nolite
852 1095 1119 1176 diligere
1164 1097 1496 1171 mundum,
1550 1114 1761 1178 neque
1808 1115 1881 1158 ea

87 1177 146 1214 ¹³·
368 1211 523 1274 quae
562 1193 627 1255 in
674 1196 915 1258 mundo
964 1203 1135 1267 sunt,
1178 1195 1333 1276 quia
1376 1195 1429 1258 si
1477 1196 1625 1276 quis
1674 1194 1882 1275 diligit

368 1294 717 1368 mundum,
752 1313 879 1357 non
912 1301 1007 1356 est
1036 1295 1263 1356 caritas
1300 1295 1497 1357 Patris
1532 1295 1599 1356 in
1630 1312 1727 1356 ec.
1761 1293 1881 1356 Sed

86 1404 339 1454 Galat-uo.
368 1398 439 1452 et
481 1390 819 1473 Apostolus
868 1391 1210 1474 profitetur
1252 1413 1266 1457 :
1311 1392 1373 1455 Si
1422 1394 1629 1456 adhuc
1674 1393 1879 1456 homi-

368 1489 569 1552 nibus
603 1491 943 1573 placerem,
978 1491 1209 1555 Christi
1242 1509 1463 1555 servus
1498 1511 1622 1556 non
1654 1509 1876 1554 essem.

438 1591 583 1650 Aul
610 1591 789 1650 em'm
820 1611 1057 1660 unum,
1088 1591 1332 1653 scilicet
1362 1591 1713 1664 diabolum,
1748 1591 1881 1650 odi-

364 1698 429 1748 et
453 1709 479 1747 .·
500 1688 615 1769 qui
649 1706 775 1751 non
806 1697 902 1751 est
932 1689 1241 1752 amandus
1270 1707 1347 1752 ex
1380 1690 1651 1760 caritate,
1679 1707 1881 1770 quum

366 1805 503 1848 non
563 1787 648 1848 sit
696 1786 1109 1849 beatitudinis
1168 1806 1386 1869 capax,
1439 1789 1549 1850 sed
1608 1787 1885 1850 obstina-

1990 801 2426 863 considcratur
2455 801 2796 882 dupliciter
2828 819 2842 862 ε
2877 799 3098 875 Primo,
3135 799 3486 861 secundum

1992 918 2061 961 se
2108 919 2121 962 ε
2171 907 2234 961 et
2281 901 2395 974 sic,
2444 919 2646 982 quum
2697 899 2780 961 sit
2826 918 2985 980 pura
3033 898 3306 972 bonitaS,
3359 915 3486 960 non

1994 1005 2202 1079 potest
2247 998 2433 1060 odiri.
2486 996 2796 1070 Secundo,
2848 997 2914 1058 in
2973 1003 3284 1078 quantum
3341 1013 3489 1077 pro-

1993 1096 2172 1160 hibet
2213 1103 2275 1158 et
2315 1096 2502 1178 punit
2539 1114 2612 1157 ea
2650 1115 2794 1178 quae
2843 1096 3160 1177 perversis
3202 1095 3490 1157 volunta-

1992 1196 2166 1258 tibus
2199 1196 2452 1278 placent
2485 1213 2498 1258 :
2533 1201 2598 1256 et
2627 1195 2714 1257 ita
2745 1193 3029 1277 perversi
3060 1194 3286 1257 odiunt
3315 1211 3487 1255 eum.

2076 1297 2223 1358 Non
2255 1297 2546 1372 pote-scia,
2583 1294 2805 1356 eodem
2850 1300 3156 1374 tempore,
3193 1296 3320 1354 Deo
3363 1313 3495 1352 ser-

1994 1397 2156 1462 vire,
2197 1403 2256 1454 et
2305 1413 2708 1460 mammonoe,
2756 1392 2876 1454 hoc
2925 1399 3018 1453 est
3061 1391 3326 1464 divitiis,
3380 1408 3491 1452 seu

1995 1492 2265 1555 daemoni
2325 1493 2402 1554 de
2457 1491 2722 1554 avaritia
2770 1489 3140 1570 divitiisque
3200 1488 3488 1551 tentanti.

1994 1591 2107 1664 Qui
2153 1591 2325 1653 enim
2367 1591 2490 1652 Deo
2532 1589 2842 1652 veraciter
2883 1587 3098 1662 servit,
3133 1587 3274 1668 ejus
3317 1605 3497 1649 man-

1996 1691 2138 1753 data
2200 1689 2493 1761 custodit,
2551 1695 2614 1750 et
2671 1688 2831 1750 nulli
2894 1686 3180 1767 subjacet
3237 1691 3494 1767 peccato

1996 1787 2284 1866 mortali3
2318 1788 2428 1850 sed
2469 1787 2535 1848 in
2575 1805 2825 1849 summo
2867 1804 2941 1848 ac
2982 1782 3342 1846 invariabili
3384 1783 3496 1846 bo-

368 1893 519 1964 tus;
559 1893 773 1947 tamen
821 1892 1135 1966 quantum
1182 1886 1261 1947 ad
1310 1885 1543 1948 bonam
1593 1893 1879 1948 naturam
1924 1883 1967 1944 B
1998 1905 2079 1950 no
2122 1885 2324 1949 finem
2365 1886 2488 1948 sibi
2529 1885 2877 1956 constituit,
2913 1884 3006 1946 illi
3051 1882 3250 1963 magis
3300 1901 3493 1964 quam

368 2003 575 2065 quam
614 1983 871 2045 habeta
900 1982 1211 2058 Creatore,
1246 1984 1605 2064 diligendus
1646 1993 1741 2046 est
1780 2003 1888 2044 na-

370 2083 570 2144 turali
600 2101 833 2144 amore.
859 2080 962 2144 Sic
990 2083 1161 2144 enim
1196 2090 1259 2144 et
1291 2083 1449 2144 Deus
1482 2082 1690 2163 diligit
1718 2100 1911 2157 eum,.

94 2197 341 2250 Sap.x1‚25.
367 2181 559 2262 juxta
606 2180 768 2242 illud
804 2179 1145 2262 Sapientiae
1178 2199 1191 2243 ε
1228 2181 1447 2261 Diligis
1490 2181 1705 2244 omnia
1743 2199 1886 2262 quae

371 2288 551 2353 sunt,
585 2289 651 2342 et
678 2279 843 2341 nihil
882 2279 1071 2342 odisti
1110 2297 1331 2342 eorum
1362 2298 1506 2361 quae
1537 2278 1765 2342 fecisti.
1800 2281 1886 2340 Et

369 2383 687 2446 alterum,
720 2377 963 2440 scilicet
1013 2377 1235 2452 Deum,
1268 2380 1501 2457 diliyet
1530 2399 1553 2438 .·
1584 2379 1694 2459 qui
1748 2397 1884 2459 pro-

374 2487 522 2560 pter
553 2476 655 2538 sui
703 2477 905 2559 ipsius
947 2495 1195 2558 puram,
1232 2475 1577 2558 perfectam
1615 2477 1888 2538 immen-

371 2593 649 2656 samque
688 2575 1061 2650 bonitatem,
1098 2583 1357 2656 propter
1395 2593 1462 2637 se
1502 2575 1714 2656 ipsum
1761 2574 1889 2656 pri-

373 2693 487 2736 mo
526 2691 781 2734 summe
830 2672 1541 2754 incomparabiliterque
1579 2673 1886 2734 amandus

98 2785 345 2838 umam,
373 2779 498 2846 est,
532 2771 768 2833 deinde
806 2771 1114 2852 quoniam
1152 2771 1326 2852 prior
1364 2770 1590 2833 dilexit
1624 2789 1761 2844 ηοε,
1799 2770 1890 2832 in-

101 2851 157 2898 ¹⁰’
183 2852 245 2892 ¹⁹·
374 2887 582 2952 super
634 2876 895 2952 propter
946 2869 1263 2932 beneficia
1320 2889 1433 2932 sua
1490 2876 1681 2951 atque
1742 2888 1887 2951 pro-

372 2987 601 3031 missa.

1995 1985 2188 2047 alicui
2230 1985 2320 2046 rei
2362 1993 2584 2046 creatae
2619 2001 2732 2065 per
2767 1982 3088 2044 caritatem
3137 1980 3496 2042 mentaliter

1996 2084 2398 2146 adhaerendo.
2432 2081 2547 2154 Qui
2597 2090 2808 2144 autem
2859 2099 3238 2144 mammonae
3276 2079 3493 2152 servit,

2000 2183 2063 2244 in
2118 2180 2386 2245 terrenis
2438 2180 2668 2263 opibus
2719 2179 2841 2242 sibi
2891 2179 3089 2241 finem
3145 2177 3494 2250 constituit,

1997 2289 2061 2343 et
2099 2300 2204 2343 eas
2245 2280 2442 2360 magis
2483 2298 2676 2360 quam
2717 2279 2912 2340 Deum
2956 2277 3135 2359 cupit
3170 2295 3244 2338 ac
3286 2284 3495 2354 amat3

1998 2387 2222 2461 estque
2279 2378 2558 2441 avaritiae
2616 2377 2900 2441 serviens
2959 2395 3032 2438 ac
3089 2375 3416 2456 subjectus
3480 2392 3493 2436 :

1997 2498 2142 2561 quae
2180 2486 2369 2541 tantae
2406 2486 2502 2540 est
2541 2476 2910 2558 impietatiS,
2947 2483 3018 2537 ut
3052 2493 3188 2536 eam
3232 2473 3499 2555 Aposto—

1998 2579 2097 2640 lus
2148 2577 2462 2640 idolorum
2516 2577 2802 2638 nominet
2859 2573 3253 2636 servitutem.
3310 2571 3395 2633 Et.
3429 2571 3495 2633 in
3525 2587 3788 2644 &paeana

1998 2675 2440 2738 Ecclesiastico
2499 2673 2810 2755 scriptum
2861 2681 2959 2735 est
3007 2691 3020 2734 :
3075 2673 3279 2734 Avaro
3336 2669 3496 2732 nihil
3579 2685 3790 2734 Εσοιω,

1998 2783 2095 2838 est
2150 2773 2528 2852 scelestius3
2584 2771 2744 2833 nihil
2803 2779 2900 2834 est
2957 2769 3243 2851 iniquius
3302 2787 3494 2850 quam
3526 2750 3567 2798 ‘³'
3591 2750 3658 2790 ¹⁰·

1996 2891 2208 2936 amare
2253 2865 2612 2955 pecuniamI

2058 2974 2430 3034 Audiebant
2459 2980 2676 3031 autem
2701 2970 2922 3029 omnia
2953 2970 3102 3038 hoec,
3127 2965 3191 3028 id
3222 2974 3318 3028 est
3347 2985 3498 3047 prae-
3637 2970 3706 3025 u

440 3070 587 3130 Aut
617 3068 743 3129 uni
770 3068 1145 3137 adhaerebit,
1178 3065 1425 3127 seilicet
1465 3063 1737 3139 diabolo,
1775 3083 1890 3147 per
1926 3072 1969 3135 C
1999 3071 2300 3152 scriptam
2333 3068 2560 3132 Christi
2594 3067 3083 3149 disputationem
3117 3072 3336 3128 contra
3364 3082 3501 3124 ava·

367 3165 891 3230 conformitatem
930 3163 1223 3238 affectuS‚
1259 3182 1335 3226 ea
1374 3164 1670 3227 videlicet
1708 3164 1891 3246 cupi-

368 3267 545 3329 endo
576 3274 640 3328 et
668 3265 1112 3347 amplectendo
1142 3283 1286 3345 quae
1316 3262 1569 3327 diabolo
1611 3263 1885 3345 placent,

374 3373 449 3427 ut
504 3371 659 3426 sunt
710 3382 903 3445 opera
951 3362 1197 3426 vitiosa.
1253 3361 1549 3425 Diabolus
1605 3380 1884 3444 quoque,

372 3463 741 3527 secundum
775 3461 1169 3542 Gregorium,
1204 3461 1496 3524 omnium
1540 3461 1888 3543 impiorum

373 3570 475 3625 est
526 3569 769 3643 caput:
815 3560 957 3624 ideo
1003 3560 1060 3622 ei
1112 3561 1435 3622 adhaerent
1484 3561 1649 3622 sicut
1696 3559 1890 3641 capiti

374 3659 711 3734 membra;
744 3667 808 3721 et
846 3660 987 3742 ipse
1034 3678 1149 3721 sua
1192 3659 1595 3740 suggestione
1636 3658 1893 3740 pestife-

374 3779 473 3834 ra,
512 3759 736 3822 influit
774 3759 867 3822 eis
904 3759 1099 3820 vitam
1141 3758 1428 3839 iniquam
1460 3757 1892 3838 vitiorumque

374 3865 655 3922 motum.
691 3857 903 3920 Potius
944 3875 1203 3938 quoque
1242 3856 1330 3918 ait
1362 3855 1644 3918 Salvator
1674 3855 1895 3918 Adhae-

374 3957 575 4030 rebit‚
636 3975 832 4038 quam
890 3955 1138 4036 Diliget,
1200 3954 1353 4035 quia
1417 3961 1708 4035 peccator
1766 3972 1891 4016 non

375 4065 557 4118 amat
596 4054 946 4128 diabolum,
980 4053 1275 4135 quamvis
1314 4053 1371 4114 ei
1411 4052 1783 4116 consentiat.
1809 4056 1894 4114 Ει

376 4159 699 4224 alterum,
748 4153 995 4214 scilicet
1052 4151 1274 4226 Deum,
1324 4161 1700 4221 contemnet,
1754 4150 1894 4230 ejus

2000 3169 2234 3243 ritiam,
2267 3167 2616 3236 Pharisaei,
2649 3165 2760 3245 qui
2803 3164 3028 3227 ceteris
3076 3161 3498 3243 religiosiores

2001 3267 2401 3339 videbantur,
2437 3266 2554 3344 qui
2582 3273 2770 3324 εναηι
2799 3264 2994 3324 avari
3013 3280 3330 3342 :quorum
3366 3278 3503 3341 per-

2004 3365 2362 3428 versitatem
2405 3369 2467 3424 et
2495 3361 2924 3425 carnalitatem
2967 3359 3150 3421 multi
3191 3359 3406 3421 clerici
3441 3364 3504 3419 et

2002 3465 2216 3546 specie
2245 3471 2459 3524 ·tenus
2518 3459 2795 3540 religiosi
2843 3459 2971 3540 jam
3021 3465 3500 3538 assequuntur;

1998 3573 2059 3624 ec
2104 3563 2482 3624 deridebant
2529 3579 2698 3619 eum.
2754 3556 3033 3621 Carnalis
3085 3557 3260 3617 enim
3314 3556 3504 3618 homo
3535 3573 3796 3622 {eos-atu.

2004 3679 2128 3723 non
2181 3657 2454 3739 percipit
2511 3675 2584 3718 ea
2632 3674 2776 3737 quae
2833 3662 2983 3716 sunt
3038 3653 3314 3735 Spiritus
3367 3651 3500 3724 Dei,

2002 3759 2355 3820 secundum
2405 3754 2801 3836 Apostolum.
2856 3753 3034 3814 Tales
3085 3759 3235 3814 sunt
3282 3769 3502 3814 omnes

2004 3854 2280 3918 indurati
2332 3853 2397 3915 in
2449 3852 2645 3925 vitiis,
2697 3859 2761 3913 et
2818 3850 3136 3932 sapientes
3183 3850 3251 3911 in
3301 3849 3503 3912 oculis
3561 3869 3768 3917 aaa«.

2004 3953 2282 4036 propriis
2318 3971 2331 4014 :
2367 3950 2478 4033 qui
2521 3951 2670 4011 dum
2715 3948 2868 4010 vitia
2915 3967 3030 4009 sua
3079 3947 3274 4028 tangi,
3308 3965 3504 4028 seque

2006 4049 2387 4134 reprehendi
2435 4050 2796 4120 advertunt,
2850 4046 3263 4126 indignantur
3314 4052 3505 4125 atque

2004 4150 2316 4222 derident,
2361 4145 2897 4228 quemadmodum
2951 4143 3262 4225 scriptum
3305 4149 3400 4204 est
3439 4141 3504 4202 in

380 4258 709 4336 praecepta
740 4250 920 4333 parvi
957 4250 1314 4332 pendendo,
1349 4250 1890 4329 transgrediendo,
1932 4255 1975 4316 D
2004 4248 2194 4311 Amos
2247 4246 2556 4328 propheta
2589 4263 2603 4305 ε
2638 4242 2791 4306 Odio
2827 4242 3206 4304 habuerunt
3243 4239 3508 4321 corripi·
3533 4256 3793 4306 nummo.

378 4361 445 4415 et
488 4369 657 4414 vana
695 4368 769 4412 ac
808 4349 961 4410 vilia
1000 4349 1057 4410 ei
1104 4347 1521 4430 praeferendo.
1555 4346 1631 4409 Et
1672 4367 1897 4410 secun-

380 4453 545 4514 dum
594 4448 1025 4529 Augustinum
1073 4465 1199 4510 non
1250 4446 1359 4519 ait,
1406 4445 1560 4509 Odio
1611 4446 1892 4520 habebit,

382 4549 523 4620 sed,
547 4547 943 4620 Contemnet,
969 4545 1123 4626 quia
1150 4547 1249 4625 (ut
1279 4545 1461 4624 dicit)
1491 4545 1733 4607 nullius
1762 4543 1896 4606 fere

382 4644 787 4710 conscientia
828 4643 1026 4706 Deum
1074 4649 1281 4725 potest
1328 4643 1559 4706 odisse.
1602 4643 1897 4724 Augusti-

383 4765 513 4808 nus
546 4753 777 4817 tamen,
798 4743 1151 4826 secundum
1180 4742 1459 4816 Gon-am,
1484 4743 1604 4805 hoc
1629 4742 1896 4804 verbum

386 4842 781 4906 retractavit.
814 4840 969 4903 Nam
1010 4849 1073 4903 et
1110 4838 1481 4921 frequenter
1509 4840 1577 4902 in
1616 4839 1900 4921 Scriptu-

387 4943 481 5004 ris
541 4941 845 5021 leguntur
890 4939 1101 5020 iniqui
1158 4938 1356 5001 Deum
1414 4939 1643 5014 odisse,
1695 4957 1897 5019 quum

137 5057 363 5109 amm,
388 5039 569 5122 apud
606 5038 911 5102 loannem
942 5036 1229 5100 Christus
1271 5043 1539 5098 testetur
1573 5055 1587 5098 ε
1621 5035 1901 5099 Oderunt

124 5121 181 5161 ²⁸·
392 5157 500 5200 me
540 5143 605 5198 et
643 5135 891 5198 Patrem
932 5153 1169 5196 meum.
1206 5133 1278 5197 Et
1325 5133 1654 5196 Psalmista
1697 5133 1902 5215 loqui-

142 5253 363 5306 amun.
393 5244 503 5298 tur
537 5234 665 5298 Deo
701 5252 716 5297 t
752 5233 1061 5306 Quoniam
1102 5250 1248 5294 ecce
1288 5232 1534 5294 inimici
1578 5232 1669 5293 tui
1710 5250 1902 5295 sonu-

128 5319 162 5358 ³·
396 5340 633 5414 erunt3
685 5340 749 5395 et
785 5331 900 5414 qui
952 5331 1224 5394 oderunt
1268 5338 1352 5406 te,
1396 5329 1763 5392 extulerunt
1803 5348 1902 5395 ca·-

2005 4355 2240 4418 entem‚
2294 4353 2355 4406 et
2413 4342 2780 4424 loquentem
2831 4339 3110 4423 perfecte
3159 4338 3502 4401 abominati

2004 4452 2176 4508 sunt.
2213 4443 2440 4507 Contra
2469 4459 2628 4523 quos
2662 4440 2725 4500 in
2759 4437 3115 4502 Proverbiis
3148 4436 3452 4500 asseritur
3486 4454 3500 4498 ε

2005 4544 2154 4606 Viro
2191 4541 2304 4623 qui
2356 4538 2806 4620 corripientem
2857 4537 3014 4598 dura
3061 4535 3310 4598 cervice
3360 4553 3508 4596 con·
3535 4556 3796 4602 pronun,

2005 4641 2255 4716 temnit,
2310 4637 2680 4720 repentinus
2729 4634 3140 4717 superveniet
3183 4633 3242 4695 ei
3291 4632 3509 4694 interi·
3540 4627 3578 4666 ¹·

2008 4749 2131 4802 tus.
2166 4737 2453 4818 Denique
2501 4733 2796 4797 Pharisaei
2849 4733 2990 4795 ideo
3031 4731 3350 4794 Christum
3401 4731 3508 4794 do-

2008 4845 2256 4902 centem
2326 4835 2458 4898 haec
2517 4832 2908 4904 deridebant,
2969 4829 3123 4912 quia
3184 4829 3248 4891 in
3308 4829 3504 4893 veteri

2009 4938 2145 5018 lege
2184 4931 2632 5014 temporalium
2672 4929 3062 4992 abundantia
3104 4927 3508 5010 promitteba-
3562 4947 3798 4994 Lemm.

2008 5045 2134 5107 tur,
2187 5039 2250 5094 et
2306 5029 2608 5112 quoniam
2658 5027 2974 5089 Abraham
3031 5025 3350 5106 multique
3397 5024 3506 5086 alii
3535 5009 3798 5123 {2223}ssss

2011 5131 2276 5195 virtuosi
2309 5129 2374 5190 in
2415 5127 2552 5207 lege
2589 5126 2695 5186 illa
2725 5125 2953 5188 divites
2985 5122 3183 5186 fuisse
3223 5123 3510 5185 scribun-
3535 5141 3619 5180 etc.

2009 5241 2135 5293 tur.
2191 5228 2310 5290 Sed
2359 5224 2652 5288 Pharisaei
2708 5223 2810 5284 isti
2857 5221 3052 5285 verba
3099 5221 3328 5284 Christi
3381 5240 3506 5285 non
3535 5199 3798 5314 ‚ffss”'{}5¹¹'’²

2010 5327 2484 5392 intellexerunt.
2517 5321 2652 5385 Non
2700 5320 2870 5383 enim
2923 5319 3302 5402 simpliciter
3351 5339 3510 5402 opu-
