4300 6259
608 3243 771 3290 Jom.
786 3259 831 3298 u,

570 3310 636 3362 ns,
678 3310 747 3352 ιι.

609 4033 760 4080 ludio.
778 4047 831 4084 vi,

570 4101 718 4143 35-ἳῖ-

571 4231 763 4278 ΙΙοαπη.
778 4245 835 4284 iv,

574 4301 638 4342 18.

572 4629 749 4736 igauna.
762 4645 835 4684 vn,

870 489 991 556 324

1656 503 2010 553 mannum
2051 504 2115 550 m
2157 503 2296 550 cAP.
2343 500 2412 548 111
2451 500 2728 549 JomNIS.
2771 521 2854 532 —
2891 501 3034 548 Am.
3079 499 3186 547 vul

870 679 1138 753 divisus,
1190 685 1493 760 tanquam
1542 676 1851 742 veraciter
1906 673 2240 756 religiosus
2299 672 2366 734 in
2397 671 2448 734 A
2477 672 2638 734 ritur
2667 679 2851 736 nocte
2881 671 3131 736 venisse
3165 689 3179 734 :
3206 669 3746 753 quemadmodum
3775 665 3956 728 Maria

867 778 1101 851 anima,
1154 777 1319 838 sicut
1366 794 1599 840 nomen
1660 782 1723 836 et
1770 773 2024 836 habitus
2073 772 2214 852 ejus
2263 789 2369 832 ex-

868 876 1063 940 terior
1112 875 1587 958 praetendebant
1637 893 1651 937 :
1704 874 1869 936 sicut
1918 890 2089 934 nunc
2129 870 2366 952 aliquis

868 973 1103 1036 dicitur
1152 973 1461 1037 veraciter
1508 972 1879 1046 monachus,
1913 970 2026 1053 qui
2075 969 2194 1034 soli
2244 969 2368 1032 Deo

868 1078 931 1134 et
978 1070 1101 1134 sibi
1146 1071 1270 1153 ipsi
1316 1071 1505 1151 digne
1554 1069 1827 1132 intendit
1866 1075 2059 1150 atque
2106 1066 2368 1129 sinceri-

868 1173 965 1229 ter
1021 1174 1220 1230 vacat.
1277 1166 1481 1230 Ceteri
1543 1183 1693 1230 vero
1752 1165 2232 1238 Pharisaeorum‚
2297 1171 2368 1225 ut

869 1265 1313 1340 communiter,
1375 1272 1555 1327 erant
1611 1264 1745 1328 solo
1802 1263 2082 1336 nomine,
2142 1262 2366 1325 habitu

867 1371 931 1425 et
957 1363 1290 1446 apparenti
1329 1363 1659 1426 sanctitate
1692 1380 1803 1424 seu
1842 1361 2139 1424 simulata
2169 1361 2368 1442 aequi-

866 1469 993 1524 tate
1024 1461 1318 1526 Pharisaei
1353 1480 1367 1524 :
1404 1461 1568 1524 sicut
1600 1479 1773 1523 nunc
1803 1467 1952 1523 sunt
1982 1459 2168 1521 multi
2197 1459 2368 1522 clau-

868 1560 1089 1622 strales
1140 1560 1274 1624 solo
1332 1561 1613 1635 nomine,
1664 1566 1972 1641 apparatu
2029 1564 2093 1620 et
2140 1558 2366 1620 habitu

868 1659 1183 1733 monachi,
1219 1658 1497 1740 religiosi
1527 1676 1601 1720 ac
1630 1656 2015 1740 spirituales.
2049 1659 2367 1734 Princeps

861 1759 1265 1827 ludaeorum,
1299 1757 1364 1819 id
1412 1764 1511 1818 est
1556 1774 1723 1818 unus
1772 1757 1849 1818 de
1899 1753 2364 1836 principalibus

2477 770 2832 852 Magdalene
2883 770 3056 834 venit
3104 771 3182 832 ad
3231 776 3718 833 monumentum
3766 785 3958 848 quum
4001 783 4208 826 aman.

2475 872 2684 934 adhuc
2737 871 3016 934 tenebrae
3072 878 3304 946 essent,
3361 877 3589 953 putans
3647 867 3960 930 Christum

2477 988 2604 1034 non
2649 969 3092 1033 resurrexisse.

2555 1071 2644 1129 Ec
2679 1069 2858 1128 dimit
2894 1069 2956 1127 ei
2985 1089 3008 1127 .·
3037 1067 3271 1138 Rabbi,
3299 1067 3538 1126 scimus
3571 1063 3734 1146 quia
3773 1083 3814 1124 a
3839 1065 3964 1124 Deo

2476 1169 2735 1238 venisti,
2758 1165 2824 1228 id
2852 1173 2969 1240 est,
2993 1165 3300 1228 divinitus
3331 1163 3563 1225 missus
3591 1180 3661 1224 es
3689 1161 3759 1223 in
3789 1179 3966 1223 mun-

2474 1265 2650 1339 dum,
2685 1265 2992 1342 magister
3031 1263 3333 1327 veritatis.
3369 1262 3455 1324 De
3496 1279 3626 1343 quo
3668 1259 3964 1340 magistro

2474 1362 2710 1425 dicitur
2756 1362 2823 1424 in
2873 1361 3028 1424 Osee
3067 1361 3391 1443 :Tempus
3439 1358 3808 1441 requirendi
3853 1357 3964 1420 Do-
4003 1375 4210 1423 omma

2475 1460 2747 1536 minum,
2810 1479 3012 1543 quum
3073 1459 3319 1522 venerit
3375 1457 3488 1540 qui
3547 1456 3804 1520 docebit
3855 1474 3962 1519 vos

2471 1559 2826 1640 justitiam3
2867 1566 2930 1620 et
2969 1576 3082 1640 per
3107 1557 3366 1632 Joelem,
3401 1555 3723 1618 Exsultate
3755 1555 3820 1616 in
3849 1553 3966 1617 Do-
3999 1569 4208 1616 Joe1.23.

2475 1658 2650 1722 mino
2691 1657 2817 1721 Deo
2856 1665 3086 1732 vestro,
3119 1657 3273 1739 quia
3314 1655 3487 1718 dedit
3530 1653 3714 1719 vobis
3763 1655 3966 1718 docto-

2475 1774 2611 1818 rem
2666 1756 2952 1837 justitiae.
3004 1755 3119 1817 Per
3175 1754 3331 1837 quid
3385 1771 3534 1817 vero
3587 1752 3964 1816 Nicodemus

868 1854 1232 1918 doctoribus
1279 1862 1472 1936 atque
1519 1853 1869 1916 rectoribus
1906 1852 2182 1914 Judaicae
2230 1851 2365 1934 ple—
2401 1854 2448 1918 B
2475 1856 2539 1917 id
2571 1854 2820 1930 scierat,
2843 1854 3159 1917 subditur.
3181 1856 3382 1916 Nemo
3409 1854 3584 1912 enim
3605 1861 3813 1929 potest
3839 1854 3968 1913 hoec

865 1951 987 2027 bis,
1049 1971 1193 2035 quae
1263 1953 1472 2035 primo
1528 1952 1863 2032 regebatur
1919 1969 2032 2032 per
2086 1950 2358 2030 judiceS‚

864 2050 1095 2113 deinde
1148 2069 1263 2133 per
1315 2068 1493 2131 reges
1542 2068 1746 2132 usque
1799 2051 1876 2112 ad
1927 2049 2362 2131 captivitatem

862 2145 1331 2230 Babylonicam,
1380 2147 1609 2210 exinde
1659 2165 1773 2228 per
1822 2148 2107 2210 doctores
2157 2153 2219 2208 et
2268 2165 2364 2208 sa-

865 2247 1171 2320 cerdoteS,
1207 2263 1483 2327 quorum
1521 2244 1705 2306 multi
1746 2243 2009 2307 fuerunt
2040 2244 2356 2307 Pharisaei.

862 2341 999 2407 Non
1044 2351 1255 2406 tamen
1310 2342 1436 2406 fuit
1482 2342 1587 2405 hic
1632 2342 2011 2406 Nicodemus
2070 2361 2360 2404 summus

866 2441 1165 2524 princeps
1208 2441 1310 2506 vel
1353 2439 1641 2523 pontifex
1680 2441 2060 2504 Judaeorum.

943 2542 1073 2602 Hic
1118 2542 1296 2601 venit
1342 2544 1430 2601 ad
1472 2544 1717 2611 lesum,
1764 2540 1950 2622 cujus
1996 2539 2129 2621 jam
2181 2540 2362 2622 signa

862 2639 1042 2714 vidit,
1094 2646 1157 2702 et
1204 2641 1583 2703 documenta
1628 2639 1908 2720 audivit3
1955 2646 2019 2700 et
2064 2656 2142 2700 ex
2192 2646 2362 2702 utro-

860 2755 988 2818 que
1044 2737 1383 2819 perpendit
1437 2736 1682 2818 aliquid
1741 2753 1985 2818 magnae
2042 2736 2360 2798 excellen—

860 2835 963 2898 tiae
1000 2852 1139 2898 esse
1176 2836 1243 2898 in
1280 2835 1447 2909 Jesu,
1481 2835 1666 2914 cujus
1706 2842 1941 2896 tantam
1983 2842 2358 2916 potestatem

860 2939 924 2994 et
979 2933 1377 3015 sapientiam,
1433 2939 1671 2994 tantam
1729 2933 1988 2994 demum
2041 2931 2356 3013 justitiam

2469 1956 2661 2032 siqua
2689 1955 2904 2031 facere
2929 1973 3073 2032 quae
3107 1962 3178 2013 tu
3203 1953 3390 2029 facis,
3411 1952 3544 2011 nisi
3573 1952 3784 2029 fuerit
3803 1952 3968 2011 Deus

2469 2073 2620 2114 cum
2665 2073 2756 2124 ec,
2809 2051 3205 2132 cooperando
3259 2057 3323 2112 et
3371 2049 3638 2130 gratiam
3699 2049 3970 2111 miracu-

2473 2150 2679 2214 lorum
2730 2149 3106 2231 praestando.
3159 2147 3342 2212 Solus
3390 2147 3636 2229 quippe
3683 2147 3972 2228 omnipo-

2470 2255 2610 2310 tens
2641 2248 2804 2310 Deus
2833 2247 2987 2310 facit
3015 2246 3322 2309 miracula
3352 2246 3608 2329 proprie
3641 2245 3810 2308 dicta
3839 2253 3972 2308 tan-

2470 2366 2663 2428 quam
2724 2345 3099 2428 principalis
3155 2343 3468 2424 effector3
3531 2343 3699 2407 servi
3757 2352 3968 2405 autem

2471 2445 2675 2527 ipsius
2721 2437 2969 2507 faciunt
3015 2461 3090 2506 ea
3139 2442 3342 2506 solum
3399 2441 3899 2504 ministerialiter
3948 2459 3964 2504 ε

2467 2543 2648 2624 juxta
2695 2543 2852 2605 illud
2904 2542 2971 2604 in
3020 2541 3288 2616 Psalmo,
3338 2539 3712 2603 Benedictus
3761 2539 3970 2603 Domi-

2469 2659 2592 2702 nus
2630 2641 2793 2702 Deus
2833 2639 3044 2714 lsrael,
3078 2639 3192 2721 qui
3221 2637 3374 2701 facit
3412 2637 3732 2700 mirabilia
3769 2637 3962 2702 solus.

2548 2738 2737 2802 Porro
2795 2737 3176 2800 miraculum
3238 2736 3494 2818 proprie
3551 2735 3818 2810 dictum,
3871 2743 3970 2797 est

2467 2836 2737 2899 effectus
2783 2844 2982 2900 totam
3024 2835 3325 2898 virtutem
3368 2842 3431 2897 et
3476 2834 3678 2915 legem
3729 2841 3968 2896 naturae

2466 2942 2691 2998 creatae
2720 2934 3047 2997 excedens.
3067 2932 3145 2995 Et
3174 2932 3320 2994 talia
3349 2940 3528 2995 erant
3553 2932 3772 3014 aliqua
3799 2931 3969 2995 Chri·

3993 2557 4202 2606 hamat
4261 2555 4263 2610 ξ

860 3030 1481 3113 imperterritamque
1516 3030 1935 3094 constantiam
1972 3028 2097 3093 fuit
2135 3048 2358 3112 exper-
2393 3033 2436 3096 C
2466 3034 2545 3096 sti
2589 3033 2917 3107 miracula,
2951 3039 3020 3094 ut
3050 3031 3433 3095 illuminatio
3463 3031 3610 3094 caeci
3651 3031 3804 3104 nati,
3838 3049 3968 3093 sus-
4015 3043 4148 3087 Jm
4161 3057 4200 3092 ιι,

863 3137 985 3204 tuS,
1021 3129 1109 3191 ita
1146 3137 1216 3190 ut
1262 3129 1585 3191 neminem
1624 3137 1939 3203 metuenS‚
1974 3136 2037 3190 et
2076 3147 2192 3211 pro
2232 3129 2357 3192 Deo

862 3227 1094 3303 zelanS,
1149 3244 1371 3292 omnes
1428 3228 1773 3290 vendentes
1830 3227 1897 3288 in
1954 3228 2195 3310 templo
2251 3245 2358 3289 ex-

862 3326 1147 3409 pelleret,
1193 3344 1503 3408 suamque
1550 3325 1900 3389 doctrinam
1946 3324 2358 3388 confirmaret

859 3424 1205 3487 miraculis.
1239 3423 1399 3486 Hinc
1425 3423 1825 3498 NicodemuS,
1850 3423 1985 3486 zelo
2013 3440 2358 3505 agnoscen-

860 3525 955 3586 dae
1010 3523 1292 3587 veritatis
1348 3530 1413 3584 et
1467 3521 1818 3604 spiritualis
1875 3520 2198 3604 profectus
2255 3541 2358 3584 ac-

859 3640 1109 3696 censuS,
1143 3621 1319 3685 venit
1363 3622 1442 3683 ad
1488 3621 1701 3684 lesum
1753 3627 1821 3681 ut
1870 3620 2124 3702 plenius
2175 3622 2358 3684 doce—

860 3728 1035 3782 retur
1069 3720 1149 3782 ab
1198 3737 1293 3783 eo.
1327 3719 1513 3782 Venit
1557 3725 1771 3781 autem
1813 3728 2007 3780 nocte.
2044 3718 2154 3780 Vel
2203 3719 2356 3800 quia

858 3819 1131 3882 aliorum
1177 3817 1633 3882 Pharisaeorum
1683 3835 1758 3878 ac
1813 3818 2213 3880 sacerdotum
2259 3816 2358 3882 of-

859 3916 1104 3980 fensam
1156 3917 1481 3979 incurrere
1518 3914 1882 3979 formidavit
1916 3917 2358 3996 (quemadmo-

863 4017 1017 4078 dum
1047 4014 1294 4078 Gedeon
1328 4022 1513 4077 nocte
1543 4013 1854 4094 confregit
1884 4021 2156 4075 statuam
2187 4013 2351 4090 Baal‚

864 4114 1094 4175 timens
1144 4132 1290 4176 suos
1336 4112 1660 4192 concives)
1691 4129 1705 4174 :
1738 4119 1802 4174 et
1850 4111 1955 4173 hic
2002 4113 2194 4174 timor
2233 4112 2358 4174 fuit

2466 3133 2679 3195 citatio
2719 3138 3139 3204 mortuorum,
3173 3130 3430 3212 eclipsis
3471 3129 3624 3193 solis
3663 3129 3730 3191 in
3771 3128 3968 3210 pleni-

2466 3230 2639 3295 lunio
2680 3238 2963 3311 tempore
3006 3229 3340 3311 passionis.
3383 3227 3460 3289 Et
3499 3227 3618 3290 ista
3659 3227 3967 3290 miracula

2466 3336 2616 3391 sunt
2644 3335 2815 3390 certa
2843 3346 2916 3389 ac
2945 3325 3336 3389 sufficientia
3373 3332 3762 3406 argumenta,
3794 3327 3966 3407 quod

2464 3435 2638 3490 actor
2694 3444 2916 3489 eorum
2976 3427 3059 3487 sit
3117 3442 3266 3487 vera
3323 3426 3576 3499 docens,
3629 3431 3692 3486 et
3749 3425 3968 3487 divina

2467 3525 2962 3604 virtuteagens.
3015 3523 3189 3585 Unde
3236 3523 3325 3584 ait
3372 3520 3540 3585 infra
3591 3540 3606 3584 τ
3658 3521 3722 3584 Si
3771 3541 3966 3605 opera

2466 3642 2591 3687 non
2650 3622 2944 3684 fecissem
3013 3621 3077 3683 in
3140 3621 3255 3696 eis,
3317 3640 3461 3703 quae
3517 3620 3736 3684 nullus
3799 3622 3964 3684 alius

2465 3721 2640 3798 fecit,
2692 3727 3022 3803 peccatum
3071 3739 3196 3783 non
3247 3719 3575 3782 haberent.
3617 3755 3697 3764 —
3734 3719 3968 3802 Aliqua

2467 3839 2617 3884 vero
2664 3818 2970 3882 miracula
3015 3817 3160 3880 fieri
3211 3825 3476 3900 possunt
3521 3818 3966 3900 cooperatione

2467 3918 2722 3992 diaboli,
2758 3917 2923 3978 sicut
2967 3918 3045 3979 de
3083 3916 3470 3978 Antichristo
3511 3916 3668 3978 dicit
3701 3915 3968 3998 Aposto-

2465 4018 2566 4079 lus
2615 4036 2629 4080 :
2673 4015 2866 4098 Cujus
2913 4015 3222 4077 adventus
3271 4021 3366 4076 est
3414 4015 3768 4076 secundum
3815 4033 3968 4097 ope-

2467 4115 2775 4179 rationem
2825 4112 3086 4188 Satanae,
3143 4113 3205 4174 in
3256 4112 3431 4175 omni
3489 4112 3859 4175 seductione
3905 4120 3966 4174 et

864 4210 1385 4295 imperfectioniS,
1435 4229 1627 4292 quem
1676 4211 1865 4292 plena
1911 4209 2166 4273 dilectio
2215 4212 2358 4273 mit·
2389 4219 2437 4280 D
2469 4215 2722 4286 virtute,
2786 4212 2851 4273 in
2910 4211 3108 4292 signis
3166 4219 3230 4273 et
3288 4210 3613 4293 prodigiis,
3665 4209 3965 4283 Quamvis

860 4311 942 4373 tit
975 4309 1166 4374 foras.
1201 4309 1309 4372 Vel
1347 4309 1519 4391 quia,
1553 4328 1755 4390 quum
1793 4315 1957 4370 esset
1992 4309 2356 4372 nominatus

863 4410 1081 4474 doctor
1124 4427 1198 4471 ac
1252 4408 1551 4490 magister
1607 4407 1673 4469 in
1730 4407 1943 4481 lsrael,
1994 4406 2356 4489 aliqualiter

862 4507 1275 4571 erubescebat
1322 4506 1579 4589 publice
1626 4523 1692 4566 se
1736 4505 2113 4568 submittere
2160 4505 2357 4569 infor-

863 4606 1125 4670 mationi
1171 4605 1338 4679 Iesu,
1389 4604 1500 4685 qui
1562 4603 1879 4666 sciebatur
1928 4602 2168 4666 litteras
2227 4624 2354 4668 non

865 4704 1163 4769 didicisse
1208 4722 1222 4766 :
1270 4711 1334 4764 et
1378 4703 1497 4765 hoc
1546 4700 1771 4763 fuisset
1818 4701 2091 4781 alicujus
2140 4703 2358 4767 elatio-

866 4805 985 4866 nis.
1021 4803 1155 4874 Vel,
1190 4809 1260 4864 ut
1308 4809 1567 4876 secrete,
1602 4800 1865 4862 silenter
1909 4819 1983 4862 ac
2026 4800 2226 4864 libere
2267 4802 2358 4866 lo-

842 4911 1168 4984 queretur
1198 4919 1343 4963 cum
1368 4899 1539 4961 Jesu.
1574 4899 1882 4961 Convenit
1913 4917 2172 4980 quoque
2201 4909 2358 4963 tem-

867 5020 987 5084 pus
1034 5019 1181 5063 cum
1229 4999 1551 5082 mysterio.
1584 4996 1738 5059 Nam
1777 4997 1928 5079 quia
1968 4997 2033 5059 in
2074 5000 2355 5062 tenebris

864 5101 1095 5162 mentis
1130 5099 1595 5180 quodammodo
1636 5094 1779 5171 fuit,
1814 5094 2187 5178 imperfecte
2225 5117 2358 5161 cre-

866 5200 1073 5262 dendo
1101 5198 1168 5259 in
1198 5197 1539 5270 Christum,
1574 5203 1637 5257 et
1665 5195 2095 5277 spiritualium
2126 5206 2358 5280 myste—

870 5297 1110 5364 riorum
1149 5295 1438 5359 notitiam
1476 5313 1603 5357 non
1637 5293 1950 5370 habendo,
1986 5301 2154 5357 reete
2193 5315 2359 5358 asse-

2467 4321 2676 4375 autem
2710 4311 2858 4373 talia
2887 4310 3015 4372 sint
3045 4310 3352 4372 miracula
3378 4317 3690 4391 quantum
3719 4311 3797 4372 ad
3829 4329 3964 4373 mo-

2468 4412 2621 4473 dum
2669 4408 2918 4490 agendi,
2970 4427 3095 4472 non
3147 4415 3358 4470 tamen
3406 4408 3722 4470 excedunt
3771 4406 3966 4471 facul-

2468 4517 2658 4571 tatem
2689 4507 2882 4569 totius
2917 4514 3157 4569 naturae
3185 4513 3428 4578 creatae,
3464 4505 3573 4568 sed
3613 4523 3727 4588 per
3755 4506 3966 4569 occul·

2466 4614 2560 4669 tas
2609 4604 2996 4668 naturalium
3045 4622 3260 4666 rerum
3311 4604 3574 4667 virtutes
3622 4610 3900 4685 aguntur
3941 4623 3956 4666 ε

2467 4705 3003 4788 quemadmodum
3044 4703 3210 4784 magi
3250 4702 3609 4777 PharaoniS‚
3640 4701 3872 4764 Jannes
3901 4710 3960 4765 et

2465 4803 2795 4878 MambreS‚
2859 4802 3264 4884 projecerunt
3320 4801 3526 4882 virgas
3585 4817 3754 4875 suaS‚
3815 4819 3960 4882 quae

2469 4921 2613 4966 mox
2662 4901 2728 4963 in
2773 4902 3076 4964 dracones
3118 4917 3437 4963 conversae
3483 4906 3672 4980 sunt;
3725 4899 3962 4980 produ-

3993 3111 4030 3155 Ι,
4055 3110 4090 3156 6,
4113 3110 4154 3152 7:
4259 3137 4261 3150 2

3991 3170 4136 3212 Μιωι.
4161 3183 4200 3212 ιι.
4259 3175 4261 3188 ’

3991 3233 4198 3282 affinem

3993 3299 4053 3344 ¹4.
4077 3301 4129 3343 ¹5:
4150 3296 4202 3336 Je-

3991 3372 4084 3402 ω.
4097 3373 4142 3406 ιι,
4153 3361 4202 3402 «Β.

3991 3426 4051 3472 a:
4071 3423 4200 3465 Maru.

3989 3501 4060 3528 nv
4089 3519 4100 3534 ,
4159 3517 4168 3526 .

4013 3549 4142 3592 lom.
4151 3561 4201 3593 ιτ.

3989 3615 4050 3655 26.

3991 4034 4022 4076 {l
4037 4033 4195 4076 rma.

3989 4101 4028 4146 9,
4047 4097 4102 4138 10.

4013 4723 4192 4768 Baetim.

3987 4793 4044 4836 ιι.
4071 4789 4136 4832 εει
4158 4783 4181 4824 ῑΙ

3989 4849 4184 4896 finanus.

4001 4911 4194 4956 amana.

2470 5007 2699 5062 xerunt
2725 4999 2916 5060 etiam
2957 5017 3160 5072 ranaS,
3193 5004 3256 5059 et
3286 4995 3620 5059 maleficiis
3655 4996 3788 5058 suis
3817 5015 3962 5060 con·
3985 4980 4191 5082 limma.
4253 5015 4255 5024 ·

2469 5105 2796 5162 verterunt
2833 5117 3064 5179 aquam
3095 5097 3160 5159 in
3193 5097 3587 5178 sanguinem,
3620 5102 3690 5156 ut
3729 5095 3960 5176 legitur

2468 5199 2535 5260 in
2575 5197 2807 5262 Exodo.
2841 5195 3010 5257 Talia
3041 5213 3193 5260 vero
3231 5194 3534 5257 miracula
3574 5194 3766 5257 etiam
3803 5194 3963 5257 mul·

2471 5305 2532 5359 ta
2577 5295 2731 5358 fecit
2779 5295 3084 5370 ChristuS,
3135 5295 3559 5358 convertendo
3611 5311 3846 5374 aquam
3893 5293 3958 5356 in

3985 5104 4044 5144 ΒΞ.

4017 5260 4190 5303 aem-2
4253 5231 4255 5274 ᾗ

3984 5326 4058 5366 78.
