4300 6259
869 470 989 536 ¹³8

1684 488 2037 536 numano
2080 488 2144 535 m
2185 487 2325 536 cAP.
2371 487 2500 536 xvn
2541 488 2733 536 LUCAE.
2778 509 2858 522 -
2897 493 3042 539 ΛΒΤ.
3086 493 3166 538 XL

870 661 1070 725 cendo
1106 679 1182 724 ex
1220 661 1669 725 ardentissimo
1697 660 1905 724 cordis
1942 666 2162 742 optatu
2195 659 2368 741 quod
2395 656 2448 718 A
2476 662 3113 725 commendationem.
3145 662 3550 728 Sacerdotum
3581 663 3818 726 etenim
3859 681 3969 726 no—

868 759 962 822 illi
1024 759 1344 824 dixerunt.
1395 765 1549 824 Jesu
1591 771 1963 838 proeceptor.
2020 757 2369 840 Praecipere

870 859 1223 940 praesertim
1262 878 1334 921 ac
1376 858 1817 941 propriissime
1860 857 2164 938 competit
2194 855 2370 920 Chri-

870 966 987 1030 stu,
1022 959 1375 1020 secundum
1412 957 1585 1039 quod
1625 956 1787 1018 Deus
1827 962 1957 1034 est-3
1993 956 2103 1017 sed
2142 972 2370 1016 secun-

871 1056 1021 1117 dum
1058 1063 1346 1118 naturam
1374 1061 1783 1136 assumptam,
1808 1053 2111 1134 competit
2140 1053 2199 1114 ei
2235 1069 2370 1134 par-

871 1153 1197 1235 ticipative
1252 1162 1314 1216 et
1372 1152 1873 1216 ministerialiter
1918 1158 2229 1233 quantum
2289 1150 2367 1212 ad

870 1250 1091 1326 Deum,
1118 1252 1501 1315 excellenter
1532 1259 1741 1313 tamen
1773 1258 2065 1330 respectu
2096 1248 2366 1311 aliorum

582 1360 843 1413 aetam.
872 1349 982 1412 Dei
1042 1368 1395 1414 servorum.
1446 1349 1663 1412 Omnis
1720 1367 1998 1430 namque
2054 1355 2363 1422 creatura,

590 4518 693 4562 Lar.
713 4533 780 4562 xiv

676 2733 742 2790 14

872 1449 1060 1511 etiam
1088 1448 1319 1513 Christi
1351 1447 1725 1510 humanitati
1756 1447 2035 1509 creditur
2064 1463 2203 1508 esse
2232 1444 2370 1507 sub·

867 1547 1053 1627 jecta.
1090 1549 1395 1610 Miserere
1435 1547 1666 1615 nostri,
1708 1542 1768 1608 id
1820 1552 1935 1619 est,
1980 1552 2363 1626 compatere,

870 1655 931 1708 et
982 1647 1425 1729 compatiendo
1472 1661 1774 1708 succurre
1824 1642 2008 1707 nobis
2061 1641 2363 1717 infirmiS,

870 1745 1200 1809 liberando
1231 1765 1345 1808 nos
1384 1744 1463 1807 ab
1502 1745 1621 1807 hac
1659 1742 1895 1826 poenali
1926 1743 2186 1804 miseria
2223 1760 2368 1823 quae

2474 775 2570 819 vae
2616 758 2774 840 legis
2821 769 2918 822 est
2965 764 3238 825 mundos
3285 780 3398 824 seu
3444 762 3820 844 poenitentes
3863 762 3970 824 ad-

2476 857 2748 932 mittere,
2803 859 3166 924 immundos
3218 868 3281 923 et
3338 861 3811 944 impoenitentes
3859 879 3969 922 ex-

2475 955 2753 1018 eludere.

2544 1057 2630 1116 Et
2651 1055 2904 1131 factum
2933 1067 3022 1118 est
3045 1060 3208 1118 dum
3237 1060 3425 1126 irent,
3450 1059 3756 1119 mundati
3775 1066 3927 1119 sunt
3945 1079 3969 1116 .-

2476 1153 2553 1214 ad
2610 1155 3072 1217 ostendendum
3132 1155 3364 1218 Christi
3427 1156 3726 1238 pietatem
3780 1164 3972 1237 atque

2479 1251 2849 1332 potentiam,
2891 1259 2954 1314 et
2998 1262 3257 1336 propter
3297 1253 3450 1316 fidei
3494 1261 3557 1316 et
3597 1254 3972 1317 obedientias

2479 1349 2776 1412 meritum
2826 1353 3424 1415 commendandum.
3473 1352 3689 1416 Melior
3735 1352 3970 1414 etenim
4027 1372 4200 1426 man.

2478 1454 2575 1508 est
2601 1446 2962 1512 obedientia
2986 1469 3181 1530 quam
3214 1451 3492 1513 victima.
3525 1451 3704 1525 Item,
3739 1469 3820 1512 ne
3847 1451 3976 1514 vir-
3999 1437 4058 1478 ²³·

2481 1552 2612 1607 tute
2643 1545 2823 1627 legiS,
2857 1547 3242 1610 sacrificiive
3272 1549 3511 1630 legaliS,
3543 1557 3654 1611 aut
3693 1550 3978 1612 sacerdo—

2479 1651 2631 1717 tum,
2648 1652 3026 1726 putarentur
3053 1647 3481 1725 mundati,sed
3511 1648 3644 1710 sola
3672 1655 3976 1730 potestate

2479 1741 2716 1804 divina.

870 1852 967 1906 est
996 1843 1191 1926 lepra.
1230 1843 1554 1916 Praeterea,
1588 1850 1827 1924 quanto
1857 1843 2017 1904 ratio
2053 1841 2205 1903 mali
2236 1859 2370 1902 am·
2405 1841 2452 1903 B
2575 1843 2750 1902 Unus
2783 1852 2999 1904 autem
3027 1864 3110 1903 em
3139 1846 3301 1913 illis,
3333 1855 3408 1905 ut
3435 1847 3606 1906 vidit
3635 1863 3752 1927 per
3789 1862 3978 1926 expe-
4093 1845 4146 1902 ¹5

874 1942 1043 2024 plius
1092 1942 1398 2024 competit
1454 1941 1622 2004 malo
1680 1940 1905 2023 culpae,
1958 1959 2152 2022 quam
2202 1939 2370 2002 malo

874 2057 1101 2122 poenae,
1137 2046 1310 2103 tanto
1362 2038 1507 2121 plus
1544 2055 1880 2101 exoremus
1917 2037 2055 2100 tolli
2100 2056 2137 2099 a
2187 2036 2369 2099 nobis

875 2146 1145 2220 peccata,
1166 2156 1359 2221 quam
1388 2137 1743 2220 corporalia
1770 2136 2182 2208 incommoda,
2209 2154 2372 2198 mor-

872 2238 987 2303 bos
1039 2239 1174 2302 sive
1220 2240 1507 2302 adversa.
1562 2237 1705 2312 Sed,
1758 2238 1924 2300 heu!
1980 2237 2165 2299 multi
2225 2237 2371 2320 plus

872 2339 1089 2402 dolent
1125 2357 1200 2402 ae
1238 2337 1480 2402 deflent
1508 2337 1675 2400 mala
1714 2337 2047 2409 exteriora,
2083 2354 2375 2418 corpora-

874 2437 957 2500 lia
1005 2444 1069 2500 et
1120 2438 1375 2512 caduca,
1410 2455 1602 2519 quam
1652 2436 1974 2506 interiora,
2017 2434 2377 2517 spiritualia

873 2543 936 2598 et
992 2543 1229 2598 aeterna
1278 2553 1291 2598 :
1344 2553 1621 2616 quorum
1674 2534 1855 2597 valde
1902 2533 2233 2598 obturatus
2281 2540 2378 2594 est

876 2633 1141 2697 interior
1182 2633 1427 2697 oculus.

960 2735 1125 2802 Quos
1154 2741 1227 2792 ut
1267 2732 1461 2802 vidit,
1496 2749 1621 2794 non
1668 2730 1876 2793 solum
1922 2728 2220 2792 exteriori
2269 2729 2377 2790 ad-

876 2836 1120 2912 spectu,
1173 2830 1280 2891 sed
1329 2829 1582 2892 interno
1630 2826 2089 2910 compassionis
2136 2826 2375 2889 affectu

877 2946 1021 2991 mox
1062 2927 1128 2989 in
1177 2926 1481 2990 effectum
1534 2925 1986 2989 misericordiae
2034 2926 2378 2987 extenden-

2480 1938 2775 2002 rientiam
2831 1959 2905 2003 ac
2962 1942 3355 2023 corporalem
3411 1943 3740 2018 intuitum,
3790 1961 3980 2006 carne

2481 2056 2596 2099 sua
2633 2037 2699 2099 in
2745 2038 2956 2102 colore
2992 2057 3066 2101 ac
3104 2040 3520 2122 dispositione
3556 2050 3685 2104 tam
3725 2039 3984 2104 eviden-

2485 2143 2579 2196 ter
2616 2153 2690 2198 ac
2727 2135 3108 2199 mirabiliter
3149 2138 3362 2202 subito
3400 2139 3756 2214 immutata,
3797 2142 3979 2220 quia,

2483 2233 2548 2296 id
2589 2242 2683 2296 est
2721 2236 2914 2316 quod,
2949 2240 3307 2298 mundatus
3343 2248 3433 2300 est
3471 2257 3510 2300 a
3547 2238 3724 2320 lepra
3761 2257 3984 2320 corpo-

2487 2333 2625 2408 rali,
2671 2335 2802 2398 imo
2843 2344 2909 2397 et
2951 2336 3267 2419 spirituali
3314 2356 3329 2400 :
3377 2339 3533 2420 quia
3570 2345 3642 2400 ut
3679 2337 3980 2410 creditur,

2486 2433 2771 2497 Christus
2817 2442 3030 2497 mente
3079 2436 3328 2500 curavit
3363 2455 3526 2518 quos
3575 2436 3984 2520 corporaliter

2485 2532 2771 2612 sanavit;
2817 2554 3137 2611 reyressus
3167 2545 3259 2596 est
3297 2537 3377 2598 ad
3414 2535 3629 2598 Jcsum
3667 2555 3816 2597 cum
3853 2557 3988 2596 ma-

2476 2653 2642 2710 gna,
2673 2631 2738 2694 id
2770 2640 2866 2694 est
2903 2651 3212 2708 amorosa,
3248 2635 3494 2708 devota,
3525 2641 3724 2715 grata,
3754 2634 3987 2713 jucun-

2485 2733 2584 2806 da,
2633 2730 3154 2813 sensibiliterque
3201 2751 3448 2805 sonora,
3493 2751 3606 2795 seu
3651 2733 3801 2808 alta,
3843 2753 3988 2794 voce

2482 2829 2828 2910 gratiarum
2869 2829 3136 2892 actionis
3177 2839 3240 2893 et
3269 2830 3498 2904 laudiS,
3528 2833 3986 2908 maqnifioens,

2487 2929 2550 2991 id
2600 2937 2716 3002 est,
2761 2928 3179 3010 spiritualiter
3225 2947 3550 3010 magnum,
3593 2936 3814 3011 utpote
3855 2948 3988 2992 om-

873 3026 976 3099 do,
1014 3028 1191 3086 dixit
1222 3044 1245 3088 .·
1275 3028 1395 3096 Ite,
1428 3027 1739 3086 ostendite
1778 3043 1883 3084 vos
1918 3025 2372 3085 sacerdotibus.
2413 3023 2456 3089 C
2488 3025 2882 3108 nipotentem
2931 3032 2994 3088 et
3043 3027 3247 3108 pium,
3299 3045 3438 3090 esse
3497 3034 3876 3109 protestans,
3927 3035 3990 3089 et

872 3123 1007 3186 Non
1067 3123 1249 3194 dixit,
1303 3123 1502 3186 Jubeo
1561 3140 1672 3185 vos
1731 3121 1962 3194 sanari,
2021 3126 2153 3195 aut,
2215 3120 2377 3184 Curo

874 3241 1029 3302 vos3
1072 3223 1205 3297 sed,
1240 3220 1563 3283 Ostendite
1612 3239 1723 3283 vos
1772 3220 2204 3283 sacerdotibus
2249 3237 2263 3281 t
2308 3226 2378 3282 ut

874 3322 1095 3384 doceat
1145 3338 1259 3382 nos
1308 3337 1563 3382 omnem
1624 3318 2109 3382 ostentationem
2159 3335 2380 3399 super-

873 3418 1181 3500 biamque
1213 3417 1431 3490 vitare,
1454 3435 1533 3478 ne
1563 3435 1793 3498 magna
1818 3434 2077 3497 agamus
2106 3422 2218 3478 aut
2245 3433 2378 3496 age—

876 3535 943 3580 re
974 3517 1310 3599 cupiamus
1356 3523 1614 3598 propter
1652 3515 1983 3579 hominum
2026 3514 2377 3578 admiratio·

874 3635 1043 3690 nem,
1069 3615 1452 3698 applausum
1484 3632 1595 3676 seu
1627 3614 1900 3676 laudem.
1926 3612 2091 3675 Misit
2119 3631 2377 3695 quoque

873 3734 979 3778 eos
1029 3716 1106 3777 ad
1158 3715 1513 3777 sacerdotes
1556 3732 1569 3776 :
1612 3712 1843 3786 Primo,
1890 3720 1958 3774 ut
2006 3718 2161 3774 tunc
2209 3711 2380 3774 sutu-

876 3832 1092 3878 rorum
1138 3814 1493 3875 destrueret
1543 3811 1856 3874 insaniam
1907 3809 2374 3882 haereticorum,

874 3911 1221 3975 dicentium
1255 3910 1459 3991 legem
1490 3909 1815 3973 Mosaicam
1851 3927 1972 3972 non
2004 3925 2143 3970 esse
2165 3926 2201 3969 a
2233 3907 2372 3979 De0,

875 4011 985 4073 sed
1014 4029 1053 4072 a
1080 4009 1431 4072 saevissimo
1460 4007 1735 4089 quodam
1768 4006 2019 4070 diabolo
2052 4024 2067 4069 ε
2102 4024 2379 4088 quorum

878 4109 1241 4192 praecipuus
1288 4106 1530 4170 exstitit
1588 4104 2143 4168 immundissimus
2191 4103 2384 4166 Mani-

2488 3125 2654 3188 l'acto
2712 3126 3176 3200 demonstranS,
3226 3128 3460 3194 Deum,
3511 3125 3696 3206 eujus
3755 3126 3986 3188 virtute

2486 3232 2614 3286 tam
2654 3223 3036 3286 mirabiliter
3065 3240 3134 3285 se
3165 3223 3369 3285 sensit
3397 3241 3538 3286 esse
3566 3230 3880 3286 curatum.
3913 3222 3986 3284 Et

2486 3321 2782 3402 quamvis
2839 3322 2958 3383 iste
3013 3322 3298 3385 nondum
3361 3319 3628 3384 fortasse
3685 3321 3983 3403 explicite

2487 3420 2757 3484 credidit
2791 3419 3004 3482 lesum
3035 3437 3174 3482 esse
3208 3437 3430 3482 verum
3462 3419 3682 3494 Deum,
3715 3419 3982 3482 credidit

2487 3527 2698 3581 tamen
2749 3526 3035 3580 sanctum
3086 3517 3412 3580 hominem
3462 3535 3536 3580 ac
3582 3518 3976 3600 prophetam,

2487 3617 2599 3698 qui
2633 3616 2850 3680 divina
2878 3623 3188 3697 potestate
3217 3615 3335 3678 ista
3365 3615 3616 3696 egisset.
3641 3617 3726 3677 Et
3752 3617 3981 3676 cecidit
4098 3617 4148 3672 16

2489 3719 2563 3776 in
2603 3717 2842 3795 faciem
2882 3734 3071 3777 suam
3111 3724 3264 3775 ante
3299 3716 3490 3792 pedes
3535 3715 3702 3791 ejus,
3742 3713 3983 3777 scilicet

2490 3812 2746 3886 Christi,
2782 3812 2876 3874 illi
2911 3813 3167 3890 qratias
3205 3831 3424 3890 agens,
3457 3829 3655 3892 seque
3697 3811 3792 3874 illi
3837 3811 3981 3876 totis

2490 3910 2738 3974 viribus
2783 3909 3204 3984 humiliando,
3257 3908 3442 3990 cujus
3489 3908 3804 3972 beneficio
3847 3927 3984 3990 gra-

2490 4010 2650 4072 tioso
2705 4017 2834 4071 tam
2895 4008 3242 4069 clementer
3297 4026 3370 4070 ac
3428 4007 3808 4070 mirabiliter
3866 4007 3983 4070 suit

2489 4113 2768 4169 curatus.
2803 4108 2890 4166 Et
2927 4106 3034 4166 laic
3072 4114 3212 4166 erat
3250 4107 3740 4174 Samaritanus,
3781 4105 3845 4168 id
3892 4112 3983 4168 est

878 4207 1115 4270 ehaeus.
1147 4203 1458 4278 Secundo,
1495 4210 1565 4266 ut
1608 4203 1809 4284 legem
1856 4209 2083 4284 sponte
2126 4219 2382 4266 servan·
2411 4201 2462 4265 D
2492 4205 2746 4266 natione
2781 4203 3062 4284 gentiliS,
3099 4208 3316 4284 utpote
3354 4203 3434 4265 de
3471 4202 3728 4266 illorum
3769 4222 3986 4286 proge-

880 4305 981 4374 do‚
1032 4302 1411 4366 humilitatis
1458 4309 1522 4362 et
1568 4299 1945 4364 obedientiae
1991 4299 2178 4363 nobis
2217 4318 2378 4381 prae-

884 4404 1061 4467 beret
1108 4400 1421 4483 exempla.
1476 4400 1863 4482 Praeceptum
1912 4398 2081 4461 enim
2140 4398 2267 4461 fuit
2313 4399 2379 4462 in

786 4551 798 4570 .
840 4551 851 4562 .
880 4501 1182 4573 Levitico,
1218 4507 1288 4562 ut
1315 4497 1642 4560 emundati
1672 4517 1709 4559 a
1740 4498 1917 4579 lepra
1946 4495 2382 4560 sacerdotibus

882 4619 949 4664 se
996 4605 1450 4682 praesentarent
1492 4614 1507 4660 :
1552 4596 1780 4680 primo,
1821 4603 2137 4678 quatenus
2181 4613 2384 4658 sacer-

881 4700 1057 4762 dotes
1093 4697 1455 4778 judicarent
1501 4715 1580 4758 an
1623 4713 1769 4758 vere
1816 4695 2103 4758 mundati
2142 4702 2378 4770 essent,

878 4815 959 4859 an
1000 4813 1163 4874 nong
1194 4794 1495 4866 secundo,
1530 4801 1601 4855 ut
1631 4811 1745 4874 pro
1784 4812 1896 4855 sua
1934 4794 2262 4856 curatione
2289 4792 2386 4857 of-

881 4895 1122 4958 ferrent
1162 4889 1551 4954 sacrificium
1594 4891 1659 4952 in
1700 4891 1836 4972 lege
1866 4891 2380 4954 determinatum.

880 4992 1131 5074 Legalia
1168 4997 1383 5052 autem
1416 5007 1619 5070 usque
1648 4989 1725 5052 ad
1757 4988 1988 5052 Christi
2024 4990 2385 5071 passionem

882 5111 955 5154 ac
1014 5089 1397 5170 evangelicae
1459 5087 1617 5168 legis
1678 5086 2178 5168 divulgationem
2243 5107 2389 5150 cur-

886 5209 1031 5253 sum
1081 5188 1419 5252 habebant.
1467 5186 1699 5260 Tertio,
1748 5196 2008 5270 propter
2056 5187 2388 5270 mysticam

888 5288 1227 5359 rationem,
1268 5286 1563 5350 videlicet
1609 5285 1691 5349 ob
1742 5286 2069 5368 potestatis
2109 5285 2386 5350 clavium

2490 4303 2598 4364 nie
2641 4309 2825 4364 natus
2866 4318 3032 4382 quos
3073 4299 3489 4375 Salmanasar,
3524 4301 3841 4364 translatis
3883 4303 3985 4364 de-
4009 4319 4206 4370 wizam,

2491 4420 2630 4464 cem
2671 4398 2990 4472 tribubuS,
3025 4399 3356 4462 constituit
3393 4418 3509 4480 pro
3546 4398 3677 4461 illis
3716 4399 3782 4462 in
3821 4408 3984 4461 terra
4005 4385 4066 4427 ²⁴·

2491 4498 2810 4561 Samariae.
2845 4496 2920 4559 Et
2947 4498 3162 4560 forsan
3203 4497 3323 4560 iste
3350 4496 3474 4560 fuit
3513 4497 3890 4580 proselytu5‚
3923 4496 3984 4559 id

2492 4605 2589 4660 est
2617 4598 2696 4660 ad
2722 4595 3118 4659 Iudaismum
3146 4595 3278 4676 jam
3309 4602 3456 4658 ante
3483 4613 3848 4659 conversus.
3875 4595 3986 4657 Per

2493 4698 2614 4760 hoc
2660 4702 2872 4757 autem
2915 4695 3086 4776 quod
3135 4693 3370 4757 dicitur
3415 4691 3842 4756 Samaritanus
3888 4692 3988 4756 fu-

2491 4795 2640 4869 isse,
2694 4795 2957 4857 docetur
3002 4794 3174 4875 quod
3219 4793 3329 4856 alii
3389 4810 3618 4856 novem
3664 4800 3842 4854 erant
3886 4793 3988 4854 Ju-

2494 4893 2636 4956 daei.
2670 4892 2932 4966 Rursus,
2967 4909 3082 4972 per
3123 4891 3247 4954 hoc
3294 4891 3466 4972 quod
3512 4891 3652 4972 ipse
3695 4890 3866 4954 solus
3911 4889 3985 4951 ad

2495 4991 2814 5055 Christum
2856 5007 3148 5052 reversus
3185 4998 3282 5052 est
3314 4989 3548 5069 gratias
3586 5007 3800 5070 agens,
3833 5007 3990 5070 prm-

2495 5090 2768 5170 figurata
2824 5095 2920 5149 est
2976 5086 3241 5169 mystice
3296 5086 3633 5167 gentilium
3689 5086 3770 5149 ad
3813 5085 3991 5149 Chri-

2497 5196 2668 5250 stum
2707 5185 3060 5258 conversio,
3095 5184 3572 5247 remanentibus
3615 5185 3684 5246 in
3721 5183 3991 5266 perfidia

2497 5303 2614 5349 sua
2647 5282 2901 5348 Judaeis.
2939 5282 3130 5347 Porro
3165 5280 3276 5346 alii
3319 5301 3548 5346 novem
3587 5283 3826 5348 reversi
3863 5302 3988 5348 non
