4300 6259
95 2099 262 2154 ephee.
287 2115 317 2150 ι.

55 2163 116 2210 20,
135 2165 202 2204 21.

67 3283 318 3340 lRe9.u,80.

67 3483 160 3588 ιζ’.
183 3499 317 3540 cxuv,

97 4170 182 4214 Jer.
205 4189 316 4226 xxm,

89 4963 266 5019 Galam,
284 4971 320 5020 ὗς

79 5027 231 5132 fidon.
262 5046 292 5083 1,

1116 526 1468 574 ΕΝΑΒΒΑΤῙΟ
1509 526 1574 572 ΙΝ
1613 524 1752 572 CAP.
1798 525 1926 572 xvn
1965 526 2243 573 soANms.
2288 546 2367 558 —
2408 527 2549 573 Aur.
2597 528 2697 574 xLI

3246 507 3457 602 ‚3⁵69

351 697 560 760 mium
613 698 1021 772 accidentale,
1069 706 1132 760 et
1178 699 1257 761 ad
1307 699 1626 761 dexteram
1675 705 1850 759 tuam
1880 693 1932 756 A
1965 697 2060 760 vis
2119 696 2403 780 Apostoli
2461 707 2802 782 antequam
2860 699 3107 764 Christo
3173 699 3456 762 1111111616-

347 798 558 860 exalta
593 806 656 860 et
690 816 856 880 pone
895 816 996 860 me
1035 799 1388 860 secundum
1431 805 1720 859 naturam
1759 816 1850 860 as-

347 904 700 978 sumptam,
761 899 1060 958 claricate
1117 917 1314 975 quam
1373 899 1576 957 habui
1627 899 1850 974 prius-

345 1015 552 1076 quam
583 999 871 1056 mundus
897 1001 1103 1072 fieret,
1134 999 1314 1074 apud
1347 1004 1404 1055 te
1425 995 1532 1058 :id
1564 1003 1679 1070 est,
1704 995 1850 1056 bea-

343 1094 690 1156 titudinem
721 1113 929 1156 meam
960 1113 1072 1156 seu
1100 1094 1364 1175 gloriam
1395 1095 1848 1176 sempiternam

341 1212 494 1276 quae
549 1194 856 1275 competit
913 1194 1070 1255 mihi
1139 1195 1492 1256 secundum
1552 1193 1847 1256 divinita-

343 1301 501 1368 tem,
536 1294 938 1356 communica
981 1294 1232 1375 corpori
1277 1312 1419 1356 meo
1462 1311 1576 1375 per
1620 1294 1850 1355 redun-

345 1393 631 1456 dantiam
672 1393 1036 1474 quamdam.
1069 1393 1179 1454 Vel
1223 1393 1314 1455 sic
1359 1412 1372 1455 :
1414 1391 1704 1456 Clarifica
1745 1410 1848 1454 me

343 1491 411 1554 in
467 1490 768 1554 cordibus
811 1490 1145 1553 hominum
1191 1492 1362 1572 apud
1411 1490 1842 1571 temetipsum,

344 1592 410 1654 id
463 1598 562 1653 est
601 1607 750 1653 vere
793 1589 957 1652 sicut
1001 1589 1242 1652 bonum
1286 1596 1349 1652 et
1387 1589 1632 1670 justum
1679 1589 1849 1652 vide-

344 1698 456 1752 tur
504 1688 570 1751 in
620 1688 823 1751 oculis
873 1689 1022 1764 tuis,
1074 1688 1358 1751 claritate
1408 1706 1602 1770 quam
1651 1687 1845 1750 habui

346 1788 728 1871 priusquam
780 1788 1058 1850 mundus
1105 1786 1312 1861 fieret,
1359 1793 1657 1848 aeternam
1704 1785 1850 1847 bea-

1965 803 2124 871 16111,
2188 797 2551 860 habuerunt
2616 798 2905 862 notitiam
2973 798 3315 880 aliqualem
3380 799 3458 860 de

1963 894 2085 958 Deo
2121 896 2301 958 Patre
2339 899 2691 960 secundum
2729 915 2803 959 ea
2839 917 2983 979 quae
3020 898 3320 959 dicuntur
3356 897 3459 958 ab·

1962 993 2167 1056 solute
2205 996 2281 1057 de
2320 996 2481 1078 ipso,
2518 1003 2586 1057 ut
2625 998 2795 1078 quod
2836 1004 3001 1058 esset
3040 1015 3227 1060 verus
3266 996 3452 1072 Deus,

1963 1093 2216 1157 Creator
2262 1095 2686 1176 omnipotenS‚
2722 1102 2877 1176 etc.;
2922 1115 3047 1158 non
3098 1103 3309 1158 tamen
3358 1114 3460 1158 co-

1959 1200 2317 1272 gnoverunt
2384 1211 2531 1255 eum
2592 1195 2945 1256 secundum
3004 1195 3456 1276 proprietatem

1962 1291 2313 1366 relativam,
2369 1310 2482 1374 per
2529 1311 2719 1373 quam
2772 1293 3005 1355 dicitur
3054 1293 3229 1356 Pater
3277 1301 3460 1356 natu-

1964 1390 2111 1451 ralis
2164 1390 2473 1470 unigeniti
2512 1389 2679 1452 Filii.
2721 1390 2994 1453 Primam
3042 1409 3303 1473 quoque
3350 1409 3461 1454 no-

1963 1489 2167 1550 titiam
2224 1488 2420 1550 Patris
2481 1488 2754 1569 perfecit
2814 1489 2877 1551 in
2948 1489 3059 1551 eis·
3101 1490 3386 1553 Christus
3440 1509 3451 1553 :

1963 1587 2183 1668 sicque
2222 1585 2647 1650 manifestavit
2684 1587 2776 1648 eis
2808 1586 3069 1660 Patrem,
3104 1589 3455 1651 secundum

1961 1685 2132 1767 quod
2174 1702 2246 1746 ea
2282 1703 2427 1766 quae
2464 1685 2522 1746 ei
2562 1684 2850 1748 absolute
2889 1685 3294 1764 conveniunt,
3327 1705 3459 1748 ma-

1959 1783 2056 1864 gis
2123 1783 2292 1846 clare
2346 1802 2541 1865 quam
2606 1791 2792 1845 antea
2858 1790 3307 1864 cognoverunt.
3372 1784 3457 1846 De

349 1887 694 1950 titudinem
725 1903 933 1948 meam
965 1885 1304 1948 revelando
1334 1884 1716 1948 hominibus.
1737 1884 1848 1946 Vel
1887 1881 1933 1943 Β
1961 1881 2198 1963 quibus
2240 1881 2523 1944 Christus
2561 1881 2651 1943 ait
2691 1899 2803 1964 per
2838 1881 3059 1944 isaiam
3096 1901 3109 1944 :
3146 1881 3303 1944 Ecce
3342 1899 3457 1963 ego
3487 1899 3655 1950 ιωιιι,
3680 1901 3746 1942 ιε.

348 1987 444 2048 sic
497 2005 510 2048 :
563 1982 857 2049 Clarifica
914 2002 1017 2046 me
1072 1985 1244 2065 apud
1302 1983 1733 2064 temetipsum,
1785 1983 1849 2045 id

348 2092 449 2146 est
501 2085 567 2146 in
629 2084 832 2165 patria
891 2083 1256 2146 collocando
1314 2101 1418 2144 me
1474 2100 1668 2163 super
1715 2101 1850 2145 om-

349 2202 499 2246 nem
568 2181 1024 2264 principatum,
1087 2189 1482 2263 potestatem,
1546 2180 1844 2245 virtutem

347 2290 414 2344 et
451 2280 966 2352 dominationem,
991 2279 1275 2342 claritate
1313 2298 1506 2361 quam
1545 2279 1755 2350 habui,
1783 2279 1845 2341 id

345 2387 444 2443 est
479 2379 684 2461 gloria
720 2378 840 2441 ista
875 2378 1249 2441 accidentali
1289 2396 1482 2460 quam
1522 2377 1715 2439 habui
1754 2395 1850 2439 36-

346 2479 634 2542 cundum
693 2477 866 2558 quod
934 2477 1124 2539 homo
1190 2495 1355 2552 sum,
1415 2483 1586 2538 ante·
1625 2475 1845 2537 mundi

346 2577 736 2640 creationem
780 2575 847 2638 in
891 2583 993 2638 tua
1031 2575 1448 2657 dispositione
1491 2574 1847 2636 invariabili

345 2685 540 2757 atque
599 2681 833 2737 aeterna
885 2692 900 2737 ε
951 2673 1072 2736 1106
1127 2680 1243 2747 631,
1295 2673 1396 2735 fac
1445 2679 1506 2734 et
1564 2674 1641 2735 da
1686 2674 1845 2735 mihi

348 2794 546 2850 nunc,
598 2775 772 2857 quod
821 2773 886 2836 in
935 2773 1285 2836 aeternitate
1334 2774 1482 2835 dare
1531 2781 1592 2833 et
1639 2770 1848 2835 facere

348 2872 713 2938 decrevisti.

427 2971 621 3035 Porro
659 2969 943 3032 Salvator
987 2969 1253 3032 dicendo
1294 2970 1369 3031 ad
1411 2969 1679 3044 Patrem,
1724 2968 1848 3049 Ego

1961 1988 2024 2043 et
2071 1981 2253 2062 pueri
2304 1980 2430 2042 mei
2479 1998 2641 2062 quos
2692 1980 2867 2043 dedit
2916 1980 3075 2042 mihi
3126 1981 3452 2043 Dominus,

1969 2082 2093 2142 Tui
2121 2089 2307 2140 erant
2346 2097 2461 2160 per
2499 2079 2897 2154 creationem,
2930 2079 3457 2160 gubernationem

1963 2185 2026 2239 et
2073 2177 2715 2260 praedestinationem,
2756 2188 2817 2240 et
2856 2179 3026 2239 mihi
3071 2199 3171 2240 eos
3218 2181 3460 2240 dedisci

1964 2294 2078 2357 per
2113 2277 2529 2358 temporalem
2562 2276 2955 2339 vocationem
2994 2294 3105 2337 seu
3145 2276 3314 2358 piam
3354 2295 3459 2341 eo-

1961 2393 2106 2436 rum
2156 2375 2663 2450 conversionem,
2718 2374 3115 2438 infundendo
3172 2375 3263 2437 eis
3319 2394 3461 2457 gra-

1960 2473 2112 2535 tiam
2158 2474 2401 2535 meritis
2447 2474 2630 2548 meiS‚
2676 2481 2743 2536 ut
2783 2473 2911 2535 sint
2958 2473 3243 2536 membra
3290 2493 3452 2550 mea,

1959 2570 2371 2654 fructumque
2418 2572 2726 2654 passionis
2762 2589 2919 2634 meae
2958 2571 3238 2634 finaliter
3276 2574 3460 2636 sorti-

1960 2678 2180 2751 antur3
2210 2682 2271 2732 et
2297 2691 2649 2733 sermonem
2694 2682 2879 2732 tuum
2914 2683 3361 2743 servaverunt,
3392 2673 3456 2736 id

1960 2778 2070 2856 est,
2106 2767 2459 2831 doctrinam
2495 2774 2669 2829 tuam
2709 2768 3077 2830 memoriter
3115 2775 3459 2832 tenuerunt

1961 2874 2022 2929 et
2088 2866 2522 2948 impleverunt
2586 2871 2897 2947 quantum
2967 2866 3314 2947 requiritur
3379 2868 3457 2930 ad

1959 2964 2250 3026 salutem.
2285 2964 2417 3037 Vel,
2453 2962 2822 3026 Sermonem
2870 2971 3074 3038 tuum,
3109 2963 3173 3026 id
3216 2971 3314 3026 est
3356 2983 3457 3027 me

348 3078 410 3133 te
449 3067 826 3142 clarificavi,
867 3075 930 3130 et
979 3086 1139 3150 opus
1191 3068 1628 3131 consummavi
1676 3069 1846 3149 quod
1886 3071 1929 3134 C
1961 3062 2235 3124 Verbum
2286 3068 2491 3136 tuum,
2526 3070 2941 3126 servaverunt
2988 3081 3103 3144 per
3150 3062 3346 3126 fidem
3393 3072 3456 3127 et

349 3169 580 3232 dedisti
621 3167 804 3243 mihi,
838 3166 1115 3230 ostendit
1150 3167 1501 3230 orationem
1534 3186 1712 3228 suam
1745 3185 1850 3228 ex-

347 3267 677 3332 auditione
723 3267 1125 3346 condignam.
1177 3265 1337 3327 Deus
1386 3267 1559 3328 enim
1605 3263 1851 3346 glorifi-

349 3375 566 3430 cantes
616 3385 684 3428 se
739 3365 1078 3446 glorificat,
1113 3363 1496 3426 'obedientes
1558 3382 1850 3426 remune-

347 3474 464 3541 rat,
502 3465 895 3529 voluntatem
943 3464 1205 3526 istorum
1251 3462 1460 3537 faciet,
1504 3463 1847 3526 exaudiens

345 3565 852 3648 deprecationem
909 3581 1143 3635 eorum,
1199 3561 1374 3641 juxta
1429 3561 1842 3624 psalmistam.

344 3665 512 3739 Quod
567 3681 714 3728 vero
761 3663 870 3734 ait,
912 3661 1288 3742 Priusquam
1338 3661 1616 3722 mundus
1663 3659 1850 3722 fieret

343 3765 517 3846 apud
548 3770 624 3836 te,
651 3761 742 3822 sic
774 3760 1257 3840 intelligendum
1290 3765 1385 3820 est
1419 3777 1432 3821 :
1466 3758 1562 3820 Ab
1594 3766 1842 3832 aetern0‚

344 3870 690 3942 antequam
737 3866 940 3921 totum
987 3857 1355 3919 universum
1403 3866 1743 3931 crearetur,
1779 3865 1848 3918 ut

345 3966 515 4023 esset
555 3960 621 4020 in
661 3975 800 4020 esse
850 3965 1004 4031 rato,
1048 3974 1160 4018 seu
1200 3964 1423 4017 creatae
1461 3974 1532 4017 ac
1573 3955 1848 4037 propriae

347 4057 802 4130 subsistentiae,
857 4055 968 4117 ubi
1027 4063 1096 4117 tu
1154 4053 1534 4116 aeternaliter
1590 4072 1679 4128 eS,
1732 4053 1845 4134 qui

347 4157 582 4221 coelum
629 4163 693 4217 et
734 4161 967 4216 terram
1010 4152 1262 4233 impleS.

347 4374 516 4428 sum,
569 4353 944 4414 hominibus
999 4371 1150 4430 quos
1200 4367 1314 4430 per
1363 4346 1556 4410 fidem
1607 4350 1848 4409 dedisti

347 4455 517 4514 milzi
543 4455 625 4514 de
653 4453 918 4518 mundo,
942 4457 1094 4531 puta
1126 4447 1458 4528 discipulis
1490 4446 1665 4520 meis,
1685 4464 1846 4527 quos

346 4552 424 4614 de
463 4550 705 4614 mundo
745 4546 1036 4621 eduxisti,
1069 4547 1132 4608 id
1171 4552 1267 4607 est
1305 4546 1382 4607 de
1414 4544 1540 4608 vita
1579 4552 1642 4606 et
1680 4563 1850 4606 com-

347 4649 658 4712 munione
691 4647 1027 4710 hominum
1071 4643 1438 4726 impiorum,
1482 4649 1544 4705 et
1585 4661 1850 4706 conver-

349 4749 482 4810 tisti
541 4765 650 4811 eos
708 4747 785 4808 ad
844 4762 968 4818 me,
1024 4761 1185 4824 quos
1238 4741 1460 4822 utique
1509 4739 1847 4804 decrevisti

349 4849 598 4910 salvare
656 4863 772 4928 per
827 4862 952 4906 me.
1004 4842 1182 4904 Unde
1228 4839 1457 4902 Paulus
1513 4846 1779 4902 testatur
1831 4859 1844 4903 :

351 4947 604 5029 Eripuit
647 4963 762 5007 nos
807 4945 884 5005 de
934 4939 1231 5024 praesenti
1276 4938 1506 5001 saeculo
1549 4957 1846 5020 nequam,

350 5053 416 5108 et
469 5042 799 5108 transtulit
853 5041 921 5102 in
979 5057 1243 5120 regnum
1297 5036 1436 5098 Filii
1495 5037 1852 5110 dilectionis

352 5163 506 5207 suae.
557 5141 797 5205 Horum
849 5139 1036 5202 corda
1083 5135 1368 5200 Christus
1420 5136 1673 5198 edocuit
1719 5155 1854 5199 ver-

351 5241 453 5304 bis
504 5248 565 5303 et
615 5239 814 5320 signis
867 5246 1058 5320 atque
1105 5235 1430 5318 operibus,
1472 5238 1550 5299 de
1599 5237 1849 5311 diviniS,

351 5341 430 5404 de
477 5339 806 5414 Trinitate,
850 5338 928 5399 de
977 5335 1156 5398 Patre
1206 5334 1470 5398 coelesti.
1513 5333 1587 5397 Et
1634 5354 1856 5417 quam-

1959 3162 2308 3224 caritatem.

2041 3272 2122 3330 Ec
2153 3289 2332 3330 mmo
2361 3279 2797 3346 cognoverunt
2830 3288 2942 3352 per
2980 3268 3197 3344 fidem,
3232 3289 3455 3351 quam-

1959 3367 2055 3430 vis
2121 3368 2408 3430 nondum
2477 3364 2844 3448 perfectam.
2906 3367 3039 3442 Vel,
3100 3369 3449 3430 secundum

1956 3464 2406 3547 Augustinum‚
2470 3463 2755 3527 Christus
2818 3467 2996 3547 ponit
3062 3467 3451 3549 praeteritum

1958 3584 2074 3647 pro
2105 3564 2345 3636 futuro,
2381 3565 2597 3626 dicens
2628 3565 2783 3626 tales
2813 3565 3013 3627 fuisse
3042 3573 3103 3628 et
3132 3584 3270 3628 esse
3299 3567 3457 3647 Apo-

1957 3663 2171 3738 310163,
2226 3662 2446 3744 quales
2504 3669 2681 3724 erant
2738 3662 2961 3738 futuri,
3016 3671 3269 3745 recepto
3315 3663 3456 3746 Spi-

1958 3763 2082 3824 ritu
2126 3761 2375 3824 Sancto.
2413 3763 2579 3830 Quia
2618 3765 2840 3822 omnia
2878 3783 3018 3841 quoe
3054 3764 3293 3822 dedisti
3330 3765 3455 3824 mi-

1955 3863 2047 3933 hi,
2091 3861 2213 3924 hoc
2262 3869 2379 3934 est,
2434 3859 2730 3946 universa
2776 3879 2919 3941 quae
2971 3861 3194 3936 habeo,
3236 3864 3347 3922 abs
3395 3871 3453 3922 te

1953 3970 2132 4029 sunt,
2184 3959 2247 4020 id
2296 3965 2411 4032 est,
2465 3957 2621 4019 mihi
2673 3978 2710 4019 a
2757 3967 2817 4020 te
2866 3958 3091 4022 collata
3140 3967 3309 4035 sunt,
3364 3961 3449 4022 ita

1956 4059 2128 4140 quod
2189 4076 2314 4120 non
2372 4075 2601 4138 operor
2649 4065 2781 4118 arte
2840 4057 3100 4138 magica,
3153 4075 3269 4120 nec
3327 4077 3447 4141 ope
3502 4084 3745 4130 mnam.

1957 4155 2289 4230 diabolica,
2324 4163 2515 4236 prout
2554 4155 2997 4237 imposuerunt
3036 4155 3194 4217 mihi
3223 4156 3443 4232 sudaei,
3478 4152 3545 4200 ³⁴³
3568 4161 3639 4197 ¹¹¹·
3662 4149 3731 4189 ²⁴·

429 4255 865 4332 Manifestavz'
893 4271 1126 4313 nomen
1160 4262 1365 4322 tuum,
1406 4250 1471 4324 id
1512 4257 1607 4311 est
1648 4257 1706 4311 16
1750 4249 1847 4331 ip-
1880 4254 1929 4315 D
1957 4256 2065 4317 sed
2110 4255 2345 4315 virtute
2389 4253 2625 4316 divina.
2666 4256 2833 4322 Quia
2872 4256 3059 4314 verba
3098 4276 3241 4333 quoe
3268 4259 3451 4316 dedi-

1954 4353 2042 4411 sci
2078 4353 2269 4423 mihi,
2302 4350 2422 4413 hoc
2470 4358 2764 4431 estsquae
2806 4351 3033 4413 animae
3076 4370 3231 4415 meae
3281 4353 3453 4415 infu-

1958 4449 2104 4511 disti
2158 4467 2232 4510 ac
2290 4448 2581 4510 revelasti
2630 4466 2667 4509 a
2712 4467 2842 4510 suae
2891 4449 3225 4512 creationis
3277 4451 3455 4533 prin-

1957 4547 2148 4629 cipio,
2186 4546 2285 4609 vel
2323 4564 2466 4627 quae
2506 4546 2665 4608 mihi
2696 4546 2900 4609 Verbo
2939 4555 3047 4610 tuo
3081 4549 3307 4611 dedisti
3340 4569 3456 4631 per

1955 4645 2429 4726 generationem
2479 4652 2798 4720 internam,
2833 4663 2947 4726 per
2983 4665 3175 4727 quam
3226 4648 3455 4711 dedisti

1959 4743 2118 4806 mibi
2158 4743 2603 4805 universorum
2652 4743 3004 4820 scientiam,
3039 4746 3458 4828 omniumque

1961 4842 2303 4905 verborum
2346 4841 2765 4922 intellectum,
2798 4849 2862 4904 61
2896 4843 3325 4925 exemplarem
3362 4865 3460 4907 ra-

1963 4941 2199 5004 tionem
2247 4941 2323 5002 de
2366 4939 2686 5014 omnibus,
2720 4960 2921 5022 quum
2968 4942 3089 5003 sim
3132 4961 3231 5005 ars
3278 4945 3459 5008 ratio·

1962 5039 2152 5102 nibus
2196 5038 2403 5120 plena,
2436 5040 2591 5098 dedi
2626 5040 2744 5108 eis,
2776 5040 3177 5120 praedicando
3216 5042 3308 5104 eis
3349 5044 3459 5106 do-

1963 5145 2260 5201 cumenta
2308 5138 2623 5216 coelestia3
2664 5147 2724 5198 et
2761 5139 2890 5214 ipsi
2931 5151 3311 5218 acceperunt
3358 5159 3452 5216 ea,

1965 5237 2300 5317 diligenter
2344 5235 2729 5299 advertendo
2776 5241 2967 5317 atque
3016 5239 3351 5313 credendo,
3396 5251 3461 5302 et

1965 5345 2397 5414 coqnoverunt
2432 5354 2575 5395 vere
2612 5335 2771 5414 quia
2808 5355 2848 5394 α
2886 5345 2943 5396 te
2978 5337 3160 5396 exivi
3198 5355 3312 5419 per
3348 5357 3457 5421 ge-

3596 4264 3631 4318 8
