<?xml version="1.0" encoding="UTF-8"?>
<!DOCTYPE html PUBLIC "-//W3C//DTD XHTML 1.0 Transitional//EN"
    "http://www.w3.org/TR/xhtml1/DTD/xhtml1-transitional.dtd">
<html xmlns="http://www.w3.org/1999/xhtml" xml:lang="en" lang="en">
 <head>
  <title>
</title>
<meta http-equiv="Content-Type" content="text/html;charset=utf-8" />
  <meta name='ocr-system' content='tesseract 3.04.00' />
  <meta name='ocr-capabilities' content='ocr_page ocr_carea ocr_par ocr_line ocrx_word'/>
</head>
<body>
  <div class='ocr_page' id='page_1' title='image "./doctorisecstati09unkngoog_0337.png"; bbox 0 0 4300 6259; ppageno 0'>
   <div class='ocr_carea' id='block_1_1' title="bbox 1434 1107 2338 1221">
    <p class='ocr_par' dir='ltr' id='par_1_1' title="bbox 1434 1107 2338 1221">
     <span class='ocr_line' id='line_1_1' title="bbox 1434 1107 2338 1221; baseline -0.001 -2"><span class='ocrx_word' id='word_1_1' title='bbox 1434 1107 2338 1221; x_wconf 88' lang='lat' dir='ltr'>PROOEMIUM</span> 
     </span>
    </p>
   </div>
   <div class='ocr_carea' id='block_1_2' title="bbox 320 1662 3726 5289">
    <p class='ocr_par' dir='ltr' id='par_1_2' title="bbox 320 1662 3437 1953">
     <span class='ocr_line' id='line_1_2' title="bbox 546 1662 3437 1743; baseline -0.001 -17"><span class='ocrx_word' id='word_1_2' title='bbox 546 1668 659 1727; x_wconf 82' lang='lat' dir='ltr'><em>GO</em></span> <span class='ocrx_word' id='word_1_3' title='bbox 703 1666 873 1725; x_wconf 76' lang='lat' dir='ltr'><em>sicut</em></span> <span class='ocrx_word' id='word_1_4' title='bbox 920 1665 1343 1743; x_wconf 68' lang='lat' dir='ltr'><em>aquaeductus</em></span> <span class='ocrx_word' id='word_1_5' title='bbox 1388 1662 1565 1723; x_wconf 80' lang='lat' dir='ltr'><em>eoeivi</em></span> <span class='ocrx_word' id='word_1_6' title='bbox 1611 1664 1689 1722; x_wconf 88' lang='lat' dir='ltr'><em>de</em></span> <span class='ocrx_word' id='word_1_7' title='bbox 1728 1663 2070 1740; x_wconf 79' lang='lat' dir='ltr'><em>paradiso,</em></span> <span class='ocrx_word' id='word_1_8' title='bbox 2110 1672 2172 1723; x_wconf 79' lang='lat' dir='ltr'><em>et</em></span> <span class='ocrx_word' id='word_1_9' title='bbox 2216 1663 2466 1739; x_wconf 78' lang='lat' dir='ltr'><em>fluvius</em></span> <span class='ocrx_word' id='word_1_10' title='bbox 2512 1682 2687 1723; x_wconf 81' lang='lat' dir='ltr'><em>meus</em></span> <span class='ocrx_word' id='word_1_11' title='bbox 2742 1664 3294 1741; x_wconf 75' lang='lat' dir='ltr'><em>appropinquavit</em></span> <span class='ocrx_word' id='word_1_12' title='bbox 3348 1665 3437 1724; x_wconf 87' lang='lat' dir='ltr'><em>ad</em></span> 
     </span>
     <span class='ocr_line' id='line_1_3' title="bbox 320 1662 3431 1934; baseline 0.001 -105"><span class='ocrx_word' id='word_1_13' title='bbox 320 1662 533 1934; x_wconf 86' lang='lat' dir='ltr'>E</span> <span class='ocrx_word' id='word_1_14' title='bbox 578 1791 783 1843; x_wconf 84' lang='lat' dir='ltr'><em>mare,</em></span> <span class='ocrx_word' id='word_1_15' title='bbox 825 1772 1139 1849; x_wconf 80' lang='lat' dir='ltr'><em>quoniam</em></span> <span class='ocrx_word' id='word_1_16' title='bbox 1180 1771 1548 1831; x_wconf 75' lang='lat' dir='ltr'><em>doctrinam</em></span> <span class='ocrx_word' id='word_1_17' title='bbox 1588 1772 1783 1850; x_wconf 82' lang='lat' dir='ltr'><em>quasi</em></span> <span class='ocrx_word' id='word_1_18' title='bbox 1822 1773 2283 1831; x_wconf 76' lang='lat' dir='ltr'><em>antelucanum</em></span> <span class='ocrx_word' id='word_1_19' title='bbox 2326 1770 2635 1830; x_wconf 75' lang='lat' dir='ltr'><em>illumino</em></span> <span class='ocrx_word' id='word_1_20' title='bbox 2677 1771 2993 1831; x_wconf 77' lang='lat' dir='ltr'><em>omnibus.</em></span> <span class='ocrx_word' id='word_1_21' title='bbox 3029 1769 3222 1833; x_wconf 85' lang='lat' dir='ltr'><em>Eccli.</em></span> <span class='ocrx_word' id='word_1_22' title='bbox 3261 1785 3431 1845; x_wconf 80' lang='lat' dir='ltr'><em>xxlv,</em></span> 
     </span>
     <span class='ocr_line' id='line_1_4' title="bbox 575 1876 986 1953; baseline -0.007 -12"><span class='ocrx_word' id='word_1_23' title='bbox 575 1877 678 1953; x_wconf 77' lang='lat'><em>41,</em></span> <span class='ocrx_word' id='word_1_24' title='bbox 730 1877 831 1952; x_wconf 82' lang='lat'><em>43,</em></span> <span class='ocrx_word' id='word_1_25' title='bbox 884 1876 986 1939; x_wconf 82' lang='lat'><em>44.</em></span> 
     </span>
    </p>

    <p class='ocr_par' dir='ltr' id='par_1_3' title="bbox 321 1983 3440 2497">
     <span class='ocr_line' id='line_1_5' title="bbox 442 1983 3436 2067; baseline -0.001 -20"><span class='ocrx_word' id='word_1_26' title='bbox 442 1986 731 2048; x_wconf 80' lang='lat' dir='ltr'><em>increata</em></span> <span class='ocrx_word' id='word_1_27' title='bbox 786 1993 979 2067; x_wconf 88' lang='lat' dir='ltr'><em>atque</em></span> <span class='ocrx_word' id='word_1_28' title='bbox 1043 1983 1303 2048; x_wconf 88' lang='lat' dir='ltr'><em>fontana</em></span> <span class='ocrx_word' id='word_1_29' title='bbox 1357 1984 1679 2067; x_wconf 82' lang='lat' dir='ltr'><em>Sapientia</em></span> <span class='ocrx_word' id='word_1_30' title='bbox 1732 1984 1863 2059; x_wconf 90' lang='lat' dir='ltr'><em>Dei,</em></span> <span class='ocrx_word' id='word_1_31' title='bbox 1918 1984 2283 2065; x_wconf 82' lang='lat' dir='ltr'><em>unigenitus</em></span> <span class='ocrx_word' id='word_1_32' title='bbox 2337 1983 2532 2045; x_wconf 80' lang='lat' dir='ltr'><em>Filius</em></span> <span class='ocrx_word' id='word_1_33' title='bbox 2583 1983 2780 2045; x_wconf 88' lang='lat' dir='ltr'><em>Patris</em></span> <span class='ocrx_word' id='word_1_34' title='bbox 2839 1984 3081 2060; x_wconf 83' lang='lat' dir='ltr'><em>aeterni,</em></span> <span class='ocrx_word' id='word_1_35' title='bbox 3135 1984 3436 2048; x_wconf 89' lang='lat' dir='ltr'><em>Dominus</em></span> 
     </span>
     <span class='ocr_line' id='line_1_6' title="bbox 321 2090 3440 2176; baseline 0.001 -21"><span class='ocrx_word' id='word_1_36' title='bbox 321 2102 545 2157; x_wconf 89' lang='lat' dir='ltr'><em>noster</em></span> <span class='ocrx_word' id='word_1_37' title='bbox 581 2093 761 2155; x_wconf 87' lang='lat' dir='ltr'><em>Jesus</em></span> <span class='ocrx_word' id='word_1_38' title='bbox 804 2092 1113 2167; x_wconf 78' lang='lat' dir='ltr'><em>ChristuS,</em></span> <span class='ocrx_word' id='word_1_39' title='bbox 1149 2110 1226 2154; x_wconf 87' lang='lat' dir='ltr'><em>ex</em></span> <span class='ocrx_word' id='word_1_40' title='bbox 1274 2111 1403 2175; x_wconf 93' lang='lat' dir='ltr'><em>quo</em></span> <span class='ocrx_word' id='word_1_41' title='bbox 1446 2093 1788 2155; x_wconf 82' lang='lat' dir='ltr'><em>humanam</em></span> <span class='ocrx_word' id='word_1_42' title='bbox 1832 2099 2123 2153; x_wconf 87' lang='lat' dir='ltr'><em>naturam</em></span> <span class='ocrx_word' id='word_1_43' title='bbox 2156 2090 2722 2173; x_wconf 79' lang='lat' dir='ltr'><em>supernaturaliter</em></span> <span class='ocrx_word' id='word_1_44' title='bbox 2762 2091 2989 2166; x_wconf 90' lang='lat' dir='ltr'><em>induit,</em></span> <span class='ocrx_word' id='word_1_45' title='bbox 3034 2094 3440 2176; x_wconf 87' lang='lat' dir='ltr'><em>suppositali-</em></span> 
     </span>
     <span class='ocr_line' id='line_1_7' title="bbox 324 2195 3440 2283; baseline 0.001 -21"><span class='ocrx_word' id='word_1_46' title='bbox 324 2208 556 2281; x_wconf 85' lang='lat' dir='ltr'><em>terque</em></span> <span class='ocrx_word' id='word_1_47' title='bbox 585 2200 954 2281; x_wconf 85' lang='lat' dir='ltr'><em>assumpsit,</em></span> <span class='ocrx_word' id='word_1_48' title='bbox 989 2198 1281 2264; x_wconf 87' lang='lat' dir='ltr'><em>homines</em></span> <span class='ocrx_word' id='word_1_49' title='bbox 1324 2197 1703 2261; x_wconf 88' lang='lat' dir='ltr'><em>mirabiliter</em></span> <span class='ocrx_word' id='word_1_50' title='bbox 1729 2197 2119 2269; x_wconf 89' lang='lat' dir='ltr'><em>sublimavit,</em></span> <span class='ocrx_word' id='word_1_51' title='bbox 2154 2204 2346 2278; x_wconf 88' lang='lat' dir='ltr'><em>atque</em></span> <span class='ocrx_word' id='word_1_52' title='bbox 2389 2195 2802 2259; x_wconf 81' lang='lat' dir='ltr'><em>ineffabiliter</em></span> <span class='ocrx_word' id='word_1_53' title='bbox 2839 2197 3185 2281; x_wconf 78' lang='lat' dir='ltr'><em>deificavit,</em></span> <span class='ocrx_word' id='word_1_54' title='bbox 3219 2220 3440 2283; x_wconf 91' lang='lat' dir='ltr'><em>super-</em></span> 
     </span>
     <span class='ocr_line' id='line_1_8' title="bbox 322 2300 3433 2386; baseline 0 -17"><span class='ocrx_word' id='word_1_55' title='bbox 322 2306 729 2369; x_wconf 82' lang='lat' dir='ltr'><em>naturalibus</em></span> <span class='ocrx_word' id='word_1_56' title='bbox 759 2306 943 2369; x_wconf 90' lang='lat' dir='ltr'><em>donis</em></span> <span class='ocrx_word' id='word_1_57' title='bbox 972 2324 1046 2368; x_wconf 90' lang='lat' dir='ltr'><em>ac</em></span> <span class='ocrx_word' id='word_1_58' title='bbox 1073 2306 1291 2386; x_wconf 85' lang='lat' dir='ltr'><em>gratiis</em></span> <span class='ocrx_word' id='word_1_59' title='bbox 1336 2300 1629 2369; x_wconf 83' lang='lat' dir='ltr'><em>humanae</em></span> <span class='ocrx_word' id='word_1_60' title='bbox 1658 2304 2016 2386; x_wconf 86' lang='lat' dir='ltr'><em>fragilitatis</em></span> <span class='ocrx_word' id='word_1_61' title='bbox 2059 2304 2488 2368; x_wconf 90' lang='lat' dir='ltr'><em>conditionem</em></span> <span class='ocrx_word' id='word_1_62' title='bbox 2519 2322 2778 2385; x_wconf 89' lang='lat' dir='ltr'><em>prorsus</em></span> <span class='ocrx_word' id='word_1_63' title='bbox 2817 2308 3433 2384; x_wconf 83' lang='lat' dir='ltr'><em>transcendentibus,</em></span> 
     </span>
     <span class='ocr_line' id='line_1_9' title="bbox 323 2414 1232 2497; baseline -0.004 -19"><span class='ocrx_word' id='word_1_64' title='bbox 323 2434 478 2479; x_wconf 91' lang='lat' dir='ltr'><em>suos</em></span> <span class='ocrx_word' id='word_1_65' title='bbox 521 2414 935 2497; x_wconf 88' lang='lat' dir='ltr'><em>adimplendo</em></span> <span class='ocrx_word' id='word_1_66' title='bbox 977 2414 1232 2477; x_wconf 77' lang='lat' dir='ltr'><em>electoS.</em></span> 
     </span>
    </p>

    <p class='ocr_par' dir='ltr' id='par_1_4' title="bbox 320 2518 3726 4649">
     <span class='ocr_line' id='line_1_10' title="bbox 444 2518 3726 2604; baseline 0 -20"><span class='ocrx_word' id='word_1_67' title='bbox 444 2524 620 2585; x_wconf 90' lang='lat' dir='ltr'><em>Inter</em></span> <span class='ocrx_word' id='word_1_68' title='bbox 666 2541 827 2604; x_wconf 92' lang='lat' dir='ltr'><em>quos</em></span> <span class='ocrx_word' id='word_1_69' title='bbox 874 2520 1135 2602; x_wconf 86' lang='lat' dir='ltr'><em>gloriosi</em></span> <span class='ocrx_word' id='word_1_70' title='bbox 1174 2520 1457 2603; x_wconf 85' lang='lat' dir='ltr'><em>Apostoli</em></span> <span class='ocrx_word' id='word_1_71' title='bbox 1502 2521 1855 2584; x_wconf 90' lang='lat' dir='ltr'><em>sortiuntur</em></span> <span class='ocrx_word' id='word_1_72' title='bbox 1895 2520 2264 2602; x_wconf 88' lang='lat' dir='ltr'><em>primatum,</em></span> <span class='ocrx_word' id='word_1_73' title='bbox 2310 2518 2614 2601; x_wconf 92' lang='lat' dir='ltr'><em>quoniam</em></span> <span class='ocrx_word' id='word_1_74' title='bbox 2659 2519 2972 2603; x_wconf 87' lang='lat' dir='ltr'><em>primitias</em></span> <span class='ocrx_word' id='word_1_75' title='bbox 3015 2520 3289 2603; x_wconf 90' lang='lat' dir='ltr'><em>Spiritus</em></span> <span class='ocrx_word' id='word_1_76' title='bbox 3339 2542 3436 2585; x_wconf 92' lang='lat' dir='ltr'><em>re-</em></span> <span class='ocrx_word' id='word_1_77' title='bbox 3494 2542 3619 2587; x_wconf 67' lang='lat' dir='ltr'><em>nm</em></span> <span class='ocrx_word' id='word_1_78' title='bbox 3642 2554 3726 2593; x_wconf 77' lang='lat' dir='ltr'><em>vm.</em></span> 
     </span>
     <span class='ocr_line' id='line_1_11' title="bbox 322 2608 3531 2714; baseline -0 -20"><span class='ocrx_word' id='word_1_79' title='bbox 322 2637 661 2714; x_wconf 90' lang='lat' dir='ltr'><em>ceperunt.</em></span> <span class='ocrx_word' id='word_1_80' title='bbox 694 2629 817 2694; x_wconf 87' lang='lat' dir='ltr'><em>Hos</em></span> <span class='ocrx_word' id='word_1_81' title='bbox 858 2628 1051 2691; x_wconf 88' lang='lat' dir='ltr'><em>tantis</em></span> <span class='ocrx_word' id='word_1_82' title='bbox 1081 2628 1340 2711; x_wconf 85' lang='lat' dir='ltr'><em>virtute,</em></span> <span class='ocrx_word' id='word_1_83' title='bbox 1372 2636 1679 2710; x_wconf 86' lang='lat' dir='ltr'><em>potestate</em></span> <span class='ocrx_word' id='word_1_84' title='bbox 1722 2637 1785 2691; x_wconf 93' lang='lat' dir='ltr'><em>et</em></span> <span class='ocrx_word' id='word_1_85' title='bbox 1823 2627 2025 2709; x_wconf 88' lang='lat' dir='ltr'><em>gratia</em></span> <span class='ocrx_word' id='word_1_86' title='bbox 2054 2627 2374 2692; x_wconf 88' lang='lat' dir='ltr'><em>decoravit</em></span> <span class='ocrx_word' id='word_1_87' title='bbox 2405 2626 2578 2689; x_wconf 81' lang='lat' dir='ltr'><em>Deus</em></span> <span class='ocrx_word' id='word_1_88' title='bbox 2606 2627 2901 2690; x_wconf 91' lang='lat' dir='ltr'><em>sublimis</em></span> <span class='ocrx_word' id='word_1_89' title='bbox 2932 2635 2994 2690; x_wconf 93' lang='lat' dir='ltr'><em>et</em></span> <span class='ocrx_word' id='word_1_90' title='bbox 3035 2627 3432 2707; x_wconf 76' lang='lat' dir='ltr'><em>benedictuS,</em></span> <span class='ocrx_word' id='word_1_91' title='bbox 3461 2608 3531 2650; x_wconf 80' lang='lat'><em>²³·</em></span> 
     </span>
     <span class='ocr_line' id='line_1_12' title="bbox 322 2734 3436 2820; baseline 0.001 -21"><span class='ocrx_word' id='word_1_92' title='bbox 322 2744 394 2799; x_wconf 89' lang='lat' dir='ltr'><em>ut</em></span> <span class='ocrx_word' id='word_1_93' title='bbox 452 2737 809 2812; x_wconf 85' lang='lat' dir='ltr'><em>sanctitate,</em></span> <span class='ocrx_word' id='word_1_94' title='bbox 869 2736 1181 2819; x_wconf 86' lang='lat' dir='ltr'><em>sapientia</em></span> <span class='ocrx_word' id='word_1_95' title='bbox 1238 2743 1430 2819; x_wconf 91' lang='lat' dir='ltr'><em>atque</em></span> <span class='ocrx_word' id='word_1_96' title='bbox 1487 2736 1834 2811; x_wconf 77' lang='lat' dir='ltr'><em>miraculis„</em></span> <span class='ocrx_word' id='word_1_97' title='bbox 1899 2734 2231 2799; x_wconf 87' lang='lat' dir='ltr'><em>universos</em></span> <span class='ocrx_word' id='word_1_98' title='bbox 2287 2735 2644 2817; x_wconf 81' lang='lat' dir='ltr'><em>praecedere</em></span> <span class='ocrx_word' id='word_1_99' title='bbox 2699 2734 3216 2817; x_wconf 87' lang='lat' dir='ltr'><em>comprobentur.</em></span> <span class='ocrx_word' id='word_1_100' title='bbox 3273 2736 3436 2820; x_wconf 87' lang='lat' dir='ltr'><em>Ipsis</em></span> 
     </span>
     <span class='ocr_line' id='line_1_13' title="bbox 320 2842 3440 2928; baseline 0 -21"><span class='ocrx_word' id='word_1_101' title='bbox 320 2844 574 2928; x_wconf 90' lang='lat' dir='ltr'><em>quippe</em></span> <span class='ocrx_word' id='word_1_102' title='bbox 616 2844 809 2907; x_wconf 90' lang='lat' dir='ltr'><em>etiam</em></span> <span class='ocrx_word' id='word_1_103' title='bbox 850 2846 1005 2908; x_wconf 89' lang='lat' dir='ltr'><em>ordo</em></span> <span class='ocrx_word' id='word_1_104' title='bbox 1048 2862 1285 2919; x_wconf 88' lang='lat' dir='ltr'><em>rerum,</em></span> <span class='ocrx_word' id='word_1_105' title='bbox 1333 2843 1769 2926; x_wconf 90' lang='lat' dir='ltr'><em>naturalisque</em></span> <span class='ocrx_word' id='word_1_106' title='bbox 1810 2862 2037 2906; x_wconf 87' lang='lat' dir='ltr'><em>cursus</em></span> <span class='ocrx_word' id='word_1_107' title='bbox 2089 2842 2314 2905; x_wconf 91' lang='lat' dir='ltr'><em>mundi</em></span> <span class='ocrx_word' id='word_1_108' title='bbox 2357 2850 2420 2904; x_wconf 87' lang='lat' dir='ltr'><em>et</em></span> <span class='ocrx_word' id='word_1_109' title='bbox 2461 2842 2561 2904; x_wconf 85' lang='lat' dir='ltr'><em>lex</em></span> <span class='ocrx_word' id='word_1_110' title='bbox 2607 2849 2847 2906; x_wconf 83' lang='lat' dir='ltr'><em>naturae</em></span> <span class='ocrx_word' id='word_1_111' title='bbox 2894 2850 3140 2919; x_wconf 82' lang='lat' dir='ltr'><em>creatae,</em></span> <span class='ocrx_word' id='word_1_112' title='bbox 3187 2844 3440 2908; x_wconf 86' lang='lat' dir='ltr'><em>inenar-</em></span> 
     </span>
     <span class='ocr_line' id='line_1_14' title="bbox 322 2950 3436 3036; baseline 0 -19"><span class='ocrx_word' id='word_1_113' title='bbox 322 2953 618 3017; x_wconf 83' lang='lat' dir='ltr'><em>rabiliter</em></span> <span class='ocrx_word' id='word_1_114' title='bbox 666 2952 1047 3015; x_wconf 85' lang='lat' dir='ltr'><em>exstiterunt</em></span> <span class='ocrx_word' id='word_1_115' title='bbox 1096 2951 1392 3033; x_wconf 88' lang='lat' dir='ltr'><em>subjecti,</em></span> <span class='ocrx_word' id='word_1_116' title='bbox 1440 2951 1506 3014; x_wconf 91' lang='lat' dir='ltr'><em>in</em></span> <span class='ocrx_word' id='word_1_117' title='bbox 1562 2959 1812 3015; x_wconf 89' lang='lat' dir='ltr'><em>tantum</em></span> <span class='ocrx_word' id='word_1_118' title='bbox 1854 2959 1925 3013; x_wconf 92' lang='lat' dir='ltr'><em>ut</em></span> <span class='ocrx_word' id='word_1_119' title='bbox 1980 2969 2054 3013; x_wconf 88' lang='lat' dir='ltr'><em>ea</em></span> <span class='ocrx_word' id='word_1_120' title='bbox 2103 2969 2248 3033; x_wconf 83' lang='lat' dir='ltr'><em>quae</em></span> <span class='ocrx_word' id='word_1_121' title='bbox 2298 2950 2508 3031; x_wconf 84' lang='lat' dir='ltr'><em>magni</em></span> <span class='ocrx_word' id='word_1_122' title='bbox 2567 2969 2642 3012; x_wconf 91' lang='lat' dir='ltr'><em>ac</em></span> <span class='ocrx_word' id='word_1_123' title='bbox 2699 2950 3013 3031; x_wconf 83' lang='lat' dir='ltr'><em>ingeniosi</em></span> <span class='ocrx_word' id='word_1_124' title='bbox 3071 2951 3436 3036; x_wconf 88' lang='lat' dir='ltr'><em>philosophi</em></span> 
     </span>
     <span class='ocr_line' id='line_1_15' title="bbox 320 3057 3438 3142; baseline 0 -18"><span class='ocrx_word' id='word_1_125' title='bbox 320 3060 729 3124; x_wconf 81' lang='lat' dir='ltr'><em>aestimabant</em></span> <span class='ocrx_word' id='word_1_126' title='bbox 780 3079 897 3123; x_wconf 92' lang='lat' dir='ltr'><em>nec</em></span> <span class='ocrx_word' id='word_1_127' title='bbox 950 3060 1167 3124; x_wconf 86' lang='lat' dir='ltr'><em>divina</em></span> <span class='ocrx_word' id='word_1_128' title='bbox 1221 3059 1458 3123; x_wconf 88' lang='lat' dir='ltr'><em>virtute</em></span> <span class='ocrx_word' id='word_1_129' title='bbox 1511 3078 1721 3142; x_wconf 91' lang='lat' dir='ltr'><em>neque</em></span> <span class='ocrx_word' id='word_1_130' title='bbox 1778 3058 2065 3140; x_wconf 87' lang='lat' dir='ltr'><em>angelica</em></span> <span class='ocrx_word' id='word_1_131' title='bbox 2122 3064 2428 3140; x_wconf 86' lang='lat' dir='ltr'><em>potestate</em></span> <span class='ocrx_word' id='word_1_132' title='bbox 2477 3057 2622 3120; x_wconf 88' lang='lat' dir='ltr'><em>fieri</em></span> <span class='ocrx_word' id='word_1_133' title='bbox 2682 3076 2888 3140; x_wconf 88' lang='lat' dir='ltr'><em>posse,</em></span> <span class='ocrx_word' id='word_1_134' title='bbox 2935 3058 3060 3141; x_wconf 91' lang='lat' dir='ltr'><em>ipsi</em></span> <span class='ocrx_word' id='word_1_135' title='bbox 3115 3058 3438 3124; x_wconf 88' lang='lat' dir='ltr'><em>uberrime</em></span> 
     </span>
     <span class='ocr_line' id='line_1_16' title="bbox 321 3164 3439 3250; baseline 0 -19"><span class='ocrx_word' id='word_1_136' title='bbox 321 3176 754 3250; x_wconf 81' lang='lat' dir='ltr'><em>agnoscantur</em></span> <span class='ocrx_word' id='word_1_137' title='bbox 793 3167 1045 3242; x_wconf 88' lang='lat' dir='ltr'><em>fecisse,</em></span> <span class='ocrx_word' id='word_1_138' title='bbox 1092 3175 1373 3231; x_wconf 88' lang='lat' dir='ltr'><em>mortuos</em></span> <span class='ocrx_word' id='word_1_139' title='bbox 1412 3168 1797 3241; x_wconf 82' lang='lat' dir='ltr'><em>suscitandO,</em></span> <span class='ocrx_word' id='word_1_140' title='bbox 1831 3184 2027 3229; x_wconf 80' lang='lat' dir='ltr'><em>caecos</em></span> <span class='ocrx_word' id='word_1_141' title='bbox 2067 3172 2129 3227; x_wconf 91' lang='lat' dir='ltr'><em>et</em></span> <span class='ocrx_word' id='word_1_142' title='bbox 2167 3164 2425 3228; x_wconf 90' lang='lat' dir='ltr'><em>claudos</em></span> <span class='ocrx_word' id='word_1_143' title='bbox 2467 3183 2505 3227; x_wconf 98' lang='lat' dir='ltr'><em>a</em></span> <span class='ocrx_word' id='word_1_144' title='bbox 2545 3165 2874 3228; x_wconf 86' lang='lat' dir='ltr'><em>nativitate</em></span> <span class='ocrx_word' id='word_1_145' title='bbox 2915 3174 3176 3249; x_wconf 91' lang='lat' dir='ltr'><em>repente</em></span> <span class='ocrx_word' id='word_1_146' title='bbox 3214 3186 3439 3232; x_wconf 90' lang='lat' dir='ltr'><em>curan-</em></span> 
     </span>
     <span class='ocr_line' id='line_1_17' title="bbox 322 3271 3436 3358; baseline -0 -18"><span class='ocrx_word' id='word_1_147' title='bbox 322 3278 426 3352; x_wconf 90' lang='lat' dir='ltr'><em>do,</em></span> <span class='ocrx_word' id='word_1_148' title='bbox 463 3277 863 3340; x_wconf 83' lang='lat' dir='ltr'><em>daemonibus</em></span> <span class='ocrx_word' id='word_1_149' title='bbox 909 3277 1303 3358; x_wconf 88' lang='lat' dir='ltr'><em>imperando,</em></span> <span class='ocrx_word' id='word_1_150' title='bbox 1338 3294 1583 3339; x_wconf 88' lang='lat' dir='ltr'><em>venena</em></span> <span class='ocrx_word' id='word_1_151' title='bbox 1624 3276 1762 3338; x_wconf 92' lang='lat' dir='ltr'><em>sine</em></span> <span class='ocrx_word' id='word_1_152' title='bbox 1804 3274 2061 3337; x_wconf 81' lang='lat' dir='ltr'><em>laesione</em></span> <span class='ocrx_word' id='word_1_153' title='bbox 2100 3271 2403 3347; x_wconf 92' lang='lat' dir='ltr'><em>bibendo,</em></span> <span class='ocrx_word' id='word_1_154' title='bbox 2451 3272 2518 3334; x_wconf 90' lang='lat' dir='ltr'><em>in</em></span> <span class='ocrx_word' id='word_1_155' title='bbox 2564 3272 2710 3353; x_wconf 85' lang='lat' dir='ltr'><em>igne</em></span> <span class='ocrx_word' id='word_1_156' title='bbox 2750 3273 3002 3335; x_wconf 90' lang='lat' dir='ltr'><em>nullum</em></span> <span class='ocrx_word' id='word_1_157' title='bbox 3043 3274 3436 3357; x_wconf 89' lang='lat' dir='ltr'><em>supplicium</em></span> 
     </span>
     <span class='ocr_line' id='line_1_18' title="bbox 324 3380 3440 3465; baseline 0 -18"><span class='ocrx_word' id='word_1_158' title='bbox 324 3385 730 3459; x_wconf 87' lang='lat' dir='ltr'><em>sustinendo,</em></span> <span class='ocrx_word' id='word_1_159' title='bbox 778 3402 1007 3447; x_wconf 86' lang='lat' dir='ltr'><em>arcana</em></span> <span class='ocrx_word' id='word_1_160' title='bbox 1048 3382 1359 3458; x_wconf 90' lang='lat' dir='ltr'><em>cordium,</em></span> <span class='ocrx_word' id='word_1_161' title='bbox 1395 3382 1611 3445; x_wconf 92' lang='lat' dir='ltr'><em>futura</em></span> <span class='ocrx_word' id='word_1_162' title='bbox 1654 3400 1913 3464; x_wconf 90' lang='lat' dir='ltr'><em>quoque</em></span> <span class='ocrx_word' id='word_1_163' title='bbox 1963 3398 2122 3463; x_wconf 92' lang='lat' dir='ltr'><em>pure</em></span> <span class='ocrx_word' id='word_1_164' title='bbox 2172 3380 2602 3461; x_wconf 86' lang='lat' dir='ltr'><em>contingentia</em></span> <span class='ocrx_word' id='word_1_165' title='bbox 2643 3382 3170 3445; x_wconf 87' lang='lat' dir='ltr'><em>certitudinaliter</em></span> <span class='ocrx_word' id='word_1_166' title='bbox 3212 3402 3440 3465; x_wconf 89' lang='lat' dir='ltr'><em>cogno-</em></span> 
     </span>
     <span class='ocr_line' id='line_1_19' title="bbox 324 3487 3436 3573; baseline -0 -18"><span class='ocrx_word' id='word_1_167' title='bbox 324 3494 589 3567; x_wconf 89' lang='lat' dir='ltr'><em>scendo,</em></span> <span class='ocrx_word' id='word_1_168' title='bbox 621 3492 955 3556; x_wconf 89' lang='lat' dir='ltr'><em>beatorum</em></span> <span class='ocrx_word' id='word_1_169' title='bbox 996 3491 1368 3572; x_wconf 85' lang='lat' dir='ltr'><em>angelorum</em></span> <span class='ocrx_word' id='word_1_170' title='bbox 1408 3490 1773 3573; x_wconf 91' lang='lat' dir='ltr'><em>frequentes</em></span> <span class='ocrx_word' id='word_1_171' title='bbox 1810 3488 2264 3571; x_wconf 88' lang='lat' dir='ltr'><em>apparitiones,</em></span> <span class='ocrx_word' id='word_1_172' title='bbox 2297 3487 2711 3552; x_wconf 85' lang='lat' dir='ltr'><em>allocutiones</em></span> <span class='ocrx_word' id='word_1_173' title='bbox 2754 3497 2818 3551; x_wconf 91' lang='lat' dir='ltr'><em>et</em></span> <span class='ocrx_word' id='word_1_174' title='bbox 2857 3489 3436 3554; x_wconf 88' lang='lat' dir='ltr'><em>administrationes</em></span> 
     </span>
     <span class='ocr_line' id='line_1_20' title="bbox 324 3580 3436 3680; baseline -0 -17"><span class='ocrx_word' id='word_1_175' title='bbox 324 3600 647 3674; x_wconf 88' lang='lat' dir='ltr'><em>habendo,</em></span> <span class='ocrx_word' id='word_1_176' title='bbox 680 3580 812 3663; x_wconf 87' lang='lat' dir='ltr'><em>imo</em></span> <span class='ocrx_word' id='word_1_177' title='bbox 841 3600 919 3661; x_wconf 89' lang='lat' dir='ltr'><em>ad</em></span> <span class='ocrx_word' id='word_1_178' title='bbox 952 3598 1207 3661; x_wconf 91' lang='lat' dir='ltr'><em>libitum</em></span> <span class='ocrx_word' id='word_1_179' title='bbox 1248 3598 1615 3661; x_wconf 90' lang='lat' dir='ltr'><em>obtinendo.</em></span> <span class='ocrx_word' id='word_1_180' title='bbox 1649 3598 1955 3680; x_wconf 92' lang='lat' dir='ltr'><em>Denique,</em></span> <span class='ocrx_word' id='word_1_181' title='bbox 1990 3615 2195 3678; x_wconf 89' lang='lat' dir='ltr'><em>quum</em></span> <span class='ocrx_word' id='word_1_182' title='bbox 2225 3614 2432 3678; x_wconf 89' lang='lat' dir='ltr'><em>usque</em></span> <span class='ocrx_word' id='word_1_183' title='bbox 2460 3597 2538 3658; x_wconf 90' lang='lat' dir='ltr'><em>ad</em></span> <span class='ocrx_word' id='word_1_184' title='bbox 2570 3596 2800 3659; x_wconf 90' lang='lat' dir='ltr'><em>Christi</em></span> <span class='ocrx_word' id='word_1_185' title='bbox 2832 3597 3212 3679; x_wconf 89' lang='lat' dir='ltr'><em>passionem,</em></span> <span class='ocrx_word' id='word_1_186' title='bbox 3247 3600 3436 3662; x_wconf 90' lang='lat' dir='ltr'><em>rudes</em></span> 
     </span>
     <span class='ocr_line' id='line_1_21' title="bbox 322 3680 3438 3788; baseline -0 -18"><span class='ocrx_word' id='word_1_187' title='bbox 322 3717 387 3772; x_wconf 90' lang='lat' dir='ltr'><em>et</em></span> <span class='ocrx_word' id='word_1_188' title='bbox 434 3707 836 3771; x_wconf 78' lang='lat' dir='ltr'><em>formidolosi</em></span> <span class='ocrx_word' id='word_1_189' title='bbox 880 3706 1259 3781; x_wconf 88' lang='lat' dir='ltr'><em>exstiterint,</em></span> <span class='ocrx_word' id='word_1_190' title='bbox 1306 3680 1518 3769; x_wconf 85' lang='lat' dir='ltr'><em>subito</em></span> <span class='ocrx_word' id='word_1_191' title='bbox 1564 3705 1738 3769; x_wconf 92' lang='lat' dir='ltr'><em>omni</em></span> <span class='ocrx_word' id='word_1_192' title='bbox 1788 3704 2053 3767; x_wconf 89' lang='lat' dir='ltr'><em>scientia</em></span> <span class='ocrx_word' id='word_1_193' title='bbox 2100 3702 2596 3785; x_wconf 79' lang='lat' dir='ltr'><em>scripturarum,</em></span> <span class='ocrx_word' id='word_1_194' title='bbox 2629 3704 2803 3767; x_wconf 89' lang='lat' dir='ltr'><em>omni</em></span> <span class='ocrx_word' id='word_1_195' title='bbox 2845 3704 3144 3768; x_wconf 86' lang='lat' dir='ltr'><em>facultate</em></span> <span class='ocrx_word' id='word_1_196' title='bbox 3193 3706 3438 3788; x_wconf 90' lang='lat' dir='ltr'><em>lingua-</em></span> 
     </span>
     <span class='ocr_line' id='line_1_22' title="bbox 324 3804 3437 3896; baseline 0 -19"><span class='ocrx_word' id='word_1_197' title='bbox 324 3835 495 3891; x_wconf 89' lang='lat' dir='ltr'><em>rum,</em></span> <span class='ocrx_word' id='word_1_198' title='bbox 544 3815 831 3896; x_wconf 90' lang='lat' dir='ltr'><em>itemque</em></span> <span class='ocrx_word' id='word_1_199' title='bbox 872 3813 1290 3895; x_wconf 90' lang='lat' dir='ltr'><em>insuperabili</em></span> <span class='ocrx_word' id='word_1_200' title='bbox 1329 3812 1525 3876; x_wconf 90' lang='lat' dir='ltr'><em>animi</em></span> <span class='ocrx_word' id='word_1_201' title='bbox 1567 3811 1960 3886; x_wconf 85' lang='lat' dir='ltr'><em>fortitudine,</em></span> <span class='ocrx_word' id='word_1_202' title='bbox 2008 3804 2446 3894; x_wconf 82' lang='lat' dir='ltr'><em>copiosissime</em></span> <span class='ocrx_word' id='word_1_203' title='bbox 2488 3817 2638 3873; x_wconf 88' lang='lat' dir='ltr'><em>sunt</em></span> <span class='ocrx_word' id='word_1_204' title='bbox 2678 3811 2927 3894; x_wconf 90' lang='lat' dir='ltr'><em>repleti.</em></span> <span class='ocrx_word' id='word_1_205' title='bbox 2960 3812 3216 3889; x_wconf 90' lang='lat' dir='ltr'><em>Verum,</em></span> <span class='ocrx_word' id='word_1_206' title='bbox 3253 3814 3306 3876; x_wconf 91' lang='lat' dir='ltr'><em>si</em></span> <span class='ocrx_word' id='word_1_207' title='bbox 3350 3814 3437 3878; x_wconf 86' lang='lat' dir='ltr'><em>ita</em></span> 
     </span>
     <span class='ocr_line' id='line_1_23' title="bbox 328 3919 3430 4005; baseline -0.001 -18"><span class='ocrx_word' id='word_1_208' title='bbox 328 3944 455 3989; x_wconf 88' lang='lat' dir='ltr'><em>non</em></span> <span class='ocrx_word' id='word_1_209' title='bbox 500 3932 619 3999; x_wconf 90' lang='lat' dir='ltr'><em>est,</em></span> <span class='ocrx_word' id='word_1_210' title='bbox 656 3924 711 3985; x_wconf 91' lang='lat' dir='ltr'><em>si</em></span> <span class='ocrx_word' id='word_1_211' title='bbox 761 3923 896 3986; x_wconf 87' lang='lat' dir='ltr'><em>haec</em></span> <span class='ocrx_word' id='word_1_212' title='bbox 935 3928 1129 4003; x_wconf 90' lang='lat' dir='ltr'><em>atque</em></span> <span class='ocrx_word' id='word_1_213' title='bbox 1171 3922 1406 3983; x_wconf 85' lang='lat' dir='ltr'><em>similia</em></span> <span class='ocrx_word' id='word_1_214' title='bbox 1452 3940 1581 3984; x_wconf 91' lang='lat' dir='ltr'><em>non</em></span> <span class='ocrx_word' id='word_1_215' title='bbox 1626 3919 1917 3983; x_wconf 86' lang='lat' dir='ltr'><em>fecerunt</em></span> <span class='ocrx_word' id='word_1_216' title='bbox 1954 3938 2029 3982; x_wconf 92' lang='lat' dir='ltr'><em>ac</em></span> <span class='ocrx_word' id='word_1_217' title='bbox 2077 3919 2246 4002; x_wconf 92' lang='lat' dir='ltr'><em>passi</em></span> <span class='ocrx_word' id='word_1_218' title='bbox 2297 3926 2466 3994; x_wconf 91' lang='lat' dir='ltr'><em>sunt,</em></span> <span class='ocrx_word' id='word_1_219' title='bbox 2512 3921 2832 4001; x_wconf 91' lang='lat' dir='ltr'><em>quomodo</em></span> <span class='ocrx_word' id='word_1_220' title='bbox 2873 3920 2998 4001; x_wconf 87' lang='lat' dir='ltr'><em>ipsi</em></span> <span class='ocrx_word' id='word_1_221' title='bbox 3043 3928 3169 3984; x_wconf 91' lang='lat' dir='ltr'><em>tam</em></span> <span class='ocrx_word' id='word_1_222' title='bbox 3220 3923 3430 4005; x_wconf 89' lang='lat' dir='ltr'><em>pauci,</em></span> 
     </span>
     <span class='ocr_line' id='line_1_24' title="bbox 326 4027 3436 4115; baseline -0 -20"><span class='ocrx_word' id='word_1_223' title='bbox 326 4034 737 4115; x_wconf 89' lang='lat' dir='ltr'><em>impotentes,</em></span> <span class='ocrx_word' id='word_1_224' title='bbox 771 4030 1101 4104; x_wconf 90' lang='lat' dir='ltr'><em>illitterati,</em></span> <span class='ocrx_word' id='word_1_225' title='bbox 1137 4027 1471 4109; x_wconf 83' lang='lat' dir='ltr'><em>ignobileS,</em></span> <span class='ocrx_word' id='word_1_226' title='bbox 1505 4036 1705 4091; x_wconf 48' lang='lat' dir='ltr'><em>&#39;totum</em></span> <span class='ocrx_word' id='word_1_227' title='bbox 1751 4045 1913 4110; x_wconf 91' lang='lat' dir='ltr'><em>pene</em></span> <span class='ocrx_word' id='word_1_228' title='bbox 1941 4028 2254 4089; x_wconf 91' lang='lat' dir='ltr'><em>mundum</em></span> <span class='ocrx_word' id='word_1_229' title='bbox 2286 4033 2412 4088; x_wconf 91' lang='lat' dir='ltr'><em>tam</em></span> <span class='ocrx_word' id='word_1_230' title='bbox 2457 4027 2582 4089; x_wconf 89' lang='lat' dir='ltr'><em>cito</em></span> <span class='ocrx_word' id='word_1_231' title='bbox 2610 4028 2688 4089; x_wconf 91' lang='lat' dir='ltr'><em>ad</em></span> <span class='ocrx_word' id='word_1_232' title='bbox 2721 4027 3436 4111; x_wconf 88' lang='lat' dir='ltr'><em>incomprehensibilem</em></span> 
     </span>
     <span class='ocr_line' id='line_1_25' title="bbox 325 4133 3436 4218; baseline 0 -17"><span class='ocrx_word' id='word_1_233' title='bbox 325 4138 549 4215; x_wconf 92' lang='lat' dir='ltr'><em>fidem,</em></span> <span class='ocrx_word' id='word_1_234' title='bbox 604 4140 686 4201; x_wconf 89' lang='lat' dir='ltr'><em>ad</em></span> <span class='ocrx_word' id='word_1_235' title='bbox 736 4137 1184 4200; x_wconf 88' lang='lat' dir='ltr'><em>arduissimam</em></span> <span class='ocrx_word' id='word_1_236' title='bbox 1231 4136 1436 4217; x_wconf 91' lang='lat' dir='ltr'><em>legem</em></span> <span class='ocrx_word' id='word_1_237' title='bbox 1488 4143 1877 4209; x_wconf 89' lang='lat' dir='ltr'><em>convertere,</em></span> <span class='ocrx_word' id='word_1_238' title='bbox 1929 4134 2248 4216; x_wconf 91' lang='lat' dir='ltr'><em>quomodo</em></span> <span class='ocrx_word' id='word_1_239' title='bbox 2298 4133 2719 4196; x_wconf 89' lang='lat' dir='ltr'><em>idololatriam</em></span> <span class='ocrx_word' id='word_1_240' title='bbox 2775 4134 3150 4218; x_wconf 85' lang='lat' dir='ltr'><em>exstirpare,</em></span> <span class='ocrx_word' id='word_1_241' title='bbox 3197 4145 3260 4199; x_wconf 93' lang='lat' dir='ltr'><em>et</em></span> <span class='ocrx_word' id='word_1_242' title='bbox 3311 4139 3436 4202; x_wconf 81' lang='lat' dir='ltr'><em>dae-</em></span> 
     </span>
     <span class='ocr_line' id='line_1_26' title="bbox 324 4240 3433 4325; baseline -0 -17"><span class='ocrx_word' id='word_1_243' title='bbox 324 4265 591 4310; x_wconf 88' lang='lat' dir='ltr'><em>monum</em></span> <span class='ocrx_word' id='word_1_244' title='bbox 641 4245 889 4308; x_wconf 88' lang='lat' dir='ltr'><em>cultum</em></span> <span class='ocrx_word' id='word_1_245' title='bbox 932 4245 1257 4306; x_wconf 91' lang='lat' dir='ltr'><em>destruere</em></span> <span class='ocrx_word' id='word_1_246' title='bbox 1300 4249 1664 4325; x_wconf 90' lang='lat' dir='ltr'><em>potuerunt,</em></span> <span class='ocrx_word' id='word_1_247' title='bbox 1698 4260 1859 4323; x_wconf 93' lang='lat' dir='ltr'><em>quos</em></span> <span class='ocrx_word' id='word_1_248' title='bbox 1899 4240 2135 4303; x_wconf 90' lang='lat' dir='ltr'><em>scimus</em></span> <span class='ocrx_word' id='word_1_249' title='bbox 2180 4257 2438 4303; x_wconf 90' lang='lat' dir='ltr'><em>omnem</em></span> <span class='ocrx_word' id='word_1_250' title='bbox 2476 4240 2785 4322; x_wconf 85' lang='lat' dir='ltr'><em>magicam</em></span> <span class='ocrx_word' id='word_1_251' title='bbox 2821 4248 3022 4304; x_wconf 91' lang='lat' dir='ltr'><em>artem</em></span> <span class='ocrx_word' id='word_1_252' title='bbox 3063 4251 3256 4325; x_wconf 89' lang='lat' dir='ltr'><em>atque</em></span> <span class='ocrx_word' id='word_1_253' title='bbox 3286 4264 3433 4307; x_wconf 92' lang='lat' dir='ltr'><em>cum</em></span> 
     </span>
     <span class='ocr_line' id='line_1_27' title="bbox 325 4348 3434 4432; baseline -0 -15"><span class='ocrx_word' id='word_1_254' title='bbox 325 4353 727 4417; x_wconf 66' lang='lat' dir='ltr'><em>daemonibus</em></span> <span class='ocrx_word' id='word_1_255' title='bbox 777 4351 1285 4423; x_wconf 87' lang='lat' dir='ltr'><em>conventionem,</em></span> <span class='ocrx_word' id='word_1_256' title='bbox 1321 4350 1440 4413; x_wconf 90' lang='lat' dir='ltr'><em>sub</em></span> <span class='ocrx_word' id='word_1_257' title='bbox 1489 4358 1739 4412; x_wconf 81' lang='lat' dir='ltr'><em>aeternae</em></span> <span class='ocrx_word' id='word_1_258' title='bbox 1780 4348 2204 4413; x_wconf 88' lang='lat' dir='ltr'><em>damnationis</em></span> <span class='ocrx_word' id='word_1_259' title='bbox 2248 4348 2739 4412; x_wconf 89' lang='lat' dir='ltr'><em>comminatione</em></span> <span class='ocrx_word' id='word_1_260' title='bbox 2784 4350 3211 4432; x_wconf 89' lang='lat' dir='ltr'><em>prohibuisse,</em></span> <span class='ocrx_word' id='word_1_261' title='bbox 3246 4360 3308 4414; x_wconf 93' lang='lat' dir='ltr'><em>et</em></span> <span class='ocrx_word' id='word_1_262' title='bbox 3354 4355 3434 4416; x_wconf 89' lang='lat' dir='ltr'><em>ad</em></span> 
     </span>
     <span class='ocr_line' id='line_1_28' title="bbox 325 4432 3436 4530; baseline -0.001 -6"><span class='ocrx_word' id='word_1_263' title='bbox 325 4462 521 4523; x_wconf 90' lang='lat' dir='ltr'><em>unius</em></span> <span class='ocrx_word' id='word_1_264' title='bbox 570 4459 812 4523; x_wconf 90' lang='lat' dir='ltr'><em>summi</em></span> <span class='ocrx_word' id='word_1_265' title='bbox 858 4458 965 4521; x_wconf 90' lang='lat' dir='ltr'><em>Dei</em></span> <span class='ocrx_word' id='word_1_266' title='bbox 1004 4456 1503 4521; x_wconf 89' lang='lat' dir='ltr'><em>sincerissimam</em></span> <span class='ocrx_word' id='word_1_267' title='bbox 1542 4456 1947 4520; x_wconf 90' lang='lat' dir='ltr'><em>dilectionem</em></span> <span class='ocrx_word' id='word_1_268' title='bbox 1986 4464 2049 4518; x_wconf 92' lang='lat' dir='ltr'><em>et</em></span> <span class='ocrx_word' id='word_1_269' title='bbox 2090 4455 2327 4519; x_wconf 87' lang='lat' dir='ltr'><em>claram</em></span> <span class='ocrx_word' id='word_1_270' title='bbox 2369 4432 2684 4530; x_wconf 71' lang='lat' dir='ltr'><em>notitiam,</em></span> <span class='ocrx_word' id='word_1_271' title='bbox 2721 4456 3018 4520; x_wconf 86' lang='lat' dir='ltr'><em>universa</em></span> <span class='ocrx_word' id='word_1_272' title='bbox 3057 4458 3436 4522; x_wconf 89' lang='lat' dir='ltr'><em>documenta</em></span> 
     </span>
     <span class='ocr_line' id='line_1_29' title="bbox 326 4566 1197 4649; baseline -0.006 -18"><span class='ocrx_word' id='word_1_273' title='bbox 326 4587 441 4631; x_wconf 90' lang='lat' dir='ltr'><em>sua</em></span> <span class='ocrx_word' id='word_1_274' title='bbox 484 4576 547 4629; x_wconf 92' lang='lat' dir='ltr'><em>et</em></span> <span class='ocrx_word' id='word_1_275' title='bbox 590 4586 786 4649; x_wconf 88' lang='lat' dir='ltr'><em>opera</em></span> <span class='ocrx_word' id='word_1_276' title='bbox 826 4566 1197 4630; x_wconf 68' lang='lat' dir='ltr'><em>ordinasse?</em></span> 
     </span>
    </p>

    <p class='ocr_par' dir='ltr' id='par_1_5' title="bbox 323 4670 3724 5289">
     <span class='ocr_line' id='line_1_30' title="bbox 444 4670 3724 4756; baseline 0.001 -19"><span class='ocrx_word' id='word_1_277' title='bbox 444 4674 571 4739; x_wconf 83' lang='lat' dir='ltr'><em>Hos</em></span> <span class='ocrx_word' id='word_1_278' title='bbox 601 4693 751 4755; x_wconf 90' lang='lat' dir='ltr'><em>ergo</em></span> <span class='ocrx_word' id='word_1_279' title='bbox 780 4674 1197 4737; x_wconf 90' lang='lat' dir='ltr'><em>electissimos</em></span> <span class='ocrx_word' id='word_1_280' title='bbox 1240 4672 1530 4736; x_wconf 89' lang='lat' dir='ltr'><em>homines</em></span> <span class='ocrx_word' id='word_1_281' title='bbox 1576 4670 1769 4733; x_wconf 83' lang='lat' dir='ltr'><em>Filius</em></span> <span class='ocrx_word' id='word_1_282' title='bbox 1815 4671 1921 4733; x_wconf 91' lang='lat' dir='ltr'><em>Dei</em></span> <span class='ocrx_word' id='word_1_283' title='bbox 1952 4671 2017 4732; x_wconf 92' lang='lat' dir='ltr'><em>in</em></span> <span class='ocrx_word' id='word_1_284' title='bbox 2064 4670 2249 4732; x_wconf 88' lang='lat' dir='ltr'><em>terris</em></span> <span class='ocrx_word' id='word_1_285' title='bbox 2290 4670 2648 4745; x_wconf 82' lang='lat' dir='ltr'><em>ambulanS,</em></span> <span class='ocrx_word' id='word_1_286' title='bbox 2683 4689 2832 4734; x_wconf 91' lang='lat' dir='ltr'><em>cum</em></span> <span class='ocrx_word' id='word_1_287' title='bbox 2876 4670 3245 4735; x_wconf 90' lang='lat' dir='ltr'><em>hominibus</em></span> <span class='ocrx_word' id='word_1_288' title='bbox 3275 4693 3431 4756; x_wconf 91' lang='lat' dir='ltr'><em>quo-</em></span> <span class='ocrx_word' id='word_1_289' title='bbox 3478 4695 3724 4748; x_wconf 69' lang='lat' dir='ltr'><em>camma.</em></span> 
     </span>
     <span class='ocr_line' id='line_1_31' title="bbox 324 4761 3528 4863; baseline -0 -20"><span class='ocrx_word' id='word_1_290' title='bbox 324 4800 452 4863; x_wconf 89' lang='lat' dir='ltr'><em>que</em></span> <span class='ocrx_word' id='word_1_291' title='bbox 496 4799 905 4855; x_wconf 80' lang='lat' dir='ltr'><em>conversanS,</em></span> <span class='ocrx_word' id='word_1_292' title='bbox 940 4780 1208 4849; x_wconf 87' lang='lat' dir='ltr'><em>vocavit,</em></span> <span class='ocrx_word' id='word_1_293' title='bbox 1244 4779 1517 4859; x_wconf 90' lang='lat' dir='ltr'><em>collegit,</em></span> <span class='ocrx_word' id='word_1_294' title='bbox 1552 4777 1873 4839; x_wconf 87' lang='lat' dir='ltr'><em>instruxit.</em></span> <span class='ocrx_word' id='word_1_295' title='bbox 1900 4778 2071 4839; x_wconf 90' lang='lat' dir='ltr'><em>Inter</em></span> <span class='ocrx_word' id='word_1_296' title='bbox 2107 4795 2269 4859; x_wconf 92' lang='lat' dir='ltr'><em>quos</em></span> <span class='ocrx_word' id='word_1_297' title='bbox 2317 4795 2513 4838; x_wconf 90' lang='lat' dir='ltr'><em>unum</em></span> <span class='ocrx_word' id='word_1_298' title='bbox 2558 4776 2624 4839; x_wconf 94' lang='lat' dir='ltr'><em>in</em></span> <span class='ocrx_word' id='word_1_299' title='bbox 2667 4776 3237 4841; x_wconf 87' lang='lat' dir='ltr'><em>familiarissimum</em></span> <span class='ocrx_word' id='word_1_300' title='bbox 3283 4798 3432 4860; x_wconf 93' lang='lat' dir='ltr'><em>pue-</em></span> <span class='ocrx_word' id='word_1_301' title='bbox 3461 4761 3528 4803; x_wconf 78' lang='lat'><em>⁸⁸·</em></span> 
     </span>
     <span class='ocr_line' id='line_1_32' title="bbox 326 4881 3429 4968; baseline 0 -20"><span class='ocrx_word' id='word_1_302' title='bbox 326 4906 493 4962; x_wconf 90' lang='lat' dir='ltr'><em>rum,</em></span> <span class='ocrx_word' id='word_1_303' title='bbox 526 4887 596 4949; x_wconf 90' lang='lat' dir='ltr'><em>in</em></span> <span class='ocrx_word' id='word_1_304' title='bbox 641 4885 1076 4968; x_wconf 81' lang='lat' dir='ltr'><em>praedilectum</em></span> <span class='ocrx_word' id='word_1_305' title='bbox 1117 4883 1529 4967; x_wconf 90' lang='lat' dir='ltr'><em>discipulum,</em></span> <span class='ocrx_word' id='word_1_306' title='bbox 1564 4882 1627 4945; x_wconf 92' lang='lat' dir='ltr'><em>in</em></span> <span class='ocrx_word' id='word_1_307' title='bbox 1661 4883 2205 4965; x_wconf 89' lang='lat' dir='ltr'><em>sapientissimum</em></span> <span class='ocrx_word' id='word_1_308' title='bbox 2241 4881 2706 4962; x_wconf 87' lang='lat' dir='ltr'><em>Evangelistam</em></span> <span class='ocrx_word' id='word_1_309' title='bbox 2747 4882 2956 4964; x_wconf 90' lang='lat' dir='ltr'><em>elegit,</em></span> <span class='ocrx_word' id='word_1_310' title='bbox 2991 4884 3093 4946; x_wconf 92' lang='lat' dir='ltr'><em>cui</em></span> <span class='ocrx_word' id='word_1_311' title='bbox 3126 4891 3429 4968; x_wconf 85' lang='lat' dir='ltr'><em>tanquam</em></span> 
     </span>
     <span class='ocr_line' id='line_1_33' title="bbox 324 4989 3402 5074; baseline -0.001 -16"><span class='ocrx_word' id='word_1_312' title='bbox 324 4994 655 5058; x_wconf 84' lang='lat' dir='ltr'><em>carissimo</em></span> <span class='ocrx_word' id='word_1_313' title='bbox 696 4993 859 5067; x_wconf 90' lang='lat' dir='ltr'><em>filio,</em></span> <span class='ocrx_word' id='word_1_314' title='bbox 904 4999 1207 5074; x_wconf 89' lang='lat' dir='ltr'><em>tanquam</em></span> <span class='ocrx_word' id='word_1_315' title='bbox 1257 4990 1610 5055; x_wconf 87' lang='lat' dir='ltr'><em>castissimo</em></span> <span class='ocrx_word' id='word_1_316' title='bbox 1660 4997 1851 5073; x_wconf 90' lang='lat' dir='ltr'><em>atque</em></span> <span class='ocrx_word' id='word_1_317' title='bbox 1898 4989 2332 5071; x_wconf 90' lang='lat' dir='ltr'><em>pulcherrimo</em></span> <span class='ocrx_word' id='word_1_318' title='bbox 2379 4989 2785 5064; x_wconf 88' lang='lat' dir='ltr'><em>adolescenti,</em></span> <span class='ocrx_word' id='word_1_319' title='bbox 2835 4990 2942 5072; x_wconf 92' lang='lat' dir='ltr'><em>pio</em></span> <span class='ocrx_word' id='word_1_320' title='bbox 2990 4990 3292 5074; x_wconf 92' lang='lat' dir='ltr'><em>dulcique</em></span> <span class='ocrx_word' id='word_1_321' title='bbox 3330 4992 3402 5074; x_wconf 85' lang='lat' dir='ltr'><em>ju</em></span> 
     </span>
     <span class='ocr_line' id='line_1_34' title="bbox 324 5096 3425 5183; baseline -0.001 -18"><span class='ocrx_word' id='word_1_322' title='bbox 324 5102 499 5177; x_wconf 76' lang='lat' dir='ltr'><em>veni,</em></span> <span class='ocrx_word' id='word_1_323' title='bbox 545 5100 859 5183; x_wconf 89' lang='lat' dir='ltr'><em>ampliora</em></span> <span class='ocrx_word' id='word_1_324' title='bbox 914 5099 1157 5161; x_wconf 83' lang='lat' dir='ltr'><em>intimae</em></span> <span class='ocrx_word' id='word_1_325' title='bbox 1212 5096 1570 5161; x_wconf 89' lang='lat' dir='ltr'><em>dilectionis</em></span> <span class='ocrx_word' id='word_1_326' title='bbox 1627 5096 2083 5161; x_wconf 88' lang='lat' dir='ltr'><em>demonstravit</em></span> <span class='ocrx_word' id='word_1_327' title='bbox 2136 5096 2391 5158; x_wconf 88' lang='lat' dir='ltr'><em>indicia.</em></span> <span class='ocrx_word' id='word_1_328' title='bbox 2443 5096 2554 5158; x_wconf 87' lang='lat' dir='ltr'><em>Hic</em></span> <span class='ocrx_word' id='word_1_329' title='bbox 2611 5104 2706 5158; x_wconf 90' lang='lat' dir='ltr'><em>est</em></span> <span class='ocrx_word' id='word_1_330' title='bbox 2755 5103 3008 5158; x_wconf 89' lang='lat' dir='ltr'><em>sanctus</em></span> <span class='ocrx_word' id='word_1_331' title='bbox 3065 5098 3425 5180; x_wconf 81' lang='lat' dir='ltr'><em>ApostoluS,</em></span> 
     </span>
     <span class='ocr_line' id='line_1_35' title="bbox 323 5201 3430 5289; baseline -0.001 -17"><span class='ocrx_word' id='word_1_332' title='bbox 323 5209 479 5272; x_wconf 83' lang='lat' dir='ltr'><em>felix</em></span> <span class='ocrx_word' id='word_1_333' title='bbox 537 5206 961 5289; x_wconf 83' lang='lat' dir='ltr'><em>Evangelista‚</em></span> <span class='ocrx_word' id='word_1_334' title='bbox 1026 5222 1203 5267; x_wconf 92' lang='lat' dir='ltr'><em>sacer</em></span> <span class='ocrx_word' id='word_1_335' title='bbox 1259 5204 1553 5279; x_wconf 75' lang='lat' dir='ltr'><em>loannes,</em></span> <span class='ocrx_word' id='word_1_336' title='bbox 1611 5204 1799 5285; x_wconf 84' lang='lat' dir='ltr'><em>cujus</em></span> <span class='ocrx_word' id='word_1_337' title='bbox 1853 5203 1919 5264; x_wconf 92' lang='lat' dir='ltr'><em>in</em></span> <span class='ocrx_word' id='word_1_338' title='bbox 1983 5202 2102 5265; x_wconf 91' lang='lat' dir='ltr'><em>hoc</em></span> <span class='ocrx_word' id='word_1_339' title='bbox 2163 5219 2354 5284; x_wconf 87' lang='lat' dir='ltr'><em>opere</em></span> <span class='ocrx_word' id='word_1_340' title='bbox 2415 5201 2865 5265; x_wconf 89' lang='lat' dir='ltr'><em>elucidandum</em></span> <span class='ocrx_word' id='word_1_341' title='bbox 2928 5210 3273 5287; x_wconf 91' lang='lat' dir='ltr'><em>utcumque</em></span> <span class='ocrx_word' id='word_1_342' title='bbox 3334 5216 3430 5269; x_wconf 91' lang='lat' dir='ltr'><em>est</em></span> 
     </span>
    </p>
   </div>
   <div class='ocr_carea' id='block_1_3' title="bbox 324 5309 2408 5398">
    <p class='ocr_par' dir='ltr' id='par_1_6' title="bbox 324 5309 2408 5398">
     <span class='ocr_line' id='line_1_36' title="bbox 324 5309 2408 5398; baseline -0.004 -18"><span class='ocrx_word' id='word_1_343' title='bbox 324 5315 755 5398; x_wconf 81' lang='lat' dir='ltr'><em>evangelium,</em></span> <span class='ocrx_word' id='word_1_344' title='bbox 804 5320 993 5395; x_wconf 91' lang='lat' dir='ltr'><em>prout</em></span> <span class='ocrx_word' id='word_1_345' title='bbox 1034 5311 1309 5395; x_wconf 87' lang='lat' dir='ltr'><em>Spiritus</em></span> <span class='ocrx_word' id='word_1_346' title='bbox 1353 5312 1635 5377; x_wconf 89' lang='lat' dir='ltr'><em>veritatis</em></span> <span class='ocrx_word' id='word_1_347' title='bbox 1681 5317 1979 5393; x_wconf 80' lang='lat' dir='ltr'><em>praestare</em></span> <span class='ocrx_word' id='word_1_348' title='bbox 2021 5309 2408 5391; x_wconf 86' lang='lat' dir='ltr'><em>dignabitur.</em></span> 
     </span>
    </p>
   </div>
  </div>
 </body>
</html>
