4300 6259
836 495 953 562 124

1592 519 1945 568 mammo
1986 521 2049 566 IN
2090 519 2231 568 cAP.
2276 519 2384 566 xv!
2425 519 2615 566 LUGAE.
2659 539 2742 550 --
2782 520 2926 566 ART.
2973 521 3166 567 xxxlx

831 687 1114 764 lentiam,
1148 692 1257 754 sed
1304 693 1655 766 avaritiam,
1690 711 1799 755 seu
1847 691 2004 775 ipsis
2052 692 2327 756 deservi·
2354 690 2717 756 Aeundum
2775 692 3076 755 intuitum
3128 693 3456 757 hominum
3513 711 3627 774 ego
3680 692 3916 775 judico.

832 802 898 847 re
938 787 1203 864 divitiis,
1242 790 1625 873 reprobavit.
1658 791 2127 874 Temporalium
2171 810 2328 872 quo-

828 903 955 966 que
984 887 1317 950 affluentia
1349 908 1475 953 non
1510 891 1997 971 promittebatur
2028 890 2091 952 in
2127 889 2324 953 veteri

831 984 990 1064 lege,
1058 993 1361 1069 tanquam
1420 988 1783 1052 ultimatum
1839 1009 1913 1052 ac
1970 989 2324 1072 principale

832 1085 1162 1165 praemium
1215 1087 1547 1159 virtutum,
1600 1090 1708 1151 sed
1756 1097 2059 1170 tanquam
2108 1089 2324 1150 minus

833 1183 1185 1266 principale
1230 1193 1294 1247 et
1344 1187 1895 1251 introductorium.
1930 1187 2111 1250 Plebs
2153 1206 2329 1249 nam-

830 1299 957 1362 que
999 1282 1109 1344 illa
1145 1283 1507 1360 israelitica,
1543 1305 1658 1367 pro
1694 1286 1971 1348 maxima
2008 1286 2106 1348 sui
2149 1294 2327 1367 parte

830 1381 1101 1442 carnalis
1142 1381 1265 1444 fuit
1298 1401 1373 1445 ac
1404 1384 1579 1445 rudis
1614 1403 1627 1446 ε
1662 1384 1899 1447 idcirco
1942 1402 2053 1465 per
2083 1391 2330 1465 tempo-

832 1478 1063 1542 ralium
1115 1481 1603 1562 promissionem
1642 1483 2041 1545 alliciebatur
2078 1485 2157 1546 ad
2199 1483 2330 1564 spi-

833 1578 1085 1640 ritualia
1112 1598 1185 1641 ac
1214 1580 1449 1644 divina.
1485 1581 1827 1656 Postremo,
1859 1581 2013 1662 justi
2046 1600 2173 1645 non
2205 1600 2330 1643 ser-

835 1675 1018 1739 viunt
1075 1677 1335 1750 divitiis,
1400 1680 1507 1741 sed
1568 1679 1806 1744 divitiae
1862 1680 2153 1742 serviunt
2208 1680 2323 1754 eiS,

582 1800 606 1829 ι
643 1801 724 1838 ιιι,
793 1819 803 1829 .
833 1776 1136 1856 quoniam
1168 1777 1438 1858 implent
1468 1778 1627 1840 illud
1657 1777 2001 1841 Psalmistae
2034 1798 2047 1841 ε
2082 1779 2328 1842 Divitiae

834 1873 887 1934 si
930 1871 1224 1948 affluant,
1273 1875 1469 1937 nolite
1511 1894 1619 1937 cor
1658 1894 2000 1958 apponere.

916 1971 1223 2054 Deinceps
1274 1973 1557 2036 Christus
1612 1975 1893 2037 modesta
1951 1975 2329 2056 increpatio-

2433 791 2549 854 Per
2579 792 2800 854 isaiam
2840 810 3098 873 quoque
3136 791 3368 854 fatetur
3401 811 3415 855 :
3446 791 3582 856 Non
3618 793 3786 854 enim
3819 811 3924 855 co-
3951 809 4172 857 nanas.

2431 891 2765 972 gitationes
2795 909 2972 964 meaa,
3001 891 3408 972 cogitationes
3438 897 3680 965 vestrae,
3715 909 3922 972 neque

2435 990 2553 1054 viae
2602 1008 2778 1062 meae,
2834 990 2954 1052 viae
2999 998 3224 1052 vestrae
3277 1009 3290 1052 :
3343 990 3495 1072 quia
3542 989 3706 1052 sicut
3751 989 3922 1052 exal-

2435 1096 2650 1150 tantur
2686 1088 2832 1152 coeli
2870 1108 2907 1150 a
2944 1097 3132 1163 terra,
3168 1089 3260 1150 sic
3301 1089 3584 1152 exaltatae
3621 1097 3768 1151 sunt
3806 1089 3926 1153 viae

2435 1205 2593 1249 meoe
2629 1207 2666 1248 a
2707 1187 2826 1250 viis
2868 1187 3114 1261 vestriS,
3150 1195 3212 1249 et
3249 1186 3656 1268 cogitationes
3699 1205 3852 1250 meae
3890 1206 3929 1249 a

2436 1284 2928 1366 cogitationibus
2973 1285 3224 1349 vestris.

2505 1383 2790 1465 Denique
2819 1385 2990 1466 quod
3021 1386 3098 1447 de
3131 1384 3302 1446 vitiis
3334 1384 3574 1448 dictum
3605 1391 3712 1458 est,
3737 1384 3926 1446 etiam

2437 1484 2516 1545 de
2554 1481 2801 1544 vitiosis
2850 1483 3219 1545 hominibus
3266 1483 3470 1565 accipi
3519 1491 3743 1565 potest,
3775 1482 3931 1564 quia

2438 1579 2808 1662 frequenter
2850 1581 3162 1662 contingit
3202 1582 3373 1662 quod
3417 1582 3482 1644 hi
3524 1582 3636 1664 qui
3677 1600 3790 1644 sua
3819 1589 3930 1643 aut

2437 1679 2705 1742 aliorum
2756 1679 3089 1743 hominum
3149 1681 3546 1762 reputatione
3602 1687 3749 1742 sunt
3798 1699 3930 1741 ma-

2435 1779 2568 1858 gni,
2622 1780 2988 1860 prudenteS,
3041 1796 3153 1840 seu
3204 1778 3492 1852 virtuosi,
3546 1797 3754 1842 eoram
3801 1777 3930 1841 Deo

2365 1877 2566 1938 Bsint
2615 1876 2773 1940 viles
2832 1883 2894 1937 et
2941 1875 3176 1949 vitiosi,
3228 1876 3762 1957 quemadmodum
3813 1893 3930 1956 per

2437 1975 2590 2039 Osee
2643 1975 2946 2039 Dominus
3006 1974 3291 2056 loquitur
3339 1975 3416 2036 de
3472 1974 3852 2056 quibusdam
3907 1993 3923 2036 ε

838 2088 917 2131 ne
971 2078 1163 2151 atque
1219 2071 1456 2133 salubri
1516 2071 1963 2136 informatione
2014 2074 2326 2137 derisores

636 2180 703 2235 15
836 2167 989 2230 istos
1046 2168 1349 2232 confutat.
1410 2173 1523 2232 Vos
1577 2173 1725 2232 estis
1783 2175 1899 2252 qui
1938 2174 2329 2251 justificatis

836 2287 942 2328 vos
971 2287 1186 2329 coram
1216 2269 1606 2340 hominibus,
1641 2271 1759 2334 hoc
1788 2281 1903 2347 est,
1938 2279 2147 2335 vestra
2177 2273 2330 2334 vitia

837 2365 1133 2447 palliatiS,
1174 2375 1238 2428 et
1282 2368 1482 2430 multa
1528 2369 1695 2431 mala
1742 2369 1861 2432 sub
1910 2371 2123 2451 specie
2175 2371 2326 2435 boni

2437 2074 2606 2137 Facti
2640 2081 2790 2135 sunt
2825 2073 3307 2147 abominabiles,
3343 2073 3509 2135 sicut
3545 2091 3618 2134 ea
3653 2091 3799 2154 quae
3832 2073 3930 2135 di·
3957 2092 4178 2136 ommno.

2439 2175 2750 2236 lexerunt.
2804 2174 2874 2234 In
2935 2171 3289 2235 Proverbiis
3339 2189 3597 2252 quoque
3652 2171 3932 2234 increata
4231 2150 4233 2242 l

2439 2271 2762 2354 Sapientia
2806 2271 3031 2332 asserit
3065 2289 3078 2332 ε
3112 2270 3568 2351 Arrogantiam,
3604 2276 3666 2331 et
3709 2287 3932 2351 super·
3983 2289 4184 2332 mnu.
4231 2267 4233 2272 ’

2438 2372 2632 2446 biam,
2665 2379 2728 2433 et
2757 2369 2925 2434 viam
2964 2388 3252 2451 pravam,
3285 2377 3349 2432 et
3386 2386 3456 2432 os
3495 2367 3782 2449 bilingue
3821 2368 3932 2430 de-
3959 2353 4028 2395 ¹⁸·

565 2982 735 3024 Malui.
753 2995 807 3031 vl.

568 3270 651 3314 Ιοὸ
668 3284 747 3313 xxx

545 3335 612 3377 ¹³.

584 3659 679 3702 Jer.
696 3673 721 3702 x

547 4161 732 4214 Amonv,
748 4162 812 4203 12.

566 5274 712 5331 lflea.
729 5288 814 5326 xvi,

838 2464 1157 2546 peragitis,
1208 2473 1399 2547 atque
1450 2485 1562 2549 per
1610 2467 1969 2531 simulatam
2015 2469 2328 2551 justitiam

837 2563 1129 2645 decipitis
1168 2564 1478 2640 homineS,
1524 2565 1608 2627 ita
1658 2574 1727 2627 ut
1763 2567 1965 2646 justos
2006 2587 2117 2632 vos
2162 2568 2332 2630 arbi-

835 2667 1103 2723 trentur.
1136 2661 1305 2725 Bona
1350 2683 1607 2746 quoque
1655 2683 1800 2746 quae
1842 2665 2147 2728 videmini
2189 2685 2333 2748 age-

838 2779 927 2834 re,
962 2779 1087 2822 non
1138 2770 1396 2843 propter
1434 2762 1543 2825 Dei
1584 2763 1874 2844 gloriam,
1907 2766 2018 2827 sed
2056 2765 2138 2828 ob
2191 2784 2335 2848 pro-

841 2859 1041 2940 priam
1100 2860 1352 2922 laudcm
1410 2859 1709 2924 efficitis)
1746 2862 1973 2926 Contra
2025 2883 2188 2945 quos
2245 2865 2333 2926 ait

835 2957 1117 3021 Salvator
1163 2960 1333 3040 apud
1378 2959 1735 3022 Matthaeum
1783 2980 1797 3024 t
1838 2961 2057 3024 Videte
2104 2982 2186 3024 ne
2232 2963 2335 3044 ju-

2439 2479 2654 2534 testor.
2708 2468 2828 2531 Sed
2887 2476 2950 2530 et
3002 2467 3297 2530 simulata
3341 2468 3604 2548 aequitas
3661 2485 3786 2530 non
3833 2474 3935 2528 est

2439 2569 2725 2650 aequitas,
2769 2568 2879 2629 sed
2927 2567 3162 2648 duplex
3213 2565 3539 2648 iniquitas.
3572 2564 3744 2637 Quod
3783 2581 3936 2628 vero

2441 2686 2614 2730 nunc
2660 2667 2749 2728 ait
2786 2664 3090 2739 Salvator,
3124 2664 3297 2737 Quod
3345 2663 3545 2726 altum
3593 2670 3688 2725 est
3733 2663 3942 2727 homi·-

2441 2766 2654 2836 nibuS‚
2689 2765 2766 2826 de
2814 2762 3184 2826 hominibus
3235 2761 3596 2825 carnalibus
3642 2769 3707 2824 et
3750 2779 3944 2822 mun-

2442 2864 2646 2942 danis,
2681 2881 2807 2925 non
2848 2862 2926 2923 de
2955 2860 3324 2925 hominibus
3356 2877 3504 2922 vere
3543 2858 3939 2942 sapientibus

2440 2982 2514 3026 ac
2563 2961 2822 3036 diviniS,
2869 2959 3272 3042 potissimum
3320 2958 3803 3039 intelligendum
3839 2958 3942 3019 vi-

837 3056 1073 3118 stitiam
1104 3065 1373 3120 vestram
1413 3057 1657 3120 faciatis
1687 3079 1897 3122 coram
1940 3061 2330 3138 hominibuS,
2372 3063 2415 3126 C
2444 3064 2650 3124 detur.
2694 3060 2992 3122 Homines
3041 3058 3213 3120 enim
3260 3057 3642 3140 spirituales,
3689 3057 3942 3138 sapien-

838 3161 908 3216 ut
948 3155 1290 3218 videamini
1330 3157 1410 3219 ab
1450 3157 1562 3218 eiS.
1597 3157 1681 3219 De
1721 3159 1958 3239 quibus
1999 3159 2230 3241 legitur
2267 3160 2334 3222 in

750 3285 807 3322 v..
835 3252 948 3315 Job
975 3271 988 3315 ε
1023 3252 1433 3316 Simulatores
1465 3263 1527 3316 et
1558 3255 1767 3317 callidi
1802 3265 2145 3337 provocant
2177 3258 2332 3320 iram

837 3350 969 3412 Dei.
1006 3354 1177 3412 Deus
1224 3363 1441 3414 aulem
1488 3355 1667 3414 novit
1705 3358 1898 3416 corda
1950 3367 2182 3424 vestra,
2217 3357 2337 3419 hoo

839 3457 955 3524 est,
1008 3451 1377 3532 iniquitates
1427 3460 1664 3515 vestras
1713 3452 1977 3515 latentes
2027 3453 2336 3516 infallibi-

840 3548 984 3611 liter
1034 3549 1294 3631 inspicit
1342 3569 1355 3611 :
1406 3559 1595 3632 prout
1651 3569 1763 3632 per
1808 3551 2144 3615 Jeremiam
2195 3573 2338 3635 pro-

724 3673 809 3709 xm.
840 3655 1123 3723 testatur,
1158 3647 1221 3710 Si
1272 3649 1695 3712 occultabitur
1744 3650 1842 3712 vir
1892 3651 1957 3712 in
2006 3651 2338 3714 abscondi-

842 3746 942 3822 tis,
977 3753 1039 3808 et
1085 3764 1200 3827 ego
1250 3765 1374 3810 non
1426 3747 1655 3810 videbo
1703 3752 1896 3810 eum?
1934 3749 2110 3811 Unde
2160 3757 2224 3812 et
2270 3751 2336 3812 in

566 3855 810 3911 ineam-1,
839 3845 1023 3908 libris
1067 3844 1309 3926 Regum
1358 3845 1626 3908 habetur
1670 3865 1683 3909 :
1726 3847 1926 3910 Homo
1975 3848 2147 3911 videt
2194 3867 2339 3930 quoe

843 3953 1085 4026 parent,
1119 3943 1421 4007 Dominus
1459 3954 1671 4007 autem
1712 3945 1995 4008 intuetur
2033 3966 2162 4010 cor.
2195 3946 2339 4009 Haec

843 4049 936 4104 est
968 4042 1190 4105 notitia
1220 4042 1703 4123 reprobationiS,
1738 4045 1815 4106 de
1846 4063 1973 4126 qua
2004 4064 2119 4127 per
2146 4047 2338 4108 Amos

844 4141 1215 4222 prophetam
1258 4141 1541 4222 loquitur
1574 4141 1733 4204 Deus
1768 4162 1782 4205 ε
1819 4142 2093 4224 Cognovi
2138 4145 2340 4206 multa

2446 3169 2563 3234 teS,
2589 3158 2816 3232 divini,
2843 3175 2991 3222 vere
3020 3175 3094 3218 ac
3124 3156 3517 3220 deiformiter
3544 3155 3842 3237 judicant,
3873 3164 3941 3218 et

2447 3260 2510 3321 in
2542 3257 2885 3339 judicando
2915 3274 2983 3318 se
3015 3255 3138 3318 Deo
3165 3253 3566 3318 conformant
3598 3273 3612 3316 :
3643 3253 3794 3336 quia
3822 3272 3943 3335 per

2447 3359 2610 3421 dona
2659 3355 2934 3438 Spiritus
2981 3352 3216 3427 Sancti,
3257 3353 3494 3435 quibus
3542 3351 3715 3434 pleni
3763 3361 3937 3427 sunt,

2447 3457 2811 3536 diriguntur
2859 3452 2938 3514 ab
2987 3470 3063 3515 eo
3111 3452 3176 3513 in
3225 3450 3604 3532 judicand03
3641 3467 3758 3512 nec
3799 3469 3945 3532 pas-

2447 3555 2657 3618 siones
2695 3559 2758 3614 et
2797 3551 3103 3614 vanitates
3150 3557 3526 3631 sequuntur,
3561 3549 3670 3611 sed
3710 3548 3947 3611 habent

2449 3651 2843 3715 intellectum
2883 3649 3225 3721 sincerum,
3259 3655 3449 3728 atque
3489 3654 3824 3728 purgatum
3851 3645 3948 3708 af-

2449 3751 2709 3814 fectum.
2743 3748 2918 3810 Unde
2946 3766 3090 3828 quae
3129 3745 3382 3828 placent
3417 3744 3562 3818 Deo,
3597 3746 3846 3828 placent
3879 3755 3948 3808 et

2450 3849 2562 3922 eiS‚
2597 3854 2660 3909 et
2697 3864 2840 3928 quae
2883 3843 3226 3926 displicent
3267 3843 3412 3918 Deo,
3447 3842 3788 3924 displicent
3821 3842 3940 3904 eis,

2448 3947 2708 4029 Propter
2737 3944 2908 4027 quod
2949 3945 3026 4006 de
3065 3943 3323 4006 homine
3359 3942 3531 4023 justo
3567 3942 3654 4003 ait
3685 3941 3946 4004 Psalmi-

2450 4055 2543 4109 sta
2579 4065 2590 4108 :
2625 4045 2721 4107 Ad
2761 4043 3036 4106 nihilum
3083 4041 3392 4104 deductus
3431 4047 3524 4102 est
3567 4040 3632 4102 in
3677 4057 3944 4122 conspe-

2449 4152 2554 4207 ctu
2585 4143 2724 4225 ejus
2759 4140 3097 4221 malignus.
3130 4140 3199 4202 In
3231 4139 3395 4203 libro
3423 4156 3683 4220 quoque
3707 4138 3840 4212 Job,
3869 4139 3939 4200 in

844 4239 1083 4300 scelera
1131 4247 1359 4301 vestra.
1406 4241 1575 4308 Quia
1618 4243 1788 4320 quod
1832 4243 2202 4303 hominibus
2244 4247 2341 4304 al·
2370 4242 2420 4304 D
2449 4261 2720 4324 persona
2763 4239 2918 4322 justi
2959 4239 3106 4320 quis
3154 4239 3288 4300 ait:
3323 4237 3449 4319 Ego
3488 4237 3616 4300 vidi
3668 4237 3940 4318 impium

845 4346 982 4398 tum
1029 4347 1143 4407 est,
1187 4338 1308 4400 hoc
1355 4345 1450 4399 est
1498 4337 1575 4398 ab
1617 4339 1985 4401 hominibus
2036 4359 2336 4422 magnum

844 4443 1193 4516 reputatur,
1258 4441 1327 4496 ut
1388 4435 1683 4497 simulata
1740 4436 2007 4516 justitia,
2068 4438 2338 4519 opulen-

842 4533 928 4595 tia
968 4551 1204 4606 rerum,
1239 4540 1497 4596 ornatus
1541 4534 1836 4609 exterior,
1872 4553 2106 4618 pompa
2148 4545 2340 4618 atque

843 4630 1229 4712 prosperitas
1282 4631 1531 4704 mundi,
1580 4633 1974 4694 abominatio
2022 4644 2113 4695 est
2159 4639 2341 4714 apud

840 4733 1073 4798 Deum,
1124 4748 1237 4791 seu
1294 4737 1439 4790 ante
1492 4729 1711 4805 Deum,
1765 4730 1886 4793 hoc
1936 4740 2052 4805 est,
2107 4733 2340 4796 divinae

843 4827 1074 4890 mentis
1114 4827 1668 4909 supersapientiali
1709 4829 1951 4909 judicio
1990 4849 2226 4893 vanum
2268 4850 2342 4893 ac

844 4925 1215 4989 detestabile
1264 4932 1615 5007 reputatur,
1665 4926 1818 5008 quia
1864 4947 1901 4988 a
1948 4947 2098 4992 vera
2146 4929 2344 4992 beati-

842 5025 1067 5086 tudine
1116 5024 1404 5106 impedit,
1438 5041 1549 5085 seu
1598 5043 1633 5086 a
1677 5025 2037 5089 sinceritate
2081 5028 2345 5109 aequita-

843 5122 925 5184 tis
974 5141 1047 5184 ac
1087 5122 1366 5183 veritatis
1409 5123 1663 5184 recedit.
1700 5124 1843 5187 Ideo
1884 5125 2007 5186 alia
2051 5134 2202 5187 sunt
2245 5126 2346 5206 ju-

849 5220 1013 5283 dicia
1060 5220 1191 5295 Dei,
1234 5220 1356 5282 alia
1401 5221 1643 5302 judicia
1692 5223 2049 5285 hominum.
2084 5223 2346 5306 Propter

848 5320 1020 5400 quod
1070 5318 1136 5381 in
1187 5319 1367 5381 libris
1410 5318 1648 5400 Regum
1699 5320 1985 5403 profatur
2018 5340 2032 5385 ε
2064 5321 2202 5386 Non
2251 5341 2347 5385 se—

2449 4342 2640 4403 firma
2705 4339 2934 4412 radice,
2996 4344 3060 4398 et
3115 4336 3412 4398 maledixi
3479 4335 3942 4417 pulchritudini

2449 4440 2612 4520 ejus.
2644 4438 3090 4500 Verumtamen
3134 4453 3301 4516 saepe
3337 4433 3544 4515 decipi
3593 4441 3836 4514 queunt
3875 4434 3946 4495 in

2448 4533 3133 4618 judicando,quamdiu
3166 4533 3231 4594 in
3265 4533 3380 4594 hac
3411 4531 3540 4594 vita
3569 4531 3940 4594 subsistunt.

2450 4672 2527 4682 —
2585 4636 2802 4716 ltaque
2867 4651 3078 4696 coram
3139 4631 3261 4694 Deo
3331 4629 3947 4712 supermundissimo

2449 4731 2782 4794 sinceriter
2831 4727 3256 4802 ambulemuS,
3305 4743 3558 4791 omnem
3603 4726 3942 4790 vanitatem

2451 4829 2926 4909 versutiamque
2973 4827 3266 4900 vitanteS,
3319 4843 3529 4906 neque
3578 4823 3946 4888 hominibus

2453 4928 2704 5011 placere
2735 4925 3009 4989 inaniter
3037 4924 3440 4987 affectemus:
3461 4923 3756 4996 Quoniam
3783 4921 3948 4984 Deus
3995 4943 4070 4986 pn.
4089 4953 4142 4984 uz
4161 4939 4190 4976 ε.

2453 5026 2788 5108 dissipavit
2825 5045 2965 5089 ossa
3005 5042 3225 5087 eorum
3261 5021 3372 5104 qui
3415 5021 3780 5086 hominibus
3818 5019 3951 5102 pla·

2454 5136 2637 5208 cent3
2691 5125 2939 5189 confusi
2990 5132 3160 5198 sunt,
3213 5123 3516 5206 quoniam
3563 5121 3724 5183 Deus
3771 5137 3954 5201 spre-

2455 5227 2548 5289 vit
2577 5244 2706 5288 eOS.
2740 5224 2920 5298 Ecce,
2955 5223 3109 5305 quid
3152 5221 3522 5286 horribilius
3553 5220 3676 5282 dici
3718 5227 3948 5301 potest,

3985 4067 4058 4110 Pa.
4073 4079 4146 4114 xit,
4157 4065 4190 4104 ὁ.

3995 4256 4076 4300 ,Iob
4093 4269 4131 4302 τ,
4171 4281 4180 4291 .

2455 5341 2661 5406 quum
2693 5321 2990 5387 Salomon
3022 5321 3209 5397 dicat,
3237 5317 3576 5384 Considera
3600 5336 3792 5402 opera
3817 5316 3946 5394 Dei,
3981 5275 4202 5384 geete-m.
