4300 6259
56 1068 120 1108 22.

171 3962 238 4017 41

1123 530 1476 578 ENARRA'I'IO
1518 531 1582 577 IN
1623 532 1761 578 CAP.
1808 532 1873 578 xl
1912 532 2190 580 JOANMS.
2237 552 2318 563 —
2357 534 2499 580 ΛΒΤ.
2547 533 2742 580 XXVIII

3361 488 3486 577 487*
3564 554 3575 559 -

360 704 436 761 ei
479 705 664 763 lesus
711 724 735 763 .·
787 706 1021 765 Nonne
1067 704 1218 763 dicei
1268 705 1410 773 tibi,
1461 705 1774 784 quoniam
1821 705 1879 763 si
1910 702 1961 762 A
1990 711 2140 765 sunt
2197 705 2404 767 tonsio
2464 705 2759 786 pectoriS,
2822 704 3128 786 expansio
3192 702 3485 765 brachio—

363 804 758 873 credideris,
791 804 1035 864 videbis
1055 806 1338 881 yloriam
1372 806 1494 865 Dei
1514 806 1544 864 ?
1573 804 1755 885 quasi
1787 803 1880 865 di-

367 906 474 961 cat
509 919 524 962 :
565 899 708 963 Noli
748 909 1010 983 propter
1045 901 1354 983 temporis
1396 901 1878 963 diuturnitatem

91 1002 330 1053 jhm-¹1-
369 997 703 1081 diffidere,
734 999 1040 1081 quoniam
1090 1000 1306 1063 omnia
1354 999 1684 1082 possibilia
1732 1007 1882 1061 sunt

371 1098 688 1161 credenti.
722 1098 1072 1161 Dicendum
1113 1117 1285 1179 ergo,
1328 1100 1499 1180 quod
1540 1099 1684 1160 licet
1724 1098 1882 1159 Mar-

371 1196 486 1258 tha
539 1196 730 1278 paulo
775 1204 923 1258 ante
981 1196 1342 1271 crediderit,
1395 1204 1606 1258 tamen
1655 1197 1878 1259 videns

366 1303 756 1377 apparatum
825 1295 1113 1381 rei‘tam
1180 1295 1566 1357 admirandae
1624 1294 1875 1370 fiendae,

363 1394 772 1476 jamjamque
813 1401 1212 1476 praesentem,
1250 1413 1432 1476 passa
1470 1401 1566 1455 est
1597 1394 1878 1475 aliquem

371 1501 620 1555 motum
661 1492 1084 1555 haesitationis
1137 1511 1266 1573 prae
1309 1492 1749 1565 admiratione,
1786 1510 1881 1553 ra-

371 1591 566 1653 ritate
612 1598 676 1653 et
724 1590 1010 1652 inaudita
1050 1590 1194 1653 talis
1239 1589 1530 1653 miraculi
1577 1590 1874 1665 novitate,

373 1690 506 1753 imo
565 1697 628 1752 et
687 1708 819 1772 prae
866 1689 1230 1753 vehementi
1288 1690 1604 1752 desiderio
1662 1696 1731 1750 ut
1786 1688 1880 1750 sic

373 1790 588 1851 fieret.
631 1788 734 1851 Sic
785 1806 1018 1870 nempe
1065 1789 1354 1851 accidere
1401 1788 1561 1850 solet
1606 1786 1881 1849 homini-

1992 821 2157 875 rum‚
2192 803 2427 864 erectio
2468 803 2868 865 ocur-*⁸⁸²*
2887 822 3050 853 *ωτι
3076 809 3298 867 ,tamen
3342 802 3481 863 sine

1991 899 2352 962 rationabili
2396 919 2584 963 causa
2630 896 2784 962 im„
2810 950 2892 967 ..-

1990 998 2182 1061 blico.
2258 998 2699 1061 Verumtamen
2772 999 3039 1062 elevatio
3109 998 3481 1080 hujusmodi

1989 1097 2323 1160 oculorum
2372 1098 2463 1159 nil
2511 1098 2780 1160 contulit
2827 1098 3072 1160 Christo
3120 1098 3197 1159 ad
3251 1096 3483 1159 mentis

1991 1195 2347 1277 profectum
2389 1214 2499 1257 seu
2538 1197 2923 1259 erectionem
2968 1196 3033 1258 in
3065 1196 3284 1269 Deum,
3328 1213 3489 1277 quo-

1992 1294 2164 1355 niam
2214 1294 2426 1356 anima
2474 1294 2703 1356 Christi
2756 1313 2880 1358 non
2932 1293 3201 1376 profecit
3240 1294 3305 1355 in
3346 1293 3487 1356 tali-

1990 1392 2132 1465 buS,
2174 1393 2282 1454 sed
2324 1412 2361 1454 a
2408 1393 2724 1475 principio
2768 1412 2899 1456 suae
2946 1392 3282 1456 creationis
3328 1392 3486 1455 vidit

1989 1490 2187 1552 Deum
2233 1509 2346 1573 per
2388 1492 2690 1573 speciem.

2069 1592 2295 1659 Pater,
2320 1591 2571 1666 ,qratias
2608 1610 2725 1667 ayo
2767 1591 2909 1657 tibi,
2941 1590 3253 1669 quoniam
3293 1591 3486 1650 audi-

1987 1688 2072 1747 sti
2109 1708 2232 1755 me,
2274 1687 2337 1749 id
2378 1695 2493 1759 est,
2526 1687 2875 1750 orationem
2915 1704 3121 1749 meam
3165 1686 3481 1749 internam

1990 1803 2101 1846 seu
2136 1785 2521 1847 desiderium
2553 1803 2668 1867 pro
2697 1785 2909 1847 Lazari
2944 1784 3353 1848 suscitatione
3384 1804 3486 1847 ac-

3102 908 3216 963 ·ent
3254 900 3319 962 in
3364 919 3483 981 pu-

373 1888 522 1958 bus,
565 1906 642 1949 ex
693 1888 970 1969 quadam
1010 1886 1337 1949 debilitate
1385 1886 1671 1949 rationis.
1706 1886 1879 1948 Unde
1917 1886 1964 1949 B
1990 1887 2278 1968 ceptasti,
2321 1894 2383 1947 et
2432 1886 2587 1948 mihi
2638 1885 2930 1948 revelasti
2979 1887 3149 1966 quod
3199 1883 3483 1948 facturus

371 1994 439 2049 et
486 1986 766 2048 multum
815 1986 955 2048 laeta
1003 1985 1110 2047 vix
1168 1985 1554 2065 creduntur3
1607 1991 1668 2045 et
1724 2002 1880 2065 quo-

373 2087 532 2150 tidie
589 2085 982 2168 experimur,
1033 2086 1206 2167 quod
1264 2085 1416 2147 licet
1474 2083 1878 2145 narrantibus

374 2203 672 2266 magnam
723 2184 1208 2266 prosperitatem
1258 2182 1622 2245 adfuturam
1665 2182 1880 2245 creda-

377 2304 544 2357 muS,
583 2291 791 2345 tamen
842 2301 1044 2364 quum
1099 2281 1164 2343 in
1208 2282 1500 2363 proximo
1539 2288 1634 2343 est
1674 2288 1742 2341 ut
1785 2280 1876 2342 sic

374 2383 650 2457 eveniat,
688 2382 980 2445 haesitare
1023 2381 1393 2463 incipimus.

456 2482 627 2543 Dixit
675 2498 826 2561 ergo
872 2478 1052 2541 Iesus
1099 2478 1354 2542 Marthae
1406 2496 1420 2541 :
1473 2477 1694 2541 Nonne
1747 2478 1876 2540 dixi

375 2581 517 2655 tibi,
569 2579 875 2661 quoniam
937 2578 990 2640 si
1041 2578 1386 2641 credideris
1437 2576 1734 2651 firmiter,
1787 2577 1878 2639 vi-

374 2680 557 2743 debis
612 2677 884 2759 gloriam
941 2676 1075 2751 Dei,
1125 2677 1200 2739 ·id
1261 2684 1357 2737 est
1411 2676 1761 2755 gloriosum
1817 2683 1880 2737 et

373 2777 835 2842 miraculosum
888 2775 1123 2840 divinae
1174 2774 1500 2858 potestatis
1546 2772 1874 2849 effectum,

373 2876 680 2942 videlicet
715 2874 929 2937 fratris
967 2874 1063 2937 tui
1102 2872 1619 2948 vivificationem,
1655 2874 1720 2935 in
1750 2892 1880 2953 quo

373 2976 597 3040 div-ina
644 2972 942 3054 majestas
989 2979 1368 3053 agnoscetur
1415 2990 1488 3033 ac
1541 2970 1881 3035 honorabi-

1990 1984 2076 2046 sis
2127 1984 2191 2046 id
2250 1984 2422 2066 quod
2481 1991 2651 2065 opto.
2702 1984 2837 2047 Non
2896 1984 3129 2064 legitur
3178 1983 3295 2047 hoc
3344 1984 3483 2047 loco

1984 2082 2165 2145 Jesus
2204 2100 2417 2146 orasse
2455 2082 2756 2164 explicite
2794 2102 2809 2153 ;
2854 2084 2962 2144 sed
3004 2082 3157 2163 quia
3205 2100 3273 2144 se
3318 2100 3488 2144 asse-

1991 2182 2072 2244 rit
2119 2180 2509 2255 exauditum,
2560 2188 2805 2242 certum
2856 2188 2950 2243 est
3001 2181 3173 2263 quod
3222 2181 3482 2244 mentali

1988 2281 2212 2344 saltem
2271 2298 2460 2362 prece
2520 2281 2892 2362 deprecatus
2941 2280 3023 2341 sit
3076 2279 3317 2342 Patrem
3369 2298 3484 2361 pro

1988 2380 2217 2442 Lazaro
2248 2378 2631 2441 suscitando.
2668 2377 2962 2441 Perhibet
2992 2396 3250 2459 quoque
3279 2396 3347 2440 se
3376 2397 3487 2441 au-

1989 2478 2217 2552 ditum,
2271 2494 2397 2539 non
2451 2477 2621 2557 quod
2675 2474 2943 2539 effectus
3002 2476 3305 2558 impletus
3364 2484 3479 2552 est,

1991 2578 2101 2639 sed
2140 2576 2443 2660 quoniam
2485 2575 2872 2638 certificatus
2915 2575 3039 2637 fuit
3078 2577 3155 2638 de
3193 2576 3334 2657 ejus
3374 2576 3486 2639 im-

1990 2675 2291 2758 pletione.
2328 2673 2401 2735 Et
2435 2674 2666 2754 gratias
2704 2674 2832 2755 agit
2870 2674 3057 2747 Patri,
3093 2676 3325 2738 docens
3368 2693 3483 2738 nos

1989 2773 2205 2838 omnia
2250 2772 2415 2835 bona
2462 2772 2589 2836 Deo
2638 2792 2783 2835 cum
2825 2773 3055 2835 humili
3096 2792 3169 2835 ac
3207 2772 3481 2836 ferventi

1986 2873 2334 2956 gratiarum
2370 2871 2616 2934 actione
2652 2871 3012 2933 adscribere
3047 2890 3060 2935 :
3098 2872 3269 2953 quod
3308 2872 3360 2935 si
3392 2870 3485 2933 fe-

1990 2971 2289 3045 cerimus,
2323 2968 2637 3031 beneficia
2678 2969 2991 3051 ampliora
3031 2969 3479 3052 suscipiemus.

373 3079 526 3139 tur?
568 3072 712 3136 Haec
757 3072 950 3135 verba
998 3071 1284 3134 Christus
1333 3089 1460 3133 non
1503 3070 1734 3150 legitur
1779 3089 1881 3131 su-
1916 3073 1960 3137 C
2069 3069 2373 3132 Praeterea
2421 3069 2628 3150 palam
2667 3075 2782 3141 est,
2817 3069 2988 3149 quod
3025 3068 3257 3149 gratias
3300 3086 3485 3149 agere

377 3193 494 3256 pra
535 3172 776 3235 dixisse
811 3170 890 3232 ad
928 3169 1254 3243 Martham,
1288 3177 1602 3249 quantum
1640 3169 1717 3230 ad
1755 3167 1881 3230 for-

376 3292 549 3336 mam
620 3269 988 3343 verborum,
1059 3277 1268 3331 tamen
1341 3267 1549 3349 quoad
1618 3286 1878 3329 sensum

377 3370 650 3455 protulit
687 3386 778 3443 ea,
812 3368 1098 3443 dicendo,
1133 3366 1436 3447 Resurget
1473 3363 1667 3427 frater
1704 3373 1874 3441 tuuS,

375 3479 538 3551 etc.;
575 3475 639 3531 et
671 3474 816 3550 post
855 3484 1078 3548 pauca,
1113 3464 1330 3528 Credis
1373 3464 1528 3527 hoc?
1559 3463 1682 3527 Nos
1720 3482 1881 3545 quo-

373 3586 526 3652 que,
573 3567 626 3629 si
671 3565 803 3628 fide
845 3564 1116 3627 formata
1164 3564 1624 3625 crediderimus
1669 3580 1880 3644 perse-

376 3674 695 3741 veranter,
731 3663 1092 3728 videbimus
1140 3662 1432 3744 gloriam,
1481 3662 1542 3723 id
1592 3669 1688 3723 est
1735 3662 1878 3723 bea-

373 3766 724 3829 titudinem
753 3762 860 3824 Dei
894 3764 959 3824 in
994 3762 1218 3843 patria,
1252 3761 1382 3824 imo
1420 3760 1876 3821 beatitudinem

377 3864 610 3927 merito
653 3856 810 3924 fidei
854 3860 1220 3923 sortiemur.

467 3966 788 4025 Tulerunt
823 3979 971 4036 erqo
1006 3959 1293 4035 lapidem
1331 3958 1408 4019 de
1445 3963 1872 4019 monumento.

375 4065 562 4123 ,Iesus
589 4069 805 4120 autem
837 4058 1102 4118 elevatis
1131 4076 1392 4116 sursum
1420 4055 1646 4123 oculi&
1675 4056 1873 4115 dixit.

379 4160 506 4223 Cur
555 4157 774 4221 oculos
832 4156 899 4218 in
959 4155 1151 4218 coelos
1203 4154 1478 4216 levavit?
1527 4152 1757 4226 Primo,
1809 4160 1881 4215 ut

1989 3175 2051 3229 et
2081 3185 2261 3229 orare
2299 3165 2679 3229 conveniant
2708 3165 2955 3229 Christo
2994 3166 3347 3228 secundum
3378 3186 3486 3229 na-

1990 3275 2195 3329 turam
2233 3273 2647 3346 assumptam.
2682 3263 2800 3327 Sed
2841 3283 3042 3346 quum
3075 3264 3360 3327 Christus
3401 3266 3485 3328 sit

1991 3382 2140 3427 vere
2198 3363 2623 3444 omnipotenS,
2682 3369 2987 3443 tanquam
3049 3380 3235 3425 verus
3292 3362 3479 3438 DeuS,

1990 3481 2105 3524 cur
2135 3462 2487 3523 secundum
2525 3461 2695 3542 quod
2735 3460 2948 3535 hom0,
2983 3459 3227 3522 Patrem
3272 3461 3483 3542 potius

1989 3560 2215 3635 oravit,
2269 3577 2461 3640 quam
2522 3576 2591 3619 se
2650 3558 2861 3640 ipsum
2912 3559 3264 3620 secundum
3312 3559 3485 3640 quod

1991 3660 2152 3720 Deus
2195 3660 2333 3719 est?
2376 3656 2721 3718 Dicendum
2769 3657 2941 3737 quod
2989 3656 3153 3729 ideo,
3188 3662 3260 3717 ut
3306 3675 3487 3720 mon-

1988 3763 2214 3819 straret
2262 3773 2329 3817 se
2375 3773 2412 3815 a
2458 3754 2581 3817 Deo
2634 3753 2810 3815 Patre
2872 3753 3107 3816 habere
3164 3754 3485 3836 quidquid

1987 3854 2178 3917 habet
2224 3860 2286 3915 et
2332 3860 2449 3925 est,
2492 3861 2555 3914 et
2600 3852 2770 3934 quod
2815 3852 2883 3913 in
2922 3851 3099 3913 Patre
3142 3851 3225 3914 sit
3270 3860 3485 3917 aucto-

1987 3954 2160 4015 ritas.
2220 3952 2339 4014 Sed
2398 3957 2550 4013 tunc
2609 3970 2828 4013 rursus
2885 3951 3305 4032 quaerendum
3360 3962 3477 4025 est,

1986 4051 2305 4133 quomodo
2337 4049 2621 4112 Christus
2651 4049 2854 4111 oravit
2886 4067 3000 4131 pro
3029 4048 3337 4112 faciendis
3370 4050 3481 4113 mi-

1987 4149 2243 4229 raculiS,
2275 4148 2629 4210 secundum
2677 4148 2847 4228 quod
2895 4148 3084 4211 homo
3128 4155 3244 4222 est,
3275 4167 3479 4229 quum

381 4256 748 4321 ostenderet
795 4273 862 4316 se
913 4253 1186 4335 operari,
1241 4270 1366 4315 non
1423 4258 1556 4313 arte
1611 4250 1874 4331 magica,
1909 4256 1962 4319 D
1989 4248 2166 4310 Pater
2206 4246 2449 4309 dederit
2488 4246 2702 4309 omnia
2740 4246 2805 4307 in
2848 4264 3041 4308 manu
3078 4246 3242 4326 ejuS,
3278 4253 3351 4307 ut
3388 4247 3483 4309 di·
3532 4269 3769 4320 loma...

379 4356 494 4417 sed
523 4371 648 4436 ope
677 4352 914 4415 divina.
950 4349 1262 4425 Secundo,
1297 4356 1368 4410 ut
1396 4348 1579 4411 nobis
1609 4347 1878 4411 formam
1989 4353 2163 4408 ctum
2212 4352 2327 4419 est,
2362 4352 2423 4406 et
2474 4343 2639 4406 infra
2688 4343 2954 4417 dicetur,
2988 4342 3223 4406 Dedisti
3264 4343 3323 4405 ei
3369 4363 3481 4426 po—
3509 4335 3753 4438 mmm·

381 4455 562 4517 daret
610 4450 855 4525 orandi,
909 4448 1208 4513 videlicet
1261 4456 1328 4507 ut
1374 4448 1591 4511 oculos
1649 4446 1880 4508 mentis
1989 4451 2278 4506 testatem
2345 4443 2552 4505 omnis
2620 4442 2850 4504 carnis.
2922 4442 3476 4524 Respondendum,
3508 4458 3551 4499 2.
3760 4427 3770 4446 '

380 4552 710 4615 elevemus
759 4549 826 4610 in
877 4548 1074 4609 Deum
1124 4564 1238 4628 per
1281 4544 1881 4627 contemplationem
1990 4543 2161 4625 quod
2194 4540 2462 4621 Christo,
2486 4540 2675 4602 etiam
2707 4540 3059 4602 secundum
3090 4548 3484 4621 assumptam

381 4657 448 4712 et
495 4648 928 4720 dilectionem,
985 4653 1233 4706 terrena
1290 4650 1350 4704 et
1407 4642 1735 4705 sensibilia
1790 4661 1884 4704 re-
1991 4640 2704 4714 humanitatem,datum
2729 4647 2825 4700 est
2852 4638 3140 4701 omnium
3173 4645 3487 4701 creatura-

381 4746 761 4830 linquendo‚
795 4743 1075 4825 fortique
1113 4749 1340 4805 conatu
1381 4741 1616 4804 divinis
1649 4758 1885 4803 memo-
1993 4759 2133 4801 rum
2174 4737 2529 4801 dominium
2580 4746 2643 4799 et
2690 4737 3144 4799 miraculorum
3183 4743 3482 4818 potestaS‚

387 4848 544 4909 riter
574 4843 949 4906 insistendo.
981 4842 1157 4903 Unde
1198 4841 1262 4901 in
1294 4839 1561 4901 Threnis
1597 4840 1877 4901 dicitur:
1991 4839 2070 4901 ab
2121 4836 2573 4899 incarnationis
2618 4834 2975 4917 principi03
3024 4833 3224 4897 nihilo
3272 4835 3485 4897 minus

128 4962 358 5011 riman.
383 4944 702 5009 Levemus
752 4941 940 5005 corda
996 4947 1211 5003 nostra
1267 4958 1414 5001 cum
1461 4938 1756 5000 manibus
1804 4938 1882 4999 ad
1995 4942 2270 5019 potestas
2312 4934 2431 4995 ista
2478 4933 2602 4994 fuit
2639 4933 2703 4995 in
2746 4932 2993 4995 Christo
3032 4940 3101 4993 ut
3139 4932 3328 4996 homo
3367 4941 3482 5007 est,

99 5026 164 5067 ⁴¹·
387 5044 590 5105 Deum
631 5041 697 5103 in
738 5040 952 5103 coelos.
989 5038 1219 5112 Tertio,
1257 5045 1326 5098 ut
1364 5038 1429 5100 in
1472 5038 1710 5100 orando
1753 5036 1886 5098 lau·
1995 5044 2299 5115 tanquam
2328 5032 2393 5092 in
2426 5050 2614 5093 causa
2644 5029 3135 5105 instrumentali‚
3160 5038 3225 5093 et
3254 5031 3489 5112 depen-

392 5142 733 5221 dandoque
771 5138 991 5213 Deum,
1027 5144 1280 5199 utamur
1320 5135 1505 5199 bonis
1554 5136 1886 5198 industriis
1997 5133 2185 5197 debat
2224 5150 2261 5192 a
2302 5129 2535 5192 virtute
2576 5129 2771 5191 Patris
2820 5146 2933 5191 seu
2974 5127 3319 5203 TrinitatiS,
3353 5136 3491 5191 tan-

389 5241 470 5303 ad
525 5236 1006 5320 acquirendam,
1069 5235 1565 5297 conservandam
1625 5252 1735 5296 seu
1794 5235 1890 5296 in-
1995 5249 2189 5314 quam
2233 5248 2270 5292 a
2312 5247 2501 5291 causa
2545 5226 2885 5310 principali
2928 5246 3002 5289 ac
3050 5234 3465 5290 conservante

391 5337 852 5401 flammandam
879 5332 1277 5398 devotionem
1309 5330 1798 5411 conferentibus,
1819 5339 1891 5394 ut
1999 5333 2145 5395 Ideo
2192 5328 2437 5391 Patrem
2491 5326 2715 5402 oravit,
2768 5344 2897 5390 non
2956 5326 3127 5409 quod
3185 5332 3490 5409 potestate
