4300 6259
840 479 960 544 346

1650 500 2001 549 numano
2041 500 2107 548 m
2146 500 2287 548 cn.
2333 500 2396 548 lv
2437 500 2714 549 JoANms.
2757 521 2838 532 -·-
2879 501 3022 548 Aur.
3067 500 3132 548 xl

840 672 1069 746 cundo,
1132 673 1287 734 dans
1343 673 1709 755 exemplum
1768 672 2051 755 fugiendi
2120 691 2337 755 perse-
2363 651 2598 736 A'dum
2629 681 2725 736 est
2755 673 3096 755 ingressuS.
3115 671 3376 754 Propter
3405 671 3575 753 quod
3605 669 3929 733 subditur:

838 778 1107 850 quentes
1140 790 1253 853 pro
1285 771 1443 846 loco,
1478 791 1664 834 causa
1693 780 1757 834 et
1794 781 2099 855 tempore,
2132 791 2336 853 quan-

840 869 920 931 do
962 869 1257 932 videlicet
1306 871 1516 953 potius
1566 873 1822 953 expedit
1868 871 2089 953 fugere
2138 890 2330 953 quam

575 976 745 1020 Manu.
769 991 811 1029 x.
842 985 1117 1029 manere.
1170 967 1345 1030 Unde
1400 976 1463 1031 et
1510 969 1663 1031 alibi
1722 969 2007 1051 loquitur
2058 987 2072 1032 ε
2125 968 2330 1042 Quum

546 1041 615 1084 ²³⁰
842 1067 1157 1147 persecuti
1196 1086 1305 1130 vos
1356 1066 1595 1130 fuerint
1643 1068 1707 1130 in
1761 1088 1885 1130 una
1924 1069 2201 1142 civitate,
2235 1067 2334 1129 fu-

835 1165 965 1244 gite
1032 1165 1097 1226 in
1164 1165 1374 1228 aliam.
1438 1166 1667 1242 Tertio,
1728 1168 1806 1229 ad
1876 1167 2330 1230 insinuandum

835 1265 1005 1345 quod
1039 1263 1299 1345 ingratis
1331 1283 1497 1347 saepe
1526 1265 2029 1328 subtrahendum
2070 1272 2166 1327 est
2195 1284 2334 1328 ver-

837 1360 992 1423 bum
1058 1362 1189 1436 Dei,
1256 1371 1515 1445 propter
1572 1364 2011 1445 indignitatem
2072 1363 2328 1427 illorum

837 1467 901 1520 et
948 1460 1364 1523 reverentiam
1414 1462 1593 1526 verbi
1654 1463 1879 1537 divini,
1932 1481 2013 1525 ne
2061 1463 2334 1545 vilipen-

666 1579 749 1617 -·x.
796 1559 1041 1620 -datur.
1084 1557 1345 1642 Propter
1390 1563 1561 1642 quod
1612 1561 1905 1625 Salomon
1954 1561 2115 1624 dixit
2158 1580 2171 1623 :
2214 1560 2330 1634 Qui

838 1657 1048 1719 erudit
1076 1659 1440 1734 derisorem,
1478 1660 1614 1742 ipse
1652 1660 1775 1722 sibi
1815 1660 2117 1741 injuriam
2153 1659 2326 1722 facit.

644 1765 747 1806 cci·
838 1754 915 1816 Et
960 1757 1167 1820 denuo
1215 1758 1303 1820 ait
1351 1757 1725 1841 Scriptura:
1762 1759 1877 1821 Ubi
1918 1778 2042 1821 non
2091 1767 2188 1820 est
2223 1777 2334 1821 au-

840 1855 1031 1929 ditus,
1094 1875 1220 1918 non
1278 1856 1572 1919 effundas
1626 1876 2007 1920 sermonem.
2070 1856 2332 1940 Propter

840 1953 1115 2016 similem
1165 1974 1441 2028 causam,
1487 1955 1715 2018 Paulus
1765 1964 1827 2019 et
1876 1955 2190 2018 Barnabas
2240 1974 2334 2018 re-

839 2050 1163 2132 liquerunt
1209 2053 1475 2128 JudaeOS,
1528 2062 1599 2117 ut
1645 2054 1711 2116 in
1760 2053 2021 2116 Actibus
2070 2054 2334 2136 Aposto-

640 2171 663 2200 c
723 2171 807 2208 xm.
840 2147 1046 2212 lorum
1104 2150 1371 2213 habetur
1422 2171 1436 2214 z
1490 2152 1680 2214 Vobis
1737 2151 2067 2234 oportebat
2125 2152 2333 2233 primo

841 2246 1017 2329 loqui
1076 2250 1342 2312 verbum
1404 2250 1563 2330 Dei3
1623 2251 1733 2313 sed
1792 2251 1944 2331 quia
2006 2250 2332 2332 repulistis

839 2345 1020 2421 illud,
1056 2348 1486 2412 convertimur
1528 2351 1603 2411 ad
1646 2356 1886 2430 gentes,

922 2449 1008 2507 Et
1056 2448 1221 2508 abiit
1269 2451 1505 2510 iterum
1557 2450 1627 2508 in
1682 2450 2049 2516 Galilaeam,
2081 2448 2160 2510 de
2205 2466 2334 2528 qua

842 2553 1026 2607 natus
1074 2545 1219 2620 fuit,
1254 2553 1317 2608 et
1354 2566 1391 2608 a
1436 2565 1563 2628 qua
1609 2546 1768 2608 abiit
1809 2547 2015 2629 primo
2056 2546 2121 2608 in
2160 2546 2334 2608 Jeru-

664 2645 700 2700 4
840 2643 1059 2704 salem.
1096 2647 1431 2722 Oportebat
1467 2655 1685 2706 autem
1722 2666 1869 2706 eum
1912 2647 2196 2706 transire
2211 2665 2334 2724 per

841 2744 1123 2803 mediam
1182 2745 1586 2812 Samariam,
1648 2743 1710 2806 id
1772 2751 1869 2805 est
1926 2761 2040 2826 per
2097 2750 2328 2806 terram

573 2848 681 2891 Luc·
713 2838 1155 2915 xv1=‚Samariae‚
1189 2860 1333 2922 quae
1374 2841 1539 2903 inter
1582 2842 1858 2905 Judaeam
1908 2849 1970 2904 et
2014 2841 2332 2905 Galilaeam

842 2939 961 3000 sita
990 2938 1016 2999 Ι·
1020 2939 1113 3000 uit
1146 2957 1160 3002 :
1196 2939 1417 3021 sicque
1445 2958 1522 3002 ex
1552 2941 1966 3021 congruentia
1995 2940 2134 3016 viae,
2153 2959 2334 3023 opor-

2429 775 2635 851 juoeta
2658 775 3016 852 praedium,
3047 771 3110 834 id
3141 777 3236 833 est
3263 789 3508 852 agrum,
3533 769 3644 851 qui
3675 767 3798 830 fuit
3829 787 3936 830 ex-

2444 878 2540 933 tra
2577 880 2640 934 et
2683 890 2883 954 prope
2922 871 3086 932 hanc
3124 869 3368 946 urbem,
3399 872 3573 948 quod
3616 867 3930 949 praedium

2441 974 2622 1034 dedic
2646 973 2839 1035 Jacob
2870 971 3145 1033 moriens
3171 971 3401 1046 Ioseph
3419 969 3560 1046 filio
3587 987 3722 1028 suo.
3759 966 3932 1028 Unde

2443 1068 2507 1131 in
2560 1069 2782 1133 Genesi
2825 1070 2913 1132 ait
2954 1070 3031 1132 ad
3079 1067 3312 1150 Joseph
3348 1086 3361 1129 :
3395 1066 3483 1129 Do
3525 1065 3645 1127 tibi
3687 1072 3927 1147 partem
3963 1081 4222 1130 omnm,
4272 1095 4273 1148 }

2443 1187 2633 1230 unam
2663 1175 2840 1231 extra
2869 1167 3094 1231 fratres
3127 1177 3288 1239 tuoS,
3321 1184 3515 1248 quam
3549 1164 3662 1226 tuli
3695 1164 3772 1226 de
3801 1183 3932 1225 ma-
3963 1146 4034 1186 Ἀ
4272 1149 4273 1164 ’

2441 1288 2530 1330 nu
2561 1268 2909 1332 Amorrhaei
2941 1269 3006 1330 in
3035 1267 3244 1349 gladio
3283 1272 3346 1327 et
3381 1283 3533 1326 arcu
3573 1281 3735 1327 meo.
3769 1263 3929 1326 Urbs

2442 1368 2562 1429 ista
2617 1367 2846 1430 cecidit
2902 1365 3100 1428 tribui
3148 1364 3446 1427 Manassae
3493 1363 3618 1425 filii
3672 1361 3926 1444 loseph.
3977 1376 4119 1418 :me
4137 1389 4220 1424 xm.

2443 1469 2610 1528 Erat
2635 1476 2846 1527 autem
2880 1468 2998 1538 ibi,
3029 1465 3210 1546 juxta
3239 1463 3548 1546 praedium
3579 1462 3772 1534 istud,
3783 1463 3932 1538 fons
3963 1441 4008 1481 ⁷·
4083 1493 4119 1548 6

2437 1567 2656 1634 Jacob,
2697 1565 2760 1627 id
2807 1571 2904 1626 est
2949 1571 3178 1646 puteus
3226 1579 3420 1645 quem
3463 1560 3688 1622 habuit
3718 1559 3930 1634 Jacob,

2441 1663 2697 1746 quando
2726 1662 3034 1725 habitavit
3061 1661 3241 1742 juxta
3269 1660 3442 1722 hunc
3471 1659 3704 1733 locum,
3737 1676 3938 1740 quan-

2442 1764 2522 1825 do
2551 1761 2849 1825 videlicet
2875 1779 2910 1823 a
2937 1759 3384 1842 Mesopotamia
3421 1759 3544 1820 fuit
3581 1775 3930 1838 regressus.
3967 1769 4220 1814 catum.

2371 1859 2415 1920 B
2521 1860 2708 1924 lesus·
2725 1869 2944 1921 autem
2973 1861 3297 1937 fatiyatus
3323 1878 3404 1918 em
3443 1859 3703 1925 itinere,
3745 1856 3813 1918 id
3841 1862 3936 1918 est
3971 1832 4114 1874 ψῃ·

2444 1958 2752 2022 laboriosa
2794 1958 2913 2021 viae
2955 1957 3406 2020 ambulatione.
3461 1953 3536 2017 Et
3581 1955 3936 2016 secundum

2441 2057 2866 2137 Augustinum
2898 2057 2964 2118 in
2997 2055 3264 2138 epistola
3291 2056 3369 2118 ad
3399 2053 3784 2130 Dioscorum,
3809 2059 3941 2115 tan-

2443 2163 2505 2218 ta
2535 2155 2660 2217 fuit
2695 2154 2773 2217 ab
2819 2155 3079 2219 exordio
3123 2152 3576 2217 incarnationis
3613 2151 3942 2214 beatitudo

2443 2254 2672 2318 animae
2719 2253 2975 2328 Christi,
3029 2255 3200 2335 quod
3251 2251 3374 2314 nisi
3419 2250 3639 2314 divina
3682 2250 3940 2332 dispen-

2445 2352 2688 2415 satione
2727 2351 2990 2415 dilatum
3021 2351 3271 2426 fuisset,
3307 2349 3624 2432 praedictae
3669 2347 3940 2411 beatitu-

2444 2451 2611 2514 dinis
2645 2451 3064 2513 redundantia
3091 2457 3265 2512 tanta
3301 2449 3529 2512 fuisset
3567 2448 3632 2510 in
3673 2465 3940 2529 corpore

2443 2549 2696 2622 Christi,
2751 2549 2930 2631 quod
2981 2548 3198 2630 ipsum
3253 2547 3333 2610 ab
3391 2547 3569 2610 omni
3631 2565 3822 2629 poena
3876 2553 3942 2608 et

2442 2655 2644 2710 morte
2675 2653 3131 2730 praeservasset.
3165 2645 3383 2708 Omnis
3413 2662 3563 2726 ergo
3593 2643 3940 2727 corporalis

2443 2746 2725 2809 desectus
2781 2753 2844 2807 et
2899 2745 3110 2828 passio
3167 2744 3450 2826 corporis
3499 2743 3754 2818 Christi,
3817 2742 3942 2805 fuit

2440 2844 2932 2927 dispensationis
2962 2843 3214 2916 divinae,
3241 2861 3367 2906 non
3399 2841 3793 2905 necessitatis
3823 2841 3944 2903 hu-

2440 2961 2666 3006 manae.
2718 2942 2954 3004 Esuriit
3003 2942 3216 3022 igitur,
3271 2941 3491 3015 sitivit,
3539 2941 3832 3004 aestuavit
3877 2947 3944 3002 et

841 3037 986 3116 tuit,
1047 3037 1109 3099 id
1170 3048 1264 3101 est
1320 3039 1704 3102 conveniens
1763 3038 1906 3113 fuit,
1966 3039 2178 3102 Jesum
2239 3040 2331 3102 ire
2367 3041 2410 3106 C
2441 3042 2736 3123 fatigatus
2767 3050 2863 3104 est
2889 3040 3090 3116 Jesus,
3131 3059 3257 3105 non
3289 3059 3366 3103 ex
3397 3039 3794 3113 necessitate,
3829 3040 3942 3102 sed

841 3153 956 3217 per
1004 3143 1233 3198 terram
1284 3137 1511 3218 illam3
1564 3139 1671 3200 sed
1731 3139 1900 3220 quod
1962 3157 2088 3201 non
2147 3157 2334 3220 opor-

840 3233 1010 3296 tebat
1066 3253 1141 3296 ex
1202 3235 1592 3310 necessitate,
1648 3237 1853 3318 palam
1912 3245 2027 3299 est.
2088 3236 2334 3300 Poterat

840 3334 1084 3414 quippe
1114 3333 1415 3396 Dominus
1443 3334 1621 3397 Jesus
1660 3336 1855 3398 ductu
1894 3336 2181 3416 angelico
2211 3336 2334 3398 fer-

842 3431 893 3492 ri
946 3431 1023 3493 de
1072 3431 1208 3494 loco
1256 3433 1333 3494 ad
1384 3432 1616 3496 locum.
1652 3432 1771 3495 Sed
1824 3451 1941 3496 nec
1979 3434 2087 3496 tali
2128 3434 2335 3496 famu-

841 3530 969 3592 latu
1005 3530 1296 3612 indiguit,
1332 3530 1633 3612 quoniam
1675 3540 1917 3614 poterat
1957 3534 2168 3596 dotem
2208 3535 2335 3614 agi-

842 3629 1034 3690 litatis
1064 3648 1407 3704 assumere,
1444 3638 1505 3692 et
1546 3649 1658 3712 per
1692 3649 1828 3694 eam
1864 3631 1926 3693 in
1960 3632 2336 3696 brevissima

844 3730 1067 3792 horula
1094 3730 1465 3812 longissima
1494 3733 1696 3814 spatia
1728 3733 2148 3814 pertransire:
2185 3733 2330 3807 ime,

845 3836 1070 3911 praeter
1124 3829 1236 3892 hos
1295 3830 1511 3893 modos
1571 3831 1778 3912 potuit
1837 3831 2093 3913 propria
2160 3839 2336 3914 pote·

844 3935 1021 4000 state,
1060 3935 1208 4008 puta
1256 3927 1489 3991 virtute
1524 3929 1735 4004 Verbi,
1772 3929 2051 3992 velocius
2092 3930 2333 3994 moveri

843 4045 1034 4106 quam
1086 4044 1349 4108 corpora
1396 4027 1748 4108 glorificata
1796 4047 1912 4112 per
1956 4029 2166 4091 dotem
2208 4029 2338 4110 agi-

845 4123 1059 4185 litatis,
1098 4123 1281 4188 Porro
1325 4126 1389 4188 in
1430 4113 1799 4208 ScripturiS,
1834 4145 1948 4208 per
1990 4125 2336 4189 Samariam

2443 3148 2706 3223 propter
2735 3139 3127 3222 multiplices
3159 3157 3419 3202 causas:
3453 3137 3774 3210 Primo,ut
3800 3157 3942 3200 sus-

2442 3247 2642 3320 ceptae
2689 3237 2896 3301 carnis
2956 3246 3147 3319 atque
3188 3237 3427 3300 indutae
3463 3255 3500 3298 a
3539 3253 3608 3298 se
3648 3235 3944 3298 humani-

2441 3337 2586 3400 tatis
2646 3337 2974 3412 veritatem
3036 3337 3515 3399 demonstraret.
3577 3334 3943 3417 Assumpsit

2443 3437 2616 3499 enim
2646 3436 2988 3498 humanam
3021 3442 3332 3510 naturam,
3367 3441 3429 3496 et
3458 3433 3942 3496 indetrahibiles

2443 3536 2583 3616 ejus
2632 3534 2941 3609 defectuS,
2996 3533 3298 3596 videlicet
3348 3531 3668 3594 naturales
3729 3539 3942 3596 motus

2446 3633 2836 3716 passionum,
2882 3631 3065 3707 iram,
3093 3632 3412 3706 timorem,
3459 3630 3804 3705 tristitiam,
3841 3648 3942 3692 se-

2446 3733 2729 3795 cundum
2787 3731 3266 3793 Damascenum.
3327 3729 3638 3804 Secundo,
3703 3736 3774 3792 ut
3829 3748 3946 3791 sua

2445 3831 2812 3912 fatigatione
2843 3830 3027 3894 nobis
3059 3829 3348 3911 requiem
3391 3836 3743 3891 mereretur
3769 3835 3950 3891 aeter-

2449 3950 2616 4004 nam,
2647 3929 2909 4010 gratiam
2942 3947 3201 4011 quoque
3243 3928 3558 4010 copiosam
3598 3928 3664 3989 in
3712 3927 3948 3991 saeculo

2449 4029 2589 4092 isto.
2624 4028 2854 4102 Tertio,
2892 4036 2962 4090 ut
2992 4046 3104 4090 nos
3134 4029 3212 4090 ad
3242 4027 3470 4091 fortem
3506 4033 3698 4108 atque
3737 4045 3950 4108 aequa-

2449 4127 2686 4190 nimem
2719 4134 3078 4188 sanctorum
3109 4125 3391 4189 laborum
3421 4133 3484 4187 et
3512 4124 3947 4205 fatigationum

844 4224 1223 4305 quandoque
1253 4225 1612 4306 designatur
1644 4225 2015 4308 principalis
2047 4226 2197 4288 urbs
2226 4232 2342 4287 ter·
2372 4229 2420 4290 D
2451 4225 2847 4289 tolerantiam
2878 4225 3208 4300 animaret,
3244 4223 3411 4286 sicut
3448 4231 3510 4286 et
3547 4222 3700 4286 alibi
3733 4223 3944 4306 loqui-

848 4340 931 4384 rae
969 4321 1165 4396 illius,
1208 4342 1245 4384 a
1286 4342 1414 4404 qua
1448 4331 1577 4387 tota
1616 4324 1945 4407 provincia
1981 4324 2342 4406 appellatur

847 4418 1144 4482 Samaria.
1191 4421 1421 4483 Tamen
1474 4422 1626 4484 urbs
1674 4422 1805 4497 illa,
1846 4441 2047 4504 quum
2098 4423 2344 4484 destru-

850 4525 948 4580 cta
984 4517 1209 4582 fuisset
1246 4527 1310 4581 et
1347 4529 1653 4603 reparata,
1688 4521 1855 4583 dicta
1897 4520 2021 4583 fuit
2058 4519 2336 4584 Sebaste.

850 4617 1237 4699 Quandoque
1273 4625 1483 4680 autem
1528 4637 1638 4700 per
1669 4618 2015 4682 Samariam
2054 4619 2344 4701 signatur

854 4715 1181 4797 provincia
1214 4716 1345 4790 illa,
1390 4723 1460 4778 ut
1502 4737 1694 4780 nunc.

970 4815 1153 4876 Venit
1199 4834 1345 4892 erqo
1390 4815 1570 4877 Jesus
1628 4834 1775 4878 cum
1825 4815 2160 4898 discipulis
2211 4816 2343 4878 suis

856 4914 929 4972 in
984 4913 1313 4974 civitatem
1361 4915 1688 4975 Samariae
1743 4935 1886 4994 quoe
1943 4917 2194 4976 dicitur
2239 4916 2347 4978 Si-

614 5023 721 5066 σω..
754 5039 824 5076 xa,
854 5011 1036 5081 char,
1070 5029 1213 5091 quae
1244 5011 1307 5073 in
1348 5011 1572 5086 Genesi
1612 5012 1845 5075 dicitur
1873 5012 2149 5075 Sichem.
2175 5013 2344 5075 Istud

562 5087 824 5201 ffxssfv'jlss
856 5107 1008 5169 dicit
1038 5107 1433 5190 Evangelista
1474 5128 1587 5193 per
1622 5111 2162 5194 anticipationem,
2198 5112 2349 5194 quia

566 5213 632 5252 ¹4·
858 5212 925 5266 ut
984 5205 1149 5268 infra
1196 5207 1484 5283 habetur,
1534 5209 1712 5271 Jesus
1772 5212 2055 5273 nondum
2106 5210 2351 5274 introiit

589 5336 700 5367 vm.
730 5323 799 5368 ιο.
856 5303 1198 5380 civitatem,
1233 5307 1343 5368 sed
1380 5305 1534 5370 foris
1566 5309 1937 5392 permansit,
1970 5315 2033 5370 et
2075 5315 2353 5390 postmo-

676 4818 711 4872 5

2452 4333 2554 4386 tur
2588 4343 2602 4387 ε
2637 4324 2859 4386 Venite
2889 4325 2967 4386 ad
2999 4341 3123 4398 me,
3157 4341 3378 4386 omnes
3409 4322 3521 4405 qui
3554 4322 3851 4386 laboratis
3878 4329 3946 4385 et
3995 4345 4222 4392 Maisan.

2451 4423 2690 4486 onerati
2743 4423 2916 4498 estiS,
2951 4430 3013 4484 et
3061 4440 3175 4502 ego
3226 4421 3508 4484 reficiam
3561 4439 3692 4484 vos.
3723 4420 3944 4502 Neque
3975 4411 4044 4451 ²⁸·

2452 4523 2624 4584 enim
2686 4519 3134 4604 pigritantibus
3189 4526 3252 4581 et
3309 4519 3792 4594 dormientibuS,
3835 4521 3946 4582 sed

2453 4620 2909 4693 laborantibus,
2963 4626 3026 4681 et
3074 4619 3140 4681 in
3191 4618 3410 4682 divino
3458 4618 3766 4700 obsequio
3813 4637 3952 4682 cor-

2455 4719 2756 4801 poraliter
2785 4716 3081 4798 fatigatiS‚
3116 4717 3304 4780 corde
3341 4724 3552 4779 tamen
3594 4715 3954 4797 insatigabi-

2456 4817 2645 4891 libus,
2682 4816 2978 4898 provenit
3004 4815 3322 4878 beatitudo
3352 4813 3648 4878 coelestis.
3671 4813 3775 4877 Sic
3802 4831 3952 4894 ergo

2453 4915 2750 4996 fatigatus
2783 4921 2880 4976 est
2904 4913 3084 4976 Jesus
3113 4931 3189 4975 ex
3221 4912 3468 4986 itinere,
3501 4913 3818 4995 quomodo
3855 4912 3952 4974 di-
4272 4985 4273 4988 Ἴ

2457 5014 2544 5078 cit
2575 5014 2640 5075 in
2682 5012 2928 5075 Psalmo
2963 5031 2977 5075 ε
3011 5010 3230 5075 Genua
3266 5030 3406 5074 mea
3444 5010 3766 5073 infirmata
3801 5018 3950 5074 sunt
3977 5031 4222 5078 hcm-³1.
4272 5049 4273 5086 ᾖ

2456 5132 2496 5175 a
2533 5111 2802 5193 jejunio.

2539 5211 2811 5272 Sedebat
2847 5209 2942 5269 sic
2982 5228 3176 5285 super
3213 5209 3484 5286 fontem,
3517 5205 3580 5268 id
3622 5215 3740 5282 est,
3771 5206 3950 5287 juxta

2463 5315 2730 5392 puteum
2770 5305 3153 5390 repausavit.
3188 5305 3449 5387 Propter
3487 5304 3768 5368 diversas
3804 5323 3954 5368 cau-
