4300 6259
525 783 540 826 1
557 783 661 827 Cor.
679 796 746 825 xm

537 978 728 1024 Ibidem.

790 478 870 544 24
1591 499 1941 547 mammo
1983 500 2048 547 m
2087 500 2228 547 car.
2273 502 2315 547 x
2356 500 2545 549 Luca.
2587 520 2669 532 -
2705 501 2849 548 Aur.
2895 500 3091 548 xxvm

793 667 1112 733 inchoatio
1169 671 1721 754 contemplationis
1781 671 2114 736 Beatorum
2174 690 2289 754 per
2317 671 2369 733 A
2397 670 2546 748 lius,
2606 690 2895 736 asserens
2960 692 3105 737 cum
3168 672 3497 736 Psalmista
3551 690 3565 733 :
3621 670 3889 733 Audiam
3936 686 4161 736 Par-mn,

751 816 763 835 ,
793 768 1370 852 speciem.Propter
1399 772 1570 853 quod
1599 771 1688 832 ait
1716 770 2289 853 ApostolustNunc
2397 770 2555 852 quid
2594 771 2893 853 loquatur
2928 772 2997 833 in
3039 788 3142 833 me
3183 770 3483 834 Dominus
3525 768 3711 831 Deus.
3743 767 3895 830 Ani-
3920 754 3960 793 ⁹·

794 885 1102 947 cognosco
1131 886 1208 931 ex
1241 876 1448 951 parte;
1482 879 1633 932 tunc
1671 878 1882 932 autem
1913 888 2287 951 cognoscam

794 962 960 1026 sicut
999 974 1062 1027 et
1099 967 1388 1047 cognitus
1433 985 1617 1047 sum3
1663 976 1746 1042 et,
1770 966 2072 1030 Videmus
2115 986 2289 1029 nunc

795 1081 909 1143 per
967 1065 1302 1146 speculum
1354 1066 1418 1128 in
1469 1066 1823 1147 aenigmate,
1875 1075 2027 1129 tunc
2073 1075 2287 1129 autem

791 1160 957 1225 facie
997 1165 1075 1226 ad
1118 1163 1369 1227 faciem.

870 1262 1088 1343 Itaque
1127 1262 1412 1325 Christus
1451 1263 1753 1326 Martham
1793 1266 1871 1327 de
1909 1283 2024 1327 suo
2063 1266 2291 1327 devoto

792 1368 855 1422 et
882 1361 1210 1425 caritativo
1238 1362 1546 1444 obsequio
1577 1382 1702 1426 non
1737 1363 2160 1445 reprehendit,
2180 1362 2291 1424 sed

793 1466 1040 1540 partem
1075 1458 1280 1522 Mariae
1330 1460 1662 1542 praeponit‚
1706 1460 2008 1543 quoniam
2053 1460 2294 1523 exerci-

793 1556 882 1618 tia
928 1557 1074 1621 vitae
1121 1559 1629 1640 contemplativae
1688 1559 2086 1641 praeclariora
2143 1566 2295 1621 sunt

793 1656 1113 1718 exercitiis
1145 1656 1290 1719 vitae
1319 1657 1562 1720 activae.
1587 1657 2035 1720 Verumtamen
2067 1660 2144 1720 de
2175 1658 2297 1721 hoc

792 1753 1043 1817 videtur
1064 1753 1299 1815 Martha
1321 1755 1682 1838 aliqualiter
1706 1756 2104 1838 reprehensa,
2124 1757 2295 1838 quod

2399 887 2501 931 ma
2538 870 2783 951 quippe
2820 870 3207 951 quiescendo
3246 869 3324 931 rit
3370 870 3671 951 prudenS,
3702 874 3765 929 et
3802 866 3895 929 di-

2398 968 2612 1031 vinam
2656 968 3137 1050 inspirationem
3182 968 3454 1050 suscipit
3487 986 3561 1029 ac
3596 966 3889 1029 advertit.

2396 1066 2658 1149 Propter
2686 1068 2903 1149 quod'
2889 1087 2953 1131 in
2986 1066 3422 1129 Ecclesiastico
3452 1066 3757 1128 habetur:
3779 1062 3893 1137 Qui
3978 1076 4119 1120 εωικ

2398 1166 2752 1229 minoratur
2780 1173 2947 1241 actu,
2972 1164 3348 1247 sapientiam
3384 1163 3717 1247 percipiet.
3741 1162 3901 1224 1³1·ae-
3926 1154 3949 1183 ¹

2399 1273 2585 1339 terea,
2616 1264 2682 1325 in
2714 1264 2929 1347 quiete
2966 1264 3335 1345 hujusmodi
3374 1263 3551 1325 audit
3580 1261 3774 1325 verba
3810 1259 3901 1323 di-

2401 1363 2551 1424 vina
2607 1380 2759 1424 aure
2818 1362 3101 1437 mentali,
3162 1361 3291 1423 illis
3348 1360 3701 1425 obediendo
3757 1378 3902 1441 quae

2403 1462 2557 1542 legit
2596 1470 2706 1523 aut
2749 1461 3111 1523 meditatur.

2482 1560 2719 1623 Martha
2766 1568 2979 1622 autem
3028 1558 3348 1640 satagebat
3384 1558 3552 1621 circa
3598 1556 3902 1638 frequens

2405 1658 2855 1721 ministerium.
2894 1658 3020 1721 Hoc
3058 1655 3362 1739 competit
3403 1656 3503 1718 his
3542 1654 3654 1737 qui
3697 1654 3905 1737 operi-

2407 1757 2527 1819 bus
2586 1756 3038 1819 misericordiae
3086 1763 3148 1817 et
3196 1755 3421 1817 ceteris
3481 1753 3903 1817 exterioribus

792 1870 1074 1916 sororem
1121 1872 1302 1915 suam
1341 1853 1543 1916 voluit
1581 1872 1618 1915 a
1655 1854 1973 1936 spirituali
2018 1861 2163 1917 actu
2206 1854 2297 1917 vi-
2332 1856 2380 1919 Β
2411 1856 2718 1920 virtutum
2747 1854 2995 1917 actibus
3027 1854 3464 1937 corporalibus
3494 1859 3905 1934 occupantur.

791 1960 872 2014 tae
915 1951 1423 2033 contemplativae
1463 1952 1848 2027 abstrahere,
1893 1960 1966 2015 ut
2004 1972 2297 2035 corpora-

793 2050 965 2113 libus
1015 2057 1454 2132 occuparetur,
1500 2070 1703 2132 quum
1748 2059 1956 2114 tamen
2007 2070 2298 2115 necessa-

795 2150 962 2211 rium
1007 2168 1132 2212 non
1174 2149 1424 2225 fuisset,
1458 2158 1521 2211 et
1558 2151 1711 2231 quia
1751 2150 2004 2213 Mariam
2051 2152 2297 2233 putavit

797 2248 1191 2329 negligenter
1229 2265 1298 2309 se
1337 2247 1660 2324 habuisse,
1695 2268 1821 2312 non
1866 2249 2297 2331 impendendo

793 2346 1104 2407 auxilium
1147 2345 1214 2407 in
1257 2346 1567 2428 corporali
1611 2347 1940 2429 obsequio.

875 2443 1160 2526 Denique
1197 2444 1367 2506 circa
1409 2444 1592 2519 illud,
1636 2444 1919 2508 Sollicita
1955 2465 2022 2509 es
2063 2454 2126 2509 et
2164 2454 2298 2509 tur-

795 2542 966 2605 baris
1033 2560 1180 2623 erga
1247 2542 1545 2624 plurima,
1609 2544 1831 2607 dicunt
1898 2544 2169 2628 Cyrillus
2236 2554 2298 2608 et

794 2640 1061 2703 Basilius
1115 2660 1128 2703 :
1182 2640 1387 2713 Quum
1436 2642 1638 2723 aliqui
1694 2644 2093 2725 susceperint
2139 2644 2296 2708 alios

797 2738 1098 2821 hospitio,
1153 2758 1279 2803 non
1331 2740 1754 2803 sollicitentur
1803 2742 1971 2805 circa
2020 2743 2294 2805 multum

797 2838 1203 2920 obsequium,
1239 2840 1652 2921 praeparando
1690 2840 1940 2903 diversa
1967 2850 2030 2904 et
2070 2842 2300 2906 delica-

795 2946 861 3001 ta
900 2936 1157 3013 cibaria,
1191 2956 1310 3000 nec
1346 2946 1608 3019 poscant
1647 2958 1792 3021 quae
1831 2958 1962 3022 prae
2001 2941 2297 3003 manibus

2408 1953 2483 2017 Et
2522 1954 2688 2016 sicut
2726 1952 2964 2015 Martha
3003 1958 3349 2033 conquesta
3386 1959 3484 2014 est
3528 1949 3775 2013 Christo
3813 1950 3905 2012 di-

2409 2070 2589 2127 cenS,
2649 2051 2935 2127 Domine,
2998 2069 3124 2113 non
3181 2058 3279 2112 est
3330 2049 3448 2112 tibi
3510 2068 3676 2111 curae
3731 2049 3903 2130 quod

2409 2168 2587 2213 soror
2622 2168 2765 2212 mea
2804 2150 3065 2231 reliquit
3103 2166 3206 2210 me
3252 2148 3449 2212 solam
3492 2146 3903 2209 ministrare?

2410 2248 2500 2310 sic
2540 2248 2861 2310 interdum
2904 2266 3191 2330 personae
3228 2248 3489 2319 devotae,
3523 2264 3667 2327 quae
3700 2244 3908 2327 operi-

2408 2346 2529 2408 bus
2570 2347 2715 2409 vitae
2761 2346 2983 2409 activae
3029 2346 3360 2408 intendere
3408 2344 3903 2425 compelluntur,

2408 2452 2493 2507 et·
2528 2444 3087 2527 contemplativam
3145 2444 3340 2506 vitam
3408 2442 3607 2523 magis
3665 2441 3908 2504 deside-

2410 2553 2564 2619 rant,
2586 2553 3065 2626 conqueruntur
3096 2542 3345 2606 Christo
3374 2560 3487 2604 seu
3516 2541 3655 2622 ejus
3688 2540 3909 2622 praela-

2411 2644 2504 2719 tis,
2531 2645 2700 2725 quod
2734 2644 2888 2725 ipsae
2921 2662 3051 2725 prae
3084 2641 3311 2705 ceteris
3342 2641 3463 2703 sibi
3498 2647 3679 2713 statu,
3706 2640 3905 2720 gradu

2408 2760 2521 2805 seu
2564 2741 2959 2826 professione
3008 2740 3347 2814 similibuS,
3377 2739 3445 2802 in
3484 2737 3905 2802 exterioribus

2408 2841 2649 2905 servire
2697 2848 3029 2922 coguntur.
3072 2840 3148 2902 Et
3194 2839 3361 2901 sicut
3407 2838 3496 2900 ait
3542 2836 3603 2899 S.
3648 2836 3908 2898 Bernar-

2409 2940 2527 3003 dus
2579 2958 2594 3003 :
2646 2939 2831 3001 Beata
2883 2946 2979 3000 est
3028 2937 3450 3019 congregatio,
3502 2936 3614 2998 ubi
3672 2934 3908 2997 Martha

798 3054 926 3099 non
971 3044 1140 3111 sunt,
1182 3042 1246 3098 et
1287 3036 1727 3100 necessitatem
1776 3039 2110 3101 excedunt.
2154 3038 2301 3101 Gra·
2336 3041 2380 3107 G
2412 3039 2619 3101 taliter
2670 3037 3085 3119 conqueritur
3134 3039 3213 3100 de
3258 3035 3467 3099 Maria.
3519 3033 3663 3109 Sed,
3715 3034 3841 3096 heu
3886 3040 3901 3095 1

800 3142 905 3199 vat
943 3134 1114 3197 enim
1166 3135 1404 3218 passim
1441 3136 1505 3198 in
1547 3136 1834 3218 qualibet
1873 3156 1940 3199 re
1980 3139 2148 3220 quod
2194 3157 2300 3201 su-

799 3233 1066 3317 perfluit
1118 3251 1133 3295 :
1186 3233 1658 3315 hospitantibus
1717 3254 1995 3317 namque
2040 3244 2301 3317 generat

797 3330 1090 3412 taedium3
1125 3332 1412 3395 convivis
1441 3340 1654 3395 autem
1686 3333 1937 3395 videtur
1965 3336 2138 3416 quod
2170 3335 2301 3397 sint

799 3429 944 3492 aliis
984 3449 1174 3493 causa
1210 3430 1469 3494 laboris.

882 3528 1003 3592 Sed
1037 3529 1344 3611 quoniam
1374 3548 1598 3592 sensus
1628 3530 1918 3593 litteralis
1950 3531 2179 3613 planus
2209 3540 2304 3594 est

803 3627 976 3703 satiS,
1020 3629 1375 3709 tangendus
1424 3636 1520 3691 est
1561 3629 1866 3711 mysticus
1915 3630 2299 3693 intellectus.

801 3726 985 3790 Juxta
1034 3744 1252 3809 quem,
1303 3745 1419 3810 per
1465 3726 1858 3803 Bethaniam,
1911 3748 2056 3810 quae
2114 3730 2309 3791 inter-

804 3832 1089 3909 pretatur
1117 3826 1344 3889 domus
1375 3825 1773 3902 obedientiae,
1803 3828 2171 3909 designatur
2198 3848 2308 3892 cor

804 3923 1037 3987 bonam
1077 3924 1532 3987 conscientiam
1582 3924 1842 4001 habens,
1886 3943 1962 3990 eo
2000 3928 2173 4007 quod
2216 3927 2309 3989 di-

807 4021 974 4085 vinis
1032 4020 1316 4084 obedivit
1375 4022 1708 4105 praeceptis
1761 4042 1774 4087 :
1828 4024 1971 4087 ideo
2021 4024 2306 4087 Christus

806 4120 967 4183 illud
1014 4120 1292 4183 libenter
1338 4121 1695 4202 ingreditur
1741 4140 1856 4205 per
1892 4123 2109 4204 gratiae
2157 4143 2309 4205 aug-

2407 3137 2539 3219 jam
2584 3136 2791 3210 multi,
2826 3136 3026 3198 instar
3064 3134 3457 3217 perfidorum
3499 3132 3786 3196 filiorum
3822 3132 3905 3194 Is·-

2412 3235 2538 3298 rael
2580 3236 2901 3298 coelestem
2942 3234 3384 3297 nauseantium
3430 3250 3681 3315 panem,
3714 3232 3900 3293 etiam
3960 3244 4195 3296 Mamm,

2412 3336 2489 3397 ad
2528 3334 2869 3416 AEgyptiaS,
2904 3334 2967 3396 id
2998 3341 3093 3396 est
3124 3334 3497 3406 mundanas,
3534 3330 3907 3395 consolatio-
3960 3338 3974 3353 ·

2414 3450 2526 3495 nes
2574 3433 2921 3514 adspirant,
2974 3431 3211 3514 quibus
3261 3430 3769 3512 contemplativae
3817 3428 3910 3491 vi-

2412 3539 2493 3594 tae
2531 3550 2657 3593 non
2703 3531 2870 3613 sapit
2910 3529 3192 3594 refectio.
3226 3529 3769 3602 Quemadmodum
3810 3544 3915 3591 ve-

2414 3649 2486 3694 ro
2524 3629 2809 3692 Christus
2848 3628 3149 3691 Martham
3190 3628 3511 3703 instruxit,
3546 3644 3626 3689 ne
3660 3626 3911 3689 Mariam

2414 3730 2493 3791 ad
2546 3729 2858 3791 exteriora
2904 3747 2941 3789 a
2988 3726 3547 3809 contemplationis
3596 3725 3917 3787 exercitiis

2416 3836 2725 3903 evocaret,
2780 3827 2873 3889 sic
2921 3825 3163 3908 praelati
3214 3832 3364 3887 sunt
3412 3824 3795 3905 instruendi,
3839 3842 3917 3885 ne

2416 3926 2658 4007 absque
2716 3926 3089 3989 necessitate
3140 3934 3251 3988 aut
3305 3925 3585 3989 evidenti
3647 3924 3919 3986 utilitate

2418 4026 2743 4108 postulent
2799 4025 3080 4106 aliquem
3130 4044 3167 4086 a
3215 4023 3725 4105 contemplativae
3772 4022 3918 4085 vitae

2416 4124 2663 4187 actibus
2706 4124 3009 4186 abstrahi.

805 4219 1281 4296 mentationem,
1332 4227 1638 4302 tanquam
1691 4240 1910 4283 carum
1966 4221 2308 4284 familiare-
2336 4223 2389 4287 D
2498 4222 2675 4285 Circa
2731 4223 2903 4285 hunc
2962 4223 3173 4285 locum
3219 4221 3658 4302 evangelicum
3716 4221 3919 4283 multa

806 4336 934 4401 que
973 4318 1121 4381 sibi.
1155 4317 1366 4394 Porro,
1402 4336 1517 4402 per
1553 4318 1878 4395 Martham,
1912 4320 2124 4383 anima
2162 4322 2308 4385 vitae

807 4418 1031 4481 activae
1078 4416 1397 4479 exercitiis
1449 4417 1660 4481 dedita
1705 4419 2061 4501 explicatur
2103 4439 2117 4483 :
2164 4439 2309 4502 quae

807 4515 1130 4580 Christum
1169 4516 1236 4577 in
1275 4534 1390 4577 sua
1435 4515 1662 4597 recipit
1701 4517 1908 4592 domo,
1943 4517 2065 4580 hoc
2101 4526 2199 4581 est
2242 4519 2305 4581 in

806 4614 1054 4678 arcanis
1097 4614 1501 4678 conscientiae
1540 4633 1710 4695 suae3
1753 4615 1938 4698 cujus
1979 4635 2156 4681 soror
2192 4616 2309 4680 Ma-

807 4713 923 4788 ria,
957 4712 1078 4776 hoc
1114 4720 1211 4774 est
1249 4730 1672 4793 quaecumque
1714 4713 1928 4776 anima
1966 4714 2060 4776 illi
2101 4723 2174 4776 ut
2210 4735 2310 4779 so-

806 4830 913 4875 ror
954 4810 1204 4885 dilecta,
1248 4811 1755 4893 contemplativae
1794 4813 1939 4876 vitae
1981 4813 2303 4890 insistenS‚

809 4910 984 4973 sedet
1013 4928 1196 4973 secus
1228 4911 1420 4992 pedes
1446 4909 1615 4985 Iesu,
1651 4910 1714 4972 id
1745 4918 1862 4987 est,
1888 4912 1946 4973 ei
1979 4912 2310 4975 humiliter

809 5026 878 5070 se
911 5007 1237 5091 supponit,
1271 5006 1541 5090 ejusque
1578 5008 2002 5072 humilitatem
2045 5028 2309 5092 perpen-

811 5105 922 5181 dit,
951 5124 1025 5168 ac
1062 5106 1328 5187 vestigia
1366 5106 1670 5181 imitatur,
1703 5107 1882 5188 juxta
1920 5108 2080 5170 illud
2115 5098 2309 5170 Thre-

540 5220 702 5267 rtmn.
719 5234 779 5271 ιιι,
813 5224 1062 5280 norum,
1104 5203 1359 5268 Sedebit
1403 5204 1721 5268 solitarius
1764 5213 1828 5268 et
1867 5206 2122 5281 tacebit,
2157 5208 2311 5289 quia

812 5303 1050 5366 levabit
1091 5322 1158 5365 se
1205 5322 1398 5387 super
1443 5322 1550 5385 se3
1596 5313 1658 5367 et
1705 5305 1880 5367 audit
1925 5305 2190 5368 verbum
2240 5307 2310 5369 il-

2419 4328 2679 4404 possent
2706 4323 2783 4384 de
2812 4321 2942 4384 vita
2972 4320 3462 4403 contemplativa
3491 4327 3553 4381 et
3581 4320 3801 4397 activa,
3828 4338 3921 4381 ea-

2420 4439 2692 4503 rumque
2722 4420 3127 4484 distinctione
3166 4420 3407 4495 induci,
3442 4427 3505 4482 et
3532 4437 3677 4501 quae
3716 4420 3797 4481 sit
3827 4419 3920 4482 di-

2414 4521 2601 4602 gnior
2655 4520 3022 4601 investigari
3077 4539 3091 4583 :
3145 4522 3224 4583 de
3281 4519 3518 4601 quibus
3576 4517 3917 4599 specialem

2417 4626 2751 4682 tractatum
2786 4618 3137 4702 composui.
3164 4618 3239 4680 Et
3268 4637 3440 4681 nunc
3468 4617 3747 4680 breviter
3784 4624 3919 4679 tan-

2416 4719 2479 4800 gi
2539 4726 2766 4800 potest‚
2818 4718 2989 4800 quod
3046 4717 3335 4780 absolute
3391 4716 3735 4797 loquendo,
3789 4716 3919 4779 vita

2419 4817 2909 4899 contemplativa
2952 4817 3036 4879 sit
3075 4815 3325 4897 dignior
3368 4834 3563 4897 quam
3599 4814 3825 4889 activa,
3860 4813 3913 4875 si

2419 4916 2485 4977 in
2534 4915 2665 4978 vita
2713 4915 2918 4978 activa
2975 4914 3183 4978 solum
3242 4921 3545 4996 pensetur
3589 4913 3761 4995 quod
3818 4918 3913 4974 est

2418 5014 2563 5077 vitae
2602 5014 2844 5076 activae.
2888 5013 2981 5075 Ad
3024 5014 3195 5094 quod
3233 5012 3620 5087 AristoteleS,
3664 5009 3910 5074 decimo

2418 5110 2807 5189 Ethicorum,
2858 5118 2997 5175 octo
3049 5111 3346 5193 pulchras
3398 5118 3591 5192 atque
3643 5108 3909 5171 subtiles

2418 5210 2691 5273 rationes
2730 5210 3006 5272 adducit.
3044 5208 3252 5270 Prima
3290 5216 3406 5284 est,
3439 5206 3741 5289 quoniam
3782 5207 3910 5269 vita

2418 5306 2908 5388 contemplativa
2943 5305 3247 5389 competit
3276 5305 3521 5370 homini
3557 5304 3905 5366 secundum

3954 1154 4007 1183 xx
4010 1140 4169 1189 νιιι,15.
