4300 6259
595 1245 668 1301 29

554 1765 667 1795 vers.
685 1754 752 1794 ¹5.

542 2156 654 2187 vars.
681 2145 748 2186 16.

514 2736 696 2843 gam
706 2749 777 2789 ιιι,

798 454 878 519 40
1619 472 1968 521 ananan-10
2009 474 2073 519 m
2115 473 2254 521 car.
2299 473 2366 520 n
2406 474 2595 521 Luca.
2642 495 2723 505 —
2762 477 2906 523 aar.
2952 478 3079 525 xxx

798 643 1510 723 Augustinum,beatior
1533 643 1658 706 fuit
1687 644 2105 727 concipiendo
2136 643 2300 708 Chri·
2324 640 2377 701 A
2411 644 2506 726 la3
2560 645 2908 710 infideliter
2953 667 3234 731 quoque,
3276 648 3589 713 malitiose
3638 656 3700 710 et
3746 648 3900 711 irre-

800 749 969 805 stum
1011 741 1142 804 fide
1185 760 1298 803 seu
1341 750 1575 814 mente,
1608 762 1802 825 quam
1846 751 2087 807 ventre.
2121 744 2297 807 Unde

799 850 861 903 et
909 860 1024 904 nos
1074 841 1152 902 de
1199 840 1471 903 aliorum
1519 841 1989 923 quantumlibet
2039 842 2299 924 propin-

797 958 1073 1023 quorum
1111 940 1439 1002 sanctitate
1470 958 1597 1002 non
1639 958 2096 1021 praesumamus
2125 942 2297 1022 quod

802 1036 1002 1121 prosit
1045 1037 1250 1112 nobiS,
1296 1038 1418 1099 nisi
1464 1037 1717 1101 illorum
1761 1038 2028 1100 virtutes
2072 1040 2297 1101 sectari

801 1155 1120 1199 curemus,

887 1237 1117 1299 Turbis
1147 1245 1365 1296 autem
1393 1238 1916 1297 concurrentibus
1945 1237 2021 1297 ad
2051 1235 2287 1312 lesum,

801 1344 873 1397 ut
903 1333 1098 1398 verba
1131 1334 1459 1415 sapientiae
1496 1333 1636 1414 ejus
1673 1334 1988 1409 audirent,
2021 1343 2084 1397 et
2112 1336 2293 1415 signa

799 1433 1097 1516 potentiae
1138 1450 1270 1495 suae
1312 1432 1772 1514 conspicerent,
1805 1434 1992 1510 coepit
2027 1436 2239 1494 dicere
2268 1456 2292 1494 .-

805 1532 1143 1593 Generatio
1173 1533 1329 1599 koec,
1351 1534 1685 1609 ¹qeneratio
1725 1552 2004 1611 nequam
2031 1541 2145 1593 est.
2179 1531 2294 1594 Su-

802 1650 915 1713 pra
945 1629 1012 1691 in
1044 1629 1164 1692 isto
1195 1628 1473 1711 capitulo
1513 1629 1754 1691 dictum
1794 1637 1909 1704 est,
1949 1632 2118 1711 quod
2150 1631 2297 1712 qui-

801 1731 944 1792 dam
975 1727 1273 1791 dixerunt
1303 1727 1622 1791 Christum
1654 1728 1721 1790 in
1753 1728 2047 1811 principe
2076 1729 2299 1793 daemo-

2409 754 2703 807 verenter
2756 746 3128 827 quaerebant
3183 748 3436 828 signum
3490 766 3503 809 :
3567 747 3804 809 idcirco
3862 764 3899 807 a

2410 842 2659 907 Christo
2700 846 2988 908 exaudiri
3032 864 3157 909 non
3204 854 3599 908 meruerunt.
3742 916 3747 923 ¹

2489 940 2798 1025 Deinceps
2838 943 3140 1025 exprimit
3180 943 3465 1007 Christus
3504 944 3755 1025 signum
3788 961 3901 1005 seu

2409 1041 2751 1123 mysticum
2800 1041 3039 1105 factum
3084 1042 3257 1105 Jonae
3303 1043 3629 1125 prophetae
3672 1060 3685 1104 ε
3728 1042 3899 1123 quod

2409 1139 2475 1200 in
2526 1138 2693 1203 libro
2737 1140 2927 1215 Jonae,
2971 1140 3085 1222 qui
3133 1140 3201 1202 in
3251 1159 3518 1205 numero
3567 1139 3903 1204 duodecim

2409 1236 2866 1319 Prophetarum
2915 1238 3237 1302 minorum
3286 1239 3550 1321 quintus
3600 1246 3716 1312 est,
3770 1238 3903 1321 ple-

2412 1335 2557 1397 nius
2599 1336 2981 1399 continetur.
3016 1338 3190 1400 Nam
3218 1338 3386 1399 sicut
3413 1340 3610 1398 Jonas
3637 1339 3900 1415 signum

2410 1435 2549 1511 fuit
2580 1435 2934 1507 Ninivitis,
2974 1438 3070 1497 ita
3108 1437 3233 1496 erit
3272 1446 3332 1497 et
3368 1438 3587 1496 Filius
3617 1438 3903 1496 hominis

2409 1535 2822 1610 qeneracioni
2869 1537 3045 1595 huic.
3105 1534 3291 1597 Jonas
3347 1534 3591 1616 quippe
3649 1533 3902 1614 signum

2411 1630 2535 1693 fuit
2567 1630 2888 1707 Ninivitis,
2926 1633 3327 1715 praedicendo
3366 1633 3456 1694 eis
3495 1650 3717 1695 eorum
3758 1632 3909 1693 sub-

2413 1730 2792 1806 versionem,
2846 1730 3143 1793 videlicet
3192 1731 3315 1793 nisi
3366 1730 3655 1794 conversi
3704 1730 3911 1812 poeni-

804 1828 1056 1891 niorum
1088 1826 1320 1907 ejicere
1351 1828 1706 1890 daemones:
1742 1826 1981 1909 quibus
2012 1826 2297 1890 Christus
2336 1830 2382 1891 B
2414 1830 2675 1892 tentiam
2723 1838 2982 1910 agerent
3024 1850 3037 1893 :
3082 1830 3175 1893 sic
3224 1830 3510 1893 Christus
3561 1830 3706 1893 viva
3752 1848 3907 1893 voce

803 1928 1139 2007 hucusque
1171 1924 1518 2007 respondit,
1553 1925 1676 1987 nisi
1717 1926 1886 2007 quod
1927 1926 2301 2008 interposita

805 2031 956 2088 sunt
1001 2023 1195 2087 verba
1242 2023 1530 2085 mulieris
1578 2023 1899 2086 Christum
1954 2024 2292 2087 laudantiS.

805 2123 928 2186 Alii
956 2141 1105 2187 vero
1135 2121 1391 2202 signum
1421 2124 1498 2184 de
1529 2121 1689 2185 coelo
1719 2122 2090 2204 quaerebant
2116 2144 2154 2185 a
2182 2122 2300 2186 Sal-

806 2229 1020 2285 vatore
1063 2240 1077 2283 z
1120 2220 1358 2301 quibus
1408 2238 1580 2281 nunc
1622 2219 1908 2301 loquitur
1944 2228 2006 2283 et
2044 2240 2302 2304 respon-

804 2323 930 2396 det,
977 2320 1244 2383 dicendo
1279 2338 1293 2381 ε
1328 2318 1682 2399 Generatio,
1725 2320 1790 2381 id
1827 2328 1925 2381 est
1961 2321 2143 2403 plebs
2182 2322 2303 2384 ista

806 2419 1133 2504 postulans
1181 2418 1460 2498 signum,
1503 2435 1780 2498 nequam
1819 2426 1936 2493 est,
1983 2420 2136 2500 quia
2180 2421 2304 2482 cal-

804 2520 933 2581 lida
962 2516 1338 2591 intentione,
1373 2534 1499 2579 non
1542 2514 1920 2598 proficiendi
1962 2518 2300 2594 desiderio,

758 2674 769 2692 ,
807 2618 1063 2697 signum
1102 2614 1352 2697 quaerit.
1386 2613 1577 2677 Porro
1616 2614 1682 2675 in
1723 2613 2008 2678 Matthaeo
2046 2616 2300 2698 legitur,

808 2716 980 2798 quod
1020 2714 1125 2776 isti
1167 2713 1420 2794 signum
1461 2721 1818 2794 quaerentes
1849 2712 2112 2777 fuerunt
2140 2715 2306 2779 Scri-

807 2815 907 2878 bae
936 2822 1000 2876 et
1026 2812 1345 2875 Pharisaei.
1380 2811 1617 2874 Scribae
1654 2820 1866 2874 autem
1908 2812 2171 2877 fuerunt
2198 2817 2307 2879 do-

811 2922 1015 2977 ctores
1055 2919 1118 2975 et
1157 2911 1373 2974 clerici
1409 2911 1793 2986 Judaeorum,
1825 2911 2123 2976 Pharisaei
2156 2933 2307 2978 vero

2411 1926 2649 1991 Scribis
2681 1935 2743 1989 et
2771 1927 3101 1991 Pharisaeis
3141 1935 3440 1991 aeternam
3480 1946 3699 1991 eorum
3739 1929 3909 1990 dam-

2412 2026 2732 2088 nationem
2766 2026 3077 2108 praedixit,
3115 2027 3237 2089 nisi
3270 2026 3482 2091 verbis
3521 2027 3653 2088 suis
3694 2026 3912 2088 crede—

2413 2131 2556 2186 rent
2600 2131 2792 2206 atque
2842 2125 3151 2188 veraciter
3196 2126 3599 2207 poeniterent.
3640 2124 3907 2187 Verum-

2412 2230 2622 2285 tamen
2686 2222 3009 2286 Matthaeus
3077 2223 3660 2306 praefigurationem
3723 2224 3907 2285 istam

2413 2321 2647 2383 clarius
2698 2322 2938 2398 recitat,
2992 2323 3210 2385 dicens

2413 2517 2536 2580 bus
2586 2518 2903 2591 noctibuS,
2956 2518 3049 2581 sic
3097 2519 3219 2581 erit
3266 2518 3464 2580 Filius
3513 2517 3794 2581 hominis
3844 2518 3907 2579 in

2414 2617 2604 2679 corde
2634 2617 2941 2692 terrae‚·id
2982 2624 3078 2679 est
3118 2616 3185 2678 in
3223 2624 3659 2691 monumento,
3702 2615 3911 2678 tribus

2416 2714 2643 2776 diebus
2683 2723 2746 2776 et
2786 2714 2993 2776 tribus
3036 2714 3331 2777 noctibus
3368 2734 3381 2777 :
3416 2721 3635 2797 utpote
3674 2731 3915 2796 ponen-

2415 2812 2496 2875 do
2534 2820 2777 2895 partem
2822 2832 2939 2895 pro
2980 2820 3134 2877 toto.

2492 2911 2760 2993 Insuper
2790 2911 3075 2974 Christus
3104 2911 3379 2974 declarat
3410 2909 3911 2991 magnitudinem

806 3014 1072 3076 fuerunt
1101 3011 1380 3093 religiosi
1419 3029 1662 3086 eorum,
1697 3017 1769 3073 ut
1794 3012 2066 3075 adstruit
2091 3012 2255 3076 Beda
2288 3034 2301 3077 :
2344 3013 2388 3078 C
2418 3010 2626 3092 culpae
2677 3018 2741 3071 et
2788 3028 2994 3092 poenae
3040 3009 3408 3073 Scribarum
3454 3028 3529 3071 ac
3576 3008 3915 3073 Pharisaeo-

809 3121 874 3176 et
901 3120 1111 3174 tamen
1154 3117 1409 3192 peccata
1447 3109 1706 3172 illorum
1738 3109 2024 3173 Christus
2055 3111 2161 3173 hic
2192 3132 2309 3194 pu-

810 3211 978 3275 blice
1026 3229 1238 3274 coram
1289 3210 1467 3271 laicis
1518 3210 1948 3291 reprehendit,
2000 3200 2305 3274 ut'etiam

813 3317 987 3374 notat
1029 3308 1134 3371 hic
1175 3306 1388 3370 Gorra.

890 3410 1176 3487 Signum
1214 3408 1470 3487 quaerit.
1518 3403 1893 3477 Quaerebant
1939 3407 2177 3470 etenim
2226 3408 2310 3470 si-

809 3526 1010 3590 gnum
1040 3505 1300 3587 aliquod
1329 3522 1629 3585 magnum
1655 3522 1692 3565 a
1715 3503 2108 3587 Christo,per
2135 3509 2307 3587 quod

813 3602 1340 3670 certitudinaliter
1384 3609 1721 3665 noscerent
1763 3620 1912 3664 eum
1954 3621 2094 3665 esse
2132 3603 2310 3668 Chri-

813 3714 1005 3778 stum,
1040 3702 1206 3764 sicut
1235 3700 1597 3782 expositum
1629 3708 1744 3762 est.
1769 3702 1856 3761 Et
1883 3702 2149 3779 siqnum
2176 3724 2309 3765 non

811 3804 1080 3867 dabitur
1119 3802 1206 3870 ei,
1251 3800 1386 3860 nisi
1431 3800 1690 3877 siynum
1739 3802 1921 3861 Jonae
1953 3804 2305 3878 prophetae.

813 3904 1066 3967 Certum
1098 3908 1194 3962 est
1222 3901 1393 3981 quod
1424 3897 1709 3962 Christus
1741 3906 1884 3979 post
1912 3900 2141 3962 horum
2174 3919 2313 3983 pro-

815 4002 1114 4065 lationem
1167 3997 1507 4061 verborum
1568 3997 1769 4059 multa
1826 3998 2312 4080 praeclarissima

816 4118 930 4183 per
959 4115 1027 4160 se
1058 4097 1295 4180 ipsum,
1331 4102 1393 4157 et
1433 4111 1548 4178 per
1587 4113 1734 4158 suos
1774 4095 2122 4178 discipulos
2160 4097 2313 4159 mis-

2419 3128 2585 3171 rum.
2619 3112 2873 3187 Reyina
2914 3112 3151 3178 austri,
3192 3109 3257 3171 id
3299 3116 3397 3171 est
3444 3108 3663 3189 regina
3698 3107 3861 3171 Saba
3894 3128 3909 3172 τ

2417 3228 2562 3290 quae
2601 3208 2836 3271 dicitur
2876 3208 3093 3289 regina
3131 3208 3351 3283 austri,
3394 3208 3697 3289 quoniam
3742 3208 3915 3289 regio

2418 3307 2528 3369 illa
2575 3306 2735 3369 Saba
2784 3306 2905 3369 ruit
2954 3308 3019 3369 in
3070 3314 3249 3389 parte
3294 3306 3577 3382 australi,
3622 3314 3915 3389 respectu

2417 3406 2690 3485 Judaeae3
2740 3416 2981 3485 surget,
3035 3406 3099 3468 id
3156 3413 3273 3481 est,
3327 3404 3809 3467 resuscitabitur
3856 3410 3919 3467 et

2419 3503 2774 3586 apparebit,
2809 3507 2883 3564 in
2908 3506 3196 3581 judicio,
3230 3504 3295 3566 id
3335 3511 3431 3565 est
3467 3504 3534 3566 in
3574 3504 3676 3567 die
3714 3510 3920 3566 extre-

2421 3603 2510 3664 mi
2550 3622 2622 3666 ae
2658 3603 2973 3683 generalis
3002 3602 3251 3683 judicii,
3284 3623 3432 3664 cum
3462 3604 3627 3663 viris
3648 3622 3920 3681 yenera-

2424 3704 2620 3764 tiom's
2652 3704 2874 3779 hujus,
2907 3701 3061 3764 Boni
3107 3720 3385 3783 namque
3428 3709 3491 3763 et
3532 3702 3682 3764 mali
3723 3702 3917 3765 simul

2423 3808 2774 3881 resurgent.
2800 3801 3090 3882 Dicitque
3118 3800 3283 3863 Beda
3310 3801 3429 3863 hoc
3460 3800 3599 3864 loco
3632 3820 3647 3865 t
3680 3799 3918 3882 Regina

2422 3900 2621 3961 austri
2662 3900 2863 3962 electa
2908 3917 3047 3961 esse
3085 3917 3210 3962 non
3262 3898 3611 3961 dubitatur.
3652 3902 3738 3961 Ec
3772 3920 3918 3961 con-

2420 4000 2751 4060 demnabit
2800 4001 2974 4068 illos,
3024 4016 3151 4060 non
3202 4004 3509 4079 potestate
3555 3996 3913 4078 judiciaria,

2422 4098 2531 4159 sed
2580 4095 3051 4178 comparatione
3088 4095 3299 4178 operis
3344 4095 3649 4171 melioriS,
3694 4114 3919 4159 secun-

815 4218 884 4261 so
929 4196 1171 4279 Spiritu
1214 4193 1462 4269 Sancte,
1497 4194 1625 4275 egit
1668 4212 1879 4257 coram
1915 4193 2146 4257 Judaeis
2192 4195 2312 4257 mi-
2341 4192 2389 4254 D
2423 4197 2577 4257 dum
2634 4194 2917 4257 Glossam
2948 4208 2983 4257 'z
3036 4194 3342 4275 quoniam
3400 4212 3477 4255 ex
3535 4193 3701 4258 facto
3748 4194 3918 4259 bono

813 4296 1050 4369 meula,
1085 4291 1474 4357 ostendendo
1504 4310 1572 4353 se
1603 4310 1741 4354 esse
1770 4291 2129 4356 Christum:
2155 4313 2312 4375 quo-

816 4396 1002 4458 modo
1041 4410 1190 4473 ergo
1232 4409 1405 4453 nunc
1441 4390 1550 4465 ait,
1583 4388 1849 4470 Signum
1890 4410 2016 4454 non
2056 4391 2310 4455 dabitur

815 4494 897 4567 ei,
931 4492 1057 4555 nisi
1100 4491 1354 4571 signum
1395 4489 1608 4553 lonae?
1651 4488 1725 4549 Et
1767 4490 2304 4571 respondendum,

814 4593 987 4674 quod
1029 4608 1252 4653 sensus
1291 4595 1387 4650 est
1419 4606 1432 4651 :
1467 4587 1731 4668 Signum
1772 4607 1898 4651 non
1939 4589 2194 4651 dabitur
2224 4590 2305 4665 ei,

817 4691 883 4754 id
922 4695 1037 4764 est,
1073 4706 1188 4769 ego
1231 4686 1350 4749 hac
1392 4686 1532 4750 vice
1571 4686 1826 4766 signum
1873 4687 1931 4747 ei
1977 4706 2104 4751 non
2147 4688 2311 4752 dabo

814 4806 944 4871 quo
981 4785 1302 4851 Christum
1350 4802 1454 4847 me
1501 4801 1642 4846 esse
1675 4792 2030 4865 cognoscat,
2065 4786 2190 4847 nisi
2230 4786 2312 4849 si-

814 4906 1008 4969 gnum
1036 4886 1227 4959 Jonae,
1255 4883 1319 4946 id
1358 4890 1451 4945 est
1482 4890 1746 4965 excepta
1774 4901 1842 4946 re
1882 4883 1992 4946 illa
2029 4886 2313 4967 mysteri-

813 4986 897 5049 ali
927 5004 1000 5047 ac
1029 4982 1260 5065 typica,
1294 4999 1439 5064 quae
1467 4980 1533 5043 in
1565 4980 1838 5062 figuram
1879 4981 2110 5046 Christi
2148 4984 2313 5045 acci-

811 5084 906 5148 dit
940 5084 1111 5146 Jonae
1150 5080 1497 5164 prophetae.
1531 5079 1636 5142 lsti
1682 5080 1979 5162 equidem
2023 5082 2308 5161 perversi

811 5181 1047 5245 Scribae
1095 5198 1168 5241 ac
1210 5177 1528 5253 Pharisaei,
1577 5177 1708 5259 jam
1758 5178 1959 5240 multa
2007 5178 2309 5259 praeclara

812 5278 1040 5343 Christi
1083 5278 1382 5341 viderunt
1421 5284 1532 5339 aut
1574 5283 1998 5359 perceperunt
2037 5276 2309 5339 miracu-

2422 4292 2597 4355 illius
2631 4292 2884 4373 reginae,
2919 4292 3022 4355 isti
3062 4291 3462 4374 apparebunt
3500 4291 3913 4368 damnabileS,

2423 4391 2552 4454 imo
2582 4399 2645 4453 et
2672 4390 3187 4453 damnabiliores.
3213 4390 3372 4452 Hinc
3402 4389 3697 4453 subditur
3721 4409 3734 4453 :
3758 4392 3915 4470 quia

2423 4492 2599 4551 venit
2626 4511 2667 4551 a
2696 4491 2944 4568 finibus
2976 4500 3184 4558 terrae,
3218 4489 3281 4551 id
3322 4496 3418 4551 est
3457 4508 3494 4550 a
3536 4488 3692 4552 locis
3732 4488 3914 4552 valde

2425 4587 2705 4662 remotiS,
2740 4590 2974 4648 audire
3002 4588 3395 4665 sapientiam
3422 4588 3813 4656 Salomonis,
3846 4595 3915 4650 ut-

2421 4693 2592 4769 patet
2639 4686 2707 4748 in
2757 4685 2937 4748 libris
2990 4684 3229 4766 Regum
3275 4703 3289 4747 :
3334 4684 3511 4748 venit
3550 4685 3721 4747 enim
3766 4705 3913 4748 cum
3964 4712 4197 4769 mla-9⁴,

2419 4785 2643 4866 grandi
2684 4783 2985 4848 comitatu
3028 4790 3090 4846 et
3128 4782 3518 4847 aromatibus
3554 4783 3795 4847 multis.
3830 4787 3916 4846 E't
3945 4778 4040 4826 ¹·2·
4281 4776 4282 4783 ’

2420 4904 2554 4944 ecee
2573 4887 2730 4964 plus
2760 4904 2958 4963 quam
2987 4885 3297 4944 Salomon
3327 4884 3460 4950 hic,
3489 4881 3555 4944 id
3598 4889 3713 4957 est,
3748 4882 3916 4965 sapi-

2421 4981 2628 5045 entior
2668 4981 3001 5044 Salomone
3046 5000 3187 5042 sum
3234 4998 3369 5061 eg0,
3402 4979 3513 5062 qui
3562 4982 3915 5043 secundum

2420 5082 2591 5162 quod
2637 5080 2821 5161 Deus,
2865 5078 3365 5141 substantialiter
3414 5098 3557 5141 sum
3606 5080 3917 5161 sapientia

2419 5178 2695 5254 infinita,
2750 5180 3102 5240 secundum
3162 5185 3451 5240 naturam
3512 5196 3771 5259 quoque
3818 5196 3915 5239 as-

2420 5285 2761 5359 sumptam,
2788 5276 3133 5358 sapientior
3163 5295 3303 5337 sum
3337 5276 3509 5339 omni
3542 5283 3754 5338 mente
3784 5294 3918 5338 cre-

4034 1346 4098 1401 30

3263 2342 3277 2385 :
3329 2321 3505 2384 Sicut
3560 2321 3733 2383 enim
3786 2320 3910 2382 fuit
3950 2338 4177 2386 mnam.

2410 2420 2596 2482 Jonas
2645 2420 2710 2482 in
2758 2427 2977 2483 ventre
3022 2420 3143 2483 ceti
3184 2419 3389 2482 tribus
3434 2419 3659 2482 diebus
3698 2427 3762 2481 et
3800 2418 3910 2481 tri·
3934 2405 4005 2445 ⁴⁰·

4044 3113 4109 3168 3¹
