<?xml version="1.0" encoding="UTF-8"?>
<!DOCTYPE html PUBLIC "-//W3C//DTD XHTML 1.0 Transitional//EN"
    "http://www.w3.org/TR/xhtml1/DTD/xhtml1-transitional.dtd">
<html xmlns="http://www.w3.org/1999/xhtml" xml:lang="en" lang="en">
 <head>
  <title>
</title>
<meta http-equiv="Content-Type" content="text/html;charset=utf-8" />
  <meta name='ocr-system' content='tesseract 3.04.00' />
  <meta name='ocr-capabilities' content='ocr_page ocr_carea ocr_par ocr_line ocrx_word'/>
</head>
<body>
  <div class='ocr_page' id='page_1' title='image "./doctorisecstati09unkngoog_0519.png"; bbox 0 0 4300 6259; ppageno 0'>
   <div class='ocr_carea' id='block_1_1' title="bbox 113 1953 182 2008">
    <p class='ocr_par' dir='ltr' id='par_1_1' title="bbox 113 1953 182 2008">
     <span class='ocr_line' id='line_1_1' title="bbox 113 1953 182 2008; baseline 0.014 -1"><span class='ocrx_word' id='word_1_1' title='bbox 113 1953 182 2008; x_wconf 78' lang='lat'><strong>1¹1</strong></span> 
     </span>
    </p>
   </div>
   <div class='ocr_carea' id='block_1_2' title="bbox 27 2460 181 2565">
    <p class='ocr_par' dir='ltr' id='par_1_2' title="bbox 27 2460 181 2565">
     <span class='ocr_line' id='line_1_2' title="bbox 49 2460 181 2502; baseline -0.015 0"><span class='ocrx_word' id='word_1_2' title='bbox 49 2460 181 2502; x_wconf 68' lang='lat' dir='ltr'><strong>Dent.</strong></span> 
     </span>
     <span class='ocr_line' id='line_1_3' title="bbox 27 2526 91 2565; baseline 0 -1"><span class='ocrx_word' id='word_1_3' title='bbox 27 2526 91 2565; x_wconf 71' lang='lat'><strong>1⁵.</strong></span> 
     </span>
    </p>
   </div>
   <div class='ocr_carea' id='block_1_3' title="bbox 1111 490 2683 541">
    <p class='ocr_par' dir='ltr' id='par_1_3' title="bbox 1111 490 2683 541">
     <span class='ocr_line' id='line_1_4' title="bbox 1111 490 2683 541; baseline 0.001 -2"><span class='ocrx_word' id='word_1_4' title='bbox 1111 492 1462 541; x_wconf 66' lang='lat' dir='ltr'><strong>mannum</strong></span> <span class='ocrx_word' id='word_1_5' title='bbox 1503 490 1570 537; x_wconf 80' lang='lat' dir='ltr'><strong>m</strong></span> <span class='ocrx_word' id='word_1_6' title='bbox 1610 491 1748 539; x_wconf 79' lang='lat' dir='ltr'><strong>CAP.</strong></span> <span class='ocrx_word' id='word_1_7' title='bbox 1792 490 1902 537; x_wconf 82' lang='lat' dir='ltr'><strong>vm</strong></span> <span class='ocrx_word' id='word_1_8' title='bbox 1942 490 2221 539; x_wconf 74' lang='lat' dir='ltr'><strong>JOANMS.</strong></span> <span class='ocrx_word' id='word_1_9' title='bbox 2245 512 2347 535; x_wconf 50' lang='lat'>‚.—-</span> <span class='ocrx_word' id='word_1_10' title='bbox 2370 493 2530 541; x_wconf 59' lang='grc' dir='ltr'><strong>ΛΒΤ.</strong></span> <span class='ocrx_word' id='word_1_11' title='bbox 2574 492 2683 540; x_wconf 80' lang='lat' dir='ltr'><strong>m</strong></span> 
     </span>
    </p>
   </div>
   <div class='ocr_carea' id='block_1_4' title="bbox 3322 476 3445 540">
    <p class='ocr_par' dir='ltr' id='par_1_4' title="bbox 3322 476 3445 540">
     <span class='ocr_line' id='line_1_5' title="bbox 3322 476 3445 540; baseline 0.016 -1"><span class='ocrx_word' id='word_1_12' title='bbox 3322 476 3445 540; x_wconf 77' lang='lat'><strong>429</strong></span> 
     </span>
    </p>
   </div>
   <div class='ocr_carea' id='block_1_5' title="bbox 321 660 3437 753">
    <p class='ocr_par' dir='ltr' id='par_1_5' title="bbox 321 660 3437 753">
     <span class='ocr_line' id='line_1_6' title="bbox 321 660 3437 753; baseline 0.001 -30"><span class='ocrx_word' id='word_1_13' title='bbox 321 669 433 724; x_wconf 83' lang='lat' dir='ltr'><strong>est</strong></span> <span class='ocrx_word' id='word_1_14' title='bbox 461 661 760 741; x_wconf 90' lang='lat' dir='ltr'><strong>solitudo,</strong></span> <span class='ocrx_word' id='word_1_15' title='bbox 793 665 1098 747; x_wconf 89' lang='lat' dir='ltr'><strong>quoniam</strong></span> <span class='ocrx_word' id='word_1_16' title='bbox 1133 683 1535 747; x_wconf 83' lang='lat' dir='ltr'><strong>unaquaeque</strong></span> <span class='ocrx_word' id='word_1_17' title='bbox 1564 666 1836 727; x_wconf 79' lang='lat' dir='ltr'><strong>Persona</strong></span> <span class='ocrx_word' id='word_1_18' title='bbox 1864 662 1915 723; x_wconf 90' lang='lat' dir='ltr'>A</span> <span class='ocrx_word' id='word_1_19' title='bbox 1944 662 2255 726; x_wconf 90' lang='lat' dir='ltr'><strong>Putabant</strong></span> <span class='ocrx_word' id='word_1_20' title='bbox 2296 663 2524 753; x_wconf 18' lang='lat' dir='ltr'><strong>Jesum&#39;</strong></span> <span class='ocrx_word' id='word_1_21' title='bbox 2569 664 2743 747; x_wconf 85' lang='lat' dir='ltr'><strong>loqui</strong></span> <span class='ocrx_word' id='word_1_22' title='bbox 2807 666 2885 727; x_wconf 91' lang='lat' dir='ltr'><strong>de</strong></span> <span class='ocrx_word' id='word_1_23' title='bbox 2942 672 3121 747; x_wconf 89' lang='lat' dir='ltr'><strong>patre</strong></span> <span class='ocrx_word' id='word_1_24' title='bbox 3178 660 3437 739; x_wconf 87' lang='lat' dir='ltr'><strong>carnali,</strong></span> 
     </span>
    </p>
   </div>
   <div class='ocr_carea' id='block_1_6' title="bbox 320 760 1842 1814">
    <p class='ocr_par' dir='ltr' id='par_1_6' title="bbox 320 760 1842 1731">
     <span class='ocr_line' id='line_1_7' title="bbox 320 760 1837 845; baseline 0.004 -25"><span class='ocrx_word' id='word_1_25' title='bbox 320 768 428 821; x_wconf 82' lang='lat' dir='ltr'><strong>est</strong></span> <span class='ocrx_word' id='word_1_26' title='bbox 471 760 538 822; x_wconf 92' lang='lat' dir='ltr'><strong>in</strong></span> <span class='ocrx_word' id='word_1_27' title='bbox 577 762 704 823; x_wconf 87' lang='lat' dir='ltr'><strong>alia</strong></span> <span class='ocrx_word' id='word_1_28' title='bbox 743 762 1444 826; x_wconf 88' lang='lat' dir='ltr'><strong>circumincessibiliter</strong></span> <span class='ocrx_word' id='word_1_29' title='bbox 1485 770 1542 825; x_wconf 86' lang='lat' dir='ltr'><strong>et</strong></span> <span class='ocrx_word' id='word_1_30' title='bbox 1586 763 1837 845; x_wconf 88' lang='lat' dir='ltr'><strong>insepa-</strong></span> 
     </span>
     <span class='ocr_line' id='line_1_8' title="bbox 321 858 1832 943; baseline 0.003 -25"><span class='ocrx_word' id='word_1_31' title='bbox 321 858 645 935; x_wconf 79' lang='lat' dir='ltr'>rabiliter,</span> <span class='ocrx_word' id='word_1_32' title='bbox 669 868 733 922; x_wconf 90' lang='lat' dir='ltr'><strong>et</strong></span> <span class='ocrx_word' id='word_1_33' title='bbox 773 880 966 943; x_wconf 90' lang='lat' dir='ltr'><strong>opera</strong></span> <span class='ocrx_word' id='word_1_34' title='bbox 996 861 1322 923; x_wconf 83' lang='lat' dir='ltr'><strong>Trinitatis</strong></span> <span class='ocrx_word' id='word_1_35' title='bbox 1354 870 1504 923; x_wconf 91' lang='lat' dir='ltr'><strong>sunt</strong></span> <span class='ocrx_word' id='word_1_36' title='bbox 1535 862 1832 924; x_wconf 87' lang='lat' dir='ltr'><strong>indivisa.</strong></span> 
     </span>
     <span class='ocr_line' id='line_1_9' title="bbox 322 955 1840 1043; baseline 0.003 -25"><span class='ocrx_word' id='word_1_37' title='bbox 322 955 536 1020; x_wconf 90' lang='lat' dir='ltr'><strong>Omne</strong></span> <span class='ocrx_word' id='word_1_38' title='bbox 577 975 838 1042; x_wconf 89' lang='lat' dir='ltr'><strong>quoque</strong></span> <span class='ocrx_word' id='word_1_39' title='bbox 886 962 1058 1043; x_wconf 69' lang='lat' dir='ltr'><strong>q’uod</strong></span> <span class='ocrx_word' id='word_1_40' title='bbox 1109 960 1238 1041; x_wconf 84' lang='lat' dir='ltr'><strong>egit</strong></span> <span class='ocrx_word' id='word_1_41' title='bbox 1281 960 1566 1023; x_wconf 91' lang='lat' dir='ltr'><strong>Christus</strong></span> <span class='ocrx_word' id='word_1_42' title='bbox 1616 979 1840 1023; x_wconf 90' lang='lat' dir='ltr'><strong>secun-</strong></span> 
     </span>
     <span class='ocr_line' id='line_1_10' title="bbox 325 1055 1836 1141; baseline 0.003 -25"><span class='ocrx_word' id='word_1_43' title='bbox 325 1055 493 1117; x_wconf 90' lang='lat' dir='ltr'><strong>dum</strong></span> <span class='ocrx_word' id='word_1_44' title='bbox 525 1064 814 1121; x_wconf 90' lang='lat' dir='ltr'><strong>naturam</strong></span> <span class='ocrx_word' id='word_1_45' title='bbox 845 1067 1264 1141; x_wconf 79' lang='lat' dir='ltr'><strong>assumptam,</strong></span> <span class='ocrx_word' id='word_1_46' title='bbox 1297 1059 1426 1139; x_wconf 84' lang='lat' dir='ltr'><strong>egit</strong></span> <span class='ocrx_word' id='word_1_47' title='bbox 1465 1059 1699 1123; x_wconf 89' lang='lat' dir='ltr'><strong>virtute</strong></span> <span class='ocrx_word' id='word_1_48' title='bbox 1728 1059 1836 1121; x_wconf 90' lang='lat' dir='ltr'><strong>Dei</strong></span> 
     </span>
     <span class='ocr_line' id='line_1_11' title="bbox 329 1152 1841 1241; baseline 0.004 -26"><span class='ocrx_word' id='word_1_49' title='bbox 329 1152 558 1229; x_wconf 81' lang='lat' dir='ltr'><strong>Patris,</strong></span> <span class='ocrx_word' id='word_1_50' title='bbox 593 1155 724 1220; x_wconf 91' lang='lat' dir='ltr'><strong>imo</strong></span> <span class='ocrx_word' id='word_1_51' title='bbox 765 1157 959 1222; x_wconf 87' lang='lat' dir='ltr'><strong>totius</strong></span> <span class='ocrx_word' id='word_1_52' title='bbox 990 1158 1313 1220; x_wconf 82' lang='lat' dir='ltr'><strong>Trinitatis</strong></span> <span class='ocrx_word' id='word_1_53' title='bbox 1361 1158 1682 1240; x_wconf 88' lang='lat' dir='ltr'><strong>operantis</strong></span> <span class='ocrx_word' id='word_1_54' title='bbox 1729 1176 1841 1241; x_wconf 91' lang='lat' dir='ltr'><strong>per</strong></span> 
     </span>
     <span class='ocr_line' id='line_1_12' title="bbox 327 1252 1841 1339; baseline 0.004 -26"><span class='ocrx_word' id='word_1_55' title='bbox 327 1252 580 1334; x_wconf 85' lang='lat' dir='ltr'><strong>ipsum.</strong></span> <span class='ocrx_word' id='word_1_56' title='bbox 621 1254 724 1319; x_wconf 91' lang='lat' dir='ltr'><strong>Sic</strong></span> <span class='ocrx_word' id='word_1_57' title='bbox 763 1274 912 1337; x_wconf 85' lang='lat' dir='ltr'><strong>ergo</strong></span> <span class='ocrx_word' id='word_1_58' title='bbox 949 1256 1112 1319; x_wconf 88' lang='lat' dir='ltr'><strong>Deus</strong></span> <span class='ocrx_word' id='word_1_59' title='bbox 1143 1255 1322 1318; x_wconf 87' lang='lat' dir='ltr'><strong>Pater</strong></span> <span class='ocrx_word' id='word_1_60' title='bbox 1358 1256 1738 1339; x_wconf 81' lang='lat' dir='ltr'><strong>approbavit</strong></span> <span class='ocrx_word' id='word_1_61' title='bbox 1779 1264 1841 1320; x_wconf 90' lang='lat' dir='ltr'><strong>et</strong></span> 
     </span>
     <span class='ocr_line' id='line_1_13' title="bbox 329 1353 1840 1438; baseline 0.003 -25"><span class='ocrx_word' id='word_1_62' title='bbox 329 1353 810 1415; x_wconf 75' lang='lat' dir='ltr'><strong>contestabatur</strong></span> <span class='ocrx_word' id='word_1_63' title='bbox 852 1372 1076 1417; x_wconf 88' lang='lat' dir='ltr'><strong>verum</strong></span> <span class='ocrx_word' id='word_1_64' title='bbox 1117 1372 1256 1417; x_wconf 89' lang='lat' dir='ltr'><strong>esse</strong></span> <span class='ocrx_word' id='word_1_65' title='bbox 1295 1355 1613 1438; x_wconf 85' lang='lat' dir='ltr'><strong>quidquid</strong></span> <span class='ocrx_word' id='word_1_66' title='bbox 1643 1356 1840 1418; x_wconf 86' lang='lat' dir='ltr'><strong>Filius</strong></span> 
     </span>
     <span class='ocr_line' id='line_1_14' title="bbox 329 1450 1842 1536; baseline 0.004 -25"><span class='ocrx_word' id='word_1_67' title='bbox 329 1450 405 1511; x_wconf 91' lang='lat' dir='ltr'><strong>in</strong></span> <span class='ocrx_word' id='word_1_68' title='bbox 439 1450 836 1515; x_wconf 80' lang='lat' dir='ltr'><strong>humanitate</strong></span> <span class='ocrx_word' id='word_1_69' title='bbox 864 1452 1197 1533; x_wconf 87' lang='lat' dir='ltr'><strong>judicavit.</strong></span> <span class='ocrx_word' id='word_1_70' title='bbox 1231 1452 1492 1536; x_wconf 82' lang='lat' dir='ltr'><strong>Propter</strong></span> <span class='ocrx_word' id='word_1_71' title='bbox 1530 1456 1700 1536; x_wconf 90' lang='lat' dir='ltr'><strong>quod</strong></span> <span class='ocrx_word' id='word_1_72' title='bbox 1742 1453 1842 1517; x_wconf 86' lang='lat' dir='ltr'><strong>Fi-</strong></span> 
     </span>
     <span class='ocr_line' id='line_1_15' title="bbox 329 1548 1840 1630; baseline 0.003 -20"><span class='ocrx_word' id='word_1_73' title='bbox 329 1550 466 1611; x_wconf 86' lang='lat' dir='ltr'><strong>lius</strong></span> <span class='ocrx_word' id='word_1_74' title='bbox 499 1549 566 1610; x_wconf 92' lang='lat' dir='ltr'><strong>in</strong></span> <span class='ocrx_word' id='word_1_75' title='bbox 592 1548 938 1630; x_wconf 87' lang='lat' dir='ltr'><strong>judicando</strong></span> <span class='ocrx_word' id='word_1_76' title='bbox 977 1571 1104 1615; x_wconf 90' lang='lat' dir='ltr'><strong>non</strong></span> <span class='ocrx_word' id='word_1_77' title='bbox 1143 1551 1269 1613; x_wconf 82' lang='lat' dir='ltr'><strong>fuit</strong></span> <span class='ocrx_word' id='word_1_78' title='bbox 1309 1552 1505 1627; x_wconf 81' lang='lat' dir='ltr'><strong>soluS,</strong></span> <span class='ocrx_word' id='word_1_79' title='bbox 1543 1571 1659 1615; x_wconf 90' lang='lat' dir='ltr'><strong>nec</strong></span> <span class='ocrx_word' id='word_1_80' title='bbox 1701 1553 1840 1616; x_wconf 90' lang='lat' dir='ltr'><strong>sine</strong></span> 
     </span>
     <span class='ocr_line' id='line_1_16' title="bbox 321 1649 1114 1731; baseline 0.004 -23"><span class='ocrx_word' id='word_1_81' title='bbox 321 1655 500 1709; x_wconf 83' lang='lat' dir='ltr'><strong>teste</strong></span> <span class='ocrx_word' id='word_1_82' title='bbox 541 1655 606 1709; x_wconf 89' lang='lat' dir='ltr'><strong>et</strong></span> <span class='ocrx_word' id='word_1_83' title='bbox 647 1649 1114 1731; x_wconf 86' lang='lat' dir='ltr'><strong>conjudicante.</strong></span> 
     </span>
    </p>

    <p class='ocr_par' dir='ltr' id='par_1_7' title="bbox 419 1745 1842 1814">
     <span class='ocr_line' id='line_1_17' title="bbox 419 1745 1842 1814; baseline 0.003 -5"><span class='ocrx_word' id='word_1_84' title='bbox 419 1745 512 1809; x_wconf 83' lang='lat' dir='ltr'><strong>Ex</strong></span> <span class='ocrx_word' id='word_1_85' title='bbox 553 1746 652 1809; x_wconf 92' lang='lat' dir='ltr'><strong>his</strong></span> <span class='ocrx_word' id='word_1_86' title='bbox 698 1747 986 1811; x_wconf 87' lang='lat' dir='ltr'><strong>Christus</strong></span> <span class='ocrx_word' id='word_1_87' title='bbox 1031 1751 1308 1813; x_wconf 81' lang='lat' dir='ltr'><strong>ostendit</strong></span> <span class='ocrx_word' id='word_1_88' title='bbox 1347 1751 1720 1814; x_wconf 87' lang='lat' dir='ltr'><strong>auctoritate</strong></span> <span class='ocrx_word' id='word_1_89' title='bbox 1759 1752 1842 1813; x_wconf 94' lang='lat' dir='ltr'><strong>le-</strong></span> 
     </span>
    </p>
   </div>
   <div class='ocr_carea' id='block_1_7' title="bbox 1945 762 3483 1830">
    <p class='ocr_par' dir='ltr' id='par_1_8' title="bbox 1945 762 3483 1732">
     <span class='ocr_line' id='line_1_18' title="bbox 1945 762 3442 845; baseline 0.003 -24"><span class='ocrx_word' id='word_1_90' title='bbox 1945 762 2086 825; x_wconf 92' lang='lat' dir='ltr'><strong>ideo</strong></span> <span class='ocrx_word' id='word_1_91' title='bbox 2133 780 2209 825; x_wconf 88' lang='lat' dir='ltr'><strong>ex</strong></span> <span class='ocrx_word' id='word_1_92' title='bbox 2267 770 2637 845; x_wconf 90' lang='lat' dir='ltr'><strong>contemptu</strong></span> <span class='ocrx_word' id='word_1_93' title='bbox 2692 782 2837 825; x_wconf 89' lang='lat' dir='ltr'><strong>cum</strong></span> <span class='ocrx_word' id='word_1_94' title='bbox 2895 762 3190 827; x_wconf 84' lang='lat' dir='ltr'><strong>irrisione</strong></span> <span class='ocrx_word' id='word_1_95' title='bbox 3250 763 3442 825; x_wconf 89' lang='lat' dir='ltr'><strong>inter-</strong></span> 
     </span>
     <span class='ocr_line' id='line_1_19' title="bbox 1946 860 3440 942; baseline 0.001 -20"><span class='ocrx_word' id='word_1_96' title='bbox 1946 868 2168 942; x_wconf 83' lang='lat' dir='ltr'><strong>rogant</strong></span> <span class='ocrx_word' id='word_1_97' title='bbox 2206 861 2469 924; x_wconf 90' lang='lat' dir='ltr'><strong>ubinam</strong></span> <span class='ocrx_word' id='word_1_98' title='bbox 2507 862 2608 923; x_wconf 89' lang='lat' dir='ltr'><strong>sit.</strong></span> <span class='ocrx_word' id='word_1_99' title='bbox 2641 860 2827 934; x_wconf 87' lang='lat' dir='ltr'><strong>Quasi</strong></span> <span class='ocrx_word' id='word_1_100' title='bbox 2868 862 3081 924; x_wconf 89' lang='lat' dir='ltr'><strong>dicant</strong></span> <span class='ocrx_word' id='word_1_101' title='bbox 3122 879 3135 926; x_wconf 92' lang='lat'>:</span> <span class='ocrx_word' id='word_1_102' title='bbox 3180 862 3271 924; x_wconf 88' lang='lat' dir='ltr'><strong>Tu</strong></span> <span class='ocrx_word' id='word_1_103' title='bbox 3315 862 3440 925; x_wconf 91' lang='lat' dir='ltr'><strong>scis</strong></span> 
     </span>
     <span class='ocr_line' id='line_1_20' title="bbox 1947 958 3445 1041; baseline 0.001 -21"><span class='ocrx_word' id='word_1_104' title='bbox 1947 961 2117 1041; x_wconf 92' lang='lat' dir='ltr'><strong>quod</strong></span> <span class='ocrx_word' id='word_1_105' title='bbox 2159 958 2335 1022; x_wconf 88' lang='lat' dir='ltr'><strong>Pater</strong></span> <span class='ocrx_word' id='word_1_106' title='bbox 2366 967 2512 1022; x_wconf 90' lang='lat' dir='ltr'><strong>tuus</strong></span> <span class='ocrx_word' id='word_1_107' title='bbox 2558 959 2640 1022; x_wconf 91' lang='lat' dir='ltr'><strong>sit</strong></span> <span class='ocrx_word' id='word_1_108' title='bbox 2680 968 2914 1033; x_wconf 90' lang='lat' dir='ltr'><strong>tecum,</strong></span> <span class='ocrx_word' id='word_1_109' title='bbox 2948 969 3012 1023; x_wconf 90' lang='lat' dir='ltr'><strong>et</strong></span> <span class='ocrx_word' id='word_1_110' title='bbox 3042 979 3155 1024; x_wconf 91' lang='lat' dir='ltr'><strong>nos</strong></span> <span class='ocrx_word' id='word_1_111' title='bbox 3187 979 3313 1024; x_wconf 91' lang='lat' dir='ltr'><strong>non</strong></span> <span class='ocrx_word' id='word_1_112' title='bbox 3358 961 3445 1023; x_wconf 86' lang='lat' dir='ltr'><strong>vi-</strong></span> 
     </span>
     <span class='ocr_line' id='line_1_21' title="bbox 1948 1058 3443 1139; baseline -0.001 -19"><span class='ocrx_word' id='word_1_113' title='bbox 1948 1059 2171 1120; x_wconf 89' lang='lat' dir='ltr'><strong>demus</strong></span> <span class='ocrx_word' id='word_1_114' title='bbox 2216 1075 2363 1121; x_wconf 89' lang='lat' dir='ltr'><strong>eum</strong></span> <span class='ocrx_word' id='word_1_115' title='bbox 2414 1058 2535 1121; x_wconf 90' lang='lat' dir='ltr'><strong>hoc</strong></span> <span class='ocrx_word' id='word_1_116' title='bbox 2592 1058 2729 1121; x_wconf 90' lang='lat' dir='ltr'><strong>loco</strong></span> <span class='ocrx_word' id='word_1_117' title='bbox 2783 1077 2795 1121; x_wconf 93' lang='lat'>:</span> <span class='ocrx_word' id='word_1_118' title='bbox 2844 1076 2925 1121; x_wconf 93' lang='lat' dir='ltr'><strong>ne</strong></span> <span class='ocrx_word' id='word_1_119' title='bbox 2971 1076 3121 1139; x_wconf 83' lang='lat' dir='ltr'><strong>ergo</strong></span> <span class='ocrx_word' id='word_1_120' title='bbox 3169 1058 3443 1123; x_wconf 86' lang='lat' dir='ltr'><strong>videaris</strong></span> 
     </span>
     <span class='ocr_line' id='line_1_22' title="bbox 1949 1155 3445 1239; baseline 0.001 -22"><span class='ocrx_word' id='word_1_121' title='bbox 1949 1156 2275 1226; x_wconf 87' lang='lat' dir='ltr'><strong>mentitus,</strong></span> <span class='ocrx_word' id='word_1_122' title='bbox 2312 1156 2413 1218; x_wconf 91' lang='lat' dir='ltr'><strong>dic</strong></span> <span class='ocrx_word' id='word_1_123' title='bbox 2460 1156 2567 1218; x_wconf 93' lang='lat' dir='ltr'><strong>ubi</strong></span> <span class='ocrx_word' id='word_1_124' title='bbox 2618 1176 2789 1219; x_wconf 90' lang='lat' dir='ltr'><strong>nunc</strong></span> <span class='ocrx_word' id='word_1_125' title='bbox 2834 1157 2936 1219; x_wconf 92' lang='lat' dir='ltr'><strong>sit.</strong></span> <span class='ocrx_word' id='word_1_126' title='bbox 2972 1155 3093 1219; x_wconf 88' lang='lat' dir='ltr'><strong>Sed</strong></span> <span class='ocrx_word' id='word_1_127' title='bbox 3141 1157 3445 1239; x_wconf 87' lang='lat' dir='ltr'><strong>quoniam</strong></span> 
     </span>
     <span class='ocr_line' id='line_1_23' title="bbox 1948 1253 3449 1337; baseline 0.001 -21"><span class='ocrx_word' id='word_1_128' title='bbox 1948 1254 2263 1318; x_wconf 88' lang='lat' dir='ltr'><strong>malitiose</strong></span> <span class='ocrx_word' id='word_1_129' title='bbox 2311 1262 2373 1317; x_wconf 88' lang='lat' dir='ltr'><strong>et</strong></span> <span class='ocrx_word' id='word_1_130' title='bbox 2430 1253 2779 1317; x_wconf 85' lang='lat' dir='ltr'><strong>infideliter</strong></span> <span class='ocrx_word' id='word_1_131' title='bbox 2836 1256 3250 1337; x_wconf 84' lang='lat' dir='ltr'><strong>quaesierunt‚</strong></span> <span class='ocrx_word' id='word_1_132' title='bbox 3306 1256 3449 1319; x_wconf 90' lang='lat' dir='ltr'><strong>ideo</strong></span> 
     </span>
     <span class='ocr_line' id='line_1_24' title="bbox 1948 1351 3450 1436; baseline 0.002 -23"><span class='ocrx_word' id='word_1_133' title='bbox 1948 1351 2253 1417; x_wconf 90' lang='lat' dir='ltr'><strong>Dominus</strong></span> <span class='ocrx_word' id='word_1_134' title='bbox 2284 1372 2412 1417; x_wconf 90' lang='lat' dir='ltr'><strong>non</strong></span> <span class='ocrx_word' id='word_1_135' title='bbox 2451 1355 2781 1436; x_wconf 88' lang='lat' dir='ltr'><strong>respondit</strong></span> <span class='ocrx_word' id='word_1_136' title='bbox 2817 1354 2909 1417; x_wconf 91' lang='lat' dir='ltr'><strong>eis</strong></span> <span class='ocrx_word' id='word_1_137' title='bbox 2951 1355 3189 1417; x_wconf 83' lang='lat' dir='ltr'><strong>directe</strong></span> <span class='ocrx_word' id='word_1_138' title='bbox 3236 1355 3313 1417; x_wconf 85' lang='lat' dir='ltr'><strong>ad</strong></span> <span class='ocrx_word' id='word_1_139' title='bbox 3357 1354 3450 1416; x_wconf 93' lang='lat' dir='ltr'><strong>in-</strong></span> 
     </span>
     <span class='ocr_line' id='line_1_25' title="bbox 1947 1453 3483 1535; baseline -0.001 -21"><span class='ocrx_word' id='word_1_140' title='bbox 1947 1459 2355 1533; x_wconf 84' lang='lat' dir='ltr'><strong>terrogatum,</strong></span> <span class='ocrx_word' id='word_1_141' title='bbox 2383 1454 2737 1534; x_wconf 80' lang='lat' dir='ltr'><strong>praesertim</strong></span> <span class='ocrx_word' id='word_1_142' title='bbox 2768 1454 3073 1535; x_wconf 90' lang='lat' dir='ltr'><strong>quoniam</strong></span> <span class='ocrx_word' id='word_1_143' title='bbox 3102 1453 3446 1517; x_wconf 90' lang='lat' dir='ltr'><strong>deteriores</strong></span> <span class='ocrx_word' id='word_1_144' title='bbox 3470 1500 3483 1513; x_wconf 93' lang='lat'>.</span> 
     </span>
     <span class='ocr_line' id='line_1_26' title="bbox 1946 1549 3448 1634; baseline 0.002 -22"><span class='ocrx_word' id='word_1_145' title='bbox 1946 1549 2097 1613; x_wconf 88' lang='lat' dir='ltr'><strong>facti</strong></span> <span class='ocrx_word' id='word_1_146' title='bbox 2140 1550 2416 1613; x_wconf 84' lang='lat' dir='ltr'><strong>fuissent</strong></span> <span class='ocrx_word' id='word_1_147' title='bbox 2458 1569 2535 1614; x_wconf 83' lang='lat' dir='ltr'><strong>ex</strong></span> <span class='ocrx_word' id='word_1_148' title='bbox 2578 1552 2991 1634; x_wconf 89' lang='lat' dir='ltr'><strong>responsione</strong></span> <span class='ocrx_word' id='word_1_149' title='bbox 3043 1560 3282 1634; x_wconf 84' lang='lat' dir='ltr'><strong>aperta,</strong></span> <span class='ocrx_word' id='word_1_150' title='bbox 3327 1553 3448 1615; x_wconf 91' lang='lat' dir='ltr'><strong>sic-</strong></span> 
     </span>
     <span class='ocr_line' id='line_1_27' title="bbox 1945 1648 2604 1732; baseline 0.002 -21"><span class='ocrx_word' id='word_1_151' title='bbox 1945 1658 2020 1712; x_wconf 85' lang='lat' dir='ltr'><strong>ut</strong></span> <span class='ocrx_word' id='word_1_152' title='bbox 2061 1648 2229 1713; x_wconf 86' lang='lat' dir='ltr'><strong>infra</strong></span> <span class='ocrx_word' id='word_1_153' title='bbox 2273 1650 2535 1732; x_wconf 82' lang='lat' dir='ltr'><strong>patebit.</strong></span> <span class='ocrx_word' id='word_1_154' title='bbox 2598 1658 2604 1665; x_wconf 85' lang='lat'>&#39;</span> 
     </span>
    </p>

    <p class='ocr_par' dir='ltr' id='par_1_9' title="bbox 2027 1748 3445 1830">
     <span class='ocr_line' id='line_1_28' title="bbox 2027 1748 3445 1830; baseline 0.001 -20"><span class='ocrx_word' id='word_1_155' title='bbox 2027 1748 2381 1825; x_wconf 79' lang='lat' dir='ltr'><strong>Respondit</strong></span> <span class='ocrx_word' id='word_1_156' title='bbox 2428 1752 2609 1810; x_wconf 81' lang='lat' dir='ltr'><strong>Jesus</strong></span> <span class='ocrx_word' id='word_1_157' title='bbox 2659 1769 2681 1809; x_wconf 91' lang='lat'><strong>.·</strong></span> <span class='ocrx_word' id='word_1_158' title='bbox 2724 1750 2949 1830; x_wconf 83' lang='lat' dir='ltr'><strong>Neque</strong></span> <span class='ocrx_word' id='word_1_159' title='bbox 2992 1769 3090 1811; x_wconf 87' lang='lat' dir='ltr'><strong>me</strong></span> <span class='ocrx_word' id='word_1_160' title='bbox 3136 1750 3334 1819; x_wconf 70' lang='lat' dir='ltr'><strong>scitia,</strong></span> <span class='ocrx_word' id='word_1_161' title='bbox 3378 1748 3445 1811; x_wconf 84' lang='lat' dir='ltr'><strong>id</strong></span> 
     </span>
    </p>
   </div>
   <div class='ocr_carea' id='block_1_8' title="bbox 332 1844 3540 1938">
    <p class='ocr_par' dir='ltr' id='par_1_10' title="bbox 332 1844 3540 1938">
     <span class='ocr_line' id='line_1_29' title="bbox 332 1844 3540 1938; baseline 0.001 -31"><span class='ocrx_word' id='word_1_162' title='bbox 332 1844 439 1925; x_wconf 83' lang='lat' dir='ltr'><strong>gis</strong></span> <span class='ocrx_word' id='word_1_163' title='bbox 489 1852 551 1907; x_wconf 91' lang='lat' dir='ltr'><strong>et</strong></span> <span class='ocrx_word' id='word_1_164' title='bbox 601 1863 717 1927; x_wconf 91' lang='lat' dir='ltr'><strong>per</strong></span> <span class='ocrx_word' id='word_1_165' title='bbox 770 1846 985 1909; x_wconf 90' lang='lat' dir='ltr'><strong>locum</strong></span> <span class='ocrx_word' id='word_1_166' title='bbox 1037 1866 1075 1909; x_wconf 91' lang='lat' dir='ltr'><strong>a</strong></span> <span class='ocrx_word' id='word_1_167' title='bbox 1134 1849 1384 1930; x_wconf 76' lang='lat' dir='ltr'><strong>maJori,</strong></span> <span class='ocrx_word' id='word_1_168' title='bbox 1436 1851 1608 1932; x_wconf 90' lang='lat' dir='ltr'><strong>quod</strong></span> <span class='ocrx_word' id='word_1_169' title='bbox 1667 1850 1842 1913; x_wconf 86' lang='lat' dir='ltr'><strong>testi·</strong></span> <span class='ocrx_word' id='word_1_170' title='bbox 1877 1850 1923 1912; x_wconf 91' lang='lat' dir='ltr'>B</span> <span class='ocrx_word' id='word_1_171' title='bbox 1949 1854 2066 1921; x_wconf 88' lang='lat' dir='ltr'><strong>est,</strong></span> <span class='ocrx_word' id='word_1_172' title='bbox 2101 1866 2228 1910; x_wconf 90' lang='lat' dir='ltr'><strong>non</strong></span> <span class='ocrx_word' id='word_1_173' title='bbox 2262 1865 2408 1909; x_wconf 87' lang='lat' dir='ltr'><strong>vere</strong></span> <span class='ocrx_word' id='word_1_174' title='bbox 2439 1854 2500 1909; x_wconf 90' lang='lat' dir='ltr'><strong>et</strong></span> <span class='ocrx_word' id='word_1_175' title='bbox 2540 1846 3052 1910; x_wconf 86' lang='lat' dir='ltr'><strong>intellectualiter</strong></span> <span class='ocrx_word' id='word_1_176' title='bbox 3082 1866 3183 1909; x_wconf 89' lang='lat' dir='ltr'><strong>me</strong></span> <span class='ocrx_word' id='word_1_177' title='bbox 3224 1866 3447 1929; x_wconf 82' lang='lat' dir='ltr'><strong>cogno-</strong></span> <span class='ocrx_word' id='word_1_178' title='bbox 3534 1932 3540 1938; x_wconf 23' lang='grc' dir='ltr'>ι</span> 
     </span>
    </p>
   </div>
   <div class='ocr_carea' id='block_1_9' title="bbox 325 1944 1844 3009">
    <p class='ocr_par' dir='ltr' id='par_1_11' title="bbox 325 1944 1844 3009">
     <span class='ocr_line' id='line_1_30' title="bbox 338 1944 1842 2027; baseline 0.003 -22"><span class='ocrx_word' id='word_1_179' title='bbox 338 1944 638 2007; x_wconf 90' lang='lat' dir='ltr'><strong>monium</strong></span> <span class='ocrx_word' id='word_1_180' title='bbox 686 1964 876 2007; x_wconf 89' lang='lat' dir='ltr'><strong>suum</strong></span> <span class='ocrx_word' id='word_1_181' title='bbox 929 1944 1054 2009; x_wconf 85' lang='lat' dir='ltr'><strong>fuit</strong></span> <span class='ocrx_word' id='word_1_182' title='bbox 1103 1947 1426 2011; x_wconf 90' lang='lat' dir='ltr'><strong>idoneum.</strong></span> <span class='ocrx_word' id='word_1_183' title='bbox 1462 1952 1546 2011; x_wconf 77' lang='lat' dir='ltr'><strong>Et</strong></span> <span class='ocrx_word' id='word_1_184' title='bbox 1595 1950 1669 2011; x_wconf 82' lang='lat' dir='ltr'><strong>in</strong></span> <span class='ocrx_word' id='word_1_185' title='bbox 1711 1952 1842 2027; x_wconf 71' lang='lat' dir='ltr'><strong>leye</strong></span> 
     </span>
     <span class='ocr_line' id='line_1_31' title="bbox 337 2043 1843 2128; baseline 0.004 -26"><span class='ocrx_word' id='word_1_186' title='bbox 337 2052 582 2114; x_wconf 80' lang='lat' dir='ltr'><strong>vestra,</strong></span> <span class='ocrx_word' id='word_1_187' title='bbox 606 2043 673 2106; x_wconf 90' lang='lat' dir='ltr'><strong>id</strong></span> <span class='ocrx_word' id='word_1_188' title='bbox 711 2052 808 2105; x_wconf 90' lang='lat' dir='ltr'><strong>est</strong></span> <span class='ocrx_word' id='word_1_189' title='bbox 837 2045 1018 2108; x_wconf 84' lang='lat' dir='ltr'><strong>vobis</strong></span> <span class='ocrx_word' id='word_1_190' title='bbox 1057 2064 1172 2127; x_wconf 91' lang='lat' dir='ltr'><strong>per</strong></span> <span class='ocrx_word' id='word_1_191' title='bbox 1198 2045 1448 2128; x_wconf 83' lang='lat' dir='ltr'><strong>Moysen</strong></span> <span class='ocrx_word' id='word_1_192' title='bbox 1492 2049 1652 2122; x_wconf 85' lang='lat' dir='ltr'><strong>data,</strong></span> <span class='ocrx_word' id='word_1_193' title='bbox 1685 2051 1843 2109; x_wconf 78' lang='lat' dir='ltr'><strong>scri-</strong></span> 
     </span>
     <span class='ocr_line' id='line_1_32' title="bbox 329 2144 1844 2223; baseline 0.003 -22"><span class='ocrx_word' id='word_1_194' title='bbox 329 2150 530 2220; x_wconf 78' lang='lat' dir='ltr'><strong>ptum</strong></span> <span class='ocrx_word' id='word_1_195' title='bbox 581 2151 696 2212; x_wconf 85' lang='lat' dir='ltr'><strong>est,</strong></span> <span class='ocrx_word' id='word_1_196' title='bbox 739 2144 899 2223; x_wconf 83' lang='lat' dir='ltr'><strong>quia</strong></span> <span class='ocrx_word' id='word_1_197' title='bbox 949 2147 1234 2206; x_wconf 82' lang='lat' dir='ltr'><strong>duorum</strong></span> <span class='ocrx_word' id='word_1_198' title='bbox 1280 2148 1621 2207; x_wconf 71' lang='lat' dir='ltr'><strong>hominum</strong></span> <span class='ocrx_word' id='word_1_199' title='bbox 1671 2149 1844 2208; x_wconf 84' lang='lat' dir='ltr'><strong>testi-</strong></span> 
     </span>
     <span class='ocr_line' id='line_1_33' title="bbox 338 2241 1842 2327; baseline 0.005 -27"><span class='ocrx_word' id='word_1_200' title='bbox 338 2241 640 2301; x_wconf 77' lang='lat' dir='ltr'><strong>monium</strong></span> <span class='ocrx_word' id='word_1_201' title='bbox 671 2260 896 2301; x_wconf 84' lang='lat' dir='ltr'><strong>verum</strong></span> <span class='ocrx_word' id='word_1_202' title='bbox 931 2252 1047 2313; x_wconf 83' lang='lat' dir='ltr'><strong>est,</strong></span> <span class='ocrx_word' id='word_1_203' title='bbox 1078 2242 1144 2305; x_wconf 88' lang='lat' dir='ltr'><strong>id</strong></span> <span class='ocrx_word' id='word_1_204' title='bbox 1179 2250 1297 2324; x_wconf 83' lang='lat' dir='ltr'><strong>est,</strong></span> <span class='ocrx_word' id='word_1_205' title='bbox 1330 2262 1554 2306; x_wconf 89' lang='lat' dir='ltr'><strong>verum</strong></span> <span class='ocrx_word' id='word_1_206' title='bbox 1595 2253 1842 2327; x_wconf 89' lang='lat' dir='ltr'><strong>reputa-</strong></span> 
     </span>
     <span class='ocr_line' id='line_1_34' title="bbox 340 2338 1838 2426; baseline 0.005 -27"><span class='ocrx_word' id='word_1_207' title='bbox 340 2345 472 2413; x_wconf 86' lang='lat' dir='ltr'><strong>tur,</strong></span> <span class='ocrx_word' id='word_1_208' title='bbox 512 2345 578 2400; x_wconf 89' lang='lat' dir='ltr'><strong>et</strong></span> <span class='ocrx_word' id='word_1_209' title='bbox 611 2338 986 2401; x_wconf 81' lang='lat' dir='ltr'><strong>firmitatem</strong></span> <span class='ocrx_word' id='word_1_210' title='bbox 1026 2342 1308 2404; x_wconf 86' lang='lat' dir='ltr'><strong>sortitur.</strong></span> <span class='ocrx_word' id='word_1_211' title='bbox 1344 2342 1471 2406; x_wconf 85' lang='lat' dir='ltr'><strong>Hoc</strong></span> <span class='ocrx_word' id='word_1_212' title='bbox 1511 2351 1838 2426; x_wconf 90' lang='lat' dir='ltr'><strong>sumptum</strong></span> 
     </span>
     <span class='ocr_line' id='line_1_35' title="bbox 337 2438 1840 2522; baseline 0.005 -25"><span class='ocrx_word' id='word_1_213' title='bbox 337 2444 438 2499; x_wconf 88' lang='lat' dir='ltr'><strong>est</strong></span> <span class='ocrx_word' id='word_1_214' title='bbox 469 2455 547 2500; x_wconf 84' lang='lat' dir='ltr'><strong>ex</strong></span> <span class='ocrx_word' id='word_1_215' title='bbox 579 2455 655 2500; x_wconf 92' lang='lat' dir='ltr'><strong>eo</strong></span> <span class='ocrx_word' id='word_1_216' title='bbox 683 2438 858 2520; x_wconf 89' lang='lat' dir='ltr'><strong>quod</strong></span> <span class='ocrx_word' id='word_1_217' title='bbox 885 2438 1123 2522; x_wconf 79' lang='lat' dir='ltr'><strong>Moyses</strong></span> <span class='ocrx_word' id='word_1_218' title='bbox 1152 2440 1242 2503; x_wconf 88' lang='lat' dir='ltr'><strong>ait</strong></span> <span class='ocrx_word' id='word_1_219' title='bbox 1274 2459 1288 2503; x_wconf 90' lang='lat'>:</span> <span class='ocrx_word' id='word_1_220' title='bbox 1324 2440 1391 2503; x_wconf 88' lang='lat' dir='ltr'><strong>ln</strong></span> <span class='ocrx_word' id='word_1_221' title='bbox 1424 2459 1532 2505; x_wconf 89' lang='lat' dir='ltr'><strong>ore</strong></span> <span class='ocrx_word' id='word_1_222' title='bbox 1565 2442 1840 2506; x_wconf 89' lang='lat' dir='ltr'><strong>duorum</strong></span> 
     </span>
     <span class='ocr_line' id='line_1_36' title="bbox 333 2536 1838 2606; baseline 0.004 -7"><span class='ocrx_word' id='word_1_223' title='bbox 333 2536 440 2599; x_wconf 80' lang='lat' dir='ltr'><strong>vel</strong></span> <span class='ocrx_word' id='word_1_224' title='bbox 471 2538 672 2599; x_wconf 87' lang='lat' dir='ltr'><strong>trium</strong></span> <span class='ocrx_word' id='word_1_225' title='bbox 701 2538 962 2600; x_wconf 90' lang='lat' dir='ltr'><strong>testium</strong></span> <span class='ocrx_word' id='word_1_226' title='bbox 993 2539 1185 2602; x_wconf 86' lang='lat' dir='ltr'><strong>stabit</strong></span> <span class='ocrx_word' id='word_1_227' title='bbox 1213 2558 1402 2603; x_wconf 88' lang='lat' dir='ltr'><strong>omne</strong></span> <span class='ocrx_word' id='word_1_228' title='bbox 1432 2542 1724 2605; x_wconf 90' lang='lat' dir='ltr'><strong>verbum.</strong></span> <span class='ocrx_word' id='word_1_229' title='bbox 1769 2542 1838 2606; x_wconf 91' lang='lat' dir='ltr'><strong>In</strong></span> 
     </span>
     <span class='ocr_line' id='line_1_37' title="bbox 330 2635 1841 2719; baseline 0.005 -23"><span class='ocrx_word' id='word_1_230' title='bbox 330 2635 530 2698; x_wconf 87' lang='lat' dir='ltr'><strong>rebus</strong></span> <span class='ocrx_word' id='word_1_231' title='bbox 579 2636 754 2698; x_wconf 89' lang='lat' dir='ltr'><strong>enim</strong></span> <span class='ocrx_word' id='word_1_232' title='bbox 810 2637 1192 2719; x_wconf 87' lang='lat' dir='ltr'><strong>requirenda</strong></span> <span class='ocrx_word' id='word_1_233' title='bbox 1237 2647 1334 2701; x_wconf 90' lang='lat' dir='ltr'><strong>est</strong></span> <span class='ocrx_word' id='word_1_234' title='bbox 1381 2642 1693 2706; x_wconf 83' lang='lat' dir='ltr'><strong>certitudo</strong></span> <span class='ocrx_word' id='word_1_235' title='bbox 1741 2660 1841 2703; x_wconf 89' lang='lat' dir='ltr'><strong>se-</strong></span> 
     </span>
     <span class='ocr_line' id='line_1_38' title="bbox 331 2736 1840 2821; baseline 0.004 -25"><span class='ocrx_word' id='word_1_236' title='bbox 331 2736 624 2798; x_wconf 88' lang='lat' dir='ltr'><strong>cundum</strong></span> <span class='ocrx_word' id='word_1_237' title='bbox 653 2736 1024 2817; x_wconf 86' lang='lat' dir='ltr'><strong>qualitatem</strong></span> <span class='ocrx_word' id='word_1_238' title='bbox 1062 2738 1341 2802; x_wconf 85' lang='lat' dir='ltr'><strong>materiae</strong></span> <span class='ocrx_word' id='word_1_239' title='bbox 1380 2740 1706 2821; x_wconf 84' lang='lat' dir='ltr'><strong>subjectae,</strong></span> <span class='ocrx_word' id='word_1_240' title='bbox 1741 2759 1840 2803; x_wconf 89' lang='lat' dir='ltr'><strong>se-</strong></span> 
     </span>
     <span class='ocr_line' id='line_1_39' title="bbox 328 2834 1834 2911; baseline 0.005 -15"><span class='ocrx_word' id='word_1_241' title='bbox 328 2835 619 2911; x_wconf 86' lang='lat' dir='ltr'><strong>cundum</strong></span> <span class='ocrx_word' id='word_1_242' title='bbox 668 2834 1072 2899; x_wconf 89' lang='lat' dir='ltr'><strong>Aristotelem</strong></span> <span class='ocrx_word' id='word_1_243' title='bbox 1115 2844 1176 2898; x_wconf 91' lang='lat' dir='ltr'><strong>et</strong></span> <span class='ocrx_word' id='word_1_244' title='bbox 1211 2836 1518 2901; x_wconf 90' lang='lat' dir='ltr'><strong>Boetium.</strong></span> <span class='ocrx_word' id='word_1_245' title='bbox 1553 2838 1728 2903; x_wconf 90' lang='lat' dir='ltr'><strong>Unde</strong></span> <span class='ocrx_word' id='word_1_246' title='bbox 1771 2840 1834 2903; x_wconf 90' lang='lat' dir='ltr'><strong>in</strong></span> 
     </span>
     <span class='ocr_line' id='line_1_40' title="bbox 325 2930 1838 3009; baseline 0.004 -12"><span class='ocrx_word' id='word_1_247' title='bbox 325 2934 584 2997; x_wconf 87' lang='lat' dir='ltr'><strong>actibus</strong></span> <span class='ocrx_word' id='word_1_248' title='bbox 639 2934 959 3009; x_wconf 81' lang='lat' dir='ltr'><strong>humaniS,</strong></span> <span class='ocrx_word' id='word_1_249' title='bbox 1017 2935 1124 2997; x_wconf 91' lang='lat' dir='ltr'><strong>ubi</strong></span> <span class='ocrx_word' id='word_1_250' title='bbox 1189 2955 1314 2999; x_wconf 91' lang='lat' dir='ltr'><strong>non</strong></span> <span class='ocrx_word' id='word_1_251' title='bbox 1372 2945 1470 3000; x_wconf 90' lang='lat' dir='ltr'><strong>est</strong></span> <span class='ocrx_word' id='word_1_252' title='bbox 1525 2930 1838 3004; x_wconf 82' lang='lat' dir='ltr'><strong>certitudo</strong></span> 
     </span>
    </p>
   </div>
   <div class='ocr_carea' id='block_1_10' title="bbox 1947 1945 3451 2622">
    <p class='ocr_par' dir='ltr' id='par_1_12' title="bbox 1947 1945 3451 2622">
     <span class='ocr_line' id='line_1_41' title="bbox 1951 1945 3447 2028; baseline 0.001 -21"><span class='ocrx_word' id='word_1_253' title='bbox 1951 1946 2148 2021; x_wconf 80' lang='lat' dir='ltr'><strong>scitiS,</strong></span> <span class='ocrx_word' id='word_1_254' title='bbox 2166 1945 2486 2028; x_wconf 69' lang='lat' dir='ltr'><strong>praecipue</strong></span> <span class='ocrx_word' id='word_1_255' title='bbox 2514 1948 2865 2009; x_wconf 90' lang='lat' dir='ltr'><strong>secundum</strong></span> <span class='ocrx_word' id='word_1_256' title='bbox 2898 1946 3314 2024; x_wconf 87' lang='lat' dir='ltr'><strong>divinitatem,</strong></span> <span class='ocrx_word' id='word_1_257' title='bbox 3330 1966 3447 2009; x_wconf 91' lang='lat' dir='ltr'><strong>nec</strong></span> 
     </span>
     <span class='ocr_line' id='line_1_42' title="bbox 1951 2044 3448 2108; baseline 0.001 -2"><span class='ocrx_word' id='word_1_258' title='bbox 1951 2044 2143 2106; x_wconf 89' lang='lat' dir='ltr'><strong>etiam</strong></span> <span class='ocrx_word' id='word_1_259' title='bbox 2175 2046 2527 2107; x_wconf 90' lang='lat' dir='ltr'><strong>secundum</strong></span> <span class='ocrx_word' id='word_1_260' title='bbox 2565 2045 3024 2108; x_wconf 85' lang='lat' dir='ltr'><strong>humanitatem</strong></span> <span class='ocrx_word' id='word_1_261' title='bbox 3070 2052 3139 2108; x_wconf 92' lang='lat' dir='ltr'><strong>ut</strong></span> <span class='ocrx_word' id='word_1_262' title='bbox 3176 2065 3214 2108; x_wconf 92' lang='lat' dir='ltr'><strong>a</strong></span> <span class='ocrx_word' id='word_1_263' title='bbox 3242 2044 3448 2108; x_wconf 87' lang='lat' dir='ltr'><strong>Verbo</strong></span> 
     </span>
     <span class='ocr_line' id='line_1_43' title="bbox 1949 2143 3451 2226; baseline 0.002 -21"><span class='ocrx_word' id='word_1_264' title='bbox 1949 2151 2365 2225; x_wconf 86' lang='lat' dir='ltr'><strong>assumptam,</strong></span> <span class='ocrx_word' id='word_1_265' title='bbox 2417 2143 2572 2225; x_wconf 90' lang='lat' dir='ltr'><strong>quia</strong></span> <span class='ocrx_word' id='word_1_266' title='bbox 2619 2143 2855 2225; x_wconf 90' lang='lat' dir='ltr'><strong>putatis</strong></span> <span class='ocrx_word' id='word_1_267' title='bbox 2904 2162 3006 2206; x_wconf 92' lang='lat' dir='ltr'><strong>me</strong></span> <span class='ocrx_word' id='word_1_268' title='bbox 3056 2163 3291 2226; x_wconf 91' lang='lat' dir='ltr'><strong>purum</strong></span> <span class='ocrx_word' id='word_1_269' title='bbox 3338 2144 3451 2208; x_wconf 91' lang='lat' dir='ltr'><strong>ho-</strong></span> 
     </span>
     <span class='ocr_line' id='line_1_44' title="bbox 1951 2238 3448 2325; baseline 0.001 -22"><span class='ocrx_word' id='word_1_270' title='bbox 1951 2241 2193 2304; x_wconf 90' lang='lat' dir='ltr'><strong>minem</strong></span> <span class='ocrx_word' id='word_1_271' title='bbox 2238 2260 2315 2303; x_wconf 87' lang='lat' dir='ltr'><strong>ex</strong></span> <span class='ocrx_word' id='word_1_272' title='bbox 2364 2240 2600 2304; x_wconf 90' lang='lat' dir='ltr'><strong>carnali</strong></span> <span class='ocrx_word' id='word_1_273' title='bbox 2651 2238 3103 2306; x_wconf 78' lang='lat' dir='ltr'><strong>commixtione</strong></span> <span class='ocrx_word' id='word_1_274' title='bbox 3153 2243 3448 2325; x_wconf 82' lang='lat' dir='ltr'><strong>progeni-</strong></span> 
     </span>
     <span class='ocr_line' id='line_1_45' title="bbox 1949 2340 3447 2422; baseline 0.001 -19"><span class='ocrx_word' id='word_1_275' title='bbox 1949 2349 2107 2415; x_wconf 90' lang='lat' dir='ltr'><strong>tum,</strong></span> <span class='ocrx_word' id='word_1_276' title='bbox 2142 2348 2207 2403; x_wconf 93' lang='lat' dir='ltr'><strong>et</strong></span> <span class='ocrx_word' id='word_1_277' title='bbox 2236 2341 2409 2403; x_wconf 87' lang='lat' dir='ltr'><strong>vitiis</strong></span> <span class='ocrx_word' id='word_1_278' title='bbox 2443 2340 2878 2422; x_wconf 86' lang='lat' dir='ltr'><strong>subjacentem</strong></span> <span class='ocrx_word' id='word_1_279' title='bbox 2926 2341 3005 2405; x_wconf 86' lang='lat' dir='ltr'><strong>ad</strong></span> <span class='ocrx_word' id='word_1_280' title='bbox 3048 2342 3244 2404; x_wconf 89' lang='lat' dir='ltr'><strong>instar</strong></span> <span class='ocrx_word' id='word_1_281' title='bbox 3282 2350 3447 2405; x_wconf 88' lang='lat' dir='ltr'><strong>cete-</strong></span> 
     </span>
     <span class='ocr_line' id='line_1_46' title="bbox 1951 2438 3443 2523; baseline 0.002 -23"><span class='ocrx_word' id='word_1_282' title='bbox 1951 2438 2520 2503; x_wconf 84' lang='lat' dir='ltr'><strong>rorum.Noverunt</strong></span> <span class='ocrx_word' id='word_1_283' title='bbox 2550 2447 2753 2503; x_wconf 90' lang='lat' dir='ltr'><strong>tamen</strong></span> <span class='ocrx_word' id='word_1_284' title='bbox 2784 2440 3105 2504; x_wconf 90' lang='lat' dir='ltr'><strong>Christum</strong></span> <span class='ocrx_word' id='word_1_285' title='bbox 3135 2447 3443 2523; x_wconf 87' lang='lat' dir='ltr'><strong>quantum</strong></span> 
     </span>
     <span class='ocr_line' id='line_1_47' title="bbox 1947 2537 3437 2622; baseline 0.002 -22"><span class='ocrx_word' id='word_1_286' title='bbox 1947 2540 2025 2601; x_wconf 93' lang='lat' dir='ltr'><strong>ad</strong></span> <span class='ocrx_word' id='word_1_287' title='bbox 2066 2539 2596 2622; x_wconf 83' lang='lat' dir='ltr'><strong>physionomiam,</strong></span> <span class='ocrx_word' id='word_1_288' title='bbox 2640 2558 2752 2601; x_wconf 91' lang='lat' dir='ltr'><strong>seu</strong></span> <span class='ocrx_word' id='word_1_289' title='bbox 2798 2537 3085 2603; x_wconf 81' lang='lat' dir='ltr'><strong>facialem</strong></span> <span class='ocrx_word' id='word_1_290' title='bbox 3126 2540 3437 2615; x_wconf 89' lang='lat' dir='ltr'><strong>notitiam,</strong></span> 
     </span>
    </p>
   </div>
   <div class='ocr_carea' id='block_1_11' title="bbox 1911 2636 3737 2801">
    <p class='ocr_par' dir='ltr' id='par_1_13' title="bbox 1911 2636 3737 2801">
     <span class='ocr_line' id='line_1_48' title="bbox 1911 2636 3737 2721; baseline 0.004 -22"><span class='ocrx_word' id='word_1_291' title='bbox 1911 2638 2115 2701; x_wconf 58' lang='lat' dir='ltr'><strong>«sicut</strong></span> <span class='ocrx_word' id='word_1_292' title='bbox 2152 2638 2448 2721; x_wconf 88' lang='lat' dir='ltr'><strong>superius</strong></span> <span class='ocrx_word' id='word_1_293' title='bbox 2490 2636 2650 2701; x_wconf 86' lang='lat' dir='ltr'><strong>dixit</strong></span> <span class='ocrx_word' id='word_1_294' title='bbox 2683 2658 2695 2701; x_wconf 93' lang='lat'>:</span> <span class='ocrx_word' id='word_1_295' title='bbox 2731 2637 2807 2700; x_wconf 90' lang='lat' dir='ltr'><strong>Et</strong></span> <span class='ocrx_word' id='word_1_296' title='bbox 2843 2656 2946 2701; x_wconf 87' lang='lat' dir='ltr'><strong>me</strong></span> <span class='ocrx_word' id='word_1_297' title='bbox 2984 2638 3181 2714; x_wconf 81' lang='lat' dir='ltr'><strong>scitiS,</strong></span> <span class='ocrx_word' id='word_1_298' title='bbox 3214 2646 3277 2702; x_wconf 92' lang='lat' dir='ltr'><strong>et</strong></span> <span class='ocrx_word' id='word_1_299' title='bbox 3327 2659 3443 2701; x_wconf 90' lang='lat' dir='ltr'><strong>un-</strong></span> <span class='ocrx_word' id='word_1_300' title='bbox 3494 2662 3737 2717; x_wconf 70' lang='lat' dir='ltr'><strong>Jmmu,</strong></span> 
     </span>
     <span class='ocr_line' id='line_1_49' title="bbox 1949 2728 3539 2801; baseline 0.001 -3"><span class='ocrx_word' id='word_1_301' title='bbox 1949 2737 2028 2799; x_wconf 92' lang='lat' dir='ltr'><strong>de</strong></span> <span class='ocrx_word' id='word_1_302' title='bbox 2076 2737 2200 2798; x_wconf 90' lang='lat' dir='ltr'><strong>sim</strong></span> <span class='ocrx_word' id='word_1_303' title='bbox 2248 2736 2446 2799; x_wconf 91' lang='lat' dir='ltr'><strong>scitis.</strong></span> <span class='ocrx_word' id='word_1_304' title='bbox 2499 2734 2618 2799; x_wconf 90' lang='lat' dir='ltr'><strong>Sed</strong></span> <span class='ocrx_word' id='word_1_305' title='bbox 2669 2735 2802 2799; x_wconf 82' lang='lat' dir='ltr'><strong>haec</strong></span> <span class='ocrx_word' id='word_1_306' title='bbox 2852 2744 2985 2799; x_wconf 87' lang='lat' dir='ltr'><strong>erat</strong></span> <span class='ocrx_word' id='word_1_307' title='bbox 3030 2738 3291 2801; x_wconf 89' lang='lat' dir='ltr'><strong>omnino</strong></span> <span class='ocrx_word' id='word_1_308' title='bbox 3343 2737 3442 2800; x_wconf 87' lang='lat' dir='ltr'><strong>in·</strong></span> <span class='ocrx_word' id='word_1_309' title='bbox 3470 2728 3539 2770; x_wconf 81' lang='lat'><strong>²⁸·</strong></span> 
     </span>
    </p>
   </div>
   <div class='ocr_carea' id='block_1_12' title="bbox 1948 2835 3441 3005">
    <p class='ocr_par' dir='ltr' id='par_1_14' title="bbox 1948 2835 3441 3005">
     <span class='ocr_line' id='line_1_50' title="bbox 1950 2835 3437 2917; baseline 0.001 -20"><span class='ocrx_word' id='word_1_310' title='bbox 1950 2835 2262 2917; x_wconf 85' lang='lat' dir='ltr'><strong>completa</strong></span> <span class='ocrx_word' id='word_1_311' title='bbox 2320 2835 2563 2898; x_wconf 86' lang='lat' dir='ltr'><strong>notitia.</strong></span> <span class='ocrx_word' id='word_1_312' title='bbox 2620 2837 2838 2915; x_wconf 84' lang='lat' dir='ltr'><strong>Neque</strong></span> <span class='ocrx_word' id='word_1_313' title='bbox 2884 2837 3153 2898; x_wconf 87' lang='lat' dir='ltr'><strong>Patrem</strong></span> <span class='ocrx_word' id='word_1_314' title='bbox 3204 2857 3437 2899; x_wconf 86' lang='lat' dir='ltr'><strong>meum.</strong></span> 
     </span>
     <span class='ocr_line' id='line_1_51' title="bbox 1948 2932 3441 3005; baseline 0.003 -11"><span class='ocrx_word' id='word_1_315' title='bbox 1948 2932 2245 3005; x_wconf 88' lang='lat' dir='ltr'><strong>Quamvis</strong></span> <span class='ocrx_word' id='word_1_316' title='bbox 2311 2933 2483 2995; x_wconf 88' lang='lat' dir='ltr'><strong>enim</strong></span> <span class='ocrx_word' id='word_1_317' title='bbox 2535 2932 2736 2995; x_wconf 83' lang='lat' dir='ltr'><strong>·Judaei</strong></span> <span class='ocrx_word' id='word_1_318' title='bbox 2798 2932 3133 2997; x_wconf 87' lang='lat' dir='ltr'><strong>noscerent</strong></span> <span class='ocrx_word' id='word_1_319' title='bbox 3196 2934 3441 2998; x_wconf 89' lang='lat' dir='ltr'><strong>Patrem</strong></span> 
     </span>
    </p>
   </div>
   <div class='ocr_carea' id='block_1_13' title="bbox 323 3030 3439 3114">
    <p class='ocr_par' dir='ltr' id='par_1_15' title="bbox 323 3030 3439 3114">
     <span class='ocr_line' id='line_1_52' title="bbox 323 3030 3439 3114; baseline 0.004 -19"><span class='ocrx_word' id='word_1_320' title='bbox 323 3032 852 3105; x_wconf 79' lang='lat' dir='ltr'><strong>demonstrativa,</strong></span> <span class='ocrx_word' id='word_1_321' title='bbox 885 3031 1132 3096; x_wconf 79' lang='lat' dir='ltr'><strong>sufficit</strong></span> <span class='ocrx_word' id='word_1_322' title='bbox 1171 3042 1241 3095; x_wconf 82' lang='lat' dir='ltr'><strong>ut</strong></span> <span class='ocrx_word' id='word_1_323' title='bbox 1284 3034 1414 3097; x_wconf 83' lang='lat' dir='ltr'><strong>sint</strong></span> <span class='ocrx_word' id='word_1_324' title='bbox 1455 3037 1580 3100; x_wconf 88' lang='lat' dir='ltr'><strong>duo</strong></span> <span class='ocrx_word' id='word_1_325' title='bbox 1619 3045 1832 3100; x_wconf 79' lang='lat' dir='ltr'><strong>testes.</strong></span> <span class='ocrx_word' id='word_1_326' title='bbox 1874 3036 1919 3101; x_wconf 87' lang='lat' dir='ltr'>c</span> <span class='ocrx_word' id='word_1_327' title='bbox 1950 3050 2063 3114; x_wconf 82' lang='lat' dir='ltr'><strong>per</strong></span> <span class='ocrx_word' id='word_1_328' title='bbox 2116 3030 2340 3106; x_wconf 82' lang='lat' dir='ltr'><strong>fidem,</strong></span> <span class='ocrx_word' id='word_1_329' title='bbox 2396 3033 2749 3094; x_wconf 84' lang='lat' dir='ltr'><strong>seeundum</strong></span> <span class='ocrx_word' id='word_1_330' title='bbox 2805 3032 3111 3096; x_wconf 83' lang='lat' dir='ltr'><strong>rationem</strong></span> <span class='ocrx_word' id='word_1_331' title='bbox 3166 3033 3439 3109; x_wconf 76' lang='lat' dir='ltr'><strong>deitatis,</strong></span> 
     </span>
    </p>
   </div>
   <div class='ocr_carea' id='block_1_14' title="bbox 317 3130 1840 3710">
    <p class='ocr_par' dir='ltr' id='par_1_16' title="bbox 317 3130 1840 3710">
     <span class='ocr_line' id='line_1_53' title="bbox 319 3130 1839 3216; baseline 0.005 -23"><span class='ocrx_word' id='word_1_332' title='bbox 319 3130 628 3204; x_wconf 86' lang='lat' dir='ltr'><strong>Quamvis</strong></span> <span class='ocrx_word' id='word_1_333' title='bbox 672 3131 846 3194; x_wconf 88' lang='lat' dir='ltr'><strong>enim</strong></span> <span class='ocrx_word' id='word_1_334' title='bbox 885 3132 1012 3195; x_wconf 90' lang='lat' dir='ltr'><strong>duo</strong></span> <span class='ocrx_word' id='word_1_335' title='bbox 1049 3133 1306 3195; x_wconf 89' lang='lat' dir='ltr'><strong>mentiri</strong></span> <span class='ocrx_word' id='word_1_336' title='bbox 1349 3135 1596 3216; x_wconf 91' lang='lat' dir='ltr'><strong>possint</strong></span> <span class='ocrx_word' id='word_1_337' title='bbox 1636 3136 1704 3198; x_wconf 93' lang='lat' dir='ltr'><strong>in</strong></span> <span class='ocrx_word' id='word_1_338' title='bbox 1745 3144 1839 3199; x_wconf 90' lang='lat' dir='ltr'><strong>te-</strong></span> 
     </span>
     <span class='ocr_line' id='line_1_54' title="bbox 317 3229 1838 3315; baseline 0.005 -24"><span class='ocrx_word' id='word_1_339' title='bbox 317 3229 692 3306; x_wconf 80' lang='lat' dir='ltr'><strong>stificandO,</strong></span> <span class='ocrx_word' id='word_1_340' title='bbox 740 3229 861 3294; x_wconf 91' lang='lat' dir='ltr'><strong>hoc</strong></span> <span class='ocrx_word' id='word_1_341' title='bbox 919 3238 1134 3295; x_wconf 89' lang='lat' dir='ltr'><strong>tamen</strong></span> <span class='ocrx_word' id='word_1_342' title='bbox 1197 3250 1324 3297; x_wconf 93' lang='lat' dir='ltr'><strong>non</strong></span> <span class='ocrx_word' id='word_1_343' title='bbox 1385 3234 1697 3315; x_wconf 85' lang='lat' dir='ltr'><strong>contingit</strong></span> <span class='ocrx_word' id='word_1_344' title='bbox 1759 3237 1838 3300; x_wconf 91' lang='lat' dir='ltr'><strong>de</strong></span> 
     </span>
     <span class='ocr_line' id='line_1_55' title="bbox 321 3328 1833 3415; baseline 0.004 -23"><span class='ocrx_word' id='word_1_345' title='bbox 321 3328 505 3392; x_wconf 78' lang='lat' dir='ltr'><strong>facili</strong></span> <span class='ocrx_word' id='word_1_346' title='bbox 557 3336 619 3391; x_wconf 89' lang='lat' dir='ltr'><strong>et</strong></span> <span class='ocrx_word' id='word_1_347' title='bbox 663 3328 1058 3411; x_wconf 88' lang='lat' dir='ltr'><strong>frequenter.</strong></span> <span class='ocrx_word' id='word_1_348' title='bbox 1103 3330 1461 3413; x_wconf 86' lang='lat' dir='ltr'><strong>Propterea,</strong></span> <span class='ocrx_word' id='word_1_349' title='bbox 1505 3336 1678 3415; x_wconf 90' lang='lat' dir='ltr'><strong>quod</strong></span> <span class='ocrx_word' id='word_1_350' title='bbox 1723 3336 1833 3411; x_wconf 89' lang='lat' dir='ltr'><strong>ait,</strong></span> 
     </span>
     <span class='ocr_line' id='line_1_56' title="bbox 323 3428 1832 3508; baseline 0.004 -18"><span class='ocrx_word' id='word_1_351' title='bbox 323 3428 616 3492; x_wconf 87' lang='lat' dir='ltr'><strong>Duorum</strong></span> <span class='ocrx_word' id='word_1_352' title='bbox 647 3428 976 3491; x_wconf 89' lang='lat' dir='ltr'><strong>hominum</strong></span> <span class='ocrx_word' id='word_1_353' title='bbox 1007 3430 1438 3494; x_wconf 88' lang='lat' dir='ltr'><strong>testimonium</strong></span> <span class='ocrx_word' id='word_1_354' title='bbox 1469 3450 1692 3495; x_wconf 87' lang='lat' dir='ltr'><strong>verum</strong></span> <span class='ocrx_word' id='word_1_355' title='bbox 1723 3442 1832 3508; x_wconf 89' lang='lat' dir='ltr'><strong>est,</strong></span> 
     </span>
     <span class='ocr_line' id='line_1_57' title="bbox 333 3526 1838 3615; baseline 0.003 -25"><span class='ocrx_word' id='word_1_356' title='bbox 333 3546 467 3592; x_wconf 92' lang='lat' dir='ltr'><strong>non</strong></span> <span class='ocrx_word' id='word_1_357' title='bbox 497 3534 595 3595; x_wconf 89' lang='lat' dir='ltr'><strong>est</strong></span> <span class='ocrx_word' id='word_1_358' title='bbox 623 3527 716 3589; x_wconf 86' lang='lat' dir='ltr'><strong>sic</strong></span> <span class='ocrx_word' id='word_1_359' title='bbox 748 3526 1249 3608; x_wconf 84' lang='lat' dir='ltr'><strong>intelligendum,</strong></span> <span class='ocrx_word' id='word_1_360' title='bbox 1268 3531 1439 3611; x_wconf 90' lang='lat' dir='ltr'><strong>quod</strong></span> <span class='ocrx_word' id='word_1_361' title='bbox 1473 3531 1555 3593; x_wconf 89' lang='lat' dir='ltr'><strong>sit</strong></span> <span class='ocrx_word' id='word_1_362' title='bbox 1583 3548 1838 3615; x_wconf 87' lang='lat' dir='ltr'><strong>semper</strong></span> 
     </span>
     <span class='ocr_line' id='line_1_58' title="bbox 335 3628 1840 3710; baseline 0.003 -20"><span class='ocrx_word' id='word_1_363' title='bbox 335 3646 590 3702; x_wconf 81' lang='lat' dir='ltr'><strong>verum,</strong></span> <span class='ocrx_word' id='word_1_364' title='bbox 625 3628 746 3689; x_wconf 84' lang='lat' dir='ltr'><strong>sed.</strong></span> <span class='ocrx_word' id='word_1_365' title='bbox 772 3628 938 3709; x_wconf 80' lang='lat' dir='ltr'><strong>quia·</strong></span> <span class='ocrx_word' id='word_1_366' title='bbox 975 3636 1305 3710; x_wconf 86' lang='lat' dir='ltr'><strong>reputatur</strong></span> <span class='ocrx_word' id='word_1_367' title='bbox 1356 3630 1677 3693; x_wconf 89' lang='lat' dir='ltr'><strong>idoneum.</strong></span> <span class='ocrx_word' id='word_1_368' title='bbox 1723 3631 1840 3695; x_wconf 91' lang='lat' dir='ltr'><strong>Ne-</strong></span> 
     </span>
    </p>
   </div>
   <div class='ocr_carea' id='block_1_15' title="bbox 25 3725 1842 3809">
    <p class='ocr_par' dir='ltr' id='par_1_17' title="bbox 25 3725 1842 3809">
     <span class='ocr_line' id='line_1_59' title="bbox 25 3725 1842 3809; baseline 0.001 -16"><span class='ocrx_word' id='word_1_369' title='bbox 25 3749 192 3805; x_wconf 64' lang='lat'><strong>1111209.</strong></span> <span class='ocrx_word' id='word_1_370' title='bbox 209 3764 300 3801; x_wconf 74' lang='lat' dir='ltr'><strong>m,</strong></span> <span class='ocrx_word' id='word_1_371' title='bbox 333 3745 468 3809; x_wconf 91' lang='lat' dir='ltr'><strong>que</strong></span> <span class='ocrx_word' id='word_1_372' title='bbox 517 3725 692 3789; x_wconf 90' lang='lat' dir='ltr'><strong>enim</strong></span> <span class='ocrx_word' id='word_1_373' title='bbox 741 3744 964 3789; x_wconf 86' lang='lat' dir='ltr'><strong>verum</strong></span> <span class='ocrx_word' id='word_1_374' title='bbox 1013 3726 1136 3789; x_wconf 87' lang='lat' dir='ltr'><strong>fuit</strong></span> <span class='ocrx_word' id='word_1_375' title='bbox 1192 3729 1630 3793; x_wconf 89' lang='lat' dir='ltr'><strong>testimonium</strong></span> <span class='ocrx_word' id='word_1_376' title='bbox 1687 3732 1842 3795; x_wconf 90' lang='lat' dir='ltr'><strong>duo-</strong></span> 
     </span>
    </p>
   </div>
   <div class='ocr_carea' id='block_1_16' title="bbox 29 3816 168 3860">
    <p class='ocr_par' dir='ltr' id='par_1_18' title="bbox 29 3816 168 3860">
     <span class='ocr_line' id='line_1_60' title="bbox 29 3816 168 3860; baseline 0.036 -5"><span class='ocrx_word' id='word_1_377' title='bbox 29 3816 168 3860; x_wconf 66' lang='lat' dir='ltr'><strong>itt-¹3.</strong></span> 
     </span>
    </p>
   </div>
   <div class='ocr_carea' id='block_1_17' title="bbox 25 3948 299 4245">
    <p class='ocr_par' dir='ltr' id='par_1_19' title="bbox 25 3948 296 4063">
     <span class='ocr_line' id='line_1_61' title="bbox 55 3948 296 3996; baseline -0.004 -6"><span class='ocrx_word' id='word_1_378' title='bbox 55 3948 172 3991; x_wconf 72' lang='lat' dir='ltr'><strong>Dua.</strong></span> <span class='ocrx_word' id='word_1_379' title='bbox 199 3960 296 3996; x_wconf 84' lang='lat' dir='ltr'><strong>xm,</strong></span> 
     </span>
     <span class='ocr_line' id='line_1_62' title="bbox 25 4014 260 4063; baseline -0.004 -9"><span class='ocrx_word' id='word_1_380' title='bbox 25 4014 164 4063; x_wconf 68' lang='lat'><strong>³440,</strong></span> <span class='ocrx_word' id='word_1_381' title='bbox 184 4014 260 4053; x_wconf 66' lang='lat'><strong>⁴3.</strong></span> 
     </span>
    </p>

    <p class='ocr_par' dir='ltr' id='par_1_20' title="bbox 25 4075 299 4245">
     <span class='ocr_line' id='line_1_63' title="bbox 75 4075 252 4118; baseline -0.006 0"><span class='ocrx_word' id='word_1_382' title='bbox 75 4075 252 4118; x_wconf 60' lang='lat' dir='ltr'><strong>nauh.</strong></span> 
     </span>
     <span class='ocr_line' id='line_1_64' title="bbox 25 4141 299 4189; baseline 0 -8"><span class='ocrx_word' id='word_1_383' title='bbox 25 4141 299 4189; x_wconf 72' lang='lat' dir='ltr'><strong>xxn,60‚6¹;</strong></span> 
     </span>
     <span class='ocr_line' id='line_1_65' title="bbox 25 4202 248 4245; baseline -0.009 0"><span class='ocrx_word' id='word_1_384' title='bbox 25 4202 178 4245; x_wconf 68' lang='lat' dir='ltr'><strong>Marc.</strong></span> <span class='ocrx_word' id='word_1_385' title='bbox 206 4216 248 4244; x_wconf 72' lang='lat' dir='ltr'><strong>xz</strong></span> 
     </span>
    </p>
   </div>
   <div class='ocr_carea' id='block_1_18' title="bbox 333 3824 1841 4205">
    <p class='ocr_par' dir='ltr' id='par_1_21' title="bbox 333 3824 1841 4205">
     <span class='ocr_line' id='line_1_66' title="bbox 333 3824 1841 3909; baseline 0.004 -20"><span class='ocrx_word' id='word_1_386' title='bbox 333 3844 484 3889; x_wconf 86' lang='lat' dir='ltr'><strong>rum</strong></span> <span class='ocrx_word' id='word_1_387' title='bbox 530 3824 819 3888; x_wconf 82' lang='lat' dir='ltr'><strong>filiorum</strong></span> <span class='ocrx_word' id='word_1_388' title='bbox 866 3824 1082 3901; x_wconf 89' lang='lat' dir='ltr'><strong>Belial,</strong></span> <span class='ocrx_word' id='word_1_389' title='bbox 1115 3827 1191 3889; x_wconf 89' lang='lat' dir='ltr'><strong>ad</strong></span> <span class='ocrx_word' id='word_1_390' title='bbox 1238 3846 1516 3909; x_wconf 91' lang='lat' dir='ltr'><strong>quorum</strong></span> <span class='ocrx_word' id='word_1_391' title='bbox 1563 3830 1841 3895; x_wconf 89' lang='lat' dir='ltr'><strong>testimo-</strong></span> 
     </span>
     <span class='ocr_line' id='line_1_67' title="bbox 333 3923 1834 4009; baseline 0.003 -21"><span class='ocrx_word' id='word_1_392' title='bbox 333 3926 520 3988; x_wconf 90' lang='lat' dir='ltr'><strong>nium</strong></span> <span class='ocrx_word' id='word_1_393' title='bbox 551 3924 867 4005; x_wconf 88' lang='lat' dir='ltr'><strong>lapidatus</strong></span> <span class='ocrx_word' id='word_1_394' title='bbox 897 3932 993 3986; x_wconf 92' lang='lat' dir='ltr'><strong>est</strong></span> <span class='ocrx_word' id='word_1_395' title='bbox 1018 3923 1296 4006; x_wconf 83' lang='lat' dir='ltr'><strong>Naboth3</strong></span> <span class='ocrx_word' id='word_1_396' title='bbox 1329 3944 1538 4009; x_wconf 89' lang='lat' dir='ltr'><strong>neque</strong></span> <span class='ocrx_word' id='word_1_397' title='bbox 1566 3929 1834 3992; x_wconf 88' lang='lat' dir='ltr'><strong>duorum</strong></span> 
     </span>
     <span class='ocr_line' id='line_1_68' title="bbox 333 4022 1837 4105; baseline 0.003 -19"><span class='ocrx_word' id='word_1_398' title='bbox 333 4042 568 4086; x_wconf 91' lang='lat' dir='ltr'><strong>senum</strong></span> <span class='ocrx_word' id='word_1_399' title='bbox 606 4029 826 4085; x_wconf 87' lang='lat' dir='ltr'><strong>contra</strong></span> <span class='ocrx_word' id='word_1_400' title='bbox 858 4022 1212 4085; x_wconf 88' lang='lat' dir='ltr'><strong>Susannam</strong></span> <span class='ocrx_word' id='word_1_401' title='bbox 1246 4044 1261 4104; x_wconf 93' lang='lat'>;</span> <span class='ocrx_word' id='word_1_402' title='bbox 1313 4042 1523 4105; x_wconf 89' lang='lat' dir='ltr'><strong>neque</strong></span> <span class='ocrx_word' id='word_1_403' title='bbox 1564 4027 1837 4090; x_wconf 91' lang='lat' dir='ltr'><strong>duorum</strong></span> 
     </span>
     <span class='ocr_line' id='line_1_69' title="bbox 334 4120 1835 4205; baseline 0.003 -22"><span class='ocrx_word' id='word_1_404' title='bbox 334 4122 450 4205; x_wconf 87' lang='lat' dir='ltr'><strong>qui</strong></span> <span class='ocrx_word' id='word_1_405' title='bbox 504 4122 571 4183; x_wconf 91' lang='lat' dir='ltr'><strong>in</strong></span> <span class='ocrx_word' id='word_1_406' title='bbox 623 4120 918 4203; x_wconf 84' lang='lat' dir='ltr'><strong>passione</strong></span> <span class='ocrx_word' id='word_1_407' title='bbox 974 4130 1194 4184; x_wconf 89' lang='lat' dir='ltr'><strong>contra</strong></span> <span class='ocrx_word' id='word_1_408' title='bbox 1250 4122 1570 4186; x_wconf 90' lang='lat' dir='ltr'><strong>Christum</strong></span> <span class='ocrx_word' id='word_1_409' title='bbox 1625 4126 1835 4188; x_wconf 89' lang='lat' dir='ltr'><strong>testati</strong></span> 
     </span>
    </p>
   </div>
   <div class='ocr_carea' id='block_1_19' title="bbox 1948 3130 3448 3896">
    <p class='ocr_par' dir='ltr' id='par_1_22' title="bbox 1948 3130 3448 3896">
     <span class='ocr_line' id='line_1_70' title="bbox 1949 3130 3442 3212; baseline 0.001 -18"><span class='ocrx_word' id='word_1_410' title='bbox 1949 3130 2048 3194; x_wconf 88' lang='lat' dir='ltr'><strong>vel</strong></span> <span class='ocrx_word' id='word_1_411' title='bbox 2099 3132 2308 3212; x_wconf 89' lang='lat' dir='ltr'><strong>quoad</strong></span> <span class='ocrx_word' id='word_1_412' title='bbox 2359 3131 2424 3193; x_wconf 93' lang='lat' dir='ltr'><strong>id</strong></span> <span class='ocrx_word' id='word_1_413' title='bbox 2466 3131 2638 3212; x_wconf 90' lang='lat' dir='ltr'><strong>quod</strong></span> <span class='ocrx_word' id='word_1_414' title='bbox 2678 3138 2773 3193; x_wconf 90' lang='lat' dir='ltr'><strong>est</strong></span> <span class='ocrx_word' id='word_1_415' title='bbox 2821 3130 3006 3205; x_wconf 80' lang='lat' dir='ltr'><strong>DeuS‚</strong></span> <span class='ocrx_word' id='word_1_416' title='bbox 3056 3150 3183 3195; x_wconf 91' lang='lat' dir='ltr'><strong>non</strong></span> <span class='ocrx_word' id='word_1_417' title='bbox 3235 3140 3442 3195; x_wconf 88' lang='lat' dir='ltr'><strong>tamen</strong></span> 
     </span>
     <span class='ocr_line' id='line_1_71' title="bbox 1949 3229 3446 3313; baseline 0.003 -22"><span class='ocrx_word' id='word_1_418' title='bbox 1949 3230 2301 3291; x_wconf 90' lang='lat' dir='ltr'><strong>secundum</strong></span> <span class='ocrx_word' id='word_1_419' title='bbox 2351 3229 2800 3311; x_wconf 88' lang='lat' dir='ltr'><strong>proprietatem</strong></span> <span class='ocrx_word' id='word_1_420' title='bbox 2852 3231 3271 3313; x_wconf 69' lang='lat' dir='ltr'><strong>paternitatiS,</strong></span> <span class='ocrx_word' id='word_1_421' title='bbox 3326 3231 3446 3296; x_wconf 92' lang='lat' dir='ltr'><strong>hoc</strong></span> 
     </span>
     <span class='ocr_line' id='line_1_72' title="bbox 1948 3327 3448 3394; baseline 0.003 -5"><span class='ocrx_word' id='word_1_422' title='bbox 1948 3334 2043 3389; x_wconf 91' lang='lat' dir='ltr'><strong>est</strong></span> <span class='ocrx_word' id='word_1_423' title='bbox 2081 3327 2202 3390; x_wconf 91' lang='lat' dir='ltr'><strong>sub</strong></span> <span class='ocrx_word' id='word_1_424' title='bbox 2246 3328 2489 3394; x_wconf 85' lang='lat' dir='ltr'><strong>ratione</strong></span> <span class='ocrx_word' id='word_1_425' title='bbox 2528 3328 2811 3391; x_wconf 86' lang='lat' dir='ltr'><strong>relativa.</strong></span> <span class='ocrx_word' id='word_1_426' title='bbox 2844 3328 2981 3391; x_wconf 92' lang='lat' dir='ltr'><strong>Non</strong></span> <span class='ocrx_word' id='word_1_427' title='bbox 3022 3330 3194 3392; x_wconf 88' lang='lat' dir='ltr'><strong>enim</strong></span> <span class='ocrx_word' id='word_1_428' title='bbox 3245 3330 3448 3393; x_wconf 89' lang='lat' dir='ltr'><strong>habu-</strong></span> 
     </span>
     <span class='ocr_line' id='line_1_73' title="bbox 1948 3426 3447 3510; baseline 0.003 -21"><span class='ocrx_word' id='word_1_429' title='bbox 1948 3435 2134 3489; x_wconf 89' lang='lat' dir='ltr'><strong>erunt</strong></span> <span class='ocrx_word' id='word_1_430' title='bbox 2166 3427 2231 3489; x_wconf 91' lang='lat' dir='ltr'><strong>hi</strong></span> <span class='ocrx_word' id='word_1_431' title='bbox 2261 3445 2624 3510; x_wconf 87' lang='lat' dir='ltr'><strong>expressam</strong></span> <span class='ocrx_word' id='word_1_432' title='bbox 2654 3426 2852 3490; x_wconf 85' lang='lat' dir='ltr'><strong>fidem</strong></span> <span class='ocrx_word' id='word_1_433' title='bbox 2889 3428 2968 3490; x_wconf 90' lang='lat' dir='ltr'><strong>de</strong></span> <span class='ocrx_word' id='word_1_434' title='bbox 2998 3428 3323 3492; x_wconf 81' lang='lat' dir='ltr'><strong>Trinitate.</strong></span> <span class='ocrx_word' id='word_1_435' title='bbox 3370 3428 3447 3493; x_wconf 86' lang='lat' dir='ltr'><strong>Et</strong></span> 
     </span>
     <span class='ocr_line' id='line_1_74' title="bbox 1949 3526 3441 3607; baseline 0.003 -20"><span class='ocrx_word' id='word_1_436' title='bbox 1949 3526 2251 3607; x_wconf 88' lang='lat' dir='ltr'><strong>quoniam</strong></span> <span class='ocrx_word' id='word_1_437' title='bbox 2298 3526 2474 3588; x_wconf 90' lang='lat' dir='ltr'><strong>Pater</strong></span> <span class='ocrx_word' id='word_1_438' title='bbox 2512 3535 2574 3588; x_wconf 89' lang='lat' dir='ltr'><strong>et</strong></span> <span class='ocrx_word' id='word_1_439' title='bbox 2615 3526 2812 3589; x_wconf 86' lang='lat' dir='ltr'><strong>Filius</strong></span> <span class='ocrx_word' id='word_1_440' title='bbox 2852 3534 3002 3589; x_wconf 89' lang='lat' dir='ltr'><strong>sunt</strong></span> <span class='ocrx_word' id='word_1_441' title='bbox 3045 3527 3441 3603; x_wconf 89' lang='lat' dir='ltr'><strong>correlativa,</strong></span> 
     </span>
     <span class='ocr_line' id='line_1_75' title="bbox 1949 3625 3445 3709; baseline 0.001 -22"><span class='ocrx_word' id='word_1_442' title='bbox 1949 3644 2225 3708; x_wconf 87' lang='lat' dir='ltr'><strong>quorum</strong></span> <span class='ocrx_word' id='word_1_443' title='bbox 2275 3644 2474 3688; x_wconf 89' lang='lat' dir='ltr'><strong>unum</strong></span> <span class='ocrx_word' id='word_1_444' title='bbox 2524 3644 2638 3707; x_wconf 90' lang='lat' dir='ltr'><strong>per</strong></span> <span class='ocrx_word' id='word_1_445' title='bbox 2682 3625 2852 3688; x_wconf 90' lang='lat' dir='ltr'><strong>aliud</strong></span> <span class='ocrx_word' id='word_1_446' title='bbox 2902 3625 3211 3689; x_wconf 80' lang='lat' dir='ltr'><strong>definitur</strong></span> <span class='ocrx_word' id='word_1_447' title='bbox 3252 3635 3445 3709; x_wconf 87' lang='lat' dir='ltr'><strong>atque</strong></span> 
     </span>
     <span class='ocr_line' id='line_1_76' title="bbox 1949 3723 3445 3805; baseline 0.001 -18"><span class='ocrx_word' id='word_1_448' title='bbox 1949 3724 2380 3805; x_wconf 82' lang='lat' dir='ltr'><strong>cognoscitur3</strong></span> <span class='ocrx_word' id='word_1_449' title='bbox 2412 3723 2649 3787; x_wconf 87' lang='lat' dir='ltr'><strong>idcirco</strong></span> <span class='ocrx_word' id='word_1_450' title='bbox 2678 3724 2791 3805; x_wconf 88' lang='lat' dir='ltr'><strong>qui</strong></span> <span class='ocrx_word' id='word_1_451' title='bbox 2824 3725 3023 3787; x_wconf 91' lang='lat' dir='ltr'><strong>nescit</strong></span> <span class='ocrx_word' id='word_1_452' title='bbox 3051 3724 3305 3801; x_wconf 90' lang='lat' dir='ltr'><strong>Filium,</strong></span> <span class='ocrx_word' id='word_1_453' title='bbox 3343 3744 3445 3788; x_wconf 91' lang='lat' dir='ltr'><strong>ne—</strong></span> 
     </span>
     <span class='ocr_line' id='line_1_77' title="bbox 1950 3822 2996 3896; baseline -0.002 -10"><span class='ocrx_word' id='word_1_454' title='bbox 1950 3823 2070 3886; x_wconf 89' lang='lat' dir='ltr'><strong>scit</strong></span> <span class='ocrx_word' id='word_1_455' title='bbox 2109 3830 2173 3885; x_wconf 88' lang='lat' dir='ltr'><strong>et</strong></span> <span class='ocrx_word' id='word_1_456' title='bbox 2212 3822 2479 3896; x_wconf 87' lang='lat' dir='ltr'><strong>Patrem,</strong></span> <span class='ocrx_word' id='word_1_457' title='bbox 2514 3831 2575 3885; x_wconf 87' lang='lat' dir='ltr'><strong>et</strong></span> <span class='ocrx_word' id='word_1_458' title='bbox 2617 3823 2755 3886; x_wconf 85' lang='lat' dir='ltr'><strong>vice</strong></span> <span class='ocrx_word' id='word_1_459' title='bbox 2796 3842 2996 3886; x_wconf 83' lang='lat' dir='ltr'><strong>versa.</strong></span> 
     </span>
    </p>
   </div>
   <div class='ocr_carea' id='block_1_20' title="bbox 1953 3921 3597 4000">
    <p class='ocr_par' dir='ltr' id='par_1_23' title="bbox 1953 3921 3597 4000">
     <span class='ocr_line' id='line_1_78' title="bbox 1953 3921 3597 4000; baseline 0.001 -15"><span class='ocrx_word' id='word_1_460' title='bbox 1953 3950 1958 3955; x_wconf 94' lang='lat'>·</span> <span class='ocrx_word' id='word_1_461' title='bbox 2028 3926 2109 3985; x_wconf 86' lang='lat' dir='ltr'><strong>Si</strong></span> <span class='ocrx_word' id='word_1_462' title='bbox 2137 3944 2238 3985; x_wconf 84' lang='lat' dir='ltr'><strong>me</strong></span> <span class='ocrx_word' id='word_1_463' title='bbox 2264 3925 2513 3983; x_wconf 76' lang='lat' dir='ltr'><strong>sciretis</strong></span> <span class='ocrx_word' id='word_1_464' title='bbox 2542 3921 2719 3984; x_wconf 81' lang='lat' dir='ltr'><strong>fideli</strong></span> <span class='ocrx_word' id='word_1_465' title='bbox 2751 3941 2824 3985; x_wconf 86' lang='lat' dir='ltr'><strong>ac</strong></span> <span class='ocrx_word' id='word_1_466' title='bbox 2862 3922 3148 3986; x_wconf 85' lang='lat' dir='ltr'><strong>interiori</strong></span> <span class='ocrx_word' id='word_1_467' title='bbox 3190 3924 3435 4000; x_wconf 83' lang='lat' dir='ltr'><strong>notitia,</strong></span> <span class='ocrx_word' id='word_1_468' title='bbox 3532 3954 3541 3965; x_wconf 82' lang='lat'><strong>·</strong></span> <span class='ocrx_word' id='word_1_469' title='bbox 3589 3939 3597 3948; x_wconf 86' lang='grc'>’</span> 
     </span>
    </p>
   </div>
   <div class='ocr_carea' id='block_1_21' title="bbox 1947 4020 3439 4201">
    <p class='ocr_par' dir='ltr' id='par_1_24' title="bbox 1947 4020 3439 4201">
     <span class='ocr_line' id='line_1_79' title="bbox 1949 4020 3439 4102; baseline 0.002 -19"><span class='ocrx_word' id='word_1_470' title='bbox 1949 4021 2281 4085; x_wconf 89' lang='lat' dir='ltr'><strong>sentiendo</strong></span> <span class='ocrx_word' id='word_1_471' title='bbox 2328 4022 2407 4084; x_wconf 92' lang='lat' dir='ltr'><strong>de</strong></span> <span class='ocrx_word' id='word_1_472' title='bbox 2453 4039 2555 4083; x_wconf 86' lang='lat' dir='ltr'><strong>mc</strong></span> <span class='ocrx_word' id='word_1_473' title='bbox 2601 4021 2754 4102; x_wconf 88' lang='lat' dir='ltr'><strong>quia</strong></span> <span class='ocrx_word' id='word_1_474' title='bbox 2796 4021 2915 4083; x_wconf 91' lang='lat' dir='ltr'><strong>sim</strong></span> <span class='ocrx_word' id='word_1_475' title='bbox 2964 4020 3161 4084; x_wconf 88' lang='lat' dir='ltr'><strong>Filius</strong></span> <span class='ocrx_word' id='word_1_476' title='bbox 3209 4022 3318 4085; x_wconf 88' lang='lat' dir='ltr'><strong>Dei</strong></span> <span class='ocrx_word' id='word_1_477' title='bbox 3366 4030 3439 4087; x_wconf 86' lang='lat' dir='ltr'><strong>ac</strong></span> 
     </span>
     <span class='ocr_line' id='line_1_80' title="bbox 1947 4119 3439 4201; baseline 0.001 -20"><span class='ocrx_word' id='word_1_478' title='bbox 1947 4119 2247 4201; x_wconf 84' lang='lat' dir='ltr'><strong>VirginiS‚</strong></span> <span class='ocrx_word' id='word_1_479' title='bbox 2279 4120 2561 4196; x_wconf 80' lang='lat' dir='ltr'><strong>forsitan</strong></span> <span class='ocrx_word' id='word_1_480' title='bbox 2598 4128 2657 4179; x_wconf 89' lang='lat' dir='ltr'><strong>et</strong></span> <span class='ocrx_word' id='word_1_481' title='bbox 2693 4121 2961 4182; x_wconf 88' lang='lat' dir='ltr'><strong>Patrem</strong></span> <span class='ocrx_word' id='word_1_482' title='bbox 2999 4142 3209 4183; x_wconf 80' lang='lat' dir='ltr'><strong>meum</strong></span> <span class='ocrx_word' id='word_1_483' title='bbox 3247 4124 3439 4183; x_wconf 81' lang='lat' dir='ltr'><strong>scire-</strong></span> 
     </span>
    </p>
   </div>
   <div class='ocr_carea' id='block_1_22' title="bbox 25 4216 3441 4308">
    <p class='ocr_par' dir='ltr' id='par_1_25' title="bbox 25 4216 3441 4308">
     <span class='ocr_line' id='line_1_81' title="bbox 25 4216 3441 4308; baseline 0 -25"><span class='ocrx_word' id='word_1_484' title='bbox 25 4268 91 4308; x_wconf 35' lang='lat'><strong>„0</strong></span> <span class='ocrx_word' id='word_1_485' title='bbox 249 4216 298 4251; x_wconf 45' lang='grc' dir='ltr'><strong>Υ·</strong></span> <span class='ocrx_word' id='word_1_486' title='bbox 332 4226 512 4295; x_wconf 88' lang='lat' dir='ltr'><strong>sunt,</strong></span> <span class='ocrx_word' id='word_1_487' title='bbox 538 4219 820 4282; x_wconf 90' lang='lat' dir='ltr'><strong>dicentes</strong></span> <span class='ocrx_word' id='word_1_488' title='bbox 856 4238 870 4281; x_wconf 92' lang='lat'><strong>:</strong></span> <span class='ocrx_word' id='word_1_489' title='bbox 903 4218 1026 4283; x_wconf 92' lang='lat' dir='ltr'><strong>Nos</strong></span> <span class='ocrx_word' id='word_1_490' title='bbox 1058 4220 1420 4284; x_wconf 90' lang='lat' dir='ltr'><strong>audivimus</strong></span> <span class='ocrx_word' id='word_1_491' title='bbox 1450 4240 1598 4284; x_wconf 91' lang='lat' dir='ltr'><strong>eum</strong></span> <span class='ocrx_word' id='word_1_492' title='bbox 1630 4224 1838 4287; x_wconf 89' lang='lat' dir='ltr'><strong>dicen·</strong></span> <span class='ocrx_word' id='word_1_493' title='bbox 1868 4223 1917 4284; x_wconf 91' lang='lat' dir='ltr'>D</span> <span class='ocrx_word' id='word_1_494' title='bbox 1949 4221 2030 4281; x_wconf 83' lang='lat' dir='ltr'><strong>tis</strong></span> <span class='ocrx_word' id='word_1_495' title='bbox 2059 4220 2283 4281; x_wconf 89' lang='lat' dir='ltr'><strong>eodem</strong></span> <span class='ocrx_word' id='word_1_496' title='bbox 2312 4219 2499 4282; x_wconf 94' lang='lat' dir='ltr'><strong>modo</strong></span> <span class='ocrx_word' id='word_1_497' title='bbox 2538 4236 2667 4299; x_wconf 89' lang='lat' dir='ltr'><strong>quo</strong></span> <span class='ocrx_word' id='word_1_498' title='bbox 2697 4236 2820 4280; x_wconf 89' lang='lat' dir='ltr'><strong>me.</strong></span> <span class='ocrx_word' id='word_1_499' title='bbox 2846 4218 3129 4300; x_wconf 81' lang='lat' dir='ltr'><strong>Cognitio</strong></span> <span class='ocrx_word' id='word_1_500' title='bbox 3160 4239 3441 4303; x_wconf 89' lang='lat' dir='ltr'><strong>namque</strong></span> 
     </span>
    </p>
   </div>
   <div class='ocr_carea' id='block_1_23' title="bbox 114 4330 184 4385">
    <p class='ocr_par' dir='ltr' id='par_1_26' title="bbox 114 4330 184 4385">
     <span class='ocr_line' id='line_1_82' title="bbox 114 4330 184 4385; baseline -0.014 0"><span class='ocrx_word' id='word_1_501' title='bbox 114 4330 184 4385; x_wconf 76' lang='lat'><strong>18</strong></span> 
     </span>
    </p>
   </div>
   <div class='ocr_carea' id='block_1_24' title="bbox 47 4828 301 4881">
    <p class='ocr_par' dir='ltr' id='par_1_27' title="bbox 47 4828 301 4881">
     <span class='ocr_line' id='line_1_83' title="bbox 47 4828 301 4881; baseline 0.012 -11"><span class='ocrx_word' id='word_1_502' title='bbox 47 4828 220 4873; x_wconf 63' lang='lat' dir='ltr'><strong>Manli.</strong></span> <span class='ocrx_word' id='word_1_503' title='bbox 234 4841 301 4881; x_wconf 87' lang='lat' dir='ltr'><strong>m,</strong></span> 
     </span>
    </p>
   </div>
   <div class='ocr_carea' id='block_1_25' title="bbox 33 4894 288 4941">
    <p class='ocr_par' dir='ltr' id='par_1_28' title="bbox 33 4894 288 4941">
     <span class='ocr_line' id='line_1_84' title="bbox 33 4894 288 4941; baseline 0.004 -8"><span class='ocrx_word' id='word_1_504' title='bbox 33 4894 92 4941; x_wconf 76' lang='lat'><strong>17;</strong></span> <span class='ocrx_word' id='word_1_505' title='bbox 113 4906 216 4941; x_wconf 75' lang='lat' dir='ltr'><strong>xm.</strong></span> <span class='ocrx_word' id='word_1_506' title='bbox 239 4895 288 4939; x_wconf 77' lang='lat'><strong>5.</strong></span> 
     </span>
    </p>
   </div>
   <div class='ocr_carea' id='block_1_26' title="bbox 119 5314 192 5370">
    <p class='ocr_par' dir='ltr' id='par_1_29' title="bbox 119 5314 192 5370">
     <span class='ocr_line' id='line_1_85' title="bbox 119 5314 192 5370; baseline 0.014 -1"><span class='ocrx_word' id='word_1_507' title='bbox 119 5314 192 5370; x_wconf 77' lang='lat'><strong>19</strong></span> 
     </span>
    </p>
   </div>
   <div class='ocr_carea' id='block_1_27' title="bbox 327 4317 1841 5287">
    <p class='ocr_par' dir='ltr' id='par_1_30' title="bbox 327 4317 1841 5287">
     <span class='ocr_line' id='line_1_86' title="bbox 331 4317 1837 4401; baseline 0.001 -19"><span class='ocrx_word' id='word_1_508' title='bbox 331 4326 466 4382; x_wconf 85' lang='lat' dir='ltr'><strong>tem</strong></span> <span class='ocrx_word' id='word_1_509' title='bbox 504 4336 520 4381; x_wconf 73' lang='grc' dir='ltr'>ε</span> <span class='ocrx_word' id='word_1_510' title='bbox 552 4317 816 4381; x_wconf 79' lang='lat' dir='ltr'><strong>Possum</strong></span> <span class='ocrx_word' id='word_1_511' title='bbox 847 4318 1172 4380; x_wconf 87' lang='lat' dir='ltr'><strong>destruere</strong></span> <span class='ocrx_word' id='word_1_512' title='bbox 1201 4320 1512 4401; x_wconf 89' lang='lat' dir='ltr'><strong>templum</strong></span> <span class='ocrx_word' id='word_1_513' title='bbox 1543 4321 1674 4383; x_wconf 91' lang='lat' dir='ltr'><strong>Dei.</strong></span> <span class='ocrx_word' id='word_1_514' title='bbox 1702 4326 1837 4401; x_wconf 74' lang='lat' dir='ltr'><strong>qu</strong></span> 
     </span>
     <span class='ocr_line' id='line_1_87' title="bbox 329 4418 1840 4501; baseline 0.001 -22"><span class='ocrx_word' id='word_1_515' title='bbox 329 4439 485 4479; x_wconf 76' lang='lat' dir='ltr'><strong>sum</strong></span> <span class='ocrx_word' id='word_1_516' title='bbox 523 4418 644 4497; x_wconf 81' lang='lat' dir='ltr'><strong>qui</strong></span> <span class='ocrx_word' id='word_1_517' title='bbox 680 4418 1124 4479; x_wconf 77' lang='lat' dir='ltr'><strong>testimonium</strong></span> <span class='ocrx_word' id='word_1_518' title='bbox 1158 4420 1457 4495; x_wconf 72' lang='lat' dir='ltr'><strong>perhibeo</strong></span> <span class='ocrx_word' id='word_1_519' title='bbox 1497 4423 1576 4481; x_wconf 83' lang='lat' dir='ltr'><strong>de</strong></span> <span class='ocrx_word' id='word_1_520' title='bbox 1606 4442 1704 4483; x_wconf 83' lang='lat' dir='ltr'><strong>me</strong></span> <span class='ocrx_word' id='word_1_521' title='bbox 1741 4424 1840 4501; x_wconf 87' lang='lat' dir='ltr'><strong>ip-</strong></span> 
     </span>
     <span class='ocr_line' id='line_1_88' title="bbox 327 4514 1838 4598; baseline 0.002 -21"><span class='ocrx_word' id='word_1_522' title='bbox 327 4538 424 4587; x_wconf 75' lang='lat' dir='ltr'><strong>so,</strong></span> <span class='ocrx_word' id='word_1_523' title='bbox 463 4514 611 4596; x_wconf 81' lang='lat' dir='ltr'><strong>Ego,</strong></span> <span class='ocrx_word' id='word_1_524' title='bbox 645 4514 968 4597; x_wconf 81' lang='lat' dir='ltr'><strong>inquienS,</strong></span> <span class='ocrx_word' id='word_1_525' title='bbox 1004 4535 1146 4578; x_wconf 88' lang='lat' dir='ltr'><strong>sum</strong></span> <span class='ocrx_word' id='word_1_526' title='bbox 1193 4516 1303 4578; x_wconf 83' lang='lat' dir='ltr'><strong>lux</strong></span> <span class='ocrx_word' id='word_1_527' title='bbox 1349 4518 1610 4598; x_wconf 82' lang='lat' dir='ltr'><strong>mundi3</strong></span> <span class='ocrx_word' id='word_1_528' title='bbox 1642 4528 1702 4579; x_wconf 85' lang='lat' dir='ltr'><strong>et</strong></span> <span class='ocrx_word' id='word_1_529' title='bbox 1753 4529 1838 4580; x_wconf 86' lang='lat' dir='ltr'><strong>te-</strong></span> 
     </span>
     <span class='ocr_line' id='line_1_89' title="bbox 327 4614 1838 4694; baseline 0.002 -18"><span class='ocrx_word' id='word_1_530' title='bbox 327 4614 726 4676; x_wconf 77' lang='lat' dir='ltr'><strong>stimonium</strong></span> <span class='ocrx_word' id='word_1_531' title='bbox 767 4614 1060 4690; x_wconf 74' lang='lat' dir='ltr'><strong>perhibet</strong></span> <span class='ocrx_word' id='word_1_532' title='bbox 1099 4617 1180 4675; x_wconf 85' lang='lat' dir='ltr'><strong>de</strong></span> <span class='ocrx_word' id='word_1_533' title='bbox 1221 4634 1320 4676; x_wconf 84' lang='lat' dir='ltr'><strong>me</strong></span> <span class='ocrx_word' id='word_1_534' title='bbox 1357 4616 1474 4694; x_wconf 82' lang='lat' dir='ltr'><strong>qui</strong></span> <span class='ocrx_word' id='word_1_535' title='bbox 1525 4619 1702 4678; x_wconf 80' lang='lat' dir='ltr'><strong>misit</strong></span> <span class='ocrx_word' id='word_1_536' title='bbox 1737 4638 1838 4679; x_wconf 86' lang='lat' dir='ltr'><strong>me</strong></span> 
     </span>
     <span class='ocr_line' id='line_1_90' title="bbox 331 4711 1840 4795; baseline 0.003 -20"><span class='ocrx_word' id='word_1_537' title='bbox 331 4716 594 4775; x_wconf 82' lang='lat' dir='ltr'><strong>Pater:</strong></span> <span class='ocrx_word' id='word_1_538' title='bbox 623 4712 737 4793; x_wconf 91' lang='lat' dir='ltr'><strong>qui</strong></span> <span class='ocrx_word' id='word_1_539' title='bbox 768 4712 834 4774; x_wconf 90' lang='lat' dir='ltr'><strong>in</strong></span> <span class='ocrx_word' id='word_1_540' title='bbox 878 4711 1198 4793; x_wconf 90' lang='lat' dir='ltr'><strong>baptismo</strong></span> <span class='ocrx_word' id='word_1_541' title='bbox 1235 4720 1298 4774; x_wconf 93' lang='lat' dir='ltr'><strong>et</strong></span> <span class='ocrx_word' id='word_1_542' title='bbox 1335 4713 1840 4795; x_wconf 80' lang='lat' dir='ltr'><strong>transfiguratio-</strong></span> 
     </span>
     <span class='ocr_line' id='line_1_91' title="bbox 335 4808 1840 4885; baseline 0.002 -13"><span class='ocrx_word' id='word_1_543' title='bbox 335 4828 420 4873; x_wconf 91' lang='lat' dir='ltr'><strong>ne</strong></span> <span class='ocrx_word' id='word_1_544' title='bbox 453 4808 616 4872; x_wconf 81' lang='lat' dir='ltr'><strong>dixit</strong></span> <span class='ocrx_word' id='word_1_545' title='bbox 652 4810 731 4872; x_wconf 88' lang='lat' dir='ltr'><strong>de</strong></span> <span class='ocrx_word' id='word_1_546' title='bbox 769 4828 892 4885; x_wconf 91' lang='lat' dir='ltr'><strong>me,</strong></span> <span class='ocrx_word' id='word_1_547' title='bbox 927 4809 1040 4872; x_wconf 88' lang='lat' dir='ltr'><strong>Hic</strong></span> <span class='ocrx_word' id='word_1_548' title='bbox 1079 4816 1174 4872; x_wconf 89' lang='lat' dir='ltr'><strong>est</strong></span> <span class='ocrx_word' id='word_1_549' title='bbox 1212 4809 1407 4873; x_wconf 86' lang='lat' dir='ltr'><strong>Filius</strong></span> <span class='ocrx_word' id='word_1_550' title='bbox 1456 4830 1635 4875; x_wconf 91' lang='lat' dir='ltr'><strong>meus</strong></span> <span class='ocrx_word' id='word_1_551' title='bbox 1684 4813 1840 4876; x_wconf 87' lang='lat' dir='ltr'><strong>dile—</strong></span> 
     </span>
     <span class='ocr_line' id='line_1_92' title="bbox 336 4910 1838 4991; baseline 0.001 -18"><span class='ocrx_word' id='word_1_552' title='bbox 336 4918 524 4981; x_wconf 80' lang='lat' dir='ltr'><strong>ctus;</strong></span> <span class='ocrx_word' id='word_1_553' title='bbox 557 4916 622 4971; x_wconf 89' lang='lat' dir='ltr'><strong>et</strong></span> <span class='ocrx_word' id='word_1_554' title='bbox 653 4926 768 4991; x_wconf 90' lang='lat' dir='ltr'><strong>per</strong></span> <span class='ocrx_word' id='word_1_555' title='bbox 803 4927 996 4991; x_wconf 90' lang='lat' dir='ltr'><strong>opera</strong></span> <span class='ocrx_word' id='word_1_556' title='bbox 1036 4910 1416 4974; x_wconf 85' lang='lat' dir='ltr'><strong>miraculosa</strong></span> <span class='ocrx_word' id='word_1_557' title='bbox 1466 4910 1530 4972; x_wconf 91' lang='lat' dir='ltr'><strong>in</strong></span> <span class='ocrx_word' id='word_1_558' title='bbox 1581 4912 1838 4975; x_wconf 90' lang='lat' dir='ltr'><strong>nomine</strong></span> 
     </span>
     <span class='ocr_line' id='line_1_93' title="bbox 336 5006 1835 5093; baseline 0.001 -21"><span class='ocrx_word' id='word_1_559' title='bbox 336 5010 486 5092; x_wconf 87' lang='lat' dir='ltr'><strong>ejus</strong></span> <span class='ocrx_word' id='word_1_560' title='bbox 539 5006 727 5084; x_wconf 85' lang='lat' dir='ltr'><strong>facta,</strong></span> <span class='ocrx_word' id='word_1_561' title='bbox 788 5008 1228 5071; x_wconf 90' lang='lat' dir='ltr'><strong>testimonium</strong></span> <span class='ocrx_word' id='word_1_562' title='bbox 1288 5009 1583 5091; x_wconf 90' lang='lat' dir='ltr'><strong>perhibet</strong></span> <span class='ocrx_word' id='word_1_563' title='bbox 1639 5010 1835 5093; x_wconf 84' lang='lat' dir='ltr'><strong>mihi3</strong></span> 
     </span>
     <span class='ocr_line' id='line_1_94' title="bbox 337 5105 1841 5190; baseline 0.001 -21"><span class='ocrx_word' id='word_1_564' title='bbox 337 5107 630 5188; x_wconf 85' lang='lat' dir='ltr'><strong>itemque</strong></span> <span class='ocrx_word' id='word_1_565' title='bbox 679 5124 795 5187; x_wconf 88' lang='lat' dir='ltr'><strong>per</strong></span> <span class='ocrx_word' id='word_1_566' title='bbox 850 5105 1305 5188; x_wconf 86' lang='lat' dir='ltr'><strong>Prophetarum</strong></span> <span class='ocrx_word' id='word_1_567' title='bbox 1337 5108 1724 5190; x_wconf 74' lang='lat' dir='ltr'><strong>scripturaS,</strong></span> <span class='ocrx_word' id='word_1_568' title='bbox 1776 5116 1841 5172; x_wconf 91' lang='lat' dir='ltr'><strong>et</strong></span> 
     </span>
     <span class='ocr_line' id='line_1_95' title="bbox 336 5204 1102 5287; baseline -0.001 -19"><span class='ocrx_word' id='word_1_569' title='bbox 336 5204 488 5269; x_wconf 83' lang='lat' dir='ltr'><strong>aliis</strong></span> <span class='ocrx_word' id='word_1_570' title='bbox 531 5204 830 5287; x_wconf 91' lang='lat' dir='ltr'><strong>pluribus</strong></span> <span class='ocrx_word' id='word_1_571' title='bbox 873 5205 1102 5269; x_wconf 88' lang='lat' dir='ltr'><strong>modis.</strong></span> 
     </span>
    </p>
   </div>
   <div class='ocr_carea' id='block_1_28' title="bbox 341 5306 1894 5391">
    <p class='ocr_par' dir='ltr' id='par_1_31' title="bbox 341 5306 1894 5391">
     <span class='ocr_line' id='line_1_96' title="bbox 341 5306 1894 5391; baseline 0.003 -28"><span class='ocrx_word' id='word_1_572' title='bbox 341 5334 370 5369; x_wconf 78' lang='grc'><strong>·,</strong></span> <span class='ocrx_word' id='word_1_573' title='bbox 424 5306 742 5391; x_wconf 61' lang='grc' dir='ltr'><em>ῼίεεὸαηε</em></span> <span class='ocrx_word' id='word_1_574' title='bbox 768 5323 915 5381; x_wconf 70' lang='lat' dir='ltr'><strong>erqo</strong></span> <span class='ocrx_word' id='word_1_575' title='bbox 943 5306 1007 5364; x_wconf 83' lang='lat' dir='ltr'><strong>ei</strong></span> <span class='ocrx_word' id='word_1_576' title='bbox 1035 5326 1058 5364; x_wconf 93' lang='grc'><strong>.·</strong></span> <span class='ocrx_word' id='word_1_577' title='bbox 1100 5307 1220 5368; x_wconf 85' lang='lat' dir='ltr'><strong>Ubi</strong></span> <span class='ocrx_word' id='word_1_578' title='bbox 1265 5315 1354 5367; x_wconf 80' lang='lat' dir='ltr'><strong>est</strong></span> <span class='ocrx_word' id='word_1_579' title='bbox 1390 5308 1592 5369; x_wconf 88' lang='lat' dir='ltr'><strong>Pater</strong></span> <span class='ocrx_word' id='word_1_580' title='bbox 1638 5309 1842 5368; x_wconf 74' lang='lat' dir='ltr'><strong>tuus?</strong></span> <span class='ocrx_word' id='word_1_581' title='bbox 1891 5352 1894 5355; x_wconf 77' lang='lat'>-</span> 
     </span>
    </p>
   </div>
   <div class='ocr_carea' id='block_1_29' title="bbox 1949 4317 3438 4400">
    <p class='ocr_par' dir='ltr' id='par_1_32' title="bbox 1949 4317 3438 4400">
     <span class='ocr_line' id='line_1_97' title="bbox 1949 4317 3438 4400; baseline 0.003 -21"><span class='ocrx_word' id='word_1_582' title='bbox 1949 4318 2138 4379; x_wconf 90' lang='lat' dir='ltr'><strong>unius</strong></span> <span class='ocrx_word' id='word_1_583' title='bbox 2185 4317 2543 4381; x_wconf 87' lang='lat' dir='ltr'><strong>correlativi</strong></span> <span class='ocrx_word' id='word_1_584' title='bbox 2592 4318 2906 4399; x_wconf 86' lang='lat' dir='ltr'><strong>dependet</strong></span> <span class='ocrx_word' id='word_1_585' title='bbox 2953 4336 3029 4380; x_wconf 85' lang='lat' dir='ltr'><strong>ex</strong></span> <span class='ocrx_word' id='word_1_586' title='bbox 3078 4318 3438 4400; x_wconf 82' lang='lat' dir='ltr'><strong>cognitione</strong></span> 
     </span>
    </p>
   </div>
   <div class='ocr_carea' id='block_1_30' title="bbox 1943 4408 3439 4498">
    <p class='ocr_par' dir='ltr' id='par_1_33' title="bbox 1943 4408 3439 4498">
     <span class='ocr_line' id='line_1_98' title="bbox 1943 4408 3439 4498; baseline 0.003 -21"><span class='ocrx_word' id='word_1_587' title='bbox 1943 4416 2226 4491; x_wconf 83' lang='lat' dir='ltr'><strong>alteriuS,</strong></span> <span class='ocrx_word' id='word_1_588' title='bbox 2260 4415 2563 4497; x_wconf 89' lang='lat' dir='ltr'><strong>quoniam</strong></span> <span class='ocrx_word' id='word_1_589' title='bbox 2608 4434 2722 4498; x_wconf 91' lang='lat' dir='ltr'><strong>per</strong></span> <span class='ocrx_word' id='word_1_590' title='bbox 2771 4433 2839 4477; x_wconf 89' lang='lat' dir='ltr'><strong>se</strong></span> <span class='ocrx_word' id='word_1_591' title='bbox 2887 4408 3162 4479; x_wconf 83' lang='lat' dir='ltr'><strong>invicem</strong></span> <span class='ocrx_word' id='word_1_592' title='bbox 3212 4417 3439 4481; x_wconf 87' lang='lat' dir='ltr'><strong>defini-</strong></span> 
     </span>
    </p>
   </div>
   <div class='ocr_carea' id='block_1_31' title="bbox 1946 4514 3524 4695">
    <p class='ocr_par' dir='ltr' id='par_1_34' title="bbox 1946 4514 3524 4695">
     <span class='ocr_line' id='line_1_99' title="bbox 1946 4514 3524 4590; baseline 0.003 -13"><span class='ocrx_word' id='word_1_593' title='bbox 1946 4522 2162 4590; x_wconf 89' lang='lat' dir='ltr'><strong>untur,</strong></span> <span class='ocrx_word' id='word_1_594' title='bbox 2204 4515 2370 4577; x_wconf 88' lang='lat' dir='ltr'><strong>sicut</strong></span> <span class='ocrx_word' id='word_1_595' title='bbox 2406 4515 2559 4577; x_wconf 90' lang='lat' dir='ltr'><strong>dum</strong></span> <span class='ocrx_word' id='word_1_596' title='bbox 2607 4514 2881 4577; x_wconf 89' lang='lat' dir='ltr'><strong>dicimus</strong></span> <span class='ocrx_word' id='word_1_597' title='bbox 2917 4534 2930 4579; x_wconf 90' lang='lat'><strong>:</strong></span> <span class='ocrx_word' id='word_1_598' title='bbox 2973 4515 3151 4578; x_wconf 86' lang='lat' dir='ltr'><strong>Pater</strong></span> <span class='ocrx_word' id='word_1_599' title='bbox 3198 4525 3293 4580; x_wconf 91' lang='lat' dir='ltr'><strong>est</strong></span> <span class='ocrx_word' id='word_1_600' title='bbox 3336 4536 3437 4581; x_wconf 91' lang='lat' dir='ltr'><strong>res</strong></span> <span class='ocrx_word' id='word_1_601' title='bbox 3495 4528 3524 4565; x_wconf 83' lang='lat'><strong>-&#39;</strong></span> 
     </span>
     <span class='ocr_line' id='line_1_100' title="bbox 1946 4608 3436 4695; baseline 0.002 -20"><span class='ocrx_word' id='word_1_602' title='bbox 1946 4613 2187 4676; x_wconf 88' lang='lat' dir='ltr'><strong>habens</strong></span> <span class='ocrx_word' id='word_1_603' title='bbox 2246 4612 2480 4688; x_wconf 84' lang='lat' dir='ltr'><strong>filium,</strong></span> <span class='ocrx_word' id='word_1_604' title='bbox 2534 4614 2634 4675; x_wconf 88' lang='lat' dir='ltr'><strong>vel</strong></span> <span class='ocrx_word' id='word_1_605' title='bbox 2686 4608 2926 4695; x_wconf 79' lang='lat' dir='ltr'><strong>quide</strong></span> <span class='ocrx_word' id='word_1_606' title='bbox 2975 4633 3089 4677; x_wconf 88' lang='lat' dir='ltr'><strong>sua</strong></span> <span class='ocrx_word' id='word_1_607' title='bbox 3138 4616 3436 4678; x_wconf 88' lang='lat' dir='ltr'><strong>substan-</strong></span> 
     </span>
    </p>
   </div>
   <div class='ocr_carea' id='block_1_32' title="bbox 1943 4708 3437 4794">
    <p class='ocr_par' dir='ltr' id='par_1_35' title="bbox 1943 4708 3437 4794">
     <span class='ocr_line' id='line_1_101' title="bbox 1943 4708 3437 4794; baseline 0.003 -21"><span class='ocrx_word' id='word_1_608' title='bbox 1943 4713 2033 4774; x_wconf 88' lang='lat' dir='ltr'><strong>tia</strong></span> <span class='ocrx_word' id='word_1_609' title='bbox 2075 4712 2298 4793; x_wconf 86' lang='lat' dir='ltr'><strong>genuit</strong></span> <span class='ocrx_word' id='word_1_610' title='bbox 2342 4711 2595 4790; x_wconf 83' lang='lat' dir='ltr'><strong>filium3</strong></span> <span class='ocrx_word' id='word_1_611' title='bbox 2646 4711 2824 4774; x_wconf 82' lang='lat' dir='ltr'><strong>filius</strong></span> <span class='ocrx_word' id='word_1_612' title='bbox 2879 4731 3137 4794; x_wconf 90' lang='lat' dir='ltr'><strong>quoque</strong></span> <span class='ocrx_word' id='word_1_613' title='bbox 3194 4721 3289 4775; x_wconf 88' lang='lat' dir='ltr'><strong>est</strong></span> <span class='ocrx_word' id='word_1_614' title='bbox 3336 4708 3437 4777; x_wconf 84' lang='lat' dir='ltr'><strong>res</strong></span> 
     </span>
    </p>
   </div>
   <div class='ocr_carea' id='block_1_33' title="bbox 1947 4810 3437 4895">
    <p class='ocr_par' dir='ltr' id='par_1_36' title="bbox 1947 4810 3437 4895">
     <span class='ocr_line' id='line_1_102' title="bbox 1947 4810 3437 4895; baseline 0.001 -22"><span class='ocrx_word' id='word_1_615' title='bbox 1947 4811 2187 4873; x_wconf 88' lang='lat' dir='ltr'><strong>habens</strong></span> <span class='ocrx_word' id='word_1_616' title='bbox 2235 4819 2501 4893; x_wconf 87' lang='lat' dir='ltr'><strong>patrem,</strong></span> <span class='ocrx_word' id='word_1_617' title='bbox 2566 4810 2667 4873; x_wconf 84' lang='lat' dir='ltr'><strong>vel</strong></span> <span class='ocrx_word' id='word_1_618' title='bbox 2716 4828 2793 4873; x_wconf 87' lang='lat' dir='ltr'><strong>ex</strong></span> <span class='ocrx_word' id='word_1_619' title='bbox 2836 4811 3188 4874; x_wconf 85' lang='lat' dir='ltr'><strong>substantia</strong></span> <span class='ocrx_word' id='word_1_620' title='bbox 3236 4813 3437 4895; x_wconf 87' lang='lat' dir='ltr'><strong>patris</strong></span> 
     </span>
    </p>
   </div>
   <div class='ocr_carea' id='block_1_34' title="bbox 1942 4907 3440 4992">
    <p class='ocr_par' dir='ltr' id='par_1_37' title="bbox 1942 4907 3440 4992">
     <span class='ocr_line' id='line_1_103' title="bbox 1942 4907 3440 4992; baseline 0.003 -21"><span class='ocrx_word' id='word_1_621' title='bbox 1942 4911 2220 4992; x_wconf 84' lang='lat' dir='ltr'><strong>genitus.</strong></span> <span class='ocrx_word' id='word_1_622' title='bbox 2280 4907 2455 4982; x_wconf 88' lang='lat' dir='ltr'><strong>Quod</strong></span> <span class='ocrx_word' id='word_1_623' title='bbox 2506 4910 2616 4984; x_wconf 90' lang='lat' dir='ltr'><strong>ait,</strong></span> <span class='ocrx_word' id='word_1_624' title='bbox 2679 4910 2985 4986; x_wconf 85' lang='lat' dir='ltr'><strong>Forsitan,</strong></span> <span class='ocrx_word' id='word_1_625' title='bbox 3026 4930 3153 4975; x_wconf 92' lang='lat' dir='ltr'><strong>non</strong></span> <span class='ocrx_word' id='word_1_626' title='bbox 3206 4912 3440 4975; x_wconf 88' lang='lat' dir='ltr'><strong>dicitur</strong></span> 
     </span>
    </p>
   </div>
   <div class='ocr_carea' id='block_1_35' title="bbox 1947 4998 3445 5393">
    <p class='ocr_par' dir='ltr' id='par_1_38' title="bbox 1947 4998 3445 5393">
     <span class='ocr_line' id='line_1_104' title="bbox 1947 4998 3437 5090; baseline 0.001 -19"><span class='ocrx_word' id='word_1_627' title='bbox 1947 5008 2320 5082; x_wconf 89' lang='lat' dir='ltr'><strong>dubitative,</strong></span> <span class='ocrx_word' id='word_1_628' title='bbox 2374 5009 2482 5070; x_wconf 90' lang='lat' dir='ltr'><strong>sed</strong></span> <span class='ocrx_word' id='word_1_629' title='bbox 2540 5009 2618 5071; x_wconf 89' lang='lat' dir='ltr'><strong>ad</strong></span> <span class='ocrx_word' id='word_1_630' title='bbox 2670 4998 3129 5090; x_wconf 80' lang='lat' dir='ltr'><strong>designandum</strong></span> <span class='ocrx_word' id='word_1_631' title='bbox 3189 5010 3437 5074; x_wconf 86' lang='lat' dir='ltr'><strong>arbitrii</strong></span> 
     </span>
     <span class='ocr_line' id='line_1_105' title="bbox 1947 5107 3440 5183; baseline 0.003 -14"><span class='ocrx_word' id='word_1_632' title='bbox 1947 5108 2303 5170; x_wconf 88' lang='lat' dir='ltr'><strong>libertatem</strong></span> <span class='ocrx_word' id='word_1_633' title='bbox 2360 5107 2426 5170; x_wconf 89' lang='lat' dir='ltr'><strong>in</strong></span> <span class='ocrx_word' id='word_1_634' title='bbox 2489 5108 2824 5183; x_wconf 89' lang='lat' dir='ltr'><strong>credendo,</strong></span> <span class='ocrx_word' id='word_1_635' title='bbox 2877 5116 2940 5170; x_wconf 91' lang='lat' dir='ltr'><strong>et</strong></span> <span class='ocrx_word' id='word_1_636' title='bbox 2992 5116 3061 5171; x_wconf 92' lang='lat' dir='ltr'><strong>ut</strong></span> <span class='ocrx_word' id='word_1_637' title='bbox 3121 5110 3440 5174; x_wconf 90' lang='lat' dir='ltr'><strong>discamus</strong></span> 
     </span>
     <span class='ocr_line' id='line_1_106' title="bbox 1947 5205 3443 5289; baseline 0.003 -21"><span class='ocrx_word' id='word_1_638' title='bbox 1947 5207 2179 5282; x_wconf 90' lang='lat' dir='ltr'><strong>sobrie,</strong></span> <span class='ocrx_word' id='word_1_639' title='bbox 2228 5225 2355 5269; x_wconf 91' lang='lat' dir='ltr'><strong>non</strong></span> <span class='ocrx_word' id='word_1_640' title='bbox 2404 5205 2833 5288; x_wconf 86' lang='lat' dir='ltr'><strong>pertinaciter,</strong></span> <span class='ocrx_word' id='word_1_641' title='bbox 2878 5206 3077 5289; x_wconf 90' lang='lat' dir='ltr'><strong>loqui.</strong></span> <span class='ocrx_word' id='word_1_642' title='bbox 3127 5207 3259 5272; x_wconf 89' lang='lat' dir='ltr'><strong>Imo</strong></span> <span class='ocrx_word' id='word_1_643' title='bbox 3307 5210 3443 5273; x_wconf 79' lang='lat' dir='ltr'><strong>haec</strong></span> 
     </span>
     <span class='ocr_line' id='line_1_107' title="bbox 1948 5304 3445 5393; baseline 0.001 -24"><span class='ocrx_word' id='word_1_644' title='bbox 1948 5305 2164 5381; x_wconf 90' lang='lat' dir='ltr'><strong>dictio,</strong></span> <span class='ocrx_word' id='word_1_645' title='bbox 2200 5304 2503 5381; x_wconf 82' lang='lat' dir='ltr'><strong>Forsitan,</strong></span> <span class='ocrx_word' id='word_1_646' title='bbox 2538 5322 2707 5388; x_wconf 78' lang='lat' dir='ltr'><strong>saepe</strong></span> <span class='ocrx_word' id='word_1_647' title='bbox 2751 5306 3009 5389; x_wconf 84' lang='lat' dir='ltr'><strong>ponitur</strong></span> <span class='ocrx_word' id='word_1_648' title='bbox 3053 5306 3119 5369; x_wconf 89' lang='lat' dir='ltr'><strong>in</strong></span> <span class='ocrx_word' id='word_1_649' title='bbox 3162 5304 3445 5393; x_wconf 81' lang='lat' dir='ltr'><strong>Scriptu-</strong></span> 
     </span>
    </p>
   </div>
  </div>
 </body>
</html>
