4300 6259
1645 526 1995 575 numano
2036 525 2102 573 IN
2139 526 2281 574 CAP-
2326 526 2413 572 vn
2452 526 2729 575 somnus.
2774 546 2856 559 —
2895 528 3039 574 ΛΒΤ.
3082 528 3167 575 XX

857 718 1053 782 quam
1093 698 1308 762 dicant
1341 717 1355 762 :
1389 697 1614 760 Nullus
1649 716 1724 759 ex
1766 698 1967 761 doctis
2005 705 2069 761 et
2107 697 2355 777 magnis
2384 696 2432 757 A
2465 697 2589 759 tuit
2638 716 2653 760 ε
2700 699 3046 778 Numquid
3094 701 3199 758 lex
3242 707 3461 759 nostra
3490 699 3781 775 judicat,
3830 697 3955 760 hoc

857 808 1051 882 atque
1107 799 1352 863 devotis
1411 799 1612 861 credit
1666 798 1748 859 ei.
1799 802 1930 859 Sed
1988 800 2177 859 turba
2222 800 2357 859 luec-

859 917 1122 961 currens
1167 904 1310 980 post
1351 916 1520 971 eum,
1563 918 1708 977 quae
1743 918 1872 957 non
1911 898 2092 957 novit
2130 900 2355 973 leyem,

859 998 923 1060 id
971 1005 1069 1059 est
1118 996 1346 1077 vulgus
1394 996 1717 1059 indoctum
1767 1001 1831 1056 et
1878 993 2180 1075 ignobile,
2223 1013 2358 1055 ma-

859 1097 1082 1157 ledieti
1119 1104 1298 1165 sunt,
1339 1094 1400 1157 id
1445 1102 1560 1169 est,
1594 1094 2044 1156 miserabiliter
2083 1092 2351 1165 fallitur,

861 1193 1048 1257 facile
1087 1195 1350 1255 credens
1399 1200 1658 1275 propter
1694 1192 2128 1275 insipientiam
2174 1210 2353 1253 suam

859 1301 924 1354 et
964 1291 1324 1355 ruditatem.

942 1390 1167 1454 Totum
1225 1390 1624 1452 mentiuntur
1679 1389 1999 1463 Pharisaei,
2049 1389 2357 1471 quemad-

862 1490 1124 1552 modum
1156 1489 1351 1552 moris
1387 1496 1483 1551 est
1512 1488 1900 1563 invidorum,
1932 1506 2095 1570 quos
2125 1487 2191 1550 in
2223 1493 2358 1550 tan-

863 1597 998 1650 tum
1055 1597 1328 1651 excaecat
1384 1588 1644 1662 invidia,
1697 1595 1766 1649 ut
1822 1588 1958 1651 sive
2019 1605 2130 1668 per
2185 1604 2353 1659 vera,

863 1687 999 1749 sive
1044 1704 1158 1768 per
1195 1686 1374 1761 falsa,
1418 1705 1542 1750 non
1588 1694 1836 1749 cessent
1875 1694 2161 1749 avertere
2201 1684 2358 1747 alios

863 1786 944 1847 ab
975 1803 1049 1848 eo
1076 1803 1269 1867 quem
1301 1786 1546 1848 odiunt.
1569 1784 1724 1847 Nam
1755 1792 1818 1847 et
1845 1784 2046 1867 aliqui
2077 1802 2156 1846 ex
2188 1784 2361 1866 prin-

568 1899 834 1952 hammam

571 1965 686 2013 ¹¹¹'²'
867 1985 1168 2047 eodemus
1212 1991 1273 2045 et
1320 1982 1662 2045 Nathanael
1710 1983 1866 2063 legis
1913 1985 2150 2046 doctor.
2195 1981 2365 2045 Infra

865 2100 1125 2163 quoquc
1171 2081 1423 2162 legitur,
1470 2083 1642 2163 quod
1695 2082 1878 2145 multi
1929 2100 2005 2145 ex
2056 2081 2365 2167 principi—-

866 2180 986 2242 bus
1025 2180 1434 2242 crediderunt
1473 2180 1538 2242 in
1569 2179 1804 2243 Jesum.
1841 2180 1961 2243 Sed
1991 2187 2056 2242 et
2093 2180 2365 2244 devotis-

570 2096 597 2140 1
601 2094 835 2147 biunna.

864 2279 1012 2341 simi
1040 2278 1398 2343 Judaeorum
1427 2279 1558 2359 jam
1591 2280 1999 2342 crediderunt
2027 2280 2093 2341 in
2124 2278 2359 2341 Iesum.

862 2377 1156 2440 Pharisaei
1217 2396 1477 2460 quoque
1539 2378 1713 2459 pleni
1773 2385 1954 2439 erant
2015 2377 2359 2461 hypocrisi,

860 2476 1144 2551 avaritia,
1177 2475 1546 2550 ambitione,
1577 2476 1840 2539 invidia.
1867 2476 2076 2538 Turba
2104 2494 2363 2558 quoque

865 2593 990 2638 non
1029 2574 1154 2637 fuit
1193 2574 1548 2650 maledicta,
1591 2576 1701 2637 sed
1753 2574 2105 2657 praeelecta,
2139 2593 2365 2656 quem-

861 2674 1202 2737 admodum
1265 2672 1434 2735 fatur
1489 2673 1830 2755 Apostolus
1893 2692 1906 2735 :
1967 2673 2114 2746 Quae
2171 2674 2366 2735 stulta

863 2778 1013 2835 sunt
1052 2772 1277 2834 mundi
1318 2771 1510 2851 elegit
1553 2771 1738 2846 DeuS,
1775 2780 1844 2833 ut
1883 2771 2233 2834 confundat
2270 2790 2365 2833 sa·

866 2870 1148 2952 pientes;
1180 2878 1245 2933 et
1280 2870 1540 2933 infirma
1580 2870 1799 2933 mundi
1845 2871 2034 2951 elegit
2073 2869 2259 2945 DeuS,
2295 2877 2364 2931 ut

864 2967 1212 3032 confundat
1258 2967 1466 3031 fortia.
1516 2968 1645 3032 Hoc
1703 2968 1841 3050 ipse
1892 2968 2176 3032 Salvator
2224 2987 2366 3051 per-

571 2691 749 2743 tcum.
764 2694 832 2735 27.

569 3087 680 3134 Lao.
701 3101 744 3140 x,
765 3090 833 3132 21.

863 3165 1096 3228 Lucam
1146 3164 1591 3239 introducitur,
1633 3172 1696 3226 et
1744 3166 1833 3227 ait
1868 3184 1881 3227 :
1918 3165 2238 3229 Confiteor
2285 3165 2365 3227 ti-

862 3263 953 3339 bi,
977 3263 1178 3339 Pater,
1216 3264 1478 3327 Domine
1519 3263 1663 3327 coeli
1696 3271 1760 3326 et
1800 3272 2003 3337 terrae,
2037 3265 2191 3346 quia
2222 3263 2363 3326 abs-

863 3362 1135 3425 condisti
1165 3362 1300 3425 haec
1328 3382 1365 3424 a
1393 3362 1788 3445 sapientibus
1819 3371 1882 3426 et
1910 3362 2358 3445 prudentibuS,

863 3468 926 3523 et
983 3460 1277 3524 revelasti
1336 3479 1409 3523 ea
1468 3462 1773 3544 parvulis,
1831 3460 1906 3524 Et
1961 3460 2291 3524 Psalmista
2342 3480 2355 3524 ε

863 3556 1324 3622 Testimonium
1350 3559 1620 3641 (inquit)
1647 3559 1896 3623 Domini
1943 3559 2157 3635 fidele,
2194 3560 2364 3642 sapi-

862 3658 1100 3720 entiam
1168 3665 1472 3740 praestans
1537 3658 1841 3739 parvulis.
1903 3658 2146 3732 Quanto
2213 3677 2361 3740 ergo

863 3757 1008 3838 quis
1053 3756 1266 3819 minus
1313 3758 1392 3819 de
1433 3774 1499 3819 se
1539 3757 1680 3839 ipso
1732 3758 2079 3839 praesumit,
2121 3767 2362 3840 quanto

569 3579 650 3623 Pe.
667 3592 780 3631 svm,
792 3583 832 3625 8.

861 3855 1076 3917 minus
1135 3854 1201 3917 in
1260 3854 1520 3937 propria
1577 3855 1928 3917 subtilitate
1975 3864 2040 3918 ct
2095 3856 2362 3919 scientia

859 3951 1186 4033 gloriatur,
1241 3960 1480 4035 quanto
1529 3952 1741 4015 minus
1790 3953 1947 4017 alios
1997 3954 2356 4037 vilipendit,

861 4058 1036 4114 tanto
1066 4051 1386 4133 copiosius
1429 4059 1710 4113 meretur
1741 4052 2089 4115 illuminari
2121 4073 2158 4115 a
2187 4054 2363 4117 Chri-

863 4156 980 4211 sto.
1007 4146 1166 4211 Hinc
1194 4166 1452 4231 quoque
1482 4149 1807 4232 simplices
1837 4157 1898 4212 et
1928 4150 2186 4214 feminae
2215 4159 2363 4215 sunt

2465 804 2581 875 est,
2630 795 3046 877 judicandum
3104 815 3219 879 per
3274 796 3791 878 approbationem
3853 794 3955 857 vel

2464 895 3056 958 condemnationem
3088 896 3289 970 docet,
3315 896 3659 967 hominem,
3681 896 3816 955 nisi
3842 916 3955 955 au—

2464 995 2665 1053 dierit
2701 995 2782 1053 ab
2822 996 2955 1071 ipso
2987 995 3203 1072 prius,
3237 994 3300 1056 id
3342 1001 3459 1068 est,
3494 992 3685 1057 verba
3726 994 3804 1055 de
3844 1012 3957 1055 ore

2465 1091 2605 1171 ejus
2649 1091 2941 1165 audierit,
2974 1101 3032 1151 et
3070 1095 3433 1169 coynoveric
3476 1110 3589 1174 per
3634 1092 3959 1154 certitudi-

2467 1207 2614 1251 nem
2656 1193 2820 1269 quid
2858 1192 3119 1270 faciat?
3156 1190 3437 1252 Ubertim
3482 1191 3655 1253 enim
3704 1192 3769 1253 in
3818 1191 3957 1271 lege

2468 1295 2856 1370 praeceptum
2898 1288 3041 1363 ruit,
3078 1296 3147 1350 ut
3184 1307 3374 1351 causa
3408 1288 3732 1369 judicandi
3781 1290 3957 1352 inve-

2466 1387 2823 1469 stigaretur,
2878 1388 3226 1462 audiretur,
3278 1389 3716 1463 discuteretur,
3766 1396 3829 1451 et
3886 1396 3955 1449 ut

2467 1486 2605 1569 ipse
2648 1486 2759 1568 qui
2804 1505 3057 1548 causam
3103 1486 3345 1562 habuit,
3378 1496 3571 1551 staret
3608 1507 3816 1551 coram
3860 1507 3957 1550 se-

2471 1585 2779 1659 nioribuS,
2812 1586 3265 1662 sacerdotibus,
3300 1588 3397 1649 vel
3426 1587 3773 1669 judicibus,
3804 1608 3959 1669 quo-

2471 1704 2609 1746 rum
2641 1683 2765 1746 ruit
2791 1684 3093 1765 judicare,
3116 1686 3570 1768 audireturque
3596 1686 3677 1749 ab
3706 1687 3820 1757 eis,
3845 1688 3963 1749 sic·

2471 1802 2600 1866 que
2629 1801 2821 1865 opera
2858 1784 2997 1865 ejus
3030 1802 3176 1847 vere
3214 1793 3678 1866 cognoscerent.
3708 1786 3965 1867 Hocque

866 1884 1118 1966 cipibus
1165 1884 1568 1947 crediderunt
1607 1885 1674 1946 in
1710 1883 1946 1958 Jesum,
1985 1883 2229 1947 scilicet
2263 1882 2364 1945 Ni·
2399 1887 2447 1949 B
2472 1883 2851 1947 Nicodemus
2911 1883 3201 1958 inseruit,
3264 1904 3343 1947 ne
3403 1885 3653 1947 incaute
3710 1886 3969 1947 damna-

2474 1990 2615 2044 rent
2660 1981 2896 2057 Jesum,
2940 1983 3039 2045 vel
3087 1983 3368 2065 aliquem
3416 1984 3495 2046 ab
3543 1983 3683 2066 ipso
3729 1992 3973 2046 averte-

2474 2090 2637 2156 rent,
2688 2090 2751 2144 et
2809 2090 2877 2143 ut
2928 2082 3257 2145 induceret
3304 2102 3411 2147 eos
3469 2084 3545 2145 ad
3601 2082 3969 2163 diligentem

2472 2181 2929 2243 advertentiam
2969 2188 3159 2261 atque
3206 2181 3665 2263 praesentialem
3710 2182 3971 2244 audien-

2474 2280 2627 2341 tiam
2678 2278 2930 2353 Christi,
2977 2278 3307 2343 confidens
3356 2297 3486 2353 θος,
3538 2280 3590 2341 si
3641 2279 3759 2342 hoc
3807 2279 3973 2342 face-

2476 2386 2637 2452 rent,
2673 2378 3129 2440 convertendos
3158 2378 3236 2439 ad
3271 2377 3613 2453 Christum,
3638 2377 3803 2439 sicut
3831 2378 3973 2461 ipse

2473 2476 2601 2558 jam
2662 2475 2787 2538 ruit
2842 2494 3186 2539 conversus
3242 2477 3320 2538 ad
3370 2494 3541 2552 eum,
3593 2476 3776 2556 cujus
3834 2484 3972 2538 tan-

2475 2581 2601 2636 tam
2663 2582 2961 2655 expertus
3024 2573 3146 2635 ruit
3204 2574 3527 2649 virtutem,
3586 2574 3965 2656 sapientiam

2474 2672 3015 2753 eminentiamque
3056 2672 3122 2733 in
3165 2690 3477 2735 sermone.

2553 2774 3043 2849 Responderunt
3078 2769 3395 2845 Pharisaei,
3423 2782 3489 2833 et
3528 2772 3841 2833 diaeerunc
3876 2774 3963 2841 ei,

2474 2877 2693 2953 utpote
2736 2868 3076 2933 Nicodemo
3114 2888 3127 2932 :
3164 2871 3507 2949 Numquid
3552 2879 3611 2931 et
3660 2880 3729 2929 tu
3782 2872 3963 2931 Gali-

2476 2972 2631 3031 loeus
2676 2989 2767 3039 es,
2815 2968 2878 3030 id
2926 2975 3021 3030 est
3064 2987 3101 3030 a
3145 2967 3289 3030 Jesu
3336 2966 3590 3031 Galilaeo
3634 2969 3961 3049 deceptus,

863 3068 1164 3149 pendenS,
1185 3066 1526 3130 exsultavit
1555 3064 1796 3148 Spiritu
1827 3066 2074 3143 Sancto,
2095 3074 2165 3128 ut
2193 3069 2362 3149 apud
2401 3066 2445 3129 C
2473 3067 2957 3149 discipulusque
3024 3067 3197 3129 illius
3264 3066 3534 3129 effectus
3572 3070 3597 3128 ἵ
3656 3070 3969 3129 Scrutare

2476 3169 2876 3245 ScripturaS,
2911 3166 2973 3227 id
3012 3173 3128 3239 est,
3164 3172 3231 3227 tu
3270 3165 3383 3247 qui
3424 3166 3581 3247 legis
3621 3167 3839 3229 doctor
3872 3184 3963 3240 eS‚

2474 3266 2819 3347 scripturas
2858 3263 3080 3346 Moysis
3112 3271 3175 3326 et
3209 3264 3663 3347 Prophetarum
3702 3265 3973 3345 diligen-

2474 3371 2570 3426 ter
2599 3362 2853 3445 inquire
2886 3381 2999 3444 per
3029 3362 3339 3425 actualem
3370 3362 3965 3437 considerationem,

2473 3482 2631 3544 quas
2690 3462 2853 3525 nosti
2923 3479 3033 3543 per
3092 3460 3479 3523 habitualem
3539 3462 3847 3536 notitiam,
3909 3472 3969 3522 et

2474 3564 2642 3635 vide,
2689 3560 2751 3623 id
2795 3568 2911 3634 est,
2960 3560 3012 3622 si
3059 3561 3178 3623 hoc
3220 3559 3467 3635 feceris,
3504 3578 3580 3623 ex
3622 3560 3967 3642 Scripturis

2472 3660 2658 3722 oculo
2707 3659 2991 3721 interiori
3044 3657 3311 3732 videbis,
3356 3661 3513 3739 quia
3561 3660 3887 3737 Propheta
3928 3682 3971 3721 a

2478 3760 2773 3829 Galilaea,
2808 3756 2872 3819 id
2915 3764 3009 3819 est
3048 3776 3083 3819 a
3121 3765 3248 3818 tam
3288 3756 3402 3819 vili
3446 3764 3612 3820 terra
3649 3765 3711 3819 et
3752 3757 3966 3839 plebe,

2474 3877 2603 3918 non
2632 3858 2868 3934 sumit,
2900 3856 2963 3919 id
3004 3865 3119 3929 est,
3155 3875 3279 3920 non
3322 3856 3621 3931 nascitur,
3658 3874 3783 3919 non
3825 3876 3971 3940 pro-

2474 3956 2659 4029 cedit,
2697 3974 2821 4017 non
2861 3955 3166 4017 ascendit.
3199 3954 3503 4017 Mirabilis
3534 3954 3777 4018 caecitas
3816 3955 3973 4018 Pha-

2471 4053 2822 4129 risaeorum‚
2875 4054 2984 4134 qui
3039 4054 3130 4115 sic
3179 4053 3529 4134 loquuntur
3580 4072 3654 4115 ac
3702 4054 3753 4115 si
3804 4054 3969 4116 Deus

2472 4152 2732 4234 eligeret
2767 4159 3019 4233 gentem
3054 4158 3313 4233 propter
3342 4151 3574 4226 locum,
3608 4160 3670 4215 et
3699 4170 3826 4215 non
3858 4171 3971 4235 po—

863 4246 1216 4309 devotiores
1265 4265 1457 4329 quam
1500 4248 1776 4309 multum
1817 4249 2074 4311 litterati
2113 4257 2176 4312 et
2216 4252 2359 4325 viri,
2395 4254 2443 4315 D
2472 4252 2600 4314 tius
2649 4251 2857 4314 locum
2907 4256 3168 4331 propter
3214 4257 3491 4331 gentem.
3532 4249 3609 4311 Et
3654 4251 3823 4332 quod
3871 4269 3971 4312 as-

862 4344 1016 4426 quia
1057 4363 1186 4426 quo
1229 4345 1444 4407 minus
1490 4346 1724 4408 habent
1765 4348 1842 4409 de
1881 4348 2257 4411 excellentia
2295 4350 2360 4412 in

865 4442 1282 4517 naturalibuS,
1343 4461 1417 4506 eo
1475 4443 1848 4507 humiliores
1907 4453 2076 4520 sunt,
2129 4454 2193 4509 et
2249 4465 2365 4529 per

866 4560 1263 4623 consequens
1308 4542 1626 4625 pleniores
1677 4551 1826 4605 sunt
1863 4562 1939 4607 ex
1989 4544 2215 4608 intima
2264 4548 2365 4609 de-

869 4640 1142 4715 votione,
1177 4658 1324 4704 vera
1367 4641 1697 4723 sapientia,
1733 4642 1840 4705 illa
1883 4643 2182 4707 videlicet
2220 4664 2365 4726 quae

605 4754 810 4807 Ie.11,2.
868 4744 962 4799 est
1005 4738 1286 4819 primum
1326 4740 1564 4803 donum
1606 4739 1878 4821 Spiritus
1920 4741 2155 4804 Sancti.
2190 4743 2364 4806 Unde

571 4852 837 4903 Pronnaea.
867 4834 1160 4900 Salomon
1207 4837 1294 4899 ait
1342 4856 1356 4901 :
1405 4837 1562 4902 Cum
1613 4838 2015 4921 simplicibus
2065 4844 2364 4905 sermoci-

869 4934 1040 4997 natio
1081 4935 1213 4997 Dei.

659 5038 732 5097 50
947 5034 1124 5095 Dicit
1165 5034 1552 5097 Nicodemus
1590 5038 1679 5095 ad
1720 5054 1842 5107 eoa,
1876 5038 1989 5097 ille
2031 5039 2147 5117 qui
2187 5040 2363 5101 venit

568 5148 838 5197 anamma.
866 5140 1045 5191 nocte
1081 5134 1169 5192 ad
1206 5152 1378 5200 eum,
1411 5140 1564 5214 puta
1607 5134 1685 5195 ad
1727 5132 1964 5209 Jesum,
2013 5142 2083 5196 ut
2118 5136 2359 5198 dictum

864 5235 979 5304 est,
1010 5231 1129 5309 qui
1165 5249 1336 5291 unus
1372 5241 1513 5292 erat
1549 5253 1630 5292 ew
1669 5232 1848 5311 ips-2¹⁸,
1887 5233 1950 5296 id
1991 5240 2087 5295 est
2125 5234 2203 5295 de
2245 5255 2361 5296 nu-

621 5342 740 5389 ma.
757 5346 792 5388 ι.
863 5343 1038 5389 mero
1085 5326 1454 5409 principum
1503 5336 1564 5389 et
1610 5328 2090 5407 Pharisaeorum,
2139 5338 2209 5393 ut
2251 5352 2359 5414 pa-

2473 4358 2692 4411 serunt
2737 4368 2774 4410 a
2820 4348 3070 4412 Galilaea
3121 4365 3245 4410 non
3296 4347 3647 4410 surrexisse
3692 4347 3967 4431 Prophe-

2470 4456 2621 4521 tam,
2674 4454 2843 4529 patet
2887 4447 3118 4508 falsum
3167 4447 3244 4509 de
3295 4444 3500 4509 Eliseo
3548 4447 3857 4529 propheta
3900 4455 3965 4509 et

2471 4545 2712 4609 Debora
2744 4545 3159 4627 prophetissa.
3200 4544 3425 4607 Tobias
3455 4563 3732 4626 quoque,
3765 4546 3959 4627 q'uem

2473 4651 2716 4707 constat
2756 4642 2953 4705 fuisse
2996 4643 3073 4705 de
3116 4641 3387 4717 Galilaea,
3424 4644 3793 4726 prophetico
3832 4645 3965 4726 spi-

2473 4742 2602 4803 ritu
2641 4741 2839 4803 fulsit.
2874 4740 3003 4805 Imo
3046 4742 3211 4804 Deus
3253 4741 3625 4823 frequenter
3666 4742 3730 4804 in
3780 4742 3963 4805 vilio-

2475 4839 2650 4902 ribus
2700 4838 2855 4901 locis
2904 4837 3108 4901 efficit
3152 4856 3346 4921 opera
3394 4840 3593 4920 magis
3636 4840 3953 4921 praeclara.

2474 4937 2645 5000 Unde
2682 4944 2742 4999 et
2774 4936 3076 5000 Nazareth
3111 4937 3502 5001 civitatulam
3538 4936 3803 5001 Galilaeae
3834 4938 3961 5000 ele-

2468 5037 2559 5118 git
2605 5055 2719 5118 pro
2762 5037 2899 5100 loco
2948 5037 3380 5119 conceptionis
3420 5044 3483 5100 et
3526 5037 3956 5117 educationis;

2472 5134 2832 5196 Bethlehem
2864 5152 3121 5216 quoque
3151 5135 3541 5198 civitatulam
3568 5134 3816 5209 Iudaeae,
3844 5155 3958 5217 pro

2469 5233 2607 5297 loco
2650 5232 2991 5295 nativitatis
3026 5252 3039 5295 :
3077 5252 3201 5297 non
3241 5233 3503 5297 Romam
3547 5241 3735 5315 caput
3776 5252 3959 5296 mun-

2468 5330 2555 5405 di,
2608 5348 2817 5411 neque
2860 5331 3207 5394 Jerusalem
3252 5330 3479 5395 Judaeae
3530 5331 3952 5413 metropolim,

4074 704 4131 758 51

4025 1306 4119 1350 La.
4140 1320 4207 1352 m,
4251 1316 4252 1347 ι

3984 1370 4209 1420 moesta,
4251 1380 4252 1419 ζ

3986 1437 4047 1480 ¹5.
4068 1436 4125 1483 16;
4142 1445 4207 1479 xri,
4251 1484 4252 1489 1

3986 1499 4210 1545 l8;x=x,1=:r-

3986 1562 4049 1601 19.

3992 4466 4041 4510 lll
4050 4466 4205 4517 amu.

3992 4532 4037 4571 ιο
4056 4544 4066 4576 ;
4089 4524 4205 4569 ludit.

3988 4608 4040 4641 w,
4055 4596 4091 4633 5.

4020 4672 4107 4716 To&
4122 4684 4145 4717 ι,
4162 4670 4189 4709 l.
