4300 6259
792 536 1112 584 ram-mo
1154 537 1220 583 nv
1261 537 1608 587 rasstom
1651 537 1868 588 nomm
1911 537 2230 586 sneunnun
2272 537 2493 586 Lucan.
2541 559 2623 570 —
2661 539 2805 585 Am.
2851 538 2993 585 xtvt
3325 515 3449 584 203

329 713 631 768 naturam
673 706 955 770 divinam
997 716 1058 770 et
1099 708 1442 771 humanam
1485 709 1553 771 in
1602 709 1845 771 unitate
1871 705 1924 766 A
1958 717 2086 771 stra
2131 710 2333 772 salute
2391 709 2785 773 incarnatum
2847 709 3139 784 fatemur,
3190 715 3251 770 et
3298 707 3450 789 quia

327 804 666 885 copulavit
712 824 1019 886 personae,
1054 825 1258 888 quum
1303 815 1512 870 tamen
1562 808 1628 869 in
1677 808 1846 870 ordi·
1955 816 2124 871 tanta
2175 808 2357 872 nobis
2396 808 2559 872 Deus
2612 829 2726 892 per
2765 808 3264 872 incarnationem
3302 806 3453 869 Ver-

331 920 416 964 ne
477 903 1012 967 intellectualium
1074 905 1574 969 substantiarum
1631 907 1844 968 anima
1954 906 2019 968 bi
2073 907 2337 988 largitus
2392 915 2510 982 est,
2562 916 2633 970 ut
2687 926 2763 970 ex
2821 909 2960 990 ipsa
3020 905 3452 968 incarnatione

331 1000 666 1062 rationalis
725 1003 806 1064 sit
861 1003 988 1064 ima
1040 1022 1112 1065 nc
1167 1003 1413 1076 infima,
1468 1011 1530 1066 et
1582 1023 1845 1086 praeser-
1953 1007 2378 1068 accendamur
2419 1004 2525 1068 Dei
2570 1025 2805 1070 amore.

97 3681 184 3723 Luc.
202 3697 228 3726 ι.
244 3687 310 3736 ³7;

73 3742 152 3818 Ιεν.
188 3759 310 3796 xxm,

328 1099 450 1159 tim
515 1118 748 1182 corpus
808 1101 1164 1164 humanum
1210 1121 1246 1163 a
1301 1102 1842 1185 supersimplicis·

330 1197 502 1258 sima
551 1197 790 1260 Deitate
843 1199 1372 1262 inaestimabiliter
1413 1201 1602 1263 distet
1647 1220 1658 1263 ε
1702 1202 1844 1264 ideo

285 1282 569 1358 'harum
630 1297 1024 1380 hypostatica
1081 1299 1255 1372 unio,
1307 1309 1404 1362 est
1450 1300 1684 1362 divinae
1733 1319 1842 1382 po-

331 1395 556 1456 tentiae
593 1396 1068 1476 quammaxime
1108 1398 1508 1472 declarativa,
1544 1399 1672 1462 imo
1711 1417 1842 1460 ma-

326 1493 450 1572 giS,
479 1501 549 1556 ut
575 1494 774 1576 aliqui
805 1496 1366 1578 adstruunt‚quam
1401 1497 1590 1560 totius
1619 1498 1840 1561 mundi

329 1594 598 1657 creatio.
632 1593 751 1657 Sed
783 1603 846 1658 et
881 1595 1127 1674 justitia
1156 1597 1261 1659 Dei
1305 1598 1369 1658 in
1411 1598 1842 1662 incarnatione

331 1692 532 1754 Verbi
581 1694 986 1756 ostenditur:
1021 1693 1174 1775 quia
1221 1713 1346 1758 non
1398 1697 1460 1758 vi
1513 1696 1674 1758 Deus
1723 1698 1846 1760 eri-

334 1793 434 1873 pit
496 1792 846 1864 hominem,
905 1811 1023 1855 nec
1081 1793 1276 1856 alium
1337 1793 1489 1857 facit
1546 1814 1848 1878 superare

2033 1105 2321 1187 Insuper,
2357 1105 2520 1167 sicut
2569 1106 3083 1168 decentissimum
3138 1103 3261 1165 fuit
3306 1102 3455 1164 Fili-

1959 1223 2063 1266 um
2113 1203 2223 1266 Dei
2274 1210 2552 1267 nostram
2602 1204 3101 1285 redemptionem
3153 1202 3455 1265 inchoare

1959 1321 2073 1383 per
2121 1321 2302 1365 suam
2361 1303 2881 1376 incarnationem,
2936 1303 3027 1364 sic
3086 1300 3457 1363 decentissi-

1961 1419 2137 1461 mum
2186 1400 2326 1471 fuit,
2362 1408 2431 1462 ut
2473 1402 2755 1464 eamdem
2804 1409 3077 1464 nostram
3121 1399 3457 1481 redempti-

1959 1515 2147 1562 onem
2200 1499 2543 1580 compleret
2587 1517 2701 1581 per
2738 1519 2916 1562 suam
2966 1497 3453 1560 sacratissimam

1962 1597 2347 1679 passionem.
2381 1597 2471 1659 Ex
2515 1598 2635 1661 hoc
2674 1598 2843 1660 enim
2885 1598 3053 1679 quod
3105 1595 3301 1657 Filius
3344 1593 3452 1656 Dei

1961 1702 2222 1778 propter
2270 1715 2383 1760 nos
2434 1717 2657 1778 passus
2714 1705 2829 1764 est,
2882 1696 3157 1758 maxime
3212 1695 3458 1756 innote-

1960 1795 2079 1857 scit
2117 1803 2355 1876 quanta
2386 1795 2467 1858 sit
2497 1797 2737 1879 peccati
2770 1794 3134 1867 enormitaS,
3162 1801 3224 1855 et
3254 1811 3458 1874 quan-

335 1898 684 1972 tyrannum
732 1910 926 1972 quam
976 1891 1342 1974 hominem;
1377 1894 1484 1956 sed
1531 1895 1696 1957 sicut
1737 1895 1849 1958 ho-
1886 1897 1932 1960 B
1958 1901 2096 1957 tum
2141 1893 2300 1956 Deus
2341 1903 2597 1976 peccata
2632 1895 2988 1967 abhorreat,
3024 1911 3139 1975 pro
3178 1909 3456 1974 quorum

335 2009 445 2052 mo
495 1997 594 2051 est
633 1990 861 2065 victus,
909 1990 1002 2052 sic
1050 1991 1241 2054 homo
1291 1993 1466 2066 vicit,
1509 2001 1580 2055 ut
1625 1993 1849 2056 asserit

337 2087 769 2150 Damascenus
821 2089 1006 2153 tertio
1056 2089 1241 2153 libro.
1285 2090 1590 2154 Similiter
1640 2092 1701 2153 in
1754 2092 1850 2153 in-

333 2187 711 2250 carnatione
738 2186 928 2250 Verbi
973 2189 1328 2252 ostenditur
1365 2191 1676 2272 sapientia
1711 2190 1844 2271 Dei,

333 2288 516 2366 quod
568 2294 694 2347 tam
737 2285 1109 2350 difficillimi
1158 2289 1416 2369 negotii,
1453 2297 1580 2351 tam
1625 2291 1850 2352 decen-

333 2383 656 2447 tissimam
691 2385 1072 2449 solutionem
1104 2386 1367 2449 invenit.
1385 2387 1850 2450 Difficillimum

335 2501 579 2565 nempe
608 2485 922 2565 apparuit,
946 2485 1222 2566 qualiter
1247 2503 1446 2567 genus
1477 2486 1848 2566 humanum,

337 2583 520 2644 salva
570 2582 678 2644 Dei
723 2583 972 2663 justitia
1019 2602 1093 2645 ac
1142 2584 1426 2659 veritate,
1471 2593 1683 2666 posset
1730 2587 1852 2648 sal-

337 2681 514 2752 vari:
550 2682 660 2742 sed
692 2681 1004 2762 sapientia
1035 2682 1143 2744 Dei
1176 2682 1420 2745 invenit
1447 2684 1849 2765 aptissimum

339 2780 612 2842 modum
661 2780 740 2841 ad
790 2780 931 2856 hoc,
967 2780 1055 2843 ita
1100 2780 1425 2843 hominem
1477 2783 1746 2855 salvam,
1783 2789 1854 2844 ut

337 2895 462 2940 nec
515 2878 754 2941 divinae
791 2878 1038 2940 veritati
1089 2886 1281 2960 atque
1326 2879 1609 2960 justitiae,
1646 2899 1854 2962 neque

338 2977 586 3038 divinae
627 2976 1082 3040 misericordiae
1124 2978 1552 3058 derogaretur.

1958 1992 2278 2055 ablatione
2326 2002 2388 2054 et
2445 1993 2873 2056 satisfactione
2922 1992 3191 2074 ipsemet
3238 1989 3458 2070 unige-

1961 2091 2132 2153 nitus
2182 2091 2379 2153 Filius
2429 2089 2536 2153 Dei
2590 2099 2759 2154 tanta
2808 2109 3147 2173 perpessus
3197 2096 3312 2150 est.
3364 2086 3455 2149 Ex

1962 2190 2255 2272 passione
2297 2190 2484 2252 etiam
2526 2189 2756 2253 Christi
2806 2189 3227 2270 agnoscimus,
3261 2205 3452 2270 quam

1960 2288 2309 2352 ineffabilis
2350 2289 2431 2350 sit
2469 2289 2576 2350 Dei
2617 2288 2813 2351 Patris
2849 2287 3115 2369 justitia,
3149 2286 3261 2367 qui
3313 2304 3456 2367 pro-

1962 2389 2102 2470 prio
2131 2387 2291 2450 Filio
2321 2407 2446 2450 non
2481 2387 2787 2470 pepercit,
2821 2387 2928 2449 sed
2962 2404 3077 2468 pro
3108 2384 3290 2448 nobis
3321 2402 3458 2446 om-

1963 2487 2153 2550 nibus
2211 2485 2468 2548 tradidit
2527 2485 2733 2560 illum,
2784 2485 3027 2548 malens
3083 2483 3267 2545 illum
3325 2489 3451 2544 tam

1960 2585 2436 2650 acerbissimam
2478 2590 2745 2647 mortem
2788 2583 2939 2665 pati,
2972 2601 3165 2664 quam
3202 2587 3459 2662 peccata

1961 2685 2295 2749 hominum
2357 2701 2682 2745 remanere
2741 2683 2965 2744 inulta.
3018 2681 3233 2763 Culpae
3287 2680 3460 2742 enim

1964 2803 2153 2866 poena
2183 2782 2451 2844 debetur
2480 2782 2827 2844 secundum
2858 2780 3186 2862 justitiam.
3211 2777 3288 2840 Et
3314 2778 3465 2859 quia

1965 2901 2079 2965 per
2118 2889 2333 2944 nostra
2374 2886 2628 2960 peccata
2665 2887 2929 2941 aeternas
2970 2897 3190 2960 poenas
3231 2877 3467 2938 merui-

1966 3001 2130 3053 πως,
2186 2980 2305 3043 hoc
2354 2977 2480 3040 fuit
2534 2977 2807 3040 infinitae
2854 2975 3309 3038 misericordiae
3357 2973 3465 3036 Dei

441 3075 755 3137 Praeterea
813 3076 1243 3138 necessarium
1304 3076 1647 3157 dupliciter
1705 3077 1858 3139 dici-
1895 3082 1938 3146 C
1969 3079 2187 3154 Patri5‚
2221 3078 2390 3160 quod
2426 3096 2540 3158 per
2568 3076 2982 3157 temporalem
3016 3074 3115 3136 sui
3158 3073 3299 3134 Filii
3334 3093 3469 3155 pas-

339 3182 450 3234 tur
486 3192 500 3236 :
537 3173 770 3248 Primo,
806 3174 945 3236 sine
985 3193 1114 3256 quo
1161 3175 1337 3237 aliud
1384 3193 1522 3238 esse
1572 3195 1698 3239 non
1751 3197 1860 3259 po-

340 3279 490 3345 test,
551 3279 620 3333 ut
671 3272 860 3336 homo
905 3272 1046 3335 sine
1094 3273 1308 3335 anima
1350 3292 1363 3337 :
1407 3281 1468 3336 et
1518 3274 1610 3336 sic
1657 3275 1856 3337 Deum

341 3370 670 3432 incarnari
730 3371 806 3433 ad
868 3372 1312 3435 redimendum
1369 3391 1570 3454 genus
1630 3373 1856 3436 huma-

341 3489 530 3543 num,
567 3488 694 3532 non
741 3468 867 3531 fuit
916 3487 1197 3544 necesse,
1231 3471 1386 3552 quia
1430 3479 1492 3532 et
1533 3470 1678 3534 aliis
1726 3490 1859 3536 mo-

341 3569 444 3631 dis
497 3568 711 3650 potuit
757 3567 921 3630 Deus
972 3568 1093 3631 hoc
1141 3568 1370 3642 facere,
1424 3569 1526 3632 cui
1577 3589 1704 3633 non
1763 3577 1858 3632 est

341 3666 774 3749 impossibile,
803 3667 934 3730 imo
966 3685 1175 3748 neque
1204 3666 1474 3730 difficile
1502 3687 1692 3731 omne
1723 3686 1858 3732 ver-

338 3767 527 3838 bum,
587 3773 776 3847 prout
821 3764 1074 3828 Gabriel
1133 3767 1394 3846 angelus
1447 3773 1510 3828 et
1554 3767 1856 3830 Jeremias

337 3864 662 3947 propheta
690 3871 1022 3925 testantur.
1059 3864 1349 3927 Secundo
1379 3865 1612 3927 dicitur
1641 3884 1859 3929 neces-

336 3963 604 4038 sarium,
638 3961 778 4022 sine
807 3980 937 4042 quo
969 3979 1069 4023 res
1101 3962 1554 4024 convenienter
1583 3982 1694 4026 seu
1726 3971 1856 4026 tam

333 4069 486 4142 apte
534 4076 676 4122 esse
717 4078 846 4122 non
888 4060 1102 4122 valet:
1149 4061 1370 4142 sicque
1417 4062 1497 4123 ad
1547 4063 1857 4126 redimen-

335 4161 496 4222 dum
559 4177 762 4239 genus
823 4158 1176 4220 humanum
1243 4159 1368 4221 fuit
1427 4179 1686 4223 necesse
1745 4162 1854 4224 Dei

1968 3179 2213 3240 sionem
2256 3196 2369 3240 nos
2419 3176 2497 3238 ab
2540 3185 2773 3238 aeterna
2812 3173 3051 3255 eripuit
3092 3191 3315 3254 poena:
3350 3172 3470 3234 hoc

1969 3294 2119 3338 vero
2158 3273 2281 3336 fuit
2329 3273 2601 3335 infinitae
2648 3272 2911 3352 justitiae
2948 3271 3109 3352 eleS,
3144 3271 3315 3351 quod
3367 3288 3470 3330 su-

1969 3372 2573 3456 perdilectissimum
2602 3370 2830 3432 Filium
2878 3388 3066 3431 suum
3106 3367 3332 3431 maluit
3367 3387 3469 3448 pa-

1967 3472 2014 3534 ti
2045 3480 2108 3534 et
2145 3471 2331 3542 mori,
2366 3488 2557 3552 quam
2600 3476 2856 3550 peccata
2896 3475 3108 3531 nostra
3151 3466 3467 3547 impunita

1967 3589 2245 3632 manere.
2288 3569 2595 3650 Denique,
2631 3584 2707 3629 ex
2756 3566 2877 3630 hoc
2923 3567 3095 3647 quod
3143 3565 3307 3626 Deus
3358 3564 3466 3626 Pa-

1967 3677 2064 3731 ter
2113 3667 2405 3750 permisit
2452 3666 2713 3729 unicum
2765 3665 2993 3726 Filium
3047 3683 3232 3726 suum
3286 3664 3467 3726 inno-

1971 3767 2407 3830 centissimum
2448 3772 2639 3846 atque
2679 3761 3174 3836 sanctissimum,
3210 3781 3245 3822 a
3277 3761 3467 3823 scele-

1971 3865 2304 3929 ratissimis
2344 3862 2803 3944 vilissimisque
2843 3860 3211 3925 hominibus
3257 3859 3467 3922 taliter

1970 3966 2132 4048 capi,
2185 3965 2460 4038 tractari,
2512 3963 2739 4044 affligi,
2792 3961 2992 4026 occidi
3046 3968 3305 4042 propter
3353 3978 3467 4023 nos

1968 4065 2350 4138 liberandOS,
2386 4063 2737 4124 clarissime
2769 4066 2940 4143 patet
2980 4058 3468 4140 incomprehen-

1968 4162 2173 4224 sibilis
2223 4159 2478 4223 dilectio
2528 4159 2668 4240 ejus
2718 4159 2795 4220 ad
2844 4177 2981 4220 nos.
3022 4157 3327 4219 Similiter
3376 4156 3471 4218 di-

335 4259 578 4320 Filium
622 4257 962 4330 incarnari,
997 4258 1150 4338 quia
1187 4265 1257 4320 ut
1299 4259 1738 4322 tertiodecimo
1776 4261 1853 4323 de
1883 4261 1932 4322 D
1967 4262 2155 4324 lectio
2212 4259 2675 4342 perfectissima
2725 4257 2955 4320 Christi
3007 4257 3081 4318 ad
3148 4274 3260 4318 nos
3320 4255 3470 4317 hinc

335 4355 653 4417 Trinitate
683 4355 968 4436 loquitur
997 4355 1407 4436 AugustinuS‚
1432 4358 1726 4420 sanandae
1757 4378 1856 4421 no-

333 4462 486 4517 strae
529 4453 810 4516 miseriae
854 4454 1068 4515 nullus
1107 4453 1232 4516 fuit
1268 4455 1431 4516 alius
1471 4456 1854 4519 convenien-

335 4553 462 4617 tior
513 4553 768 4615 modus.
804 4550 920 4614 Per
957 4553 1078 4616 hoc
1127 4571 1404 4634 namque
1445 4554 1850 4636 potissimum

337 4651 505 4714 fides
570 4650 880 4713 catholica
937 4650 1290 4724 roboratur,
1351 4653 1520 4732 quod
1582 4652 1854 4734 ipsemet

336 4750 506 4812 Deus
552 4749 916 4810 incarnatus
949 4748 1132 4812 nobis
1172 4749 1237 4810 in
1269 4749 1611 4830 Evangelio
1651 4749 1853 4832 loqui-

337 4857 442 4910 tur
493 4865 574 4910 ac
622 4853 908 4908 testatur.
963 4846 1079 4908 Per
1128 4846 1248 4909 hoc
1296 4865 1554 4929 quoque
1604 4867 1854 4931 perma-

337 4947 512 5009 xime
557 4963 702 5026 spes
741 4945 818 5006 ad
863 4945 1058 5006 Deum
1098 4953 1388 5025 augetur,
1423 4954 1486 5008 et
1519 4947 1742 5009 caritas
1784 4948 1848 5009 in

337 5046 479 5127 ipso
531 5043 926 5116 accenditur,
957 5044 1128 5124 quod
1179 5043 1374 5105 Deum
1427 5055 1688 5127 propter
1737 5064 1848 5109 nos

335 5162 413 5205 ex
461 5141 666 5204 nimia
705 5160 822 5203 sua
859 5142 936 5203 ad
984 5160 1096 5204 nos
1144 5141 1483 5206 dilectione
1526 5145 1853 5224 cognosci-

338 5261 486 5303 mus
519 5239 922 5302 incarnatum
949 5257 962 5300 :
988 5238 1116 5301 imo
1145 5237 1625 5303 fiducialissime
1658 5241 1849 5304 Deum

339 5338 711 5404 accedimus
742 5346 806 5400 et
842 5355 1119 5412 oramuS,
1155 5338 1308 5400 dum
1348 5338 1562 5421 ipsum
1599 5359 1713 5422 pro
1743 5359 1850 5406 no·

1967 4359 2429 4430 manifestatur,
2464 4357 2635 4438 quod
2684 4363 2852 4417 tanta
2896 4372 2969 4416 ac
3020 4353 3165 4415 talia
3212 4361 3469 4434 propter

1967 4476 2081 4520 nos
2145 4463 2373 4538 sponte
2434 4453 2603 4516 ferre
2665 4453 2957 4533 dignatus
3023 4459 3140 4513 est.
3204 4451 3469 4531 insuper

1967 4555 2251 4618 Christus
2293 4572 2407 4635 per
2444 4572 2625 4614 suam
2665 4551 3020 4634 passionem
3068 4549 3241 4611 dedit
3280 4549 3464 4612 nobis

1966 4651 2502 4736 perfectissimum
2554 4650 2840 4714 omnium
2893 4649 3200 4711 virtutum
3258 4665 3464 4709 exem-

1965 4752 2125 4835 plar,
2162 4759 2233 4813 ut
2281 4750 2723 4832 prosequendo
2770 4747 3099 4810 historiam
3147 4746 3461 4828 passionis

1965 4849 2227 4932 patebit.

2043 4948 2304 5021 RursuS,
2350 4965 2427 5008 ex
2477 4946 2597 5008 hoc
2643 4945 2815 5026 quod
2864 4943 3150 5006 Christus
3201 4948 3461 5024 propter

1963 5066 2078 5110 nos
2147 5063 2371 5129 passus
2439 5051 2554 5116 est,
2616 5041 3091 5104 evidentissime
3158 5040 3462 5102 elucescit

1962 5153 2200 5228 quanta
2248 5143 2330 5205 sit
2376 5141 2786 5204 infernalium
2840 5157 3171 5221 poenarum
3222 5138 3464 5201 acerbi-

1961 5253 2078 5318 taS,
2130 5249 2193 5304 et
2250 5261 2443 5323 quam
2502 5238 3005 5312 deliciosissima,
3057 5239 3333 5300 maxima
3388 5258 3462 5301 ac

1961 5338 2485 5430 praestantissima
2527 5338 2613 5402 sit
2658 5337 3005 5406 electorum
3056 5336 3123 5404 in
3169 5336 3331 5401 coelo
3372 5335 3461 5399 fe-

3519 2306 3646 2350 Bom.
3662 2317 3746 2355 vui,

3483 2371 3551 2412 32.
