4300 6259
89 1193 262 1236 1Petr.
278 1207 338 1244 nv.

53 1257 204 1361 *im
237 1321 310 1362 13.

77 1882 258 1925 Ιοωιη.
293 1895 337 1932 ι,

49 1949 120 1986 2⁰.

77 2007 336 2058 Macram,

53 2071 337 2120 &lacman

51 2137 120 2175 36.

51 2196 164 2240 Lae.
183 2211 248 2246 iv,
270 2198 336 2239 29.

50 2261 228 2303 loann.
249 2273 336 2310 vm,

51 2325 122 2371 59:
145 2337 194 2370 1,
215 2325 292 2364 3¹.

69 2387 178 2428 Aet.
195 2400 244 2436 v,
271 2388 334 2435 ts,

55 2452 122 2490 to.

59 3271 120 3312 Is.
153 3285 266 3322 xux,
290 3275 334 3314 5,

105 3460 222 3504 Osee
255 3476 326 3512 vu..

59 3525 123 3571 15.
148 3527 221 3568 16.

143 3851 214 3904 21

57 4347 144 4389 Jer.
171 4363 227 4400 xi,
255 4352 324 4392 1⁹.

64 5039 136 5081 Ps.
153 5040 328 5088 ιιινβ.

1083 520 1436 568 manuario
1479 523 1540 568 IN
1583 521 1721 568 CAP.
1768 523 1850 569 XV
1889 523 2167 570 JOANNIS.
2214 545 2293 554 -
2332 526 2474 573 Am.
2522 527 2759 574 XXXVIII

3353 512 3469 578 551

365 690 474 749 ior
507 692 775 751 domino
811 711 947 752 suo.
986 692 1115 756 Hoc
1155 693 1440 756 Christus
1491 711 1876 756 commemo-
1903 692 1950 753 A
1985 703 2136 757 runt
2185 695 2451 758 formata
2500 697 2742 772 notitia,
2796 699 2873 760 de
2921 717 3049 780 qua
3096 698 3251 761 dicit
3294 698 3475 761 Joan-

367 794 487 860 rat,
525 794 596 848 ut
642 787 942 870 discipuli
992 809 1345 872 omnesque
1383 791 1720 854 Christiani
1769 809 1876 853 ex-

367 885 588 966 emplo
627 886 856 949 Christi
907 889 1152 951 discant
1202 889 1332 971 pati
1379 892 1663 970 adversa,
1697 897 1759 951 et
1805 890 1871 952 in

367 984 548 1047 omni
599 985 1008 1050 tribulatione
1053 989 1350 1068 gaudere.
1394 988 1655 1071 Propter
1701 990 1872 1070 quod

367 1082 592 1146 Petrus
651 1084 939 1148 bortatur
987 1087 1052 1148 in
1104 1087 1312 1169 prima
1369 1107 1482 1150 sua
1538 1089 1807 1170 epistola
1854 1107 1867 1151 τ

369 1179 434 1242 Si
485 1183 962 1264 exprobramini
1018 1186 1082 1246 in
1130 1187 1388 1248 nomine
1432 1185 1684 1261 Christi,
1729 1187 1873 1248 bea-

370 1280 418 1341 ti
457 1280 670 1362 eritis3
712 1289 776 1343 et
812 1283 1063 1357 deinde,
1103 1284 1656 1347 communicantes
1702 1285 1873 1348 Chri-

367 1378 449 1440 sti
495 1380 922 1460 passionibus,
954 1383 1244 1462 gaudete,
1283 1391 1353 1445 ut
1386 1383 1451 1446 in
1489 1382 1871 1446 revelatione

365 1476 588 1558 gloriae
635 1478 777 1560 ejus
828 1481 1176 1560 gaudeatis.
1217 1480 1352 1544 Non
1397 1501 1544 1562 ergo
1581 1501 1649 1544 se
1693 1489 1902 1564 putet-

370 1585 786 1658 regnaturum
846 1598 994 1641 cum
1052 1579 1321 1655 Christo,
1381 1581 1494 1662 qui
1552 1580 1683 1661 jam
1743 1599 1869 1643 non

368 1674 512 1737 vult
541 1676 690 1739 odio
719 1677 940 1739 haberi
981 1683 1044 1739 et
1071 1678 1364 1748 tribulari
1403 1698 1437 1740 a
1472 1680 1732 1742 mundo.
1764 1682 1871 1750 Si,

368 1792 488 1856 pro
526 1775 703 1856 quia,
741 1796 838 1836 me
867 1779 1191 1853 persecuti
1231 1786 1384 1838 sunt
1421 1777 1618 1840 Judaei
1659 1777 1869 1841 verbis

367 1879 432 1933 et
468 1870 678 1946 sactiS‚
714 1873 1018 1949 dicentes,
1051 1874 1310 1949 Insanit,
1347 1876 1730 1939 daemonium
1764 1877 1868 1938 ha·
1907 1876 1954 1938 B
2060 1883 2141 1943 Si
2171 1900 2297 1942 non
2334 1884 2643 1943 venissem
2672 1881 2739 1943 in
2772 1882 3031 1964 propria
3059 1901 3330 1965 persona
3360 1902 3474 1967 per

365 1968 499 2044 bet,
555 1970 994 2053 blasphemat3
1037 1980 1100 2033 et
1148 1991 1320 2036 nunc
1369 1993 1472 2035 me
1520 1974 1872 2056 praecipita-

367 2086 460 2142 re,
507 2088 682 2144 nunc
730 2069 1014 2152 lapidare
1061 2071 1382 2150 volentes3
1414 2081 1472 2131 et
1517 2093 1624 2132 vos
1662 2091 1871 2149 perse-

368 2177 676 2246 quentur.
710 2167 838 2231 Hoc
889 2176 1062 2251 patet
1108 2169 1443 2251 impletum
1493 2171 1560 2232 in
1607 2171 1870 2234 Actibus

367 2266 842 2348 Apostolorum,
877 2269 1198 2348 quomodo
1245 2268 1613 2330 clauserunt
1649 2277 1712 2330 et
1759 2269 1873 2331 fla-

364 2364 772 2445 gellaverunt
799 2364 1148 2447 Apostolos
1174 2369 1256 2428 Si
1275 2387 1626 2428 sermonem
1659 2389 1870 2429 meum

364 2474 818 2532 servaverunt,
866 2475 926 2526 et
985 2475 1266 2526 vestrum
1324 2468 1672 2527 servabunt
1724 2487 1748 2526 .·
1805 2467 1869 2528 id

365 2570 483 2636 est,
541 2562 711 2624 sicut
769 2562 1282 2645 praedicationem
1345 2581 1551 2625 meam
1611 2583 1868 2647 spreve-

367 2669 540 2740 runt,
574 2661 730 2742 quia
772 2679 889 2723 nec
937 2662 1194 2723 credere
1245 2680 1363 2724 nec
1406 2662 1665 2725 obedire
1703 2664 1872 2726 vole-

364 2758 540 2832 bant,
593 2759 685 2821 sic
732 2766 1007 2821 vestram
1067 2759 1422 2841 despicient
1470 2779 1585 2843 pro
1644 2761 1870 2841 majori

367 2865 570 2939 parte.
606 2857 905 2930 Quamvis
957 2857 1130 2920 enim
1178 2859 1472 2920 nonnulli
1509 2858 1870 2923 Iudaeorum

367 2974 484 3037 per
513 2955 861 3030 Christum,
896 2963 960 3018 et
997 2956 1182 3018 multi
1227 2975 1342 3038 per
1371 2957 1702 3039 Apostolos
1743 2958 1871 3022 sint

1984 813 2095 856 nes
2123 814 2135 857 :
2171 794 2287 867 Qui
2327 813 2394 856 se
2424 795 2577 858 dicit
2612 815 2797 858 nosse
2838 796 3055 871 Deum,
3088 804 3152 858 et
3184 799 3476 860 mandata
3522 815 3765 868 manum,

1983 893 2121 973 ejus
2163 912 2291 956 non
2332 895 2627 968 custodit,
2671 896 2941 958 mendax
2982 903 3097 957 est.
3142 895 3285 958 Haec
3325 914 3476 960 vero
3502 881 3543 921 ⁴·

1983 991 2338 1072 ignorantia
2381 1011 2785 1075 nequaquam
2830 1001 3109 1068 excusat,
3149 1013 3351 1076 quum
3394 995 3477 1056 sit

1981 1089 2276 1152 affectata
2324 1098 2388 1152 et
2430 1090 2631 1171 juris3
2677 1099 2869 1173 atque
2911 1111 2987 1154 ex
3030 1093 3175 1156 odio
3222 1111 3476 1154 emana-

1983 1189 2092 1252 vit.
2129 1188 2307 1271 Saepe
2344 1189 2515 1252 enim
2558 1191 2923 1272 praedicavit
2961 1191 3052 1253 eis
3084 1191 3369 1255 Christus
3400 1193 3479 1254 de

1980 1287 2159 1349 Patre
2226 1289 2488 1362 coelesti,
2550 1290 2659 1350 sed
2724 1289 3067 1353 noluerunt
3130 1291 3473 1353 attendere.

1979 1385 2286 1449 Similiter
2330 1388 2599 1469 gentiles
2643 1388 3144 1453 Christianorum
3190 1408 3480 1472 persecu·

1981 1493 2146 1548 tores
2216 1505 2342 1550 non
2419 1494 2801 1550 excusantur
2863 1505 2977 1570 per
3036 1488 3471 1562 nescientiam,

1980 1585 2284 1665 quoniam
2327 1586 2766 1667 praedicatores
2799 1586 3028 1650 Christi
3067 1587 3477 1669 pertinaciter

1982 1683 2381 1765 repulerunt,
2436 1692 2498 1746 et
2552 1704 2589 1746 a
2641 1685 2902 1747 veritate
2954 1693 3322 1748 averterunt
3364 1703 3476 1746 au·
3520 1712 3763 1765 arima„

3498 1777 3765 1827 4;Pae.1.vn,⁵.

1982 1799 2083 1844 res
2126 1782 2309 1864 quasi
2354 1783 2607 1864 aspides
2650 1784 2877 1846 surdae.

1980 1978 2437 2043 incarnationis
2486 1979 2860 2062 mysterium
2909 1981 2987 2041 ad
3034 1980 3299 2055 JudaeOS,
3334 2001 3478 2065 pro-

1981 2087 2052 2140 ut
2101 2076 2695 2160 praenuntiaverunt
2740 2077 3088 2159 Prophetae,
3120 2088 3180 2140 et
3228 2084 3478 2141 locutus

1977 2179 2068 2236 eis
2127 2195 2255 2238 non
2312 2177 2580 2254 fuissem
2641 2177 2899 2258 proprio
2958 2195 3086 2251 ore,
3142 2187 3478 2254 peccatum

1981 2294 2104 2335 non
2160 2274 2463 2334 haberent
2512 2281 2641 2335 tam
2697 2292 2958 2337 enorme
3009 2293 3083 2336 ac
3139 2275 3478 2357 multiplex

1981 2377 2051 2432 ut
2103 2389 2297 2432 nunc.
2348 2370 2567 2452 ltaque
2627 2371 2917 2447 dicendo,
2969 2372 3299 2435 Peccatum
3349 2391 3475 2436 non

1979 2469 2309 2540 baberent,
2346 2487 2471 2531 non
2502 2468 2771 2550 abnegat
2810 2478 3016 2532 cetera
3056 2479 3331 2553 peccata,
3366 2471 3477 2533 sed

1980 2574 2385 2649 peccatorum
2434 2573 2561 2630 tam
2610 2569 2914 2648 grandem
2966 2569 3405 2632 enormitatem
3454 2588 3469 2632 z

1977 2665 2517 2747 quemadmodum
2569 2685 2763 2747 supra
2807 2657 2967 2728 dixit
3014 2669 3091 2730 de
3141 2686 3327 2743 caeco,
3358 2667 3765 2736 Ne-Joann.1x.s.

1977 2781 2104 2844 que
2163 2763 2270 2824 hic
2330 2763 2637 2844 peccavit,
2692 2781 2902 2845 neque
2958 2771 3249 2846 parentes
3307 2765 3469 2846 ejus.

1977 2860 2372 2942 Augustinus
2429 2868 2639 2925 tamen
2699 2861 2961 2944 exponit
3021 2862 3114 2924 sic
3176 2881 3190 2924 :
3253 2863 3475 2925 Pecca-

1977 2965 2136 3032 tum,
2175 2958 2238 3021 id
2286 2967 2384 3021 est
2430 2956 2829 3022 infidelitatis
2879 2959 3155 3042 culpam,
3189 2978 3335 3042 quae
3383 2969 3481 3024 est

365 3054 686 3128 conversi,
755 3061 966 3117 tamen
1035 3055 1506 3137 comparatione
1572 3055 1864 3131 aliorum,
1901 3058 1944 3122 C
1977 3075 2283 3136 magnum
2336 3057 2518 3118 valde
2576 3066 2641 3120 et
2688 3058 3043 3120 virtualiter
3088 3076 3279 3122 omne
3330 3077 3477 3142 pec-

364 3152 551 3234 quasi
583 3151 749 3214 nulli
780 3151 1062 3214 fuerunt.
1089 3151 1350 3235 Propter
1380 3153 1551 3234 quod
1581 3154 1669 3216 ait
1699 3153 1869 3217 Chri-

365 3258 502 3316 stus
552 3267 670 3332 per
715 3250 937 3312 lsaiam
985 3269 1000 3312 ε
1043 3250 1186 3314 Haec
1236 3251 1391 3314 dicit
1437 3251 1742 3315 Dominus
1787 3254 1867 3315 ad

365 3367 492 3429 me,
527 3356 599 3410 ut
647 3349 946 3412 reducam
991 3348 1180 3412 Jacob
1229 3351 1306 3412 ad
1355 3369 1524 3424 eum,
1560 3358 1624 3412 et
1676 3350 1866 3413 Israel

365 3467 493 3511 non
555 3447 1064 3528 congregabitur.
1125 3446 1278 3509 Osee
1336 3466 1594 3529 quoque
1645 3467 1659 3512 ε
1711 3448 1860 3530 Eg0,

363 3545 600 3628 inquit,
635 3544 884 3607 erudivi
926 3563 1054 3619 eoa,
1089 3552 1152 3606 et
1189 3545 1256 3607 in
1287 3563 1389 3608 me
1429 3545 1866 3626 cogitaverunt

361 3645 718 3722 malitiam3
772 3643 1009 3706 reversi
1059 3651 1209 3705 sunt
1254 3651 1321 3705 ut
1368 3651 1579 3706 essent
1619 3644 1862 3727 absque

357 3745 536 3824 jug0.

442 3844 576 3904 Sed
623 3843 756 3902 koec
802 3841 1029 3901 omnia
1076 3841 1321 3919 facient
1379 3843 1579 3911 vobis,
1627 3841 1691 3903 id
1740 3849 1855 3918 est,

356 3939 506 4002 odio
547 3957 660 4000 vos
711 3929 1060 4010 habebunt,
1105 3945 1591 4018 persequentur,
1625 3957 1862 4003 sermo-

357 4055 509 4099 nem
563 4042 847 4099 vestrum
898 4033 1272 4115 despicient,
1318 4045 1580 4112 propter
1629 4057 1859 4098 nomen

358 4154 578 4194 meum
615 4131 1174 4212 exstinguendum,
1209 4131 1272 4194 id
1312 4139 1426 4207 est,
1464 4141 1532 4194 ut
1570 4132 1765 4195 fidem
1798 4141 1860 4195 et

1977 3163 2212 3230 catum,
2258 3174 2382 3218 non
2437 3156 2763 3220 haberent.
2799 3156 3083 3220 Christus
3132 3158 3303 3220 enim
3356 3158 3481 3221 fuit

1974 3254 2066 3316 eis
2119 3254 2482 3336 specialiter
2532 3256 2955 3338 repromissus
2998 3275 3012 3319 :
3061 3257 3302 3320 idcirco
3348 3276 3477 3321 non

1976 3360 2277 3435 poterunt
2308 3354 2386 3415 de
2426 3353 2697 3436 perfidia
2728 3355 2957 3418 Christi
3000 3356 3317 3436 redargui,
3350 3356 3473 3418 nisi

1974 3451 2222 3514 Christo
2262 3451 2352 3512 eis
2395 3453 2591 3516 misso
2630 3459 2817 3534 atque
2861 3454 3091 3516 locuto.
3133 3456 3332 3517 Nune
3360 3474 3477 3514 au-

1976 3559 2098 3611 tem
2145 3552 2623 3611 eoecusationem
2667 3571 2789 3610 non
2833 3553 3066 3611 habent
3103 3554 3183 3611 de
3218 3561 3473 3628 peccato

1969 3666 2108 3715 suo,
2141 3647 2206 3708 id
2255 3654 2351 3708 est
2398 3647 2774 3709 infidelitate
2814 3654 2877 3708 et
2927 3647 3153 3710 ceteris
3198 3648 3472 3710 excessi-

1970 3745 2090 3808 bus
2139 3745 2207 3807 in
2257 3763 2359 3807 me
2407 3745 2785 3818 commissis,
2818 3747 3124 3826 quoniam
3173 3754 3267 3809 tot
3314 3746 3468 3810 visis

1970 3842 2318 3918 miraculiS,
2353 3850 2416 3905 et
2453 3843 2909 3924 Prophetarum
2954 3844 3289 3926 scripturis
3338 3853 3466 3907 tam

1968 3941 2297 4004 evidenter
2327 3939 2628 4022 impletiS,
2662 3941 2919 4003 credere
2949 3950 3468 4023 contempserunt

1969 4057 2046 4102 ex
2087 4058 2202 4102 sua
2252 4039 2512 4111 malitia,
2545 4057 2683 4120 quae
2721 4057 2943 4103 eorum
2987 4040 3230 4102 animas
3268 4039 3467 4104 obnu-

1968 4137 2215 4200 bilavit.
2250 4137 2586 4219 Propterea
2626 4138 2801 4200 venit
2840 4157 3033 4220 super
3072 4155 3177 4201 eos
3216 4138 3310 4200 ira
3356 4138 3463 4200 Dei
3493 4155 3749 4211 Effusa

355 4233 596 4295 famam
629 4249 837 4292 meam
877 4229 1283 4310 exstinguant
1316 4249 1330 4293 ε
1363 4231 1542 4312 juxta
1580 4232 1738 4294 illud
1764 4233 1860 4294 Je-
1891 4238 1941 4301 D
1971 4254 2177 4317 usque
2241 4236 2307 4298 in
2373 4234 2596 4310 finem,
2658 4237 3009 4299 secundum
3065 4235 3461 4318 Apostolum.

357 4329 600 4404 remiae,
630 4328 872 4391 Nomen
913 4329 1053 4408 ejus
1086 4347 1210 4390 non
1255 4337 1640 4391 memoretur
1670 4331 1854 4392 ultra.

357 4428 496 4502 Vel,
531 4427 794 4508 Propter
835 4444 1069 4488 nomen
1110 4443 1346 4501 meum,
1381 4427 1564 4508 quasi
1603 4428 1683 4491 ob
1725 4448 1864 4491 cau-

359 4544 496 4589 sam
557 4524 950 4587 meritoriam
1007 4531 1196 4587 tantae
1255 4525 1736 4606 persecutioniS,
1797 4527 1862 4591 id

358 4631 459 4687 est
511 4631 772 4705 propter
820 4621 1040 4696 fidem,
1081 4621 1544 4686 confessionem
1596 4632 1660 4686 et
1708 4645 1865 4707 praa-

361 4722 748 4786 dicationem
807 4721 1086 4785 nominis
1145 4721 1294 4783 mei.
1351 4723 1516 4792 Quia
1569 4726 1864 4786 nesciunt

360 4842 512 4882 eum
549 4822 669 4901 qui
707 4821 889 4880 misit
931 4841 1050 4892 me,
1084 4819 1146 4882 id
1200 4828 1298 4883 est
1342 4819 1541 4883 Deum
1594 4821 1859 4884 Patrem.

363 4919 666 4992 Quamvis
708 4917 884 4980 enim
923 4917 1278 4980 Divinitatis
1320 4919 1627 4982 unitatem
1675 4939 1866 5000 agno-

366 5025 620 5093 verunt,
653 5019 1010 5080 secundum
1065 5016 1222 5079 illud
1267 5017 1519 5092 Psalmi,
1552 5017 1747 5082 Notus
1799 5019 1864 5082 in

360 5118 576 5180 Judaea
615 5116 801 5189 DeuS,
837 5132 963 5177 non
1006 5122 1215 5177 tamen
1257 5124 1688 5195 cognoverunt
1725 5117 1866 5180 Per-

365 5233 674 5280 sonarum
711 5212 1084 5288 trinitatem,
1120 5231 1236 5275 nec
1276 5213 1518 5276 Patrem
1561 5215 1679 5276 sub
1730 5235 1867 5297 pro-

365 5313 635 5397 prietate
681 5311 963 5376 relativa.
998 5309 1118 5373 Sed
1163 5329 1281 5374 nec
1321 5311 1520 5374 Deum
1564 5331 1871 5394 cognove-

1972 4337 2099 4404 Qui
2139 4355 2237 4396 me
2276 4337 2439 4406 odic,
2470 4346 2529 4396 et
2558 4325 2823 4398 Patrem
2866 4357 3079 4397 meum
3117 4338 3276 4407 odic,
3311 4355 3468 4417 quo—
3601 4336 3673 4392 23

1971 4433 2142 4495 niam
2192 4433 2389 4496 Patris
2428 4442 2491 4495 et
2528 4433 2669 4494 Filii
2716 4442 2811 4496 est
2852 4453 2977 4496 una
3015 4434 3309 4510 essentia,
3344 4453 3471 4496 una

1971 4531 2287 4606 voluntaS‚
2334 4549 2587 4613 unaque
2639 4531 2889 4594 veritas.
2934 4531 3049 4604 Qui
3098 4533 3291 4613 igitur
3338 4533 3471 4595 odit

1972 4630 2293 4693 Christum
2335 4637 2597 4711 propter
2626 4648 2819 4711 opera
2847 4629 2986 4710 ejus
3026 4649 3099 4693 ac
3129 4631 3471 4694 documen-

1970 4735 2053 4802 ta,
2095 4726 2228 4788 odit
2275 4734 2339 4788 et
2386 4727 2653 4802 Patrem,
2689 4727 2874 4807 cujus
2924 4737 3073 4791 sunt
3120 4748 3312 4811 opera
3360 4728 3471 4791 illa

1971 4832 2034 4886 et
2081 4825 2479 4898 documenta,
2523 4826 3060 4905 quemadmodum
3109 4826 3273 4888 Filii.
3312 4827 3462 4901 lmo,

1972 4922 2084 5004 qui
2135 4941 2261 4984 non
2311 4923 2511 4985 credit
2558 4923 2624 4984 in
2677 4923 2855 4997 Filio,
2898 4925 3267 4986 mendacem
3318 4924 3469 4987 facit
3516 4941 3761 4994 manns,

1974 5020 2240 5082 Patrem.
3500 5006 3565 5046 ¹⁰·

2051 5118 2319 5200 Insuper
2365 5118 2575 5180 adhuc
2622 5118 2897 5182 ostendit
2935 5117 3219 5181 Christus
3264 5120 3471 5200 gravi-

1975 5224 2166 5279 tatem
2206 5224 2269 5279 et
2309 5215 2921 5279 inexcusabilitatem
2962 5216 3202 5299 peccati
3234 5217 3471 5280 Judaeo·

1978 5334 2146 5380 rum.
2194 5317 2272 5378 Si
2319 5335 2509 5392 opera
2558 5336 2687 5378 non
2730 5317 3018 5394 fecissem
3062 5317 3137 5378 in
3183 5318 3299 5385 eis,
3350 5316 3471 5379 hoc
3602 5331 3674 5386 u
