4300 6259
61 1670 178 1713 Ibid.
199 1685 234 1721 1,
253 1672 298 1715 4.

65 1958 238 2001 Colono.
253 1974 318 2010 iu,

79 2256 198 2299 Dent.
213 2270 320 2305 xxx.

65 3052 214 3095 Galat.
225 3068 266 3103 v,
281 3056 324 3095 6.

114 3150 280 3193 Mami.

65 3226 174 3263 xxiv,
203 3216 269 3255 ¹3.

82 3938 186 3991 Sap.
201 3952 244 3989 v,
263 3942 326 3981 16.

81 4035 193 4081 [bid.
211 4050 268 4089 m,
285 4039 328 4079 ⁴.

115 4429 127 4471 l
143 4430 244 4473 Cor.
259 4444 330 4482 xv,

77 4495 136 4543 51,
157 4496 222 4536 52.

1101 496 1454 545 BNARRATIO
1497 500 1556 545 IN
1600 498 1737 557 CAP.
1785 500 1848 546 11
1889 500 2165 547 JOANle.
2210 520 2289 531 --
2330 502 2471 549 ΛΒΤ.
2516 503 2711 549 xxvm

3332 486 3452 553 483

345 660 484 725 ctio
523 661 754 727 Christi
796 668 1057 747 ponitur
1095 688 1284 731 causa
1323 670 1704 752 exemplaris
1749 689 1859 733 no—
1885 670 1938 733 A
2047 675 2128 733 E'c
2167 675 2377 734 omnis
2414 676 2531 754 qui
2568 675 2732 736 vivit
2772 675 2837 737 in
2889 676 3119 739 saeculo
3168 676 3289 739 isto
3328 676 3457 739 vita

345 766 504 823 strae
559 766 1067 828 resurrectionis.
1110 769 1197 827 Et
1246 770 1381 828 vica
1434 787 1547 849 per
1596 770 1858 830 essenti-

343 877 480 932 am,
509 860 571 921 id
603 868 720 935 est,
747 862 812 923 in
845 882 948 924 me
980 864 1120 945 ipso
1151 866 1501 927 secundum
1534 866 1855 948 propriam

345 965 666 1034 naturam,
693 980 835 1022 sum
867 960 1369 1025 substantialiter
1399 965 1741 1046 purissima
1773 966 1859 1027 vi-

345 1063 436 1129 ta,
476 1055 734 1119 infinita
774 1058 1282 1143 simpliciterque
1332 1062 1632 1144 perfecta,
1677 1063 1858 1125 intel-

264 1184 310 1219 v.
347 1156 646 1219 lectualis
695 1167 756 1220 et
805 1159 1200 1243 incorporea.
1243 1161 1418 1223 Sicut
1462 1162 1632 1224 enim
1683 1162 1859 1224 Pater

349 1255 548 1317 habet
581 1257 772 1331 vitam
807 1259 872 1320 in
903 1259 1269 1341 semetipso,
1289 1261 1381 1322 sic
1413 1262 1583 1323 dedit
1609 1268 1672 1322 et
1701 1260 1858 1324 Filio

350 1355 554 1417 vitam
597 1356 832 1418 habere
878 1357 943 1419 in
989 1359 1353 1440 semetipso.
1397 1359 1549 1421 Sum
1599 1378 1858 1442 quoque

349 1452 616 1516 fontalis
675 1455 852 1537 origo
909 1464 1101 1538 atque
1160 1458 1410 1520 causale
1465 1457 1855 1540 principium

348 1555 566 1616 omnis
599 1555 744 1618 vitae
777 1564 1038 1630 naturae,
1069 1556 1286 1637 gratiae
1316 1565 1378 1618 et
1409 1558 1647 1637 gloriae.
1683 1558 1856 1620 Unde

351 1652 601 1715 dictum
651 1662 747 1716 est
792 1674 804 1715 :
850 1654 988 1717 Vita
1027 1664 1162 1717 crat
1199 1657 1308 1717 lux
1358 1656 1711 1719 hominum.
1755 1656 1856 1719 Sic

349 1752 548 1813 etiam
593 1751 878 1815 Christus
929 1742 1025 1815 est
1066 1754 1193 1816 vita
1241 1762 1452 1817 nostra
1497 1755 1851 1831 causaliter,

1965 778 2227 845 naturae,
2277 783 2335 832 ec
2384 776 2588 833 eredit
2638 776 2707 835 in
2759 796 2857 834 me
2906 783 3384 855 perseveranter
3438 793 3451 838 :

1962 870 2134 948 quod
2180 889 2305 931 non
2357 878 2451 932 est
2496 872 2633 934 sine
2679 873 2879 951 gratia
2924 882 3171 953 gratum
3220 871 3459 936 facien-

1964 973 2046 1040 te,
2080 986 2225 1047 quae
2262 976 2358 1029 est
2399 969 2525 1031 vita
2561 970 2830 1051 animae3
2872 992 3002 1032 non
3044 974 3356 1033 morietur
3384 974 3455 1032 in

1962 1075 2303 1135 aeternum,
2335 1066 2417 1128 id'⁴
2440 1077 2554 1142 est,
2592 1068 2872 1130 finaliter
2901 1088 3027 1131 non
3068 1069 3323 1152 peribit,
3358 1089 3461 1132 ne-

1965 1181 2092 1243 que
2121 1172 2416 1227 aeternam
2452 1166 2917 1228 damnationem
2949 1168 3121 1248 (quae
3159 1176 3253 1229 est
3287 1187 3455 1232 mors
3487 1186 3656 1291 Ἀροε.
3677 1200 3747 1237 n,

3512 1254 3551 1301 ις
3572 1264 3657 1299 xxi,
3677 1254 3717 1293 8.

1965 1262 2271 1339 secunda)
2301 1262 2602 1337 incurret,
2635 1264 2927 1345 quamvis
2968 1265 3032 1325 in
3074 1267 3304 1330 saeculo
3337 1267 3457 1329 isto

3588 689 3659 744 26

1966 1360 2355 1442 corporalem
2416 1363 2723 1424 sustineat
2782 1371 3072 1426 mortem.
3132 1364 3455 1428 Justorum
3498 1383 3734 1440 Sap.u·,i.

1965 1458 2135 1519 enim
2186 1459 2413 1522 animae
2462 1460 2526 1521 in
2586 1480 2777 1523 manu
2830 1461 2937 1524 Dei
2987 1470 3157 1535 sunt,
3210 1471 3273 1525 et
3328 1483 3455 1527 non

1964 1564 2178 1637 tanget
2224 1557 2364 1620 illos
2414 1566 2799 1621 tormentum
2849 1560 3092 1623 mortiS.
3137 1561 3269 1635 Vel,
3320 1561 3455 1625 Non

1965 1656 2272 1718 morietur
2324 1658 2388 1718 in
2449 1666 2780 1731 aeternum,
2834 1659 2896 1720 id
2955 1668 3071 1733 est,
3126 1679 3453 1742 nunquam

1967 1755 2292 1830 morietur,
2360 1757 2754 1839 spiritualem
2822 1758 3012 1820 vitam
3082 1759 3451 1836 amittend0,

350 1852 896 1931 quemadmodum
941 1853 1019 1914 ad
1061 1852 1460 1915 Colossenses
1501 1854 1654 1915 dicit
1693 1854 1856 1935 Apo·
1890 1854 1938 1917 B
1967 1853 2116 1914 dum
2168 1854 2233 1915 in
2282 1853 2413 1916 fide
2462 1854 2730 1917 formata
2779 1857 3083 1918 manserit
3136 1866 3453 1920 constans,

353 1949 558 2011 stolus
595 1949 846 2023 :Quum
898 1959 1109 2012 autem
1161 1952 1528 2034 apparuerit
1571 1952 1853 2015 Christus
1961 1951 2174 2013 Justus
2224 1954 2467 2034 quippe
2515 1954 2578 2014 in
2632 1973 2743 2015 sua
2798 1952 2927 2016 fide
2974 1955 3167 2029 vivet,
3222 1975 3457 2037 quous·
3488 1972 3747 2023 Habacam.

356 2046 487 2109 vita
531 2054 760 2121 vestra,
795 2056 948 2110 tunc
999 2057 1060 2110 et
1111 2068 1220 2113 vos
1268 2049 1658 2131 apparebitis
1708 2070 1853 2112 cum

355 2145 500 2228 ipso
541 2146 604 2207 in
641 2146 862 2227 gloria.
899 2146 972 2208 Et
1013 2146 1077 2209 in
1123 2147 1608 2211 Deuteronomio
1649 2148 1857 2231 loqui-

351 2252 461 2305 tur
507 2244 744 2327 Moyses
799 2264 813 2308 :
865 2246 1006 2327 lpse
1055 2245 1359 2309 Dominus
1408 2255 1503 2309 est
1548 2248 1693 2322 vita
1721 2256 1850 2322 tua,

353 2350 416 2405 et
462 2343 790 2424 longitudo
838 2345 1086 2406 dierum
1137 2353 1413 2409 tuorum.
1451 2345 1656 2418 Quum
1704 2365 1854 2427 ergo

351 2442 476 2504 sim
541 2442 966 2505 essentialiter
1025 2443 1269 2519 vivenS,
1330 2463 1403 2505 ac
1461 2444 1588 2507 vita
1647 2444 1852 2508 fonta-

353 2560 456 2616 na,
495 2560 754 2623 possum
795 2542 1065 2604 mortuis
1097 2542 1292 2605 vitam
1333 2542 1643 2605 conferre.
1678 2543 1852 2616 Quod

351 2640 530 2701 enim
559 2646 654 2701 est
695 2639 819 2700 tale
858 2656 972 2721 per
1001 2640 1364 2715 essentiam,
1400 2648 1494 2701 est
1533 2660 1722 2703 causa
1751 2660 1854 2705 eo-

353 2757 498 2799 rum
545 2757 692 2819 quae
739 2746 890 2799 sunt
927 2738 1074 2799 talia
1124 2756 1237 2819 per
1277 2739 1850 2821 participationem,

351 2838 706 2899 secundum
755 2837 1283 2918 philosophorum
1329 2838 1702 2901 doctrinam.

425 2937 558 3005 Qui
583 2937 790 2996 credit
821 2938 891 2995 in
927 2956 1023 2995 me
1053 2934 1182 2997 ride
1213 2934 1500 3011 formata,
1526 2957 1668 3019 quae
1699 2946 1855 2999 tem-

1964 2070 2090 2130 que
2131 2052 2209 2113 ad
2253 2051 2528 2133 speciem
2577 2054 2811 2116 veniat.

2048 2150 2265 2209 Credis
2295 2153 2432 2218 hoc,
2465 2170 2501 2213 o
2532 2150 2811 2213 Martha?
2846 2152 2987 2215 ldeo
3027 2153 3255 2235 quaerit
3287 2155 3459 2236 quod

1965 2247 2163 2318 novit,
2201 2255 2271 2309 ut
2301 2248 2408 2309 illa
2447 2248 2811 2313 confitendo
2850 2250 3156 2332 majorem
3192 2254 3456 2333 gratiam

1965 2354 2281 2407 mereatur
2326 2346 2461 2426 (ore
2512 2347 2686 2409 enim
2746 2348 3059 2412 consessio
3116 2348 3195 2411 sit
3240 2351 3318 2411 ad
3367 2370 3751 2424 sa·Rom.x,1o.

1963 2444 2210 2523 lutem),
2246 2444 2515 2527 ejusque
2562 2445 2723 2507 sides
2772 2445 2957 2508 nobis
3003 2447 3354 2511 innotescat
3399 2456 3464 2511 et

1964 2544 2030 2605 in
2074 2544 2441 2624 exemplum
2487 2552 2897 2625 proponatur.

2043 2644 2161 2703 Ait
2191 2644 2299 2701 ilci
2338 2641 2573 2704 Martha
2606 2661 2620 2704 :
2666 2645 2916 2722 Utique,
2952 2645 3224 2704 Domine
3252 2662 3275 2705 .·
3307 2645 3455 2718 imo,

1964 2741 2281 2821 quidquid
2321 2740 2548 2801 asseris
2588 2742 2797 2815 credo,
2830 2748 2894 2802 et
2920 2740 3051 2822 jam
3092 2740 3289 2804 fidem
3331 2762 3462 2804 ma-

1962 2840 2059 2920 gis
2100 2838 2467 2919 explicitam
2500 2839 2577 2900 de
2614 2846 2677 2899 te
2723 2839 2923 2900 habeo
2962 2856 3039 2900 ex
3071 2839 3189 2902 hac
3227 2848 3333 2902 tua
3367 2842 3463 2903 in·

1967 2937 2335 3010 structione,
2379 2956 2569 3019 quam
2619 2944 2799 3015 ante3
2844 2936 3241 3019 impossibile
3288 2939 3460 3000 enim

357 3053 513 3115 pore
552 3042 914 3116 opportuno
956 3052 1070 3115 per
1100 3034 1501 3097 dilectionem
1533 3045 1850 3117 operatur,
1893 3038 1936 3102 C
1965 3034 2239 3097 arbitror
2269 3043 2331 3096 te
2365 3052 2550 3117 posse
2577 3034 2809 3097 falsum
2839 3053 3141 3097 asserere.
3168 3040 3304 3114 qu
3333 3058 3463 3098 cre—

358 3141 419 3194 et
482 3150 686 3213 usque
735 3133 801 3192 in
863 3131 1062 3193 finem
1124 3140 1505 3213 perseverat,
1556 3137 1752 3195 eciam
1798 3138 1858 3195 si

359 3240 654 3292 mortuus
695 3231 902 3307 fuerit
952 3248 1238 3311 corpore,
1287 3230 1348 3292 id
1398 3239 1513 3305 est,
1561 3232 1854 3314 quamvis

358 3328 700 3409 contigerit
747 3346 895 3389 eum
945 3329 1022 3389 de
1071 3329 1190 3391 hoc
1241 3330 1472 3391 saeculo
1521 3329 1850 3411 emigrare,

357 3428 526 3490 sicut
575 3445 748 3488 nunc
789 3425 1058 3488 Lazarus
1102 3435 1390 3489 mortuus
1429 3434 1544 3502 est,
1579 3431 1747 3488 vivet
1788 3429 1854 3491 in

357 3527 594 3601 anima,
629 3526 760 3588 vita
801 3524 1041 3606 gratiae,
1083 3525 1148 3586 in
1203 3526 1586 3607 purgatorio,
1622 3545 1857 3609 quous-

357 3642 486 3705 que
537 3632 866 3705 purgetur,
906 3630 967 3684 et
1016 3623 1222 3686 evolet
1271 3623 1594 3706 vitamque
1638 3626 1856 3707 gloriae

357 3722 696 3799 sortiatur3
733 3721 853 3795 vel,
896 3721 947 3783 si
999 3721 1159 3784 nihil
1212 3724 1607 3804 purgandum
1661 3723 1858 3786 habu-

357 3821 500 3895 erit,
555 3820 730 3885 vivet
787 3838 932 3882 mox
987 3820 1114 3882 vita
1165 3820 1403 3901 gloriis,
1457 3822 1763 3885 evolando
1821 3842 1858 3884 a

359 3936 626 4001 corpore
673 3919 752 3979 ad
813 3918 1104 3999 patriam.
1153 3917 1311 3980 Justi
1373 3918 1542 3981 enim
1596 3920 1659 3982 in
1718 3939 1858 4002 per-

361 4026 626 4099 petuum
661 4016 899 4079 vivent.
931 4015 1067 4077 Etsi
1097 4033 1308 4079 coram
1344 4017 1710 4079 hominibus
1743 4026 1860 4081 tor-

361 4122 576 4179 menta
626 4115 795 4197 passi
844 4122 1015 4188 sunt,
1049 4132 1194 4196 spes
1235 4115 1490 4178 illorum
1537 4116 1860 4180 immorta-

1964 3136 2114 3193 dida·
2159 3133 2533 3213 jamdudum
2579 3136 2763 3213 quia,
2795 3133 2857 3195 id
2911 3142 3005 3195 est
3050 3136 3245 3215 quod,
3282 3145 3352 3195 tu
3400 3156 3463 3196 es

3592 2650 3665 2706 27

1969 3233 2283 3303 Christus,
2333 3232 2395 3293 id
2444 3238 2537 3293 est
2588 3250 2695 3293 rex
2746 3230 2995 3295 Messias
3052 3240 3114 3294 et
3171 3234 3460 3297 sacerdos
3504 3255 3737 3306 paona.

1965 3330 2317 3390 secundum
2368 3330 2654 3393 ordinem
2705 3329 3183 3405 Melchisedech,
3237 3331 3459 3394 mundi

1964 3426 2268 3501 Salvator,
2305 3435 2532 3489 unctus
2571 3447 2607 3489 a
2641 3428 2762 3490 Deo
2801 3427 2865 3489 in
2909 3446 3117 3509 regem
3160 3436 3223 3491 et
3257 3448 3463 3492 sacer-

1965 3526 2174 3588 dotem
2205 3525 2519 3607 spirituali
2553 3525 2872 3600 unctione‚
2908 3544 3019 3587 seu
3050 3526 3338 3589 omnium
3370 3527 3461 3590 di·

1966 3622 2261 3685 vinorum
2311 3622 2759 3684 charismatum
2812 3623 3230 3705 plenitudine,
3281 3624 3461 3706 juxta

1967 3721 2126 3783 illud
2156 3722 2221 3783 in
2251 3720 2496 3784 Psalmo
2522 3739 2535 3782 :
2560 3721 2749 3783 Unxit
2780 3728 2840 3783 te
2872 3722 3055 3797 Deus,
3091 3722 3253 3785 Deus
3288 3731 3455 3798 tuus,
3487 3744 3567 3787 Ρ..
3589 3746 3749 3795 xus-,a

1965 3819 2104 3883 oleo
2162 3819 2395 3881 laetitiae
2443 3838 2573 3900 prae
2630 3819 3029 3882 consortibus
3081 3820 3231 3881 tuis.
3286 3820 3463 3883 Chri-

1967 3924 2100 3979 stus
2148 3917 2391 3999 quippe
2449 3917 2900 3999 interpretatur
2950 3926 3201 3980 unctus,
3253 3917 3464 3982 Salva-

1969 4023 2065 4077 tor
2110 4023 2321 4077 autem
2372 4032 2486 4097 per
2534 4015 2969 4078 excellentiam
3016 4016 3301 4079 Christus
3353 4036 3462 4081 vo·

1968 4122 2166 4187 catur,
2202 4132 2327 4176 non
2366 4113 2446 4176 ob
2490 4114 2883 4195 corporalem
2928 4114 3316 4188 unctionem,
3352 4116 3460 4177 sed

362 4214 536 4277 litate
567 4214 757 4296 plena
789 4220 905 4276 est.
931 4212 1199 4295 Insuper
1231 4213 1370 4275 talis
1403 4214 1572 4277 vivet
1603 4216 1856 4278 tandem
1889 4218 1938 4281 D
1968 4212 2365 4295 spiritualem
2420 4230 2433 4274 :
2486 4213 2563 4274 de
2611 4231 2738 4294 qua
2793 4211 2880 4274 ait
2926 4212 3135 4288 IsaiaS,
3186 4212 3460 4295 Spiritus
3508 4233 3567 4279 ιι.
3592 4237 3732 4284 um.

362 4313 492 4376 vita
541 4312 854 4394 corporali
905 4319 968 4373 et
1012 4311 1367 4392 glorificata
1415 4313 1478 4374 in
1530 4332 1792 4395 corpore
1839 4332 1852 4377 ε

359 4412 514 4494 quia
555 4429 683 4473 non
723 4410 930 4473 solum
977 4418 1279 4491 resurget,
1315 4412 1424 4474 sed
1461 4417 1524 4474 et
1563 4410 1859 4474 immuta-

359 4508 559 4572 bitur.
593 4508 706 4571 Vel
745 4508 838 4570 sic
872 4525 885 4570 :
920 4507 1036 4580 Qui
1077 4509 1277 4571 credit
1315 4510 1380 4570 in
1417 4527 1520 4571 me
1564 4508 1691 4571 fide
1735 4508 1862 4573 for-

359 4616 530 4670 mata
577 4624 656 4669 ex
705 4607 1260 4688 praedestinatione
1307 4615 1578 4681 causata,
1627 4608 1690 4669 id
1739 4616 1854 4682 est,

357 4706 468 4768 tali
519 4704 652 4767 fide
699 4704 954 4786 qualem
1006 4705 1170 4767 Deus
1220 4706 1681 4788 praedestinatis
1741 4707 1861 4768 lar-

356 4804 551 4885 gitur,
603 4812 668 4865 et
715 4822 792 4865 ex
841 4804 1396 4885 praedestinatione
1444 4822 1510 4865 se
1563 4806 1860 4867 daturum

359 4902 720 4984 disposuit3
754 4905 947 4964 etiam
977 4902 1030 4963 si
1071 4909 1360 4965 mortuus
1391 4901 1417 4964 f
1423 4903 1606 4978 uerit,
1642 4904 1706 4965 id
1740 4911 1856 4979 est,

359 5000 512 5064 licet
537 5001 618 5062 ad
660 5009 914 5083 tempus
955 5001 1018 5062 in
1062 5010 1391 5082 peccatum
1429 5002 1692 5064 mortale
1726 5020 1857 5063 cor-

362 5098 585 5173 ruerit,
622 5116 737 5180 per
765 5100 938 5181 quod
970 5100 1099 5162 vita
1124 5099 1340 5179 gratiae
1371 5100 1638 5174 tollitur,
1667 5100 1856 5173 vivet,

362 5199 426 5261 id
457 5206 570 5273 est,
591 5216 706 5280 per
737 5198 1235 5261 misericordiam
1267 5216 1471 5259 meam
1506 5198 1862 5279 poenitebit,

363 5304 426 5359 et
464 5296 838 5383 poenitendo
876 5297 1070 5359 vitam
1105 5297 1324 5378 gratiae
1364 5296 1790 5378 recuperabit.

1969 4310 2217 4375 Domini
2266 4328 2460 4392 super
2508 4328 2631 4386 me,
2668 4328 2744 4373 eo
2790 4311 2962 4392 quod
3013 4311 3264 4373 unxerit
3314 4330 3457 4393 me3

1968 4418 2032 4471 et
2087 4410 2307 4472 Petrus
2368 4410 2431 4471 in
2490 4408 2773 4483 ActibuS‚
2837 4409 3025 4471 Unxit
3088 4428 3238 4472 eum
3297 4410 3461 4472 Deus
3502 4421 3744 4471 Aet-me.

1967 4508 2207 4591 Spiritu
2252 4508 2478 4571 Sancto
2521 4514 2585 4570 et
2626 4507 2880 4569 virtute.

2049 4610 2267 4668 Filius
2298 4609 2418 4668 Dei
2446 4608 2606 4666 vivi.
2641 4605 2830 4669 Paulo
2867 4613 3011 4667 ante
3047 4605 3177 4686 jam
3219 4606 3459 4669 dictum

1968 4716 2084 4781 est,
2118 4706 2287 4788 quod
2316 4704 2553 4767 Martha
2589 4705 2667 4766 de
2700 4704 2929 4767 Christi
2972 4704 3303 4767 divinitate
3334 4723 3460 4769 non

1968 4804 2193 4867 habuit
2229 4803 2425 4865 fidem
2465 4802 2854 4884 explicitam.
2888 4802 3063 4875 Quod
3102 4820 3252 4883 ergo
3292 4822 3463 4865 nunc

1968 4904 2054 4965 ait
2094 4922 2161 4964 se
2200 4902 2543 4965 credidisse
2582 4902 2753 4982 quod
2794 4902 2877 4963 sit
2927 4900 3119 4963 Filius
3168 4900 3300 4977 Dei,
3336 4920 3461 4964 non

1971 5002 2221 5064 videtur
2268 5000 2753 5081 intelligendum
2804 5000 2881 5060 de
2931 4997 3240 5061 filiatione
3284 5006 3466 5061 natu-

1973 5099 2109 5174 rali,
2143 5100 2254 5161 sed
2299 5098 2645 5171 communi,
2692 5116 2817 5161 non
2868 5097 3351 5160 determinando
3397 5117 3465 5160 se

1969 5200 2047 5260 ad
2079 5199 2243 5260 hanc
2274 5198 2371 5260 vel
2416 5196 2609 5258 illam.
2645 5196 2753 5257 Vel
2789 5196 2842 5258 si
2879 5197 2957 5257 de
2996 5196 3267 5258 naturali
3300 5195 3465 5258 filia-

1969 5296 2142 5360 tione
2182 5295 2550 5377 accipiatur,
2587 5292 2996 5357 referendum
3031 5293 3153 5356 erit
3189 5294 3268 5356 ad
3306 5302 3467 5357 tem·
