<?xml version="1.0" encoding="UTF-8"?>
<!DOCTYPE html PUBLIC "-//W3C//DTD XHTML 1.0 Transitional//EN"
    "http://www.w3.org/TR/xhtml1/DTD/xhtml1-transitional.dtd">
<html xmlns="http://www.w3.org/1999/xhtml" xml:lang="en" lang="en">
 <head>
  <title>
</title>
<meta http-equiv="Content-Type" content="text/html;charset=utf-8" />
  <meta name='ocr-system' content='tesseract 3.04.00' />
  <meta name='ocr-capabilities' content='ocr_page ocr_carea ocr_par ocr_line ocrx_word'/>
</head>
<body>
  <div class='ocr_page' id='page_1' title='image "./doctorisecstati09unkngoog_0556.png"; bbox 0 0 4300 6259; ppageno 0'>
   <div class='ocr_carea' id='block_1_1' title="bbox 846 497 3171 563">
    <p class='ocr_par' dir='ltr' id='par_1_1' title="bbox 846 497 3171 563">
     <span class='ocr_line' id='line_1_1' title="bbox 846 497 3171 563; baseline -0.003 0"><span class='ocrx_word' id='word_1_1' title='bbox 846 497 967 563; x_wconf 76' lang='lat'>466</span> <span class='ocrx_word' id='word_1_2' title='bbox 1621 510 1971 563; x_wconf 62' lang='lat' dir='ltr'>amanum</span> <span class='ocrx_word' id='word_1_3' title='bbox 2016 512 2078 557; x_wconf 74' lang='lat' dir='ltr'>m</span> <span class='ocrx_word' id='word_1_4' title='bbox 2121 511 2259 557; x_wconf 60' lang='lat' dir='ltr'>car.</span> <span class='ocrx_word' id='word_1_5' title='bbox 2306 512 2346 557; x_wconf 84' lang='lat' dir='ltr'>x</span> <span class='ocrx_word' id='word_1_6' title='bbox 2388 509 2665 557; x_wconf 65' lang='lat' dir='ltr'>scamus.</span> <span class='ocrx_word' id='word_1_7' title='bbox 2711 528 2791 541; x_wconf 88' lang='lat'>—</span> <span class='ocrx_word' id='word_1_8' title='bbox 2832 510 2975 557; x_wconf 69' lang='lat' dir='ltr'>Am.</span> <span class='ocrx_word' id='word_1_9' title='bbox 3022 510 3171 557; x_wconf 77' lang='lat' dir='ltr'>xxvi</span> 
     </span>
    </p>
   </div>
   <div class='ocr_carea' id='block_1_2' title="bbox 847 681 3948 767">
    <p class='ocr_par' dir='ltr' id='par_1_2' title="bbox 847 681 3948 767">
     <span class='ocr_line' id='line_1_2' title="bbox 847 681 3948 767; baseline -0.001 -18"><span class='ocrx_word' id='word_1_10' title='bbox 847 687 926 749; x_wconf 87' lang='lat' dir='ltr'>ab</span> <span class='ocrx_word' id='word_1_11' title='bbox 966 687 1058 749; x_wconf 90' lang='lat' dir='ltr'>eis</span> <span class='ocrx_word' id='word_1_12' title='bbox 1095 686 1516 767; x_wconf 80' lang='lat' dir='ltr'><strong>cognoscitur.</strong></span> <span class='ocrx_word' id='word_1_13' title='bbox 1551 684 1814 767; x_wconf 83' lang='lat' dir='ltr'>Eritque</span> <span class='ocrx_word' id='word_1_14' title='bbox 1849 702 2071 746; x_wconf 90' lang='lat' dir='ltr'>sensus</span> <span class='ocrx_word' id='word_1_15' title='bbox 2107 701 2120 745; x_wconf 91' lang='lat'>:</span> <span class='ocrx_word' id='word_1_16' title='bbox 2156 684 2343 745; x_wconf 83' lang='lat' dir='ltr'><strong><em>Sicut</em></strong></span> <span class='ocrx_word' id='word_1_17' title='bbox 2374 681 2425 743; x_wconf 88' lang='lat' dir='ltr'><strong>A</strong></span> <span class='ocrx_word' id='word_1_18' title='bbox 2448 689 2587 743; x_wconf 89' lang='lat' dir='ltr'>stus</span> <span class='ocrx_word' id='word_1_19' title='bbox 2646 700 2771 745; x_wconf 91' lang='lat' dir='ltr'>non</span> <span class='ocrx_word' id='word_1_20' title='bbox 2828 682 2937 757; x_wconf 88' lang='lat' dir='ltr'>ait,</span> <span class='ocrx_word' id='word_1_21' title='bbox 2991 681 3283 744; x_wconf 83' lang='lat' dir='ltr'><strong>Animam</strong></span> <span class='ocrx_word' id='word_1_22' title='bbox 3342 700 3547 743; x_wconf 88' lang='lat' dir='ltr'>meam</span> <span class='ocrx_word' id='word_1_23' title='bbox 3600 700 3769 763; x_wconf 89' lang='lat' dir='ltr'>pono</span> <span class='ocrx_word' id='word_1_24' title='bbox 3829 702 3948 765; x_wconf 86' lang='lat' dir='ltr'>pro</span> 
     </span>
    </p>
   </div>
   <div class='ocr_carea' id='block_1_3' title="bbox 815 785 2352 1851">
    <p class='ocr_par' dir='ltr' id='par_1_3' title="bbox 815 785 2352 1851">
     <span class='ocr_line' id='line_1_3' title="bbox 847 785 2348 863; baseline -0.003 -16"><span class='ocrx_word' id='word_1_25' title='bbox 847 788 1029 847; x_wconf 72' lang='lat' dir='ltr'>‘novit</span> <span class='ocrx_word' id='word_1_26' title='bbox 1079 807 1178 847; x_wconf 87' lang='lat' dir='ltr'>me</span> <span class='ocrx_word' id='word_1_27' title='bbox 1220 788 1444 856; x_wconf 83' lang='lat' dir='ltr'>Pater,</span> <span class='ocrx_word' id='word_1_28' title='bbox 1493 785 1717 849; x_wconf 87' lang='lat' dir='ltr'>notitia</span> <span class='ocrx_word' id='word_1_29' title='bbox 1774 802 2060 847; x_wconf 79' lang='lat' dir='ltr'>amorosa</span> <span class='ocrx_word' id='word_1_30' title='bbox 2117 790 2182 844; x_wconf 91' lang='lat' dir='ltr'>et</span> <span class='ocrx_word' id='word_1_31' title='bbox 2216 801 2348 863; x_wconf 89' lang='lat' dir='ltr'>·ap-</span> 
     </span>
     <span class='ocr_line' id='line_1_4' title="bbox 848 883 2345 966; baseline -0.005 -18"><span class='ocrx_word' id='word_1_32' title='bbox 848 884 1198 966; x_wconf 76' lang='lat' dir='ltr'><strong>probativa,</strong></span> <span class='ocrx_word' id='word_1_33' title='bbox 1239 894 1299 945; x_wconf 80' lang='lat' dir='ltr'>et</span> <span class='ocrx_word' id='word_1_34' title='bbox 1346 884 1510 946; x_wconf 90' lang='lat' dir='ltr'>sicut</span> <span class='ocrx_word' id='word_1_35' title='bbox 1557 883 1886 965; x_wconf 86' lang='lat' dir='ltr'>aequaliter</span> <span class='ocrx_word' id='word_1_36' title='bbox 1923 902 2034 959; x_wconf 72' lang='lat' dir='ltr'>eqo</span> <span class='ocrx_word' id='word_1_37' title='bbox 2077 900 2345 959; x_wconf 73' lang='lat' dir='ltr'>aynosco</span> 
     </span>
     <span class='ocr_line' id='line_1_5' title="bbox 849 980 2347 1056; baseline -0.004 -11"><span class='ocrx_word' id='word_1_38' title='bbox 849 986 1114 1045; x_wconf 80' lang='lat' dir='ltr'>Patrem</span> <span class='ocrx_word' id='word_1_39' title='bbox 1155 984 1376 1045; x_wconf 91' lang='lat' dir='ltr'>eodem</span> <span class='ocrx_word' id='word_1_40' title='bbox 1430 984 1639 1056; x_wconf 91' lang='lat' dir='ltr'>modo,</span> <span class='ocrx_word' id='word_1_41' title='bbox 1685 982 1813 1044; x_wconf 88' lang='lat' dir='ltr'>imo</span> <span class='ocrx_word' id='word_1_42' title='bbox 1861 988 1924 1042; x_wconf 94' lang='lat' dir='ltr'>et</span> <span class='ocrx_word' id='word_1_43' title='bbox 1967 980 2185 1041; x_wconf 91' lang='lat' dir='ltr'>eadem</span> <span class='ocrx_word' id='word_1_44' title='bbox 2232 996 2347 1039; x_wconf 91' lang='lat' dir='ltr'>nu-</span> 
     </span>
     <span class='ocr_line' id='line_1_6' title="bbox 849 1078 2345 1161; baseline -0.002 -19"><span class='ocrx_word' id='word_1_45' title='bbox 849 1098 1026 1144; x_wconf 92' lang='lat' dir='ltr'>mero</span> <span class='ocrx_word' id='word_1_46' title='bbox 1075 1081 1317 1155; x_wconf 88' lang='lat' dir='ltr'>notitia,</span> <span class='ocrx_word' id='word_1_47' title='bbox 1369 1082 1721 1143; x_wconf 88' lang='lat' dir='ltr'>secundum</span> <span class='ocrx_word' id='word_1_48' title='bbox 1771 1080 1942 1161; x_wconf 92' lang='lat' dir='ltr'>quod</span> <span class='ocrx_word' id='word_1_49' title='bbox 1991 1078 2155 1139; x_wconf 90' lang='lat' dir='ltr'>Deus</span> <span class='ocrx_word' id='word_1_50' title='bbox 2202 1096 2345 1139; x_wconf 87' lang='lat' dir='ltr'>sum</span> 
     </span>
     <span class='ocr_line' id='line_1_7' title="bbox 815 1178 2347 1260; baseline -0.003 -20"><span class='ocrx_word' id='word_1_51' title='bbox 815 1180 969 1260; x_wconf 92' lang='lat' dir='ltr'>·(sic</span> <span class='ocrx_word' id='word_1_52' title='bbox 1011 1179 1182 1242; x_wconf 92' lang='lat' dir='ltr'>enim</span> <span class='ocrx_word' id='word_1_53' title='bbox 1230 1180 1425 1241; x_wconf 92' lang='lat' dir='ltr'>trium</span> <span class='ocrx_word' id='word_1_54' title='bbox 1465 1178 1883 1241; x_wconf 88' lang='lat' dir='ltr'>Personarum</span> <span class='ocrx_word' id='word_1_55' title='bbox 1927 1184 2024 1239; x_wconf 94' lang='lat' dir='ltr'>est</span> <span class='ocrx_word' id='word_1_56' title='bbox 2069 1195 2195 1237; x_wconf 94' lang='lat' dir='ltr'>una</span> <span class='ocrx_word' id='word_1_57' title='bbox 2238 1193 2347 1237; x_wconf 93' lang='lat' dir='ltr'>no-</span> 
     </span>
     <span class='ocr_line' id='line_1_8' title="bbox 850 1274 2347 1356; baseline -0.001 -19"><span class='ocrx_word' id='word_1_58' title='bbox 850 1276 1035 1356; x_wconf 88' lang='lat' dir='ltr'>titia),</span> <span class='ocrx_word' id='word_1_59' title='bbox 1097 1276 1608 1339; x_wconf 89' lang='lat' dir='ltr'>subaudiendum</span> <span class='ocrx_word' id='word_1_60' title='bbox 1667 1284 1762 1338; x_wconf 90' lang='lat' dir='ltr'>est</span> <span class='ocrx_word' id='word_1_61' title='bbox 1813 1294 1826 1337; x_wconf 74' lang='grc' dir='ltr'>ε</span> <span class='ocrx_word' id='word_1_62' title='bbox 1880 1274 1982 1336; x_wconf 93' lang='lat' dir='ltr'>Sic</span> <span class='ocrx_word' id='word_1_63' title='bbox 2038 1291 2347 1353; x_wconf 82' lang='lat' dir='ltr'>cognosco</span> 
     </span>
     <span class='ocr_line' id='line_1_9' title="bbox 849 1373 2343 1458; baseline -0.003 -20"><span class='ocrx_word' id='word_1_64' title='bbox 849 1394 1000 1439; x_wconf 87' lang='lat' dir='ltr'>oves</span> <span class='ocrx_word' id='word_1_65' title='bbox 1032 1393 1202 1438; x_wconf 88' lang='lat' dir='ltr'>meas</span> <span class='ocrx_word' id='word_1_66' title='bbox 1243 1394 1358 1458; x_wconf 90' lang='lat' dir='ltr'>per</span> <span class='ocrx_word' id='word_1_67' title='bbox 1386 1393 1668 1437; x_wconf 88' lang='lat' dir='ltr'>amorem</span> <span class='ocrx_word' id='word_1_68' title='bbox 1697 1382 1760 1436; x_wconf 92' lang='lat' dir='ltr'>et</span> <span class='ocrx_word' id='word_1_69' title='bbox 1795 1373 2343 1455; x_wconf 80' lang='lat' dir='ltr'>approbationem,</span> 
     </span>
     <span class='ocr_line' id='line_1_10' title="bbox 851 1472 2350 1555; baseline -0.003 -19"><span class='ocrx_word' id='word_1_70' title='bbox 851 1482 914 1536; x_wconf 91' lang='lat' dir='ltr'>et</span> <span class='ocrx_word' id='word_1_71' title='bbox 955 1493 1295 1555; x_wconf 89' lang='lat' dir='ltr'>cognoscor</span> <span class='ocrx_word' id='word_1_72' title='bbox 1335 1474 1415 1536; x_wconf 92' lang='lat' dir='ltr'>ab</span> <span class='ocrx_word' id='word_1_73' title='bbox 1460 1473 1574 1546; x_wconf 87' lang='grc' dir='ltr'>θίε,</span> <span class='ocrx_word' id='word_1_74' title='bbox 1618 1472 1923 1555; x_wconf 90' lang='lat' dir='ltr'>quoniam</span> <span class='ocrx_word' id='word_1_75' title='bbox 1964 1478 2157 1551; x_wconf 84' lang='lat' dir='ltr'>gratae</span> <span class='ocrx_word' id='word_1_76' title='bbox 2200 1478 2350 1532; x_wconf 91' lang='lat' dir='ltr'>sunt</span> 
     </span>
     <span class='ocr_line' id='line_1_11' title="bbox 851 1568 2344 1647; baseline -0.003 -13"><span class='ocrx_word' id='word_1_77' title='bbox 851 1572 1034 1647; x_wconf 93' lang='lat' dir='ltr'>mihi,</span> <span class='ocrx_word' id='word_1_78' title='bbox 1069 1581 1132 1635; x_wconf 90' lang='lat' dir='ltr'>et</span> <span class='ocrx_word' id='word_1_79' title='bbox 1158 1572 1547 1636; x_wconf 81' lang='lat' dir='ltr'>obedientes,</span> <span class='ocrx_word' id='word_1_80' title='bbox 1585 1572 1709 1635; x_wconf 88' lang='lat' dir='ltr'>Hoc</span> <span class='ocrx_word' id='word_1_81' title='bbox 1739 1571 1876 1634; x_wconf 95' lang='lat' dir='ltr'>loco</span> <span class='ocrx_word' id='word_1_82' title='bbox 1907 1569 2121 1643; x_wconf 90' lang='lat' dir='ltr'>dictio,</span> <span class='ocrx_word' id='word_1_83' title='bbox 2157 1568 2344 1644; x_wconf 81' lang='lat' dir='ltr'>Sicut,</span> 
     </span>
     <span class='ocr_line' id='line_1_12' title="bbox 851 1670 2351 1752; baseline -0.004 -18"><span class='ocrx_word' id='word_1_84' title='bbox 851 1672 1006 1734; x_wconf 86' lang='lat' dir='ltr'>dicit</span> <span class='ocrx_word' id='word_1_85' title='bbox 1044 1671 1531 1734; x_wconf 92' lang='lat' dir='ltr'>similitudinem</span> <span class='ocrx_word' id='word_1_86' title='bbox 1567 1670 2094 1752; x_wconf 88' lang='lat' dir='ltr'>aliqualem,-non</span> <span class='ocrx_word' id='word_1_87' title='bbox 2136 1687 2351 1731; x_wconf 90' lang='lat' dir='ltr'>veram</span> 
     </span>
     <span class='ocr_line' id='line_1_13' title="bbox 851 1768 2352 1851; baseline -0.001 -20"><span class='ocrx_word' id='word_1_88' title='bbox 851 1770 1298 1851; x_wconf 84' lang='lat' dir='ltr'>aequalitatem.</span> <span class='ocrx_word' id='word_1_89' title='bbox 1332 1768 1528 1831; x_wconf 89' lang='lat' dir='ltr'>Filius</span> <span class='ocrx_word' id='word_1_90' title='bbox 1577 1769 1750 1831; x_wconf 88' lang='lat' dir='ltr'>enim</span> <span class='ocrx_word' id='word_1_91' title='bbox 1795 1776 1864 1829; x_wconf 94' lang='lat' dir='ltr'>ut</span> <span class='ocrx_word' id='word_1_92' title='bbox 1906 1768 2087 1841; x_wconf 83' lang='lat' dir='ltr'>DeuS‚</span> <span class='ocrx_word' id='word_1_93' title='bbox 2123 1785 2352 1847; x_wconf 91' lang='lat' dir='ltr'>cogno-</span> 
     </span>
    </p>
   </div>
   <div class='ocr_carea' id='block_1_4' title="bbox 2452 780 4253 1051">
    <p class='ocr_par' dir='ltr' id='par_1_4' title="bbox 2452 780 4253 1051">
     <span class='ocr_line' id='line_1_14' title="bbox 2452 780 3951 863; baseline 0.001 -22"><span class='ocrx_word' id='word_1_94' title='bbox 2452 780 2791 853; x_wconf 85' lang='lat' dir='ltr'>omnibus;</span> <span class='ocrx_word' id='word_1_95' title='bbox 2836 782 2969 861; x_wconf 86' lang='lat' dir='ltr'>sed,</span> <span class='ocrx_word' id='word_1_96' title='bbox 3000 780 3117 843; x_wconf 89' lang='lat' dir='ltr'>Pro</span> <span class='ocrx_word' id='word_1_97' title='bbox 3154 780 3381 843; x_wconf 90' lang='lat' dir='ltr'>ovibus</span> <span class='ocrx_word' id='word_1_98' title='bbox 3418 781 3603 854; x_wconf 80' lang='lat' dir='ltr'>meiS,</span> <span class='ocrx_word' id='word_1_99' title='bbox 3640 789 3791 863; x_wconf 81' lang='lat' dir='ltr'>puta</span> <span class='ocrx_word' id='word_1_100' title='bbox 3822 782 3951 843; x_wconf 86' lang='lat' dir='ltr'>ele-</span> 
     </span>
     <span class='ocr_line' id='line_1_15' title="bbox 2455 878 4253 963; baseline -0.001 -22"><span class='ocrx_word' id='word_1_101' title='bbox 2455 880 2593 941; x_wconf 79' lang='lat' dir='ltr'>ctis,</span> <span class='ocrx_word' id='word_1_102' title='bbox 2626 878 2778 941; x_wconf 94' lang='lat' dir='ltr'>Nam</span> <span class='ocrx_word' id='word_1_103' title='bbox 2820 879 2969 941; x_wconf 90' lang='lat' dir='ltr'>licet</span> <span class='ocrx_word' id='word_1_104' title='bbox 2999 879 3283 942; x_wconf 89' lang='lat' dir='ltr'>Christus</span> <span class='ocrx_word' id='word_1_105' title='bbox 3326 898 3440 961; x_wconf 89' lang='lat' dir='ltr'>pro</span> <span class='ocrx_word' id='word_1_106' title='bbox 3472 879 3771 943; x_wconf 89' lang='lat' dir='ltr'>omnibus</span> <span class='ocrx_word' id='word_1_107' title='bbox 3812 900 3951 963; x_wconf 86' lang='lat' dir='ltr'>pas-</span> <span class='ocrx_word' id='word_1_108' title='bbox 4006 900 4073 941; x_wconf 64' lang='grc' dir='ltr'>ι..</span> <span class='ocrx_word' id='word_1_109' title='bbox 4098 902 4253 947; x_wconf 47' lang='lat' dir='ltr'>um&amp;</span> 
     </span>
     <span class='ocr_line' id='line_1_16' title="bbox 2455 964 4251 1051; baseline 0.002 -12"><span class='ocrx_word' id='word_1_110' title='bbox 2455 997 2563 1039; x_wconf 91' lang='lat' dir='ltr'>sus</span> <span class='ocrx_word' id='word_1_111' title='bbox 2594 978 2676 1039; x_wconf 90' lang='lat' dir='ltr'>sit</span> <span class='ocrx_word' id='word_1_112' title='bbox 2703 985 2767 1039; x_wconf 94' lang='lat' dir='ltr'>et</span> <span class='ocrx_word' id='word_1_113' title='bbox 2797 976 3104 1041; x_wconf 82' lang='lat' dir='ltr'>satisfecit</span> <span class='ocrx_word' id='word_1_114' title='bbox 3134 977 3553 1051; x_wconf 79' lang='lat' dir='ltr'>sufficienter,</span> <span class='ocrx_word' id='word_1_115' title='bbox 3580 998 3705 1041; x_wconf 87' lang='lat' dir='ltr'>non</span> <span class='ocrx_word' id='word_1_116' title='bbox 3736 986 3945 1042; x_wconf 84' lang='lat' dir='ltr'>tamen</span> <span class='ocrx_word' id='word_1_117' title='bbox 3978 964 4113 1005; x_wconf 71' lang='lat'><strong>⁸⁰³¹·</strong></span> <span class='ocrx_word' id='word_1_118' title='bbox 4160 976 4251 1010; x_wconf 56' lang='grc' dir='ltr'>’ω’</span> 
     </span>
    </p>
   </div>
   <div class='ocr_carea' id='block_1_5' title="bbox 2455 1025 4299 1753">
    <p class='ocr_par' dir='ltr' id='par_1_5' title="bbox 2455 1025 4299 1753">
     <span class='ocr_line' id='line_1_17' title="bbox 4008 1028 4057 1053; baseline 0 -4"><span class='ocrx_word' id='word_1_119' title='bbox 4008 1028 4057 1053; x_wconf 85' lang='grc'>..</span> 
     </span>
     <span class='ocr_line' id='line_1_18' title="bbox 2455 1025 4257 1159; baseline 0.001 -21"><span class='ocrx_word' id='word_1_120' title='bbox 2455 1074 2833 1150; x_wconf 79' lang='lat' dir='ltr'>efficienter,</span> <span class='ocrx_word' id='word_1_121' title='bbox 2900 1077 3053 1158; x_wconf 88' lang='lat' dir='ltr'>quia</span> <span class='ocrx_word' id='word_1_122' title='bbox 3114 1078 3179 1138; x_wconf 92' lang='lat' dir='ltr'>in</span> <span class='ocrx_word' id='word_1_123' title='bbox 3246 1076 3395 1140; x_wconf 90' lang='lat' dir='ltr'>solis</span> <span class='ocrx_word' id='word_1_124' title='bbox 3458 1076 3678 1139; x_wconf 88' lang='lat' dir='ltr'>electis</span> <span class='ocrx_word' id='word_1_125' title='bbox 3738 1080 3947 1159; x_wconf 80' lang='lat' dir='ltr'>passio</span> <span class='ocrx_word' id='word_1_126' title='bbox 3976 1030 4059 1136; x_wconf 53' lang='lat'>:21</span> <span class='ocrx_word' id='word_1_127' title='bbox 4082 1025 4257 1139; x_wconf 49' lang='grc' dir='ltr'>ἑξθῆ</span> 
     </span>
     <span class='ocr_line' id='line_1_19' title="bbox 2456 1150 4257 1264; baseline 0.002 -28"><span class='ocrx_word' id='word_1_128' title='bbox 2456 1174 2685 1236; x_wconf 88' lang='lat' dir='ltr'>Christi</span> <span class='ocrx_word' id='word_1_129' title='bbox 2738 1174 3085 1237; x_wconf 79' lang='lat' dir='ltr'>fructificat</span> <span class='ocrx_word' id='word_1_130' title='bbox 3134 1193 3247 1257; x_wconf 88' lang='lat' dir='ltr'>per</span> <span class='ocrx_word' id='word_1_131' title='bbox 3287 1176 3797 1239; x_wconf 87' lang='lat' dir='ltr'>consecutionem</span> <span class='ocrx_word' id='word_1_132' title='bbox 3847 1178 3945 1239; x_wconf 91' lang='lat' dir='ltr'>sui</span> <span class='ocrx_word' id='word_1_133' title='bbox 3976 1150 4257 1264; x_wconf 38' lang='lat' dir='ltr'>fggk&#39;ffg&#39;</span> 
     </span>
     <span class='ocr_line' id='line_1_20' title="bbox 2457 1271 3947 1355; baseline 0.003 -22"><span class='ocrx_word' id='word_1_134' title='bbox 2457 1272 2669 1335; x_wconf 80' lang='lat' dir='ltr'>finalis</span> <span class='ocrx_word' id='word_1_135' title='bbox 2699 1271 2989 1347; x_wconf 77' lang='lat' dir='ltr'>effectuS,</span> <span class='ocrx_word' id='word_1_136' title='bbox 3024 1274 3137 1355; x_wconf 92' lang='lat' dir='ltr'>qui</span> <span class='ocrx_word' id='word_1_137' title='bbox 3168 1281 3263 1335; x_wconf 91' lang='lat' dir='ltr'>est</span> <span class='ocrx_word' id='word_1_138' title='bbox 3298 1273 3467 1335; x_wconf 88' lang='lat' dir='ltr'>salus</span> <span class='ocrx_word' id='word_1_139' title='bbox 3502 1282 3756 1337; x_wconf 77' lang='lat' dir='ltr'>aeterna.</span> <span class='ocrx_word' id='word_1_140' title='bbox 3790 1275 3947 1338; x_wconf 84' lang='lat' dir='ltr'>Hinc</span> 
     </span>
     <span class='ocr_line' id='line_1_21' title="bbox 2457 1370 4211 1455; baseline 0.001 -22"><span class='ocrx_word' id='word_1_141' title='bbox 2457 1370 2741 1433; x_wconf 84' lang='lat' dir='ltr'>Christus</span> <span class='ocrx_word' id='word_1_142' title='bbox 2801 1371 2959 1433; x_wconf 83' lang='lat' dir='ltr'>dixit</span> <span class='ocrx_word' id='word_1_143' title='bbox 3018 1372 3082 1433; x_wconf 92' lang='lat' dir='ltr'>in</span> <span class='ocrx_word' id='word_1_144' title='bbox 3137 1372 3326 1435; x_wconf 88' lang='lat' dir='ltr'>Coena</span> <span class='ocrx_word' id='word_1_145' title='bbox 3384 1372 3714 1455; x_wconf 90' lang='lat' dir='ltr'>discipulis</span> <span class='ocrx_word' id='word_1_146' title='bbox 3768 1394 3783 1437; x_wconf 92' lang='lat'><strong>:</strong></span> <span class='ocrx_word' id='word_1_147' title='bbox 3834 1374 3947 1437; x_wconf 87' lang='lat' dir='ltr'>Hic</span> <span class='ocrx_word' id='word_1_148' title='bbox 4034 1394 4211 1436; x_wconf 64' lang='lat' dir='ltr'>uasti..</span> 
     </span>
     <span class='ocr_line' id='line_1_22' title="bbox 2458 1459 4217 1562; baseline 0.003 -31"><span class='ocrx_word' id='word_1_149' title='bbox 2458 1478 2553 1532; x_wconf 91' lang='lat' dir='ltr'>est</span> <span class='ocrx_word' id='word_1_150' title='bbox 2588 1471 2751 1533; x_wconf 86' lang='lat' dir='ltr'>calix</span> <span class='ocrx_word' id='word_1_151' title='bbox 2792 1471 3117 1551; x_wconf 90' lang='lat' dir='ltr'>sanguinis</span> <span class='ocrx_word' id='word_1_152' title='bbox 3168 1472 3315 1546; x_wconf 91' lang='lat' dir='ltr'>mei,</span> <span class='ocrx_word' id='word_1_153' title='bbox 3358 1472 3472 1553; x_wconf 88' lang='lat' dir='ltr'>qui</span> <span class='ocrx_word' id='word_1_154' title='bbox 3514 1491 3631 1553; x_wconf 91' lang='lat' dir='ltr'>pro</span> <span class='ocrx_word' id='word_1_155' title='bbox 3668 1474 3847 1537; x_wconf 89' lang='lat' dir='ltr'>vobis</span> <span class='ocrx_word' id='word_1_156' title='bbox 3886 1482 3947 1536; x_wconf 87' lang='lat' dir='ltr'>et</span> <span class='ocrx_word' id='word_1_157' title='bbox 3974 1470 4091 1561; x_wconf 58' lang='lat'>2¹2}</span> <span class='ocrx_word' id='word_1_158' title='bbox 4122 1459 4217 1562; x_wconf 53' lang='grc' dir='ltr'>ξῖῃ</span> 
     </span>
     <span class='ocr_line' id='line_1_23' title="bbox 2459 1554 4238 1654; baseline 0.004 -25"><span class='ocrx_word' id='word_1_159' title='bbox 2459 1588 2573 1650; x_wconf 88' lang='lat' dir='ltr'>pro</span> <span class='ocrx_word' id='word_1_160' title='bbox 2603 1569 2820 1631; x_wconf 89' lang='lat' dir='ltr'>multis</span> <span class='ocrx_word' id='word_1_161' title='bbox 2851 1569 3217 1632; x_wconf 79' lang='lat' dir='ltr'>effundetur</span> <span class='ocrx_word' id='word_1_162' title='bbox 3246 1570 3311 1631; x_wconf 90' lang='lat' dir='ltr'>in</span> <span class='ocrx_word' id='word_1_163' title='bbox 3344 1571 3781 1636; x_wconf 82' lang='lat' dir='ltr'>remissionem</span> <span class='ocrx_word' id='word_1_164' title='bbox 3812 1591 3949 1654; x_wconf 89' lang='lat' dir='ltr'>pec·</span> <span class='ocrx_word' id='word_1_165' title='bbox 3976 1584 4051 1626; x_wconf 76' lang='lat'>2⁰-</span> <span class='ocrx_word' id='word_1_166' title='bbox 4223 1554 4238 1570; x_wconf 59' lang='lat'><strong><em>⁹</em></strong></span> 
     </span>
     <span class='ocr_line' id='line_1_24' title="bbox 2458 1667 4299 1753; baseline 0 -24"><span class='ocrx_word' id='word_1_167' title='bbox 2458 1675 2764 1729; x_wconf 88' lang='lat' dir='ltr'>catorum.</span> <span class='ocrx_word' id='word_1_168' title='bbox 2808 1667 2885 1730; x_wconf 91' lang='lat' dir='ltr'>Et</span> <span class='ocrx_word' id='word_1_169' title='bbox 2932 1669 2997 1729; x_wconf 91' lang='lat' dir='ltr'>in</span> <span class='ocrx_word' id='word_1_170' title='bbox 3045 1668 3203 1731; x_wconf 91' lang='lat' dir='ltr'>Isaia</span> <span class='ocrx_word' id='word_1_171' title='bbox 3249 1669 3561 1751; x_wconf 91' lang='lat' dir='ltr'>scriptum</span> <span class='ocrx_word' id='word_1_172' title='bbox 3607 1678 3703 1732; x_wconf 88' lang='lat' dir='ltr'>est</span> <span class='ocrx_word' id='word_1_173' title='bbox 3748 1690 3763 1733; x_wconf 90' lang='lat'>:</span> <span class='ocrx_word' id='word_1_174' title='bbox 3810 1672 3949 1753; x_wconf 90' lang='lat' dir='ltr'>lpse</span> <span class='ocrx_word' id='word_1_175' title='bbox 3986 1689 4237 1738; x_wconf 49' lang='lat' dir='ltr'>lamis</span> <span class='ocrx_word' id='word_1_176' title='bbox 4297 1720 4299 1729; x_wconf 93' lang='lat'>.</span> 
     </span>
    </p>
   </div>
   <div class='ocr_carea' id='block_1_6' title="bbox 2461 1766 3949 1847">
    <p class='ocr_par' dir='ltr' id='par_1_6' title="bbox 2461 1766 3949 1847">
     <span class='ocr_line' id='line_1_25' title="bbox 2461 1766 3949 1847; baseline 0.003 -21"><span class='ocrx_word' id='word_1_177' title='bbox 2461 1772 2715 1846; x_wconf 87' lang='lat' dir='ltr'>peccata</span> <span class='ocrx_word' id='word_1_178' title='bbox 2762 1766 3108 1829; x_wconf 88' lang='lat' dir='ltr'>multorum</span> <span class='ocrx_word' id='word_1_179' title='bbox 3160 1767 3326 1829; x_wconf 89' lang='lat' dir='ltr'>tulit.</span> <span class='ocrx_word' id='word_1_180' title='bbox 3369 1767 3473 1829; x_wconf 88' lang='lat' dir='ltr'>Ait</span> <span class='ocrx_word' id='word_1_181' title='bbox 3518 1767 3713 1847; x_wconf 90' lang='lat' dir='ltr'>igitur</span> <span class='ocrx_word' id='word_1_182' title='bbox 3754 1768 3949 1831; x_wconf 82' lang='lat' dir='ltr'>Filius</span> 
     </span>
    </p>
   </div>
   <div class='ocr_carea' id='block_1_7' title="bbox 853 1862 3946 1947">
    <p class='ocr_par' dir='ltr' id='par_1_7' title="bbox 853 1862 3946 1947">
     <span class='ocr_line' id='line_1_26' title="bbox 853 1862 3946 1947; baseline -0 -17"><span class='ocrx_word' id='word_1_183' title='bbox 853 1869 972 1931; x_wconf 90' lang='lat' dir='ltr'>scit</span> <span class='ocrx_word' id='word_1_184' title='bbox 1014 1867 1280 1941; x_wconf 90' lang='lat' dir='ltr'>Patrem,</span> <span class='ocrx_word' id='word_1_185' title='bbox 1319 1876 1382 1931; x_wconf 94' lang='lat' dir='ltr'>et</span> <span class='ocrx_word' id='word_1_186' title='bbox 1422 1887 1458 1929; x_wconf 90' lang='lat' dir='ltr'>a</span> <span class='ocrx_word' id='word_1_187' title='bbox 1501 1868 1678 1929; x_wconf 88' lang='lat' dir='ltr'>Patre</span> <span class='ocrx_word' id='word_1_188' title='bbox 1722 1867 2144 1947; x_wconf 86' lang='lat' dir='ltr'>cognoscitur,</span> <span class='ocrx_word' id='word_1_189' title='bbox 2191 1866 2352 1928; x_wconf 87' lang='lat' dir='ltr'>noti·</span> <span class='ocrx_word' id='word_1_190' title='bbox 2388 1864 2433 1927; x_wconf 92' lang='lat' dir='ltr'>B</span> <span class='ocrx_word' id='word_1_191' title='bbox 2462 1862 2591 1937; x_wconf 90' lang='lat' dir='ltr'>Dei,</span> <span class='ocrx_word' id='word_1_192' title='bbox 2632 1863 2808 1926; x_wconf 89' lang='lat' dir='ltr'>Sicut</span> <span class='ocrx_word' id='word_1_193' title='bbox 2854 1865 3029 1927; x_wconf 86' lang='lat' dir='ltr'>novit</span> <span class='ocrx_word' id='word_1_194' title='bbox 3078 1882 3179 1927; x_wconf 91' lang='lat' dir='ltr'>me</span> <span class='ocrx_word' id='word_1_195' title='bbox 3227 1864 3426 1939; x_wconf 90' lang='lat' dir='ltr'>Pater,</span> <span class='ocrx_word' id='word_1_196' title='bbox 3468 1874 3614 1940; x_wconf 91' lang='lat' dir='ltr'>etc.‚</span> <span class='ocrx_word' id='word_1_197' title='bbox 3664 1867 3783 1930; x_wconf 94' lang='lat' dir='ltr'>hoc</span> <span class='ocrx_word' id='word_1_198' title='bbox 3828 1876 3946 1942; x_wconf 80' lang='lat' dir='ltr'>est,</span> 
     </span>
    </p>
   </div>
   <div class='ocr_carea' id='block_1_8' title="bbox 852 1963 2352 2144">
    <p class='ocr_par' dir='ltr' id='par_1_8' title="bbox 852 1963 2352 2144">
     <span class='ocr_line' id='line_1_27' title="bbox 852 1963 2352 2049; baseline -0.001 -21"><span class='ocrx_word' id='word_1_199' title='bbox 852 1967 940 2029; x_wconf 91' lang='lat' dir='ltr'>tia</span> <span class='ocrx_word' id='word_1_200' title='bbox 968 1966 1512 2049; x_wconf 83' lang='lat' dir='ltr'>comprehensiva,</span> <span class='ocrx_word' id='word_1_201' title='bbox 1545 1974 1778 2029; x_wconf 81' lang='lat' dir='ltr'>aeterna</span> <span class='ocrx_word' id='word_1_202' title='bbox 1807 1973 1869 2027; x_wconf 90' lang='lat' dir='ltr'>et</span> <span class='ocrx_word' id='word_1_203' title='bbox 1900 1963 2173 2039; x_wconf 82' lang='lat' dir='ltr'>infinita,</span> <span class='ocrx_word' id='word_1_204' title='bbox 2208 1980 2352 2045; x_wconf 82' lang='lat' dir='ltr'>quae</span> 
     </span>
     <span class='ocr_line' id='line_1_28' title="bbox 855 2062 2352 2144; baseline -0.002 -17"><span class='ocrx_word' id='word_1_205' title='bbox 855 2065 1017 2127; x_wconf 89' lang='lat' dir='ltr'>nulli</span> <span class='ocrx_word' id='word_1_206' title='bbox 1067 2074 1162 2128; x_wconf 90' lang='lat' dir='ltr'>est</span> <span class='ocrx_word' id='word_1_207' title='bbox 1207 2064 1758 2128; x_wconf 91' lang='lat' dir='ltr'>communicabilis</span> <span class='ocrx_word' id='word_1_208' title='bbox 1807 2071 2124 2139; x_wconf 85' lang='lat' dir='ltr'>creaturae,</span> <span class='ocrx_word' id='word_1_209' title='bbox 2172 2062 2352 2144; x_wconf 83' lang='lat' dir='ltr'>juxta</span> 
     </span>
    </p>
   </div>
   <div class='ocr_carea' id='block_1_9' title="bbox 585 2161 2352 2240">
    <p class='ocr_par' dir='ltr' id='par_1_9' title="bbox 585 2161 2352 2240">
     <span class='ocr_line' id='line_1_29' title="bbox 585 2161 2352 2240; baseline -0.001 -15"><span class='ocrx_word' id='word_1_210' title='bbox 585 2173 830 2223; x_wconf 68' lang='lat' dir='ltr'>unuh-1¹·</span> <span class='ocrx_word' id='word_1_211' title='bbox 857 2164 1016 2226; x_wconf 93' lang='lat' dir='ltr'>illud</span> <span class='ocrx_word' id='word_1_212' title='bbox 1053 2183 1066 2227; x_wconf 91' lang='lat'>:</span> <span class='ocrx_word' id='word_1_213' title='bbox 1101 2164 1295 2227; x_wconf 89' lang='lat' dir='ltr'>Nemo</span> <span class='ocrx_word' id='word_1_214' title='bbox 1333 2163 1510 2227; x_wconf 92' lang='lat' dir='ltr'>novit</span> <span class='ocrx_word' id='word_1_215' title='bbox 1538 2163 1792 2237; x_wconf 90' lang='lat' dir='ltr'>Filium,</span> <span class='ocrx_word' id='word_1_216' title='bbox 1827 2163 1949 2225; x_wconf 93' lang='lat' dir='ltr'>nisi</span> <span class='ocrx_word' id='word_1_217' title='bbox 1983 2161 2199 2240; x_wconf 84' lang='lat' dir='ltr'>Pater3</span> <span class='ocrx_word' id='word_1_218' title='bbox 2244 2180 2352 2223; x_wconf 93' lang='lat' dir='ltr'>ne-</span> 
     </span>
    </p>
   </div>
   <div class='ocr_carea' id='block_1_10' title="bbox 561 2239 629 2282">
    <p class='ocr_par' dir='ltr' id='par_1_10' title="bbox 561 2239 629 2282">
     <span class='ocr_line' id='line_1_30' title="bbox 561 2239 629 2282; baseline 0.059 -4"><span class='ocrx_word' id='word_1_219' title='bbox 561 2239 629 2282; x_wconf 84' lang='lat'>27.</span> 
     </span>
    </p>
   </div>
   <div class='ocr_carea' id='block_1_11' title="bbox 848 2260 2350 3032">
    <p class='ocr_par' dir='ltr' id='par_1_11' title="bbox 848 2260 2350 3032">
     <span class='ocr_line' id='line_1_31' title="bbox 856 2260 2347 2345; baseline -0.002 -20"><span class='ocrx_word' id='word_1_220' title='bbox 856 2282 982 2345; x_wconf 90' lang='lat' dir='ltr'>que</span> <span class='ocrx_word' id='word_1_221' title='bbox 1026 2262 1266 2325; x_wconf 88' lang='lat' dir='ltr'>Patrem</span> <span class='ocrx_word' id='word_1_222' title='bbox 1309 2262 1455 2344; x_wconf 91' lang='lat' dir='ltr'>quis</span> <span class='ocrx_word' id='word_1_223' title='bbox 1501 2263 1696 2337; x_wconf 90' lang='lat' dir='ltr'>novit,</span> <span class='ocrx_word' id='word_1_224' title='bbox 1733 2262 1856 2323; x_wconf 90' lang='lat' dir='ltr'>nisi</span> <span class='ocrx_word' id='word_1_225' title='bbox 1899 2261 2114 2322; x_wconf 90' lang='lat' dir='ltr'>Filius.</span> <span class='ocrx_word' id='word_1_226' title='bbox 2152 2260 2347 2323; x_wconf 86' lang='lat' dir='ltr'>Filius</span> 
     </span>
     <span class='ocr_line' id='line_1_32' title="bbox 852 2359 2349 2444; baseline -0.002 -21"><span class='ocrx_word' id='word_1_227' title='bbox 852 2375 1111 2444; x_wconf 88' lang='lat' dir='ltr'>quoque</span> <span class='ocrx_word' id='word_1_228' title='bbox 1152 2369 1220 2424; x_wconf 92' lang='lat' dir='ltr'>ut</span> <span class='ocrx_word' id='word_1_229' title='bbox 1264 2362 1474 2436; x_wconf 92' lang='lat' dir='ltr'>homo,</span> <span class='ocrx_word' id='word_1_230' title='bbox 1520 2362 1696 2424; x_wconf 88' lang='lat' dir='ltr'>novit</span> <span class='ocrx_word' id='word_1_231' title='bbox 1744 2360 1984 2423; x_wconf 87' lang='lat' dir='ltr'>Patrem</span> <span class='ocrx_word' id='word_1_232' title='bbox 2034 2359 2349 2421; x_wconf 76' lang='lat' dir='ltr'>beatisicoe</span> 
     </span>
     <span class='ocr_line' id='line_1_33' title="bbox 852 2458 2350 2540; baseline -0.003 -19"><span class='ocrx_word' id='word_1_233' title='bbox 852 2460 1175 2524; x_wconf 80' lang='lat' dir='ltr'>fruitionis</span> <span class='ocrx_word' id='word_1_234' title='bbox 1223 2459 1466 2533; x_wconf 83' lang='lat' dir='ltr'>notitia,</span> <span class='ocrx_word' id='word_1_235' title='bbox 1508 2478 1652 2540; x_wconf 80' lang='lat' dir='ltr'>quae</span> <span class='ocrx_word' id='word_1_236' title='bbox 1700 2478 1824 2522; x_wconf 92' lang='lat' dir='ltr'>non</span> <span class='ocrx_word' id='word_1_237' title='bbox 1877 2458 2181 2539; x_wconf 86' lang='lat' dir='ltr'>competit</span> <span class='ocrx_word' id='word_1_238' title='bbox 2219 2458 2350 2518; x_wconf 90' lang='lat' dir='ltr'>via—</span> 
     </span>
     <span class='ocr_line' id='line_1_34' title="bbox 854 2555 2345 2622; baseline -0.003 0"><span class='ocrx_word' id='word_1_239' title='bbox 854 2558 1118 2622; x_wconf 88' lang='lat' dir='ltr'>toribus.</span> <span class='ocrx_word' id='word_1_240' title='bbox 1163 2559 1356 2621; x_wconf 89' lang='lat' dir='ltr'>Amor</span> <span class='ocrx_word' id='word_1_241' title='bbox 1403 2558 1593 2619; x_wconf 89' lang='lat' dir='ltr'>etiam</span> <span class='ocrx_word' id='word_1_242' title='bbox 1643 2558 1987 2620; x_wconf 88' lang='lat' dir='ltr'>electorum</span> <span class='ocrx_word' id='word_1_243' title='bbox 2038 2556 2115 2617; x_wconf 91' lang='lat' dir='ltr'>ad</span> <span class='ocrx_word' id='word_1_244' title='bbox 2167 2555 2345 2617; x_wconf 89' lang='lat' dir='ltr'>Chri-</span> 
     </span>
     <span class='ocr_line' id='line_1_35' title="bbox 852 2653 2345 2736; baseline -0.002 -19"><span class='ocrx_word' id='word_1_245' title='bbox 852 2666 1044 2736; x_wconf 88' lang='lat' dir='ltr'>stum,</span> <span class='ocrx_word' id='word_1_246' title='bbox 1100 2674 1226 2719; x_wconf 93' lang='lat' dir='ltr'>non</span> <span class='ocrx_word' id='word_1_247' title='bbox 1275 2663 1371 2717; x_wconf 90' lang='lat' dir='ltr'>est</span> <span class='ocrx_word' id='word_1_248' title='bbox 1419 2654 1680 2735; x_wconf 78' lang='lat' dir='ltr'>aequalis</span> <span class='ocrx_word' id='word_1_249' title='bbox 1737 2654 1936 2717; x_wconf 88' lang='lat' dir='ltr'>amori</span> <span class='ocrx_word' id='word_1_250' title='bbox 1987 2653 2219 2716; x_wconf 90' lang='lat' dir='ltr'>Christi</span> <span class='ocrx_word' id='word_1_251' title='bbox 2268 2655 2345 2715; x_wconf 92' lang='lat' dir='ltr'>ad</span> 
     </span>
     <span class='ocr_line' id='line_1_36' title="bbox 851 2752 2341 2829; baseline -0.003 -12"><span class='ocrx_word' id='word_1_252' title='bbox 851 2773 980 2829; x_wconf 89' lang='grc' dir='ltr'>θοε,</span> <span class='ocrx_word' id='word_1_253' title='bbox 1025 2772 1142 2817; x_wconf 91' lang='lat' dir='ltr'>nec</span> <span class='ocrx_word' id='word_1_254' title='bbox 1181 2763 1420 2817; x_wconf 81' lang='lat' dir='ltr'>mutuae</span> <span class='ocrx_word' id='word_1_255' title='bbox 1463 2753 1784 2816; x_wconf 88' lang='lat' dir='ltr'>dilectioni</span> <span class='ocrx_word' id='word_1_256' title='bbox 1832 2752 2026 2815; x_wconf 89' lang='lat' dir='ltr'>Patris</span> <span class='ocrx_word' id='word_1_257' title='bbox 2065 2772 2138 2814; x_wconf 88' lang='lat' dir='ltr'>ac</span> <span class='ocrx_word' id='word_1_258' title='bbox 2178 2752 2341 2813; x_wconf 84' lang='lat' dir='ltr'>Filii.</span> 
     </span>
     <span class='ocr_line' id='line_1_37' title="bbox 853 2851 2341 2934; baseline -0.002 -19"><span class='ocrx_word' id='word_1_259' title='bbox 853 2854 1146 2934; x_wconf 90' lang='lat' dir='ltr'>Designat</span> <span class='ocrx_word' id='word_1_260' title='bbox 1209 2870 1357 2933; x_wconf 90' lang='lat' dir='ltr'>ergo</span> <span class='ocrx_word' id='word_1_261' title='bbox 1424 2851 1906 2914; x_wconf 89' lang='lat' dir='ltr'>similitudinem</span> <span class='ocrx_word' id='word_1_262' title='bbox 1977 2852 2341 2932; x_wconf 89' lang='lat' dir='ltr'>quamdam.</span> 
     </span>
     <span class='ocr_line' id='line_1_38' title="bbox 848 2949 2348 3032; baseline -0.001 -19"><span class='ocrx_word' id='word_1_263' title='bbox 848 2951 1033 3013; x_wconf 84' lang='lat' dir='ltr'>Juxta</span> <span class='ocrx_word' id='word_1_264' title='bbox 1086 2968 1281 3032; x_wconf 88' lang='lat' dir='ltr'>quem</span> <span class='ocrx_word' id='word_1_265' title='bbox 1337 2951 1597 3013; x_wconf 89' lang='lat' dir='ltr'>modum</span> <span class='ocrx_word' id='word_1_266' title='bbox 1655 2949 1741 3012; x_wconf 90' lang='lat' dir='ltr'>ait</span> <span class='ocrx_word' id='word_1_267' title='bbox 1792 2950 2059 3013; x_wconf 83' lang='lat' dir='ltr'>Joannes</span> <span class='ocrx_word' id='word_1_268' title='bbox 2118 2950 2184 3011; x_wconf 91' lang='lat' dir='ltr'>in</span> <span class='ocrx_word' id='word_1_269' title='bbox 2234 2968 2348 3011; x_wconf 92' lang='lat' dir='ltr'>sua</span> 
     </span>
    </p>
   </div>
   <div class='ocr_carea' id='block_1_12' title="bbox 2454 1963 4249 3020">
    <p class='ocr_par' dir='ltr' id='par_1_12' title="bbox 2458 1963 4249 2439">
     <span class='ocr_line' id='line_1_39' title="bbox 2458 1963 3953 2046; baseline 0.003 -23"><span class='ocrx_word' id='word_1_270' title='bbox 2458 1963 2789 2026; x_wconf 86' lang='lat' dir='ltr'>moriendo</span> <span class='ocrx_word' id='word_1_271' title='bbox 2819 1982 2933 2045; x_wconf 91' lang='lat' dir='ltr'>pro</span> <span class='ocrx_word' id='word_1_272' title='bbox 2963 1964 3193 2025; x_wconf 88' lang='lat' dir='ltr'>ovibus</span> <span class='ocrx_word' id='word_1_273' title='bbox 3220 1965 3481 2028; x_wconf 90' lang='lat' dir='ltr'>ostendo</span> <span class='ocrx_word' id='word_1_274' title='bbox 3511 1974 3819 2046; x_wconf 88' lang='lat' dir='ltr'>quantum</span> <span class='ocrx_word' id='word_1_275' title='bbox 3852 1966 3953 2028; x_wconf 86' lang='lat' dir='ltr'>Pa·</span> 
     </span>
     <span class='ocr_line' id='line_1_40' title="bbox 2458 2062 3948 2145; baseline 0.005 -24"><span class='ocrx_word' id='word_1_276' title='bbox 2458 2067 2622 2123; x_wconf 87' lang='lat' dir='ltr'>trem</span> <span class='ocrx_word' id='word_1_277' title='bbox 2659 2079 2938 2143; x_wconf 87' lang='lat' dir='ltr'>ovesque</span> <span class='ocrx_word' id='word_1_278' title='bbox 2978 2062 3195 2143; x_wconf 85' lang='lat' dir='ltr'>diligo,</span> <span class='ocrx_word' id='word_1_279' title='bbox 3240 2064 3391 2144; x_wconf 90' lang='lat' dir='ltr'>quia</span> <span class='ocrx_word' id='word_1_280' title='bbox 3443 2082 3559 2145; x_wconf 93' lang='lat' dir='ltr'>pro</span> <span class='ocrx_word' id='word_1_281' title='bbox 3599 2063 3796 2126; x_wconf 87' lang='lat' dir='ltr'>Patris</span> <span class='ocrx_word' id='word_1_282' title='bbox 3842 2065 3948 2128; x_wconf 92' lang='lat' dir='ltr'>ho-</span> 
     </span>
     <span class='ocr_line' id='line_1_41' title="bbox 2460 2159 4249 2245; baseline 0.004 -25"><span class='ocrx_word' id='word_1_283' title='bbox 2460 2178 2613 2221; x_wconf 90' lang='lat' dir='ltr'>nore</span> <span class='ocrx_word' id='word_1_284' title='bbox 2640 2168 2703 2221; x_wconf 92' lang='lat' dir='ltr'>et</span> <span class='ocrx_word' id='word_1_285' title='bbox 2728 2159 2929 2239; x_wconf 88' lang='lat' dir='ltr'>gloria</span> <span class='ocrx_word' id='word_1_286' title='bbox 2956 2160 3249 2223; x_wconf 88' lang='lat' dir='ltr'>homines</span> <span class='ocrx_word' id='word_1_287' title='bbox 3282 2161 3539 2238; x_wconf 90' lang='lat' dir='ltr'>redimo,</span> <span class='ocrx_word' id='word_1_288' title='bbox 3554 2171 3618 2225; x_wconf 89' lang='lat' dir='ltr'>ct</span> <span class='ocrx_word' id='word_1_289' title='bbox 3648 2164 3949 2245; x_wconf 75' lang='lat' dir='ltr'>maJorem</span> <span class='ocrx_word' id='word_1_290' title='bbox 3990 2180 4159 2223; x_wconf 54' lang='grc' dir='ltr'>που...</span> <span class='ocrx_word' id='word_1_291' title='bbox 4178 2194 4249 2228; x_wconf 65' lang='lat' dir='ltr'>xv.</span> 
     </span>
     <span class='ocr_line' id='line_1_42' title="bbox 2458 2245 4053 2335; baseline 0.003 -14"><span class='ocrx_word' id='word_1_292' title='bbox 2458 2258 2777 2321; x_wconf 89' lang='lat' dir='ltr'>caritatem</span> <span class='ocrx_word' id='word_1_293' title='bbox 2829 2277 3016 2321; x_wconf 90' lang='lat' dir='ltr'>nemo</span> <span class='ocrx_word' id='word_1_294' title='bbox 3064 2259 3275 2335; x_wconf 88' lang='lat' dir='ltr'>habet,</span> <span class='ocrx_word' id='word_1_295' title='bbox 3328 2269 3397 2324; x_wconf 91' lang='lat' dir='ltr'>ut</span> <span class='ocrx_word' id='word_1_296' title='bbox 3443 2262 3721 2324; x_wconf 87' lang='lat' dir='ltr'>animam</span> <span class='ocrx_word' id='word_1_297' title='bbox 3770 2282 3949 2325; x_wconf 89' lang='lat' dir='ltr'>suam</span> <span class='ocrx_word' id='word_1_298' title='bbox 3980 2245 4053 2286; x_wconf 77' lang='lat'>¹³·</span> 
     </span>
     <span class='ocr_line' id='line_1_43' title="bbox 2459 2357 3456 2439; baseline 0 -20"><span class='ocrx_word' id='word_1_299' title='bbox 2459 2365 2652 2438; x_wconf 88' lang='lat' dir='ltr'>ponat</span> <span class='ocrx_word' id='word_1_300' title='bbox 2691 2357 2837 2438; x_wconf 92' lang='lat' dir='ltr'>quis</span> <span class='ocrx_word' id='word_1_301' title='bbox 2882 2376 2997 2439; x_wconf 94' lang='lat' dir='ltr'>pro</span> <span class='ocrx_word' id='word_1_302' title='bbox 3037 2358 3261 2420; x_wconf 89' lang='lat' dir='ltr'>amicis</span> <span class='ocrx_word' id='word_1_303' title='bbox 3302 2360 3456 2421; x_wconf 90' lang='lat' dir='ltr'>suis.</span> 
     </span>
    </p>

    <p class='ocr_par' dir='ltr' id='par_1_13' title="bbox 2454 2458 4247 3020">
     <span class='ocr_line' id='line_1_44' title="bbox 2524 2458 4163 2542; baseline 0.002 -25"><span class='ocrx_word' id='word_1_304' title='bbox 2524 2458 2611 2517; x_wconf 81' lang='lat' dir='ltr'>Ec</span> <span class='ocrx_word' id='word_1_305' title='bbox 2638 2459 2806 2517; x_wconf 82' lang='lat' dir='ltr'>alias</span> <span class='ocrx_word' id='word_1_306' title='bbox 2833 2478 2974 2517; x_wconf 80' lang='lat' dir='ltr'>oves</span> <span class='ocrx_word' id='word_1_307' title='bbox 3002 2460 3220 2526; x_wconf 76' lang='lat' dir='ltr'>habeo,</span> <span class='ocrx_word' id='word_1_308' title='bbox 3246 2459 3365 2521; x_wconf 91' lang='lat' dir='ltr'>hoc</span> <span class='ocrx_word' id='word_1_309' title='bbox 3394 2466 3511 2534; x_wconf 88' lang='lat' dir='ltr'>est,</span> <span class='ocrx_word' id='word_1_310' title='bbox 3536 2459 3723 2522; x_wconf 88' lang='lat' dir='ltr'>multi</span> <span class='ocrx_word' id='word_1_311' title='bbox 3752 2462 3952 2542; x_wconf 87' lang='lat' dir='ltr'>genti·</span> <span class='ocrx_word' id='word_1_312' title='bbox 4096 2468 4163 2521; x_wconf 79' lang='lat'>16</span> 
     </span>
     <span class='ocr_line' id='line_1_45' title="bbox 2458 2554 3950 2638; baseline 0.004 -23"><span class='ocrx_word' id='word_1_313' title='bbox 2458 2554 2615 2615; x_wconf 91' lang='lat' dir='ltr'>lium</span> <span class='ocrx_word' id='word_1_314' title='bbox 2654 2556 2730 2617; x_wconf 88' lang='lat' dir='ltr'>ad</span> <span class='ocrx_word' id='word_1_315' title='bbox 2765 2573 2866 2616; x_wconf 90' lang='lat' dir='ltr'>me</span> <span class='ocrx_word' id='word_1_316' title='bbox 2899 2555 3220 2637; x_wconf 86' lang='lat' dir='ltr'>pertinent</span> <span class='ocrx_word' id='word_1_317' title='bbox 3256 2556 3513 2638; x_wconf 91' lang='lat' dir='ltr'>meique</span> <span class='ocrx_word' id='word_1_318' title='bbox 3542 2566 3693 2619; x_wconf 91' lang='lat' dir='ltr'>sunt</span> <span class='ocrx_word' id='word_1_319' title='bbox 3729 2578 3950 2622; x_wconf 87' lang='lat' dir='ltr'>secun-</span> 
     </span>
     <span class='ocr_line' id='line_1_46' title="bbox 2457 2654 3950 2739; baseline 0.003 -24"><span class='ocrx_word' id='word_1_320' title='bbox 2457 2654 2609 2715; x_wconf 90' lang='lat' dir='ltr'>dum</span> <span class='ocrx_word' id='word_1_321' title='bbox 2651 2654 3265 2735; x_wconf 63' lang='lat' dir='ltr'>praedestinationem</span> <span class='ocrx_word' id='word_1_322' title='bbox 3304 2663 3620 2731; x_wconf 79' lang='lat' dir='ltr'>aeternam,</span> <span class='ocrx_word' id='word_1_323' title='bbox 3656 2659 3950 2739; x_wconf 84' lang='lat' dir='ltr'>quamvis</span> 
     </span>
     <span class='ocr_line' id='line_1_47' title="bbox 2458 2753 3945 2836; baseline 0.005 -23"><span class='ocrx_word' id='word_1_324' title='bbox 2458 2753 2808 2814; x_wconf 91' lang='lat' dir='ltr'>secundum</span> <span class='ocrx_word' id='word_1_325' title='bbox 2871 2761 3245 2834; x_wconf 84' lang='lat' dir='ltr'>praesentem</span> <span class='ocrx_word' id='word_1_326' title='bbox 3304 2754 3616 2836; x_wconf 86' lang='lat' dir='ltr'>justitiam</span> <span class='ocrx_word' id='word_1_327' title='bbox 3675 2759 3945 2820; x_wconf 88' lang='lat' dir='ltr'>necdum</span> 
     </span>
     <span class='ocr_line' id='line_1_48' title="bbox 2457 2851 3946 2937; baseline 0.004 -26"><span class='ocrx_word' id='word_1_328' title='bbox 2457 2851 2585 2912; x_wconf 91' lang='lat' dir='ltr'>sint</span> <span class='ocrx_word' id='word_1_329' title='bbox 2641 2869 2812 2924; x_wconf 78' lang='lat' dir='ltr'>oveS,</span> <span class='ocrx_word' id='word_1_330' title='bbox 2867 2853 2973 2914; x_wconf 91' lang='lat' dir='ltr'>sed</span> <span class='ocrx_word' id='word_1_331' title='bbox 3026 2852 3198 2915; x_wconf 86' lang='lat' dir='ltr'>hoedi</span> <span class='ocrx_word' id='word_1_332' title='bbox 3246 2872 3319 2915; x_wconf 91' lang='lat' dir='ltr'>ac</span> <span class='ocrx_word' id='word_1_333' title='bbox 3368 2854 3526 2935; x_wconf 87' lang='lat' dir='ltr'>lupi.</span> <span class='ocrx_word' id='word_1_334' title='bbox 3579 2854 3665 2916; x_wconf 89' lang='lat' dir='ltr'>De</span> <span class='ocrx_word' id='word_1_335' title='bbox 3711 2856 3946 2937; x_wconf 89' lang='lat' dir='ltr'>quibus</span> 
     </span>
     <span class='ocr_line' id='line_1_49' title="bbox 2454 2948 4247 3020; baseline 0.005 -9"><span class='ocrx_word' id='word_1_336' title='bbox 2454 2948 2606 3011; x_wconf 91' lang='lat' dir='ltr'>alibi</span> <span class='ocrx_word' id='word_1_337' title='bbox 2668 2950 2756 3012; x_wconf 86' lang='lat' dir='ltr'>ait</span> <span class='ocrx_word' id='word_1_338' title='bbox 2813 2950 3099 3013; x_wconf 88' lang='lat' dir='ltr'>Christus</span> <span class='ocrx_word' id='word_1_339' title='bbox 3154 2970 3167 3013; x_wconf 92' lang='lat'>:</span> <span class='ocrx_word' id='word_1_340' title='bbox 3218 2951 3389 3014; x_wconf 79' lang='lat' dir='ltr'>Multi</span> <span class='ocrx_word' id='word_1_341' title='bbox 3447 2953 3527 3015; x_wconf 88' lang='lat' dir='ltr'>ab</span> <span class='ocrx_word' id='word_1_342' title='bbox 3584 2954 3829 3017; x_wconf 86' lang='lat' dir='ltr'>oriente</span> <span class='ocrx_word' id='word_1_343' title='bbox 3884 2962 3949 3017; x_wconf 86' lang='lat' dir='ltr'>et</span> <span class='ocrx_word' id='word_1_344' title='bbox 3970 2974 4247 3020; x_wconf 52' lang='lat' dir='ltr'>uaccam.</span> 
     </span>
    </p>
   </div>
   <div class='ocr_carea' id='block_1_13' title="bbox 558 3041 4051 3125">
    <p class='ocr_par' dir='ltr' id='par_1_14' title="bbox 558 3041 4051 3125">
     <span class='ocr_line' id='line_1_50' title="bbox 558 3041 4051 3125; baseline 0.002 -16"><span class='ocrx_word' id='word_1_345' title='bbox 558 3064 822 3117; x_wconf 57' lang='lat' dir='ltr'>lloannm.</span> <span class='ocrx_word' id='word_1_346' title='bbox 853 3049 1163 3113; x_wconf 85' lang='lat' dir='ltr'>Canonica</span> <span class='ocrx_word' id='word_1_347' title='bbox 1208 3067 1221 3111; x_wconf 91' lang='lat'>:</span> <span class='ocrx_word' id='word_1_348' title='bbox 1265 3048 1441 3110; x_wconf 89' lang='lat' dir='ltr'>Sicut</span> <span class='ocrx_word' id='word_1_349' title='bbox 1487 3048 1666 3109; x_wconf 88' lang='lat' dir='ltr'>Pater</span> <span class='ocrx_word' id='word_1_350' title='bbox 1703 3056 1818 3122; x_wconf 88' lang='lat' dir='ltr'>est,</span> <span class='ocrx_word' id='word_1_351' title='bbox 1860 3055 1923 3109; x_wconf 92' lang='lat' dir='ltr'>et</span> <span class='ocrx_word' id='word_1_352' title='bbox 1961 3067 2074 3111; x_wconf 91' lang='lat' dir='ltr'>nos</span> <span class='ocrx_word' id='word_1_353' title='bbox 2125 3066 2347 3110; x_wconf 90' lang='lat' dir='ltr'>sumus</span> <span class='ocrx_word' id='word_1_354' title='bbox 2384 3044 2426 3106; x_wconf 90' lang='lat' dir='ltr'>C</span> <span class='ocrx_word' id='word_1_355' title='bbox 2455 3048 2779 3111; x_wconf 88' lang='lat' dir='ltr'>occidente</span> <span class='ocrx_word' id='word_1_356' title='bbox 2804 3050 3073 3125; x_wconf 79' lang='lat' dir='ltr'>venient,</span> <span class='ocrx_word' id='word_1_357' title='bbox 3099 3058 3162 3112; x_wconf 89' lang='lat' dir='ltr'>et</span> <span class='ocrx_word' id='word_1_358' title='bbox 3192 3051 3561 3114; x_wconf 89' lang='lat' dir='ltr'>recumbent</span> <span class='ocrx_word' id='word_1_359' title='bbox 3591 3072 3737 3115; x_wconf 91' lang='lat' dir='ltr'>cum</span> <span class='ocrx_word' id='word_1_360' title='bbox 3762 3054 3949 3115; x_wconf 85' lang='lat' dir='ltr'>Abra·</span> <span class='ocrx_word' id='word_1_361' title='bbox 3974 3041 4051 3081; x_wconf 84' lang='lat'>¹¹·</span> 
     </span>
    </p>
   </div>
   <div class='ocr_carea' id='block_1_14' title="bbox 559 3130 625 3171">
    <p class='ocr_par' dir='ltr' id='par_1_15' title="bbox 559 3130 625 3171">
     <span class='ocr_line' id='line_1_51' title="bbox 559 3130 625 3171; baseline 0 -1"><span class='ocrx_word' id='word_1_362' title='bbox 559 3130 625 3171; x_wconf 73' lang='lat'>¹7.</span> 
     </span>
    </p>
   </div>
   <div class='ocr_carea' id='block_1_15' title="bbox 559 3256 625 3298">
    <p class='ocr_par' dir='ltr' id='par_1_16' title="bbox 559 3256 625 3298">
     <span class='ocr_line' id='line_1_52' title="bbox 559 3256 625 3298; baseline 0 -1"><span class='ocrx_word' id='word_1_363' title='bbox 559 3256 625 3298; x_wconf 78' lang='lat'>12.</span> 
     </span>
    </p>
   </div>
   <div class='ocr_carea' id='block_1_16' title="bbox 849 3244 2347 3325">
    <p class='ocr_par' dir='ltr' id='par_1_17' title="bbox 849 3244 2347 3325">
     <span class='ocr_line' id='line_1_53' title="bbox 849 3244 2347 3325; baseline -0.002 -17"><span class='ocrx_word' id='word_1_364' title='bbox 849 3264 1147 3325; x_wconf 89' lang='lat' dir='ltr'>gnoscam</span> <span class='ocrx_word' id='word_1_365' title='bbox 1199 3245 1363 3307; x_wconf 88' lang='lat' dir='ltr'>sicut</span> <span class='ocrx_word' id='word_1_366' title='bbox 1412 3252 1475 3306; x_wconf 91' lang='lat' dir='ltr'>et</span> <span class='ocrx_word' id='word_1_367' title='bbox 1521 3245 1809 3324; x_wconf 92' lang='lat' dir='ltr'>cognitus</span> <span class='ocrx_word' id='word_1_368' title='bbox 1858 3264 2042 3323; x_wconf 82' lang='lat' dir='ltr'>sum3</span> <span class='ocrx_word' id='word_1_369' title='bbox 2083 3252 2146 3306; x_wconf 89' lang='lat' dir='ltr'>et</span> <span class='ocrx_word' id='word_1_370' title='bbox 2196 3244 2347 3306; x_wconf 88' lang='lat' dir='ltr'>item</span> 
     </span>
    </p>
   </div>
   <div class='ocr_carea' id='block_1_17' title="bbox 583 3146 3949 3243">
    <p class='ocr_par' dir='ltr' id='par_1_18' title="bbox 583 3146 3949 3243">
     <span class='ocr_line' id='line_1_54' title="bbox 583 3146 3949 3243; baseline 0.001 -33"><span class='ocrx_word' id='word_1_371' title='bbox 583 3190 719 3235; x_wconf 48' lang='lat'>100„</span> <span class='ocrx_word' id='word_1_372' title='bbox 737 3203 823 3243; x_wconf 47' lang='lat' dir='ltr'>xm,</span> <span class='ocrx_word' id='word_1_373' title='bbox 853 3147 918 3209; x_wconf 91' lang='lat' dir='ltr'>in</span> <span class='ocrx_word' id='word_1_374' title='bbox 961 3147 1080 3211; x_wconf 91' lang='lat' dir='ltr'>hoc</span> <span class='ocrx_word' id='word_1_375' title='bbox 1123 3148 1402 3227; x_wconf 91' lang='lat' dir='ltr'>mundo;</span> <span class='ocrx_word' id='word_1_376' title='bbox 1447 3146 1672 3208; x_wconf 86' lang='lat' dir='ltr'>Paulus</span> <span class='ocrx_word' id='word_1_377' title='bbox 1715 3165 1994 3228; x_wconf 88' lang='lat' dir='ltr'>quoque,</span> <span class='ocrx_word' id='word_1_378' title='bbox 2030 3146 2206 3208; x_wconf 90' lang='lat' dir='ltr'>Tunc</span> <span class='ocrx_word' id='word_1_379' title='bbox 2248 3164 2350 3208; x_wconf 96' lang='lat' dir='ltr'>co-</span> <span class='ocrx_word' id='word_1_380' title='bbox 2458 3147 2601 3208; x_wconf 88' lang='lat' dir='ltr'>ham</span> <span class='ocrx_word' id='word_1_381' title='bbox 2664 3147 2729 3208; x_wconf 90' lang='lat' dir='ltr'>in</span> <span class='ocrx_word' id='word_1_382' title='bbox 2790 3165 2983 3229; x_wconf 86' lang='lat' dir='ltr'>regno</span> <span class='ocrx_word' id='word_1_383' title='bbox 3040 3149 3367 3213; x_wconf 86' lang='lat' dir='ltr'>coelorum.</span> <span class='ocrx_word' id='word_1_384' title='bbox 3421 3154 3575 3220; x_wconf 81' lang='lat' dir='ltr'>Quae</span> <span class='ocrx_word' id='word_1_385' title='bbox 3621 3171 3750 3213; x_wconf 77' lang='lat' dir='ltr'>non</span> <span class='ocrx_word' id='word_1_386' title='bbox 3796 3162 3949 3214; x_wconf 73' lang='lat' dir='ltr'>sunt</span> 
     </span>
    </p>
   </div>
   <div class='ocr_carea' id='block_1_18' title="bbox 2456 3246 3953 3330">
    <p class='ocr_par' dir='ltr' id='par_1_19' title="bbox 2456 3246 3953 3330">
     <span class='ocr_line' id='line_1_55' title="bbox 2456 3246 3953 3330; baseline 0.006 -27"><span class='ocrx_word' id='word_1_387' title='bbox 2456 3266 2537 3304; x_wconf 73' lang='lat' dir='ltr'>ex</span> <span class='ocrx_word' id='word_1_388' title='bbox 2574 3248 2689 3305; x_wconf 74' lang='lat' dir='ltr'>hoc</span> <span class='ocrx_word' id='word_1_389' title='bbox 2730 3248 2919 3316; x_wconf 81' lang='lat' dir='ltr'>ovili,</span> <span class='ocrx_word' id='word_1_390' title='bbox 2959 3246 3023 3308; x_wconf 90' lang='lat' dir='ltr'>id</span> <span class='ocrx_word' id='word_1_391' title='bbox 3069 3254 3165 3308; x_wconf 90' lang='lat' dir='ltr'>est</span> <span class='ocrx_word' id='word_1_392' title='bbox 3205 3247 3282 3309; x_wconf 93' lang='lat' dir='ltr'>de</span> <span class='ocrx_word' id='word_1_393' title='bbox 3326 3266 3639 3330; x_wconf 79' lang='lat' dir='ltr'>synagoga</span> <span class='ocrx_word' id='word_1_394' title='bbox 3686 3266 3797 3311; x_wconf 90' lang='lat' dir='ltr'>seu</span> <span class='ocrx_word' id='word_1_395' title='bbox 3842 3270 3953 3311; x_wconf 92' lang='lat' dir='ltr'>nu-</span> 
     </span>
    </p>
   </div>
   <div class='ocr_carea' id='block_1_19' title="bbox 577 3340 3949 3425">
    <p class='ocr_par' dir='ltr' id='par_1_20' title="bbox 577 3340 3949 3425">
     <span class='ocr_line' id='line_1_56' title="bbox 577 3340 3949 3425; baseline 0.003 -25"><span class='ocrx_word' id='word_1_396' title='bbox 577 3357 748 3402; x_wconf 65' lang='lat' dir='ltr'>mmu.</span> <span class='ocrx_word' id='word_1_397' title='bbox 774 3371 818 3409; x_wconf 77' lang='lat' dir='ltr'>v,</span> <span class='ocrx_word' id='word_1_398' title='bbox 851 3344 1134 3407; x_wconf 85' lang='lat' dir='ltr'>Salvator</span> <span class='ocrx_word' id='word_1_399' title='bbox 1185 3344 1356 3425; x_wconf 92' lang='lat' dir='ltr'>apud</span> <span class='ocrx_word' id='word_1_400' title='bbox 1399 3342 1778 3417; x_wconf 83' lang='lat' dir='ltr'>Matthaeum,</span> <span class='ocrx_word' id='word_1_401' title='bbox 1823 3342 2032 3406; x_wconf 83' lang='lat' dir='ltr'>Estote</span> <span class='ocrx_word' id='word_1_402' title='bbox 2080 3340 2344 3424; x_wconf 83' lang='lat' dir='ltr'>perfecti</span> <span class='ocrx_word' id='word_1_403' title='bbox 2460 3360 2634 3406; x_wconf 92' lang='lat' dir='ltr'>mero</span> <span class='ocrx_word' id='word_1_404' title='bbox 2669 3343 3051 3407; x_wconf 84' lang='lat' dir='ltr'>Judaeorum.</span> <span class='ocrx_word' id='word_1_405' title='bbox 3088 3348 3171 3407; x_wconf 81' lang='lat' dir='ltr'>Et</span> <span class='ocrx_word' id='word_1_406' title='bbox 3210 3347 3361 3406; x_wconf 83' lang='lat' dir='ltr'>illas</span> <span class='ocrx_word' id='word_1_407' title='bbox 3388 3356 3631 3425; x_wconf 77' lang='lat' dir='ltr'>oportet</span> <span class='ocrx_word' id='word_1_408' title='bbox 3671 3368 3795 3418; x_wconf 84' lang='lat' dir='ltr'>me,</span> <span class='ocrx_word' id='word_1_409' title='bbox 3824 3367 3949 3411; x_wconf 88' lang='lat' dir='ltr'>non</span> 
     </span>
    </p>
   </div>
   <div class='ocr_carea' id='block_1_20' title="bbox 557 3422 627 3463">
    <p class='ocr_par' dir='ltr' id='par_1_21' title="bbox 557 3422 627 3463">
     <span class='ocr_line' id='line_1_57' title="bbox 557 3422 627 3463; baseline 0 0"><span class='ocrx_word' id='word_1_410' title='bbox 557 3422 627 3463; x_wconf 70' lang='lat'>48.</span> 
     </span>
    </p>
   </div>
   <div class='ocr_carea' id='block_1_21' title="bbox 849 3440 2350 4212">
    <p class='ocr_par' dir='ltr' id='par_1_22' title="bbox 851 3440 2343 3523">
     <span class='ocr_line' id='line_1_58' title="bbox 851 3440 2343 3523; baseline -0.001 -20"><span class='ocrx_word' id='word_1_411' title='bbox 851 3442 1017 3504; x_wconf 92' lang='lat' dir='ltr'>sicut</span> <span class='ocrx_word' id='word_1_412' title='bbox 1045 3449 1107 3503; x_wconf 90' lang='lat' dir='ltr'>et</span> <span class='ocrx_word' id='word_1_413' title='bbox 1133 3441 1313 3503; x_wconf 89' lang='lat' dir='ltr'>Pater</span> <span class='ocrx_word' id='word_1_414' title='bbox 1342 3448 1549 3503; x_wconf 90' lang='lat' dir='ltr'>vester</span> <span class='ocrx_word' id='word_1_415' title='bbox 1577 3440 1852 3503; x_wconf 88' lang='lat' dir='ltr'>coelestis</span> <span class='ocrx_word' id='word_1_416' title='bbox 1885 3440 2203 3523; x_wconf 80' lang='lat' dir='ltr'>perfectus</span> <span class='ocrx_word' id='word_1_417' title='bbox 2234 3449 2343 3502; x_wconf 89' lang='lat' dir='ltr'>est.</span> 
     </span>
    </p>

    <p class='ocr_par' dir='ltr' id='par_1_23' title="bbox 849 3540 2350 4212">
     <span class='ocr_line' id='line_1_59' title="bbox 932 3540 2350 3621; baseline 0 -20"><span class='ocrx_word' id='word_1_418' title='bbox 932 3540 1222 3603; x_wconf 92' lang='lat' dir='ltr'>Secundo</span> <span class='ocrx_word' id='word_1_419' title='bbox 1253 3541 1595 3621; x_wconf 80' lang='lat' dir='ltr'>exponitur</span> <span class='ocrx_word' id='word_1_420' title='bbox 1624 3558 1637 3602; x_wconf 75' lang='grc' dir='ltr'>ε</span> <span class='ocrx_word' id='word_1_421' title='bbox 1673 3542 1861 3601; x_wconf 78' lang='lat' dir='ltr'>Sicut</span> <span class='ocrx_word' id='word_1_422' title='bbox 1891 3542 2071 3601; x_wconf 80' lang='lat' dir='ltr'>novit</span> <span class='ocrx_word' id='word_1_423' title='bbox 2103 3560 2200 3601; x_wconf 88' lang='lat' dir='ltr'>me</span> <span class='ocrx_word' id='word_1_424' title='bbox 2234 3544 2350 3602; x_wconf 84' lang='lat' dir='ltr'>Pa-</span> 
     </span>
     <span class='ocr_line' id='line_1_60' title="bbox 853 3640 2348 3720; baseline 0.002 -21"><span class='ocrx_word' id='word_1_425' title='bbox 853 3648 970 3709; x_wconf 81' lang='lat' dir='ltr'>ter,</span> <span class='ocrx_word' id='word_1_426' title='bbox 1021 3650 1080 3700; x_wconf 85' lang='lat' dir='ltr'>et</span> <span class='ocrx_word' id='word_1_427' title='bbox 1128 3659 1239 3717; x_wconf 71' lang='lat' dir='ltr'>eqo</span> <span class='ocrx_word' id='word_1_428' title='bbox 1288 3658 1556 3715; x_wconf 73' lang='lat' dir='ltr'>aynosco</span> <span class='ocrx_word' id='word_1_429' title='bbox 1605 3642 1870 3700; x_wconf 80' lang='lat' dir='ltr'>Patrem</span> <span class='ocrx_word' id='word_1_430' title='bbox 1910 3660 1932 3698; x_wconf 94' lang='lat'>.·</span> <span class='ocrx_word' id='word_1_431' title='bbox 1971 3640 2144 3720; x_wconf 92' lang='lat' dir='ltr'>quod</span> <span class='ocrx_word' id='word_1_432' title='bbox 2205 3640 2348 3702; x_wconf 92' lang='lat' dir='ltr'>ideo</span> 
     </span>
     <span class='ocr_line' id='line_1_61' title="bbox 853 3736 2343 3819; baseline 0 -20"><span class='ocrx_word' id='word_1_433' title='bbox 853 3738 1014 3811; x_wconf 89' lang='lat' dir='ltr'>dico,</span> <span class='ocrx_word' id='word_1_434' title='bbox 1080 3746 1148 3799; x_wconf 93' lang='lat' dir='ltr'>ut</span> <span class='ocrx_word' id='word_1_435' title='bbox 1212 3745 1419 3819; x_wconf 89' lang='lat' dir='ltr'>pateat</span> <span class='ocrx_word' id='word_1_436' title='bbox 1475 3756 1552 3798; x_wconf 87' lang='lat' dir='ltr'>ex</span> <span class='ocrx_word' id='word_1_437' title='bbox 1603 3756 1740 3818; x_wconf 86' lang='lat' dir='ltr'>quo</span> <span class='ocrx_word' id='word_1_438' title='bbox 1799 3736 1974 3800; x_wconf 88' lang='lat' dir='ltr'>fonte</span> <span class='ocrx_word' id='word_1_439' title='bbox 2037 3738 2343 3819; x_wconf 85' lang='lat' dir='ltr'>procedit,</span> 
     </span>
     <span class='ocr_line' id='line_1_62' title="bbox 849 3834 2349 3916; baseline 0.002 -21"><span class='ocrx_word' id='word_1_440' title='bbox 849 3836 1025 3916; x_wconf 88' lang='lat' dir='ltr'>quod</span> <span class='ocrx_word' id='word_1_441' title='bbox 1073 3853 1221 3898; x_wconf 90' lang='lat' dir='ltr'>oves</span> <span class='ocrx_word' id='word_1_442' title='bbox 1273 3852 1582 3913; x_wconf 85' lang='lat' dir='ltr'>cognosco</span> <span class='ocrx_word' id='word_1_443' title='bbox 1630 3843 1693 3896; x_wconf 93' lang='lat' dir='ltr'>et</span> <span class='ocrx_word' id='word_1_444' title='bbox 1747 3834 1962 3914; x_wconf 92' lang='lat' dir='ltr'>diligo.</span> <span class='ocrx_word' id='word_1_445' title='bbox 1998 3835 2086 3897; x_wconf 82' lang='lat' dir='ltr'>Ex</span> <span class='ocrx_word' id='word_1_446' title='bbox 2135 3854 2349 3898; x_wconf 89' lang='lat' dir='ltr'>amore</span> 
     </span>
     <span class='ocr_line' id='line_1_63' title="bbox 853 3932 2350 4005; baseline 0.001 -11"><span class='ocrx_word' id='word_1_447' title='bbox 853 3932 1025 3994; x_wconf 89' lang='lat' dir='ltr'>enim</span> <span class='ocrx_word' id='word_1_448' title='bbox 1067 3940 1288 3995; x_wconf 91' lang='lat' dir='ltr'>mutuo</span> <span class='ocrx_word' id='word_1_449' title='bbox 1329 3932 1521 3993; x_wconf 86' lang='lat' dir='ltr'>Patris</span> <span class='ocrx_word' id='word_1_450' title='bbox 1562 3940 1626 3994; x_wconf 92' lang='lat' dir='ltr'>et</span> <span class='ocrx_word' id='word_1_451' title='bbox 1663 3932 1825 4005; x_wconf 88' lang='lat' dir='ltr'>Filii,</span> <span class='ocrx_word' id='word_1_452' title='bbox 1862 3932 2096 3995; x_wconf 88' lang='lat' dir='ltr'>factum</span> <span class='ocrx_word' id='word_1_453' title='bbox 2141 3942 2237 3996; x_wconf 92' lang='lat' dir='ltr'>est</span> <span class='ocrx_word' id='word_1_454' title='bbox 2281 3942 2350 3995; x_wconf 88' lang='lat' dir='ltr'>ut</span> 
     </span>
     <span class='ocr_line' id='line_1_64' title="bbox 853 4030 2349 4112; baseline 0.002 -21"><span class='ocrx_word' id='word_1_455' title='bbox 853 4030 1049 4092; x_wconf 85' lang='lat' dir='ltr'>Filius</span> <span class='ocrx_word' id='word_1_456' title='bbox 1082 4049 1196 4112; x_wconf 89' lang='lat' dir='ltr'>pro</span> <span class='ocrx_word' id='word_1_457' title='bbox 1227 4030 1594 4093; x_wconf 89' lang='lat' dir='ltr'>hominibus</span> <span class='ocrx_word' id='word_1_458' title='bbox 1624 4038 1998 4093; x_wconf 89' lang='lat' dir='ltr'>moreretur.</span> <span class='ocrx_word' id='word_1_459' title='bbox 2032 4032 2177 4094; x_wconf 93' lang='lat' dir='ltr'>Ideo</span> <span class='ocrx_word' id='word_1_460' title='bbox 2206 4032 2349 4095; x_wconf 90' lang='lat' dir='ltr'>sub-</span> 
     </span>
     <span class='ocr_line' id='line_1_65' title="bbox 855 4128 2349 4212; baseline 0.002 -21"><span class='ocrx_word' id='word_1_461' title='bbox 855 4128 1026 4191; x_wconf 86' lang='lat' dir='ltr'>ditur</span> <span class='ocrx_word' id='word_1_462' title='bbox 1060 4147 1073 4191; x_wconf 88' lang='lat'>:</span> <span class='ocrx_word' id='word_1_463' title='bbox 1107 4139 1166 4190; x_wconf 80' lang='lat' dir='ltr'>et</span> <span class='ocrx_word' id='word_1_464' title='bbox 1195 4131 1490 4190; x_wconf 82' lang='lat' dir='ltr'>animam</span> <span class='ocrx_word' id='word_1_465' title='bbox 1522 4150 1727 4190; x_wconf 85' lang='lat' dir='ltr'>meam</span> <span class='ocrx_word' id='word_1_466' title='bbox 1747 4150 1940 4206; x_wconf 84' lang='lat' dir='ltr'>pono,</span> <span class='ocrx_word' id='word_1_467' title='bbox 1975 4131 2037 4192; x_wconf 92' lang='lat' dir='ltr'>id</span> <span class='ocrx_word' id='word_1_468' title='bbox 2069 4138 2185 4205; x_wconf 83' lang='lat' dir='ltr'>est,</span> <span class='ocrx_word' id='word_1_469' title='bbox 2224 4150 2349 4212; x_wconf 88' lang='lat' dir='ltr'>poe·</span> 
     </span>
    </p>
   </div>
   <div class='ocr_carea' id='block_1_22' title="bbox 2456 3443 3957 4215">
    <p class='ocr_par' dir='ltr' id='par_1_24' title="bbox 2456 3443 3957 4215">
     <span class='ocr_line' id='line_1_66' title="bbox 2461 3443 3955 3528; baseline 0.004 -27"><span class='ocrx_word' id='word_1_470' title='bbox 2461 3458 2575 3522; x_wconf 90' lang='lat' dir='ltr'>per</span> <span class='ocrx_word' id='word_1_471' title='bbox 2631 3443 3041 3517; x_wconf 90' lang='lat' dir='ltr'>coactionem,</span> <span class='ocrx_word' id='word_1_472' title='bbox 3104 3444 3213 3505; x_wconf 92' lang='lat' dir='ltr'>sed</span> <span class='ocrx_word' id='word_1_473' title='bbox 3270 3443 3599 3513; x_wconf 84' lang='lat' dir='ltr'>immobile</span> <span class='ocrx_word' id='word_1_474' title='bbox 3656 3444 3955 3528; x_wconf 89' lang='lat' dir='ltr'>benepla-</span> 
     </span>
     <span class='ocr_line' id='line_1_67' title="bbox 2460 3540 3955 3625; baseline 0.004 -24"><span class='ocrx_word' id='word_1_475' title='bbox 2460 3540 2679 3613; x_wconf 90' lang='lat' dir='ltr'>citum,</span> <span class='ocrx_word' id='word_1_476' title='bbox 2730 3544 3074 3609; x_wconf 77' lang='lat' dir='ltr'>adducere,</span> <span class='ocrx_word' id='word_1_477' title='bbox 3125 3541 3189 3603; x_wconf 92' lang='lat' dir='ltr'>id</span> <span class='ocrx_word' id='word_1_478' title='bbox 3236 3550 3331 3604; x_wconf 92' lang='lat' dir='ltr'>est</span> <span class='ocrx_word' id='word_1_479' title='bbox 3380 3560 3493 3623; x_wconf 84' lang='lat' dir='ltr'>per</span> <span class='ocrx_word' id='word_1_480' title='bbox 3540 3543 3955 3625; x_wconf 87' lang='lat' dir='ltr'>apostolicam</span> 
     </span>
     <span class='ocr_line' id='line_1_68' title="bbox 2460 3638 3957 3721; baseline 0.005 -24"><span class='ocrx_word' id='word_1_481' title='bbox 2460 3638 2969 3719; x_wconf 83' lang='lat' dir='ltr'>praedicationem</span> <span class='ocrx_word' id='word_1_482' title='bbox 3011 3648 3074 3701; x_wconf 89' lang='lat' dir='ltr'>et</span> <span class='ocrx_word' id='word_1_483' title='bbox 3116 3639 3389 3721; x_wconf 87' lang='lat' dir='ltr'>Spiritus</span> <span class='ocrx_word' id='word_1_484' title='bbox 3433 3639 3643 3704; x_wconf 87' lang='lat' dir='ltr'>Sancti</span> <span class='ocrx_word' id='word_1_485' title='bbox 3686 3641 3957 3705; x_wconf 87' lang='lat' dir='ltr'>illustra-</span> 
     </span>
     <span class='ocr_line' id='line_1_69' title="bbox 2456 3735 3955 3819; baseline 0.004 -20"><span class='ocrx_word' id='word_1_486' title='bbox 2456 3737 2695 3799; x_wconf 91' lang='lat' dir='ltr'>tionem</span> <span class='ocrx_word' id='word_1_487' title='bbox 2724 3738 2801 3799; x_wconf 87' lang='lat' dir='ltr'>ad</span> <span class='ocrx_word' id='word_1_488' title='bbox 2842 3735 3036 3799; x_wconf 82' lang='lat' dir='ltr'>fidem</span> <span class='ocrx_word' id='word_1_489' title='bbox 3072 3739 3388 3819; x_wconf 89' lang='lat' dir='ltr'>colligere,</span> <span class='ocrx_word' id='word_1_490' title='bbox 3423 3742 3593 3802; x_wconf 90' lang='lat' dir='ltr'>etde</span> <span class='ocrx_word' id='word_1_491' title='bbox 3628 3742 3955 3805; x_wconf 87' lang='lat' dir='ltr'>erroribus</span> 
     </span>
     <span class='ocr_line' id='line_1_70' title="bbox 2459 3834 3952 3916; baseline 0.004 -19"><span class='ocrx_word' id='word_1_492' title='bbox 2459 3834 2647 3897; x_wconf 91' lang='lat' dir='ltr'>variis</span> <span class='ocrx_word' id='word_1_493' title='bbox 2680 3836 2744 3896; x_wconf 91' lang='lat' dir='ltr'>in</span> <span class='ocrx_word' id='word_1_494' title='bbox 2775 3836 3012 3916; x_wconf 91' lang='lat' dir='ltr'>quibus</span> <span class='ocrx_word' id='word_1_495' title='bbox 3043 3846 3437 3911; x_wconf 88' lang='lat' dir='ltr'>erraverunt,</span> <span class='ocrx_word' id='word_1_496' title='bbox 3470 3839 3549 3900; x_wconf 87' lang='lat' dir='ltr'>ad</span> <span class='ocrx_word' id='word_1_497' title='bbox 3578 3839 3952 3903; x_wconf 82' lang='lat' dir='ltr'>catholicam</span> 
     </span>
     <span class='ocr_line' id='line_1_71' title="bbox 2457 3933 3953 4015; baseline 0.005 -21"><span class='ocrx_word' id='word_1_498' title='bbox 2457 3933 2786 3995; x_wconf 88' lang='lat' dir='ltr'>veritatem</span> <span class='ocrx_word' id='word_1_499' title='bbox 2842 3941 3033 4015; x_wconf 89' lang='lat' dir='ltr'>atque</span> <span class='ocrx_word' id='word_1_500' title='bbox 3090 3935 3583 3998; x_wconf 88' lang='lat' dir='ltr'>ecclesiasticam</span> <span class='ocrx_word' id='word_1_501' title='bbox 3644 3938 3953 4001; x_wconf 88' lang='lat' dir='ltr'>unitatem</span> 
     </span>
     <span class='ocr_line' id='line_1_72' title="bbox 2460 4032 3952 4113; baseline 0.005 -20"><span class='ocrx_word' id='word_1_502' title='bbox 2460 4034 2826 4113; x_wconf 87' lang='lat' dir='ltr'>perducere.</span> <span class='ocrx_word' id='word_1_503' title='bbox 2868 4032 3176 4096; x_wconf 86' lang='lat' dir='ltr'>Errabant</span> <span class='ocrx_word' id='word_1_504' title='bbox 3218 4034 3390 4096; x_wconf 90' lang='lat' dir='ltr'>enim</span> <span class='ocrx_word' id='word_1_505' title='bbox 3431 4035 3683 4097; x_wconf 88' lang='lat' dir='ltr'>alienati</span> <span class='ocrx_word' id='word_1_506' title='bbox 3722 4056 3761 4099; x_wconf 89' lang='lat' dir='ltr'>a</span> <span class='ocrx_word' id='word_1_507' title='bbox 3800 4056 3952 4101; x_wconf 84' lang='lat' dir='ltr'>vero</span> 
     </span>
     <span class='ocr_line' id='line_1_73' title="bbox 2461 4131 3945 4215; baseline 0.005 -24"><span class='ocrx_word' id='word_1_508' title='bbox 2461 4139 2727 4212; x_wconf 88' lang='lat' dir='ltr'>pastore,</span> <span class='ocrx_word' id='word_1_509' title='bbox 2770 4139 2833 4192; x_wconf 92' lang='lat' dir='ltr'>et</span> <span class='ocrx_word' id='word_1_510' title='bbox 2880 4131 3178 4213; x_wconf 90' lang='lat' dir='ltr'>luporum</span> <span class='ocrx_word' id='word_1_511' title='bbox 3230 4132 3529 4195; x_wconf 84' lang='lat' dir='ltr'>dentibus</span> <span class='ocrx_word' id='word_1_512' title='bbox 3579 4142 3945 4215; x_wconf 88' lang='lat' dir='ltr'>patuerunt.</span> 
     </span>
    </p>
   </div>
   <div class='ocr_carea' id='block_1_23' title="bbox 857 4225 3951 4312">
    <p class='ocr_par' dir='ltr' id='par_1_25' title="bbox 857 4225 3951 4312">
     <span class='ocr_line' id='line_1_74' title="bbox 857 4225 3951 4312; baseline 0.003 -25"><span class='ocrx_word' id='word_1_513' title='bbox 857 4225 954 4287; x_wconf 90' lang='lat' dir='ltr'>nis</span> <span class='ocrx_word' id='word_1_514' title='bbox 1010 4226 1229 4287; x_wconf 89' lang='lat' dir='ltr'>mortis</span> <span class='ocrx_word' id='word_1_515' title='bbox 1278 4243 1566 4307; x_wconf 79' lang='lat' dir='ltr'>expon03</span> <span class='ocrx_word' id='word_1_516' title='bbox 1622 4226 1742 4299; x_wconf 92' lang='lat' dir='ltr'>vel,</span> <span class='ocrx_word' id='word_1_517' title='bbox 1794 4227 2108 4302; x_wconf 86' lang='lat' dir='ltr'>Animam,</span> <span class='ocrx_word' id='word_1_518' title='bbox 2154 4228 2216 4290; x_wconf 91' lang='lat' dir='ltr'>id</span> <span class='ocrx_word' id='word_1_519' title='bbox 2255 4236 2350 4290; x_wconf 88' lang='lat' dir='ltr'>est</span> <span class='ocrx_word' id='word_1_520' title='bbox 2380 4232 2429 4293; x_wconf 90' lang='lat' dir='ltr'>D</span> <span class='ocrx_word' id='word_1_521' title='bbox 2460 4229 2718 4311; x_wconf 83' lang='lat' dir='ltr'>Propter</span> <span class='ocrx_word' id='word_1_522' title='bbox 2755 4230 2925 4310; x_wconf 89' lang='lat' dir='ltr'>quod</span> <span class='ocrx_word' id='word_1_523' title='bbox 2978 4230 3041 4291; x_wconf 90' lang='lat' dir='ltr'>in</span> <span class='ocrx_word' id='word_1_524' title='bbox 3082 4230 3288 4312; x_wconf 90' lang='lat' dir='ltr'>prima</span> <span class='ocrx_word' id='word_1_525' title='bbox 3336 4250 3448 4293; x_wconf 90' lang='lat' dir='ltr'>sua</span> <span class='ocrx_word' id='word_1_526' title='bbox 3498 4232 3810 4296; x_wconf 87' lang='lat' dir='ltr'>Canonica</span> <span class='ocrx_word' id='word_1_527' title='bbox 3849 4255 3951 4297; x_wconf 86' lang='lat' dir='ltr'>as-</span> 
     </span>
    </p>
   </div>
   <div class='ocr_carea' id='block_1_24' title="bbox 854 4324 2347 4504">
    <p class='ocr_par' dir='ltr' id='par_1_26' title="bbox 854 4324 2347 4504">
     <span class='ocr_line' id='line_1_75' title="bbox 857 4324 2347 4406; baseline 0 -19"><span class='ocrx_word' id='word_1_528' title='bbox 857 4324 1050 4387; x_wconf 89' lang='lat' dir='ltr'>vitam</span> <span class='ocrx_word' id='word_1_529' title='bbox 1092 4324 1503 4405; x_wconf 87' lang='lat' dir='ltr'>corporalem,</span> <span class='ocrx_word' id='word_1_530' title='bbox 1533 4343 1697 4406; x_wconf 91' lang='lat' dir='ltr'>pono</span> <span class='ocrx_word' id='word_1_531' title='bbox 1729 4324 1793 4386; x_wconf 91' lang='lat' dir='ltr'>in</span> <span class='ocrx_word' id='word_1_532' title='bbox 1832 4344 1938 4387; x_wconf 88' lang='lat' dir='ltr'>ara</span> <span class='ocrx_word' id='word_1_533' title='bbox 1968 4326 2197 4400; x_wconf 81' lang='lat' dir='ltr'>cruciS‚</span> <span class='ocrx_word' id='word_1_534' title='bbox 2226 4347 2347 4405; x_wconf 79' lang='lat' dir='ltr'>pro</span> 
     </span>
     <span class='ocr_line' id='line_1_76' title="bbox 854 4420 2347 4504; baseline 0.002 -22"><span class='ocrx_word' id='word_1_535' title='bbox 854 4424 1078 4483; x_wconf 72' lang='lat' dir='ltr'>ovibus</span> <span class='ocrx_word' id='word_1_536' title='bbox 1116 4420 1297 4490; x_wconf 76' lang='lat' dir='ltr'>meis,</span> <span class='ocrx_word' id='word_1_537' title='bbox 1339 4430 1410 4484; x_wconf 94' lang='lat' dir='ltr'>ut</span> <span class='ocrx_word' id='word_1_538' title='bbox 1446 4441 1482 4483; x_wconf 98' lang='lat' dir='ltr'>a</span> <span class='ocrx_word' id='word_1_539' title='bbox 1521 4430 1722 4485; x_wconf 86' lang='lat' dir='ltr'>morte</span> <span class='ocrx_word' id='word_1_540' title='bbox 1766 4423 2005 4504; x_wconf 88' lang='lat' dir='ltr'>peccati</span> <span class='ocrx_word' id='word_1_541' title='bbox 2045 4443 2118 4485; x_wconf 89' lang='lat' dir='ltr'>ac</span> <span class='ocrx_word' id='word_1_542' title='bbox 2158 4423 2347 4486; x_wconf 85' lang='lat' dir='ltr'>inferi</span> 
     </span>
    </p>
   </div>
   <div class='ocr_carea' id='block_1_25' title="bbox 2458 4328 4241 4512">
    <p class='ocr_par' dir='ltr' id='par_1_27' title="bbox 2458 4328 4241 4512">
     <span class='ocr_line' id='line_1_77' title="bbox 2458 4328 4241 4411; baseline 0.006 -20"><span class='ocrx_word' id='word_1_543' title='bbox 2458 4329 2613 4391; x_wconf 89' lang='lat' dir='ltr'>serit</span> <span class='ocrx_word' id='word_1_544' title='bbox 2654 4328 2870 4390; x_wconf 89' lang='lat' dir='ltr'>Petrus</span> <span class='ocrx_word' id='word_1_545' title='bbox 2906 4346 2920 4391; x_wconf 90' lang='lat'>:</span> <span class='ocrx_word' id='word_1_546' title='bbox 2956 4328 3156 4391; x_wconf 79' lang='lat' dir='ltr'>Eratis</span> <span class='ocrx_word' id='word_1_547' title='bbox 3204 4329 3544 4411; x_wconf 88' lang='lat' dir='ltr'>aliquando</span> <span class='ocrx_word' id='word_1_548' title='bbox 3587 4331 3752 4394; x_wconf 90' lang='lat' dir='ltr'>sicut</span> <span class='ocrx_word' id='word_1_549' title='bbox 3796 4352 3949 4397; x_wconf 80' lang='lat' dir='ltr'>oves</span> <span class='ocrx_word' id='word_1_550' title='bbox 4024 4354 4241 4401; x_wconf 59' lang='lat' dir='ltr'>werna.</span> 
     </span>
     <span class='ocr_line' id='line_1_78' title="bbox 2458 4420 4051 4512; baseline 0.004 -23"><span class='ocrx_word' id='word_1_551' title='bbox 2458 4434 2760 4500; x_wconf 83' lang='lat' dir='ltr'>erranteS,</span> <span class='ocrx_word' id='word_1_552' title='bbox 2813 4427 2924 4488; x_wconf 84' lang='lat' dir='ltr'>sed</span> <span class='ocrx_word' id='word_1_553' title='bbox 2968 4427 3257 4489; x_wconf 85' lang='lat' dir='ltr'>conversi</span> <span class='ocrx_word' id='word_1_554' title='bbox 3307 4429 3457 4490; x_wconf 91' lang='lat' dir='ltr'>estis</span> <span class='ocrx_word' id='word_1_555' title='bbox 3504 4430 3583 4491; x_wconf 89' lang='lat' dir='ltr'>ad</span> <span class='ocrx_word' id='word_1_556' title='bbox 3632 4440 3948 4512; x_wconf 83' lang='lat' dir='ltr'>pastorem</span> <span class='ocrx_word' id='word_1_557' title='bbox 3976 4420 4051 4461; x_wconf 75' lang='lat'>²⁵·</span> 
     </span>
    </p>
   </div>
   <div class='ocr_carea' id='block_1_26' title="bbox 581 4519 3954 4605">
    <p class='ocr_par' dir='ltr' id='par_1_28' title="bbox 581 4519 3954 4605">
     <span class='ocr_line' id='line_1_79' title="bbox 581 4519 3954 4605; baseline 0.005 -30"><span class='ocrx_word' id='word_1_558' title='bbox 581 4532 826 4585; x_wconf 49' lang='lat' dir='ltr'>sauma.</span> <span class='ocrx_word' id='word_1_559' title='bbox 858 4519 1232 4582; x_wconf 88' lang='lat' dir='ltr'>liberentur.</span> <span class='ocrx_word' id='word_1_560' title='bbox 1275 4520 1450 4582; x_wconf 82' lang='lat' dir='ltr'>Unde</span> <span class='ocrx_word' id='word_1_561' title='bbox 1490 4520 1676 4582; x_wconf 88' lang='lat' dir='ltr'>lsaias</span> <span class='ocrx_word' id='word_1_562' title='bbox 1717 4521 1871 4583; x_wconf 89' lang='lat' dir='ltr'>dicit</span> <span class='ocrx_word' id='word_1_563' title='bbox 1905 4541 1916 4583; x_wconf 92' lang='lat'>:</span> <span class='ocrx_word' id='word_1_564' title='bbox 1953 4520 2235 4584; x_wconf 80' lang='lat' dir='ltr'>Tradidit</span> <span class='ocrx_word' id='word_1_565' title='bbox 2282 4524 2349 4585; x_wconf 89' lang='lat' dir='ltr'>in</span> <span class='ocrx_word' id='word_1_566' title='bbox 2458 4532 2521 4585; x_wconf 92' lang='lat' dir='ltr'>et</span> <span class='ocrx_word' id='word_1_567' title='bbox 2548 4524 2921 4605; x_wconf 89' lang='lat' dir='ltr'>episcopum</span> <span class='ocrx_word' id='word_1_568' title='bbox 2949 4524 3305 4586; x_wconf 88' lang='lat' dir='ltr'>animarum</span> <span class='ocrx_word' id='word_1_569' title='bbox 3336 4533 3709 4589; x_wconf 85' lang='lat' dir='ltr'>vestrarum.</span> <span class='ocrx_word' id='word_1_570' title='bbox 3732 4527 3809 4590; x_wconf 82' lang='lat' dir='ltr'>Et</span> <span class='ocrx_word' id='word_1_571' title='bbox 3836 4529 3954 4591; x_wconf 88' lang='lat' dir='ltr'>lsa-</span> 
     </span>
    </p>
   </div>
   <div class='ocr_carea' id='block_1_27' title="bbox 859 4618 2345 4683">
    <p class='ocr_par' dir='ltr' id='par_1_29' title="bbox 859 4618 2345 4683">
     <span class='ocr_line' id='line_1_80' title="bbox 859 4618 2345 4683; baseline 0.001 -2"><span class='ocrx_word' id='word_1_572' title='bbox 859 4626 1126 4681; x_wconf 90' lang='lat' dir='ltr'>mortem</span> <span class='ocrx_word' id='word_1_573' title='bbox 1177 4618 1452 4681; x_wconf 88' lang='lat' dir='ltr'>animam</span> <span class='ocrx_word' id='word_1_574' title='bbox 1505 4638 1705 4681; x_wconf 86' lang='lat' dir='ltr'>suam.</span> <span class='ocrx_word' id='word_1_575' title='bbox 1749 4618 1823 4680; x_wconf 90' lang='lat' dir='ltr'>Et</span> <span class='ocrx_word' id='word_1_576' title='bbox 1861 4620 2161 4682; x_wconf 84' lang='lat' dir='ltr'>Jeremias</span> <span class='ocrx_word' id='word_1_577' title='bbox 2208 4620 2345 4683; x_wconf 88' lang='lat' dir='ltr'>ait:</span> 
     </span>
    </p>
   </div>
   <div class='ocr_carea' id='block_1_28' title="bbox 2462 4620 4225 4705">
    <p class='ocr_par' dir='ltr' id='par_1_30' title="bbox 2462 4620 4225 4705">
     <span class='ocr_line' id='line_1_81' title="bbox 2462 4620 4225 4705; baseline 0.008 -22"><span class='ocrx_word' id='word_1_578' title='bbox 2462 4622 2551 4684; x_wconf 89' lang='lat' dir='ltr'>ias</span> <span class='ocrx_word' id='word_1_579' title='bbox 2590 4639 2604 4683; x_wconf 76' lang='grc' dir='ltr'>ε</span> <span class='ocrx_word' id='word_1_580' title='bbox 2643 4620 2873 4683; x_wconf 89' lang='lat' dir='ltr'>Omnes</span> <span class='ocrx_word' id='word_1_581' title='bbox 2911 4622 3179 4703; x_wconf 88' lang='lat' dir='ltr'>(inquit)</span> <span class='ocrx_word' id='word_1_582' title='bbox 3219 4642 3331 4686; x_wconf 91' lang='lat' dir='ltr'>nos</span> <span class='ocrx_word' id='word_1_583' title='bbox 3370 4625 3553 4705; x_wconf 88' lang='lat' dir='ltr'>quasi</span> <span class='ocrx_word' id='word_1_584' title='bbox 3592 4644 3743 4688; x_wconf 89' lang='lat' dir='ltr'>oves</span> <span class='ocrx_word' id='word_1_585' title='bbox 3781 4645 3953 4690; x_wconf 83' lang='lat' dir='ltr'>erra-</span> <span class='ocrx_word' id='word_1_586' title='bbox 4000 4652 4225 4702; x_wconf 68' lang='lat' dir='ltr'>1⁸.u.,0.</span> 
     </span>
    </p>
   </div>
   <div class='ocr_carea' id='block_1_29' title="bbox 565 4716 3953 4801">
    <p class='ocr_par' dir='ltr' id='par_1_31' title="bbox 565 4716 3953 4801">
     <span class='ocr_line' id='line_1_82' title="bbox 565 4716 3953 4801; baseline 0.004 -27"><span class='ocrx_word' id='word_1_587' title='bbox 565 4730 830 4781; x_wconf 45' lang='lat' dir='ltr'>:erant-1,</span> <span class='ocrx_word' id='word_1_588' title='bbox 860 4716 1010 4779; x_wconf 90' lang='lat' dir='ltr'>Dedi</span> <span class='ocrx_word' id='word_1_589' title='bbox 1060 4716 1352 4779; x_wconf 86' lang='lat' dir='ltr'>dilectam</span> <span class='ocrx_word' id='word_1_590' title='bbox 1403 4717 1678 4779; x_wconf 90' lang='lat' dir='ltr'>animam</span> <span class='ocrx_word' id='word_1_591' title='bbox 1730 4736 1933 4780; x_wconf 90' lang='lat' dir='ltr'>meam</span> <span class='ocrx_word' id='word_1_592' title='bbox 1978 4718 2042 4779; x_wconf 91' lang='lat' dir='ltr'>in</span> <span class='ocrx_word' id='word_1_593' title='bbox 2089 4739 2351 4781; x_wconf 89' lang='lat' dir='ltr'>manum</span> <span class='ocrx_word' id='word_1_594' title='bbox 2464 4719 2695 4794; x_wconf 88' lang='lat' dir='ltr'>vimus,</span> <span class='ocrx_word' id='word_1_595' title='bbox 2738 4719 3182 4801; x_wconf 90' lang='lat' dir='ltr'>unusquisque</span> <span class='ocrx_word' id='word_1_596' title='bbox 3220 4721 3285 4783; x_wconf 89' lang='lat' dir='ltr'>in</span> <span class='ocrx_word' id='word_1_597' title='bbox 3326 4722 3491 4783; x_wconf 90' lang='lat' dir='ltr'>viam</span> <span class='ocrx_word' id='word_1_598' title='bbox 3534 4742 3715 4785; x_wconf 88' lang='lat' dir='ltr'>suam</span> <span class='ocrx_word' id='word_1_599' title='bbox 3758 4726 3953 4788; x_wconf 91' lang='lat' dir='ltr'>decli-</span> 
     </span>
    </p>
   </div>
   <div class='ocr_carea' id='block_1_30' title="bbox 857 4815 2355 5095">
    <p class='ocr_par' dir='ltr' id='par_1_32' title="bbox 857 4815 2355 5095">
     <span class='ocr_line' id='line_1_83' title="bbox 861 4815 2354 4880; baseline 0.002 -4"><span class='ocrx_word' id='word_1_600' title='bbox 861 4815 1268 4879; x_wconf 90' lang='lat' dir='ltr'>inimicorum</span> <span class='ocrx_word' id='word_1_601' title='bbox 1305 4834 1612 4878; x_wconf 88' lang='lat' dir='ltr'>meorum.</span> <span class='ocrx_word' id='word_1_602' title='bbox 1644 4816 1710 4877; x_wconf 91' lang='lat' dir='ltr'>ln</span> <span class='ocrx_word' id='word_1_603' title='bbox 1753 4817 1852 4878; x_wconf 91' lang='lat' dir='ltr'>his</span> <span class='ocrx_word' id='word_1_604' title='bbox 1889 4836 2038 4880; x_wconf 86' lang='lat' dir='ltr'>vero</span> <span class='ocrx_word' id='word_1_605' title='bbox 2077 4825 2138 4879; x_wconf 88' lang='lat' dir='ltr'>et</span> <span class='ocrx_word' id='word_1_606' title='bbox 2178 4818 2354 4879; x_wconf 90' lang='lat' dir='ltr'>simi-</span> 
     </span>
     <span class='ocr_line' id='line_1_84' title="bbox 857 4913 2355 4997; baseline 0.001 -21"><span class='ocrx_word' id='word_1_607' title='bbox 857 4915 1029 4977; x_wconf 81' lang='lat' dir='ltr'>libus</span> <span class='ocrx_word' id='word_1_608' title='bbox 1070 4913 1304 4988; x_wconf 89' lang='lat' dir='ltr'>verbis,</span> <span class='ocrx_word' id='word_1_609' title='bbox 1351 4932 1463 4995; x_wconf 89' lang='lat' dir='ltr'>per</span> <span class='ocrx_word' id='word_1_610' title='bbox 1504 4915 1781 4976; x_wconf 90' lang='lat' dir='ltr'>animam</span> <span class='ocrx_word' id='word_1_611' title='bbox 1824 4934 2002 4977; x_wconf 83' lang='lat' dir='ltr'>suam</span> <span class='ocrx_word' id='word_1_612' title='bbox 2053 4916 2355 4997; x_wconf 87' lang='lat' dir='ltr'>intelligit</span> 
     </span>
     <span class='ocr_line' id='line_1_85' title="bbox 861 5012 2350 5095; baseline 0.001 -19"><span class='ocrx_word' id='word_1_613' title='bbox 861 5013 1146 5076; x_wconf 89' lang='lat' dir='ltr'>Christus</span> <span class='ocrx_word' id='word_1_614' title='bbox 1207 5030 1273 5074; x_wconf 89' lang='lat' dir='ltr'>se</span> <span class='ocrx_word' id='word_1_615' title='bbox 1331 5020 1529 5075; x_wconf 87' lang='lat' dir='ltr'>totum</span> <span class='ocrx_word' id='word_1_616' title='bbox 1599 5012 2082 5095; x_wconf 88' lang='lat' dir='ltr'>perfectumque</span> <span class='ocrx_word' id='word_1_617' title='bbox 2144 5015 2350 5077; x_wconf 88' lang='lat' dir='ltr'>homi-</span> 
     </span>
    </p>
   </div>
   <div class='ocr_carea' id='block_1_31' title="bbox 862 5208 2356 5391">
    <p class='ocr_par' dir='ltr' id='par_1_33' title="bbox 862 5208 2356 5391">
     <span class='ocr_line' id='line_1_86' title="bbox 862 5208 2356 5290; baseline 0.001 -19"><span class='ocrx_word' id='word_1_618' title='bbox 862 5210 991 5272; x_wconf 81' lang='lat' dir='ltr'>side</span> <span class='ocrx_word' id='word_1_619' title='bbox 1031 5210 1177 5274; x_wconf 90' lang='lat' dir='ltr'>vivo</span> <span class='ocrx_word' id='word_1_620' title='bbox 1216 5208 1358 5271; x_wconf 90' lang='lat' dir='ltr'>Filii</span> <span class='ocrx_word' id='word_1_621' title='bbox 1401 5209 1528 5284; x_wconf 90' lang='lat' dir='ltr'>Dei,</span> <span class='ocrx_word' id='word_1_622' title='bbox 1562 5210 1673 5290; x_wconf 91' lang='lat' dir='ltr'>qui</span> <span class='ocrx_word' id='word_1_623' title='bbox 1714 5210 1935 5272; x_wconf 85' lang='lat' dir='ltr'>dilexit</span> <span class='ocrx_word' id='word_1_624' title='bbox 1973 5229 2097 5285; x_wconf 78' lang='lat' dir='ltr'>ine,</span> <span class='ocrx_word' id='word_1_625' title='bbox 2133 5219 2196 5273; x_wconf 91' lang='lat' dir='ltr'>et</span> <span class='ocrx_word' id='word_1_626' title='bbox 2234 5220 2356 5273; x_wconf 86' lang='lat' dir='ltr'>tra-</span> 
     </span>
     <span class='ocr_line' id='line_1_87' title="bbox 863 5308 2355 5391; baseline -0.001 -19"><span class='ocrx_word' id='word_1_627' title='bbox 863 5308 1023 5373; x_wconf 90' lang='lat' dir='ltr'>didit</span> <span class='ocrx_word' id='word_1_628' title='bbox 1065 5308 1478 5389; x_wconf 88' lang='lat' dir='ltr'>semetipsum</span> <span class='ocrx_word' id='word_1_629' title='bbox 1529 5326 1646 5388; x_wconf 91' lang='lat' dir='ltr'>pro</span> <span class='ocrx_word' id='word_1_630' title='bbox 1683 5326 1807 5370; x_wconf 90' lang='lat' dir='ltr'>me.</span> <span class='ocrx_word' id='word_1_631' title='bbox 1852 5309 2137 5391; x_wconf 89' lang='lat' dir='ltr'>Denique</span> <span class='ocrx_word' id='word_1_632' title='bbox 2177 5309 2355 5372; x_wconf 89' lang='lat' dir='ltr'>Chri-</span> 
     </span>
    </p>
   </div>
   <div class='ocr_carea' id='block_1_32' title="bbox 2458 4818 3955 5098">
    <p class='ocr_par' dir='ltr' id='par_1_34' title="bbox 2458 4818 3955 5098">
     <span class='ocr_line' id='line_1_88' title="bbox 2461 4818 3951 4904; baseline 0.004 -23"><span class='ocrx_word' id='word_1_633' title='bbox 2461 4818 2656 4881; x_wconf 84' lang='lat' dir='ltr'>navit.</span> <span class='ocrx_word' id='word_1_634' title='bbox 2685 4821 2769 4879; x_wconf 79' lang='lat' dir='ltr'>Et</span> <span class='ocrx_word' id='word_1_635' title='bbox 2798 4838 3005 4878; x_wconf 85' lang='lat' dir='ltr'>vocem</span> <span class='ocrx_word' id='word_1_636' title='bbox 3037 4838 3271 4888; x_wconf 81' lang='lat' dir='ltr'>meam,</span> <span class='ocrx_word' id='word_1_637' title='bbox 3303 4819 3367 4882; x_wconf 91' lang='lat' dir='ltr'>id</span> <span class='ocrx_word' id='word_1_638' title='bbox 3394 4828 3490 4882; x_wconf 90' lang='lat' dir='ltr'>est</span> <span class='ocrx_word' id='word_1_639' title='bbox 3520 4824 3951 4904; x_wconf 85' lang='lat' dir='ltr'>evangelicam</span> 
     </span>
     <span class='ocr_line' id='line_1_89' title="bbox 2462 4914 3955 4997; baseline 0.003 -18"><span class='ocrx_word' id='word_1_640' title='bbox 2462 4917 2661 4997; x_wconf 90' lang='lat' dir='ltr'>legem</span> <span class='ocrx_word' id='word_1_641' title='bbox 2711 4923 2901 4997; x_wconf 91' lang='lat' dir='ltr'>atque</span> <span class='ocrx_word' id='word_1_642' title='bbox 2950 4914 3261 4979; x_wconf 85' lang='lat' dir='ltr'>internam</span> <span class='ocrx_word' id='word_1_643' title='bbox 3312 4918 3782 4995; x_wconf 87' lang='lat' dir='ltr'>allocutionem,</span> <span class='ocrx_word' id='word_1_644' title='bbox 3831 4943 3955 4983; x_wconf 77' lang='lat' dir='ltr'>au—</span> 
     </span>
     <span class='ocr_line' id='line_1_90' title="bbox 2458 5014 3947 5098; baseline 0.005 -22"><span class='ocrx_word' id='word_1_645' title='bbox 2458 5018 2664 5081; x_wconf 76' lang='lat' dir='ltr'>dient,</span> <span class='ocrx_word' id='word_1_646' title='bbox 2706 5014 3020 5076; x_wconf 90' lang='lat' dir='ltr'>credendo</span> <span class='ocrx_word' id='word_1_647' title='bbox 3060 5022 3123 5075; x_wconf 91' lang='lat' dir='ltr'>et</span> <span class='ocrx_word' id='word_1_648' title='bbox 3164 5014 3536 5092; x_wconf 90' lang='lat' dir='ltr'>obediendo,</span> <span class='ocrx_word' id='word_1_649' title='bbox 3568 5018 3751 5098; x_wconf 85' lang='lat' dir='ltr'>juxta</span> <span class='ocrx_word' id='word_1_650' title='bbox 3792 5020 3947 5083; x_wconf 92' lang='lat' dir='ltr'>illud</span> 
     </span>
    </p>
   </div>
   <div class='ocr_carea' id='block_1_33' title="bbox 567 5111 4237 5226">
    <p class='ocr_par' dir='ltr' id='par_1_35' title="bbox 567 5111 4237 5226">
     <span class='ocr_line' id='line_1_91' title="bbox 567 5111 4237 5226; baseline 0.003 -53"><span class='ocrx_word' id='word_1_651' title='bbox 567 5120 830 5226; x_wconf 72' lang='lat' dir='ltr'>2⁰Galat-n.</span> <span class='ocrx_word' id='word_1_652' title='bbox 861 5129 1009 5174; x_wconf 90' lang='lat' dir='ltr'>nem</span> <span class='ocrx_word' id='word_1_653' title='bbox 1043 5130 1056 5174; x_wconf 91' lang='lat'>:</span> <span class='ocrx_word' id='word_1_654' title='bbox 1090 5111 1625 5193; x_wconf 89' lang='lat' dir='ltr'>quemadmodum</span> <span class='ocrx_word' id='word_1_655' title='bbox 1671 5112 1824 5173; x_wconf 91' lang='lat' dir='ltr'>dicit</span> <span class='ocrx_word' id='word_1_656' title='bbox 1870 5113 2230 5194; x_wconf 79' lang='lat' dir='ltr'>ApostoluS,</span> <span class='ocrx_word' id='word_1_657' title='bbox 2285 5113 2352 5174; x_wconf 91' lang='lat' dir='ltr'>ln</span> <span class='ocrx_word' id='word_1_658' title='bbox 2464 5113 2528 5175; x_wconf 92' lang='lat' dir='ltr'>in</span> <span class='ocrx_word' id='word_1_659' title='bbox 2578 5112 2819 5174; x_wconf 89' lang='lat' dir='ltr'>Psalmo</span> <span class='ocrx_word' id='word_1_660' title='bbox 2872 5131 2885 5174; x_wconf 75' lang='grc' dir='ltr'>ε</span> <span class='ocrx_word' id='word_1_661' title='bbox 2939 5112 3215 5194; x_wconf 91' lang='lat' dir='ltr'>Populus</span> <span class='ocrx_word' id='word_1_662' title='bbox 3264 5132 3455 5194; x_wconf 89' lang='lat' dir='ltr'>quem</span> <span class='ocrx_word' id='word_1_663' title='bbox 3507 5134 3631 5179; x_wconf 90' lang='lat' dir='ltr'>non</span> <span class='ocrx_word' id='word_1_664' title='bbox 3682 5120 3947 5199; x_wconf 79' lang='lat' dir='ltr'>cognovi</span> <span class='ocrx_word' id='word_1_665' title='bbox 3978 5142 4237 5193; x_wconf 49' lang='lat' dir='ltr'>mamas.</span> 
     </span>
    </p>
   </div>
   <div class='ocr_carea' id='block_1_34' title="bbox 2463 5210 4241 5319">
    <p class='ocr_par' dir='ltr' id='par_1_36' title="bbox 2463 5210 4241 5319">
     <span class='ocr_line' id='line_1_92' title="bbox 2463 5210 4241 5319; baseline 0.009 -46"><span class='ocrx_word' id='word_1_666' title='bbox 2463 5211 2725 5274; x_wconf 91' lang='lat' dir='ltr'>servivit</span> <span class='ocrx_word' id='word_1_667' title='bbox 2756 5211 2937 5285; x_wconf 89' lang='lat' dir='ltr'>mihi,</span> <span class='ocrx_word' id='word_1_668' title='bbox 2973 5210 3039 5271; x_wconf 90' lang='lat' dir='ltr'>in</span> <span class='ocrx_word' id='word_1_669' title='bbox 3068 5211 3288 5273; x_wconf 87' lang='lat' dir='ltr'>auditu</span> <span class='ocrx_word' id='word_1_670' title='bbox 3320 5215 3493 5275; x_wconf 89' lang='lat' dir='ltr'>auris</span> <span class='ocrx_word' id='word_1_671' title='bbox 3522 5214 3805 5279; x_wconf 79' lang='lat' dir='ltr'>obedivit</span> <span class='ocrx_word' id='word_1_672' title='bbox 3832 5218 3955 5279; x_wconf 85' lang='lat' dir='ltr'>mi·</span> <span class='ocrx_word' id='word_1_673' title='bbox 3996 5272 4241 5319; x_wconf 31' lang='lat' dir='ltr'>Mam·</span> 
     </span>
    </p>
   </div>
   <div class='ocr_carea' id='block_1_35' title="bbox 2465 5308 4050 5393">
    <p class='ocr_par' dir='ltr' id='par_1_37' title="bbox 2465 5308 4050 5393">
     <span class='ocr_line' id='line_1_93' title="bbox 2465 5308 4050 5393; baseline 0.006 -22"><span class='ocrx_word' id='word_1_674' title='bbox 2465 5310 2553 5371; x_wconf 91' lang='lat' dir='ltr'>hi.</span> <span class='ocrx_word' id='word_1_675' title='bbox 2596 5308 2672 5372; x_wconf 86' lang='lat' dir='ltr'>Et</span> <span class='ocrx_word' id='word_1_676' title='bbox 2717 5309 2947 5371; x_wconf 88' lang='lat' dir='ltr'>Paulus</span> <span class='ocrx_word' id='word_1_677' title='bbox 2992 5327 3005 5371; x_wconf 75' lang='grc' dir='ltr'>ε</span> <span class='ocrx_word' id='word_1_678' title='bbox 3052 5308 3279 5373; x_wconf 89' lang='lat' dir='ltr'>Notum</span> <span class='ocrx_word' id='word_1_679' title='bbox 3328 5310 3595 5393; x_wconf 87' lang='lat' dir='ltr'>(inquit)</span> <span class='ocrx_word' id='word_1_680' title='bbox 3642 5314 3729 5376; x_wconf 86' lang='lat' dir='ltr'>sit</span> <span class='ocrx_word' id='word_1_681' title='bbox 3768 5314 3951 5379; x_wconf 83' lang='lat' dir='ltr'>vobis</span> <span class='ocrx_word' id='word_1_682' title='bbox 3978 5338 4050 5380; x_wconf 60' lang='grc' dir='ltr'>ιε.</span> 
     </span>
    </p>
   </div>
   <div class='ocr_carea' id='block_1_36' title="bbox 4292 306 4300 2811">
    <p class='ocr_par' dir='ltr' id='par_1_38' title="bbox 4292 306 4300 2811">
     <span class='ocr_line' id='line_1_94' title="bbox 4292 306 4300 2811; baseline 0 0"><span class='ocrx_word' id='word_1_683' title='bbox 4292 306 4300 2811; x_wconf 95' lang='lat' dir='ltr'> </span> 
     </span>
    </p>
   </div>
   <div class='ocr_carea' id='block_1_37' title="bbox 4292 3672 4300 6228">
    <p class='ocr_par' dir='ltr' id='par_1_39' title="bbox 4292 3672 4300 6228">
     <span class='ocr_line' id='line_1_95' title="bbox 4292 3672 4300 6228; baseline 0 0"><span class='ocrx_word' id='word_1_684' title='bbox 4292 3672 4300 6228; x_wconf 95' lang='lat' dir='ltr'> </span> 
     </span>
    </p>
   </div>
  </div>
 </body>
</html>
