4300 6259
1208 520 1559 569 ENARRATIO
1601 520 1665 566 m
1710 519 1848 567 car.
1895 520 2045 566 xxiv
2086 519 2276 567 Luem.
2323 538 2404 549 —
2443 520 2587 566 ΑΜ.
2634 522 2667 565 ι,
3353 502 3470 569 261

368 693 702 776 propriam
755 712 827 755 ac
873 692 1254 755 immensam
1313 674 1684 766 bonitatem,
1737 709 1878 773 per·
1906 690 1955 752 A
1984 691 2211 768 borati,
2244 699 2436 775 atque
2479 712 2516 755 a
2565 692 2832 774 pristina
2878 690 3222 754 formidine
3267 691 3478 754 suble·

366 790 717 853 sectionem
766 798 830 852 et
874 790 1335 852 beatitudinem
1383 789 1546 870 ejuS‚
1582 807 1729 851 eum
1775 788 1878 869 ju-
1984 791 2134 853 vati.
2181 790 2412 853 Tamen
2462 792 2633 873 quod
2676 790 2885 873 primo
2934 790 3175 852 dictum
3223 798 3340 865 est,
3379 808 3480 853 ve-

82 887 338 961 ranum&
366 889 536 971 giter
566 889 1025 961 benedicendo,
1060 890 1226 951 sicut
1258 889 1347 951 ait
1378 888 1688 970 Propheta
1722 907 1735 951 ε
1769 886 1880 949 Be-
1987 889 2118 950 rius
2184 890 2553 963 aestimatur,
2614 896 2677 951 et
2732 888 2832 950 his
2889 906 3032 969 quae
3093 888 3159 949 in
3216 887 3480 950 Actibus

368 988 669 1050 nedicam
703 987 1040 1049 Dominum
1072 987 1137 1048 in
1169 987 1344 1050 omni
1379 994 1686 1068 tempore.
1719 985 1878 1047 Hinc
1986 988 2352 1050 scribuntur
2379 988 2832 1069 Apostolorum,
2848 986 3044 1067 magis
3076 987 3483 1049 concordans.

100 1108 339 1159 Aetnae,
370 1086 611 1166 legitur
650 1086 715 1148 in
754 1085 1019 1149 Actibus
1055 1104 1068 1147 :
1102 1084 1393 1157 Quotidie
1431 1092 1610 1147 erant
1650 1085 1879 1166 perdu-
2064 1085 2405 1159 PostremO,
2440 1086 2713 1167 qualiter
2764 1092 3240 1168 praememorata
3287 1084 3486 1147 domi-

85 1173 145 1212 ⁴⁷·
371 1192 589 1246 rantes
638 1184 1028 1246 unanimiter
1070 1184 1137 1245 in
1187 1184 1445 1265 temp10‚
1475 1190 1537 1245 et
1586 1181 1878 1262 frangen-
1985 1184 2145 1246 nicae
2182 1184 2661 1248 resurrectionis
2700 1190 3092 1265 argumenta,
3127 1182 3357 1245 Christi
3390 1200 3486 1245 re·

372 1290 468 1345 tes
512 1282 685 1345 circa
723 1284 943 1345 domos
984 1299 1238 1364 panem,
1274 1281 1611 1343 sumebant
1660 1281 1876 1342 cibum
1985 1283 2444 1345 surrectionem
2475 1281 2874 1344 sufficienter
2903 1282 3192 1363 probant,
3213 1280 3481 1343 Thomas

373 1400 525 1444 cum
565 1380 1008 1455 exsultatione,
1043 1380 1370 1442 laudantes
1409 1378 1630 1441 Deum.
1664 1378 1740 1440 Et
1772 1380 1878 1440 de-
1987 1380 2052 1443 in
2100 1381 2286 1442 tertia
2324 1387 2500 1461 parte
2540 1379 2816 1442 Summae
2861 1398 2990 1442 suae
3038 1378 3483 1459 magistraliter

86 1499 338 1553 mama.
372 1498 505 1543 nuo
540 1498 556 1542 ε
590 1478 776 1541 Omni
824 1479 927 1541 die
974 1497 1100 1542 non
1142 1477 1493 1552 cessabant,
1524 1477 1588 1538 in
1635 1477 1876 1559 templo
1985 1481 2187 1543 docet.

368 1586 434 1639 et
474 1579 647 1640 circa
683 1579 902 1642 domos
942 1579 1238 1639 docentes
1277 1583 1340 1638 et
1374 1575 1875 1656 evangelizantes
2062 1576 2389 1639 Discamus
2429 1594 2576 1657 ergo
2615 1583 2676 1638 et
2716 1595 2830 1639 nos
2865 1595 3010 1638 cum
3052 1574 3287 1637 sanctis
3318 1576 3481 1657 Apo-

369 1675 698 1737 Christum
725 1675 956 1737 Jesum.
989 1673 1138 1746 Quae
1174 1674 1388 1737 omnia
1427 1680 1569 1755 post
1600 1672 1873 1754 Spiritus
1984 1674 2162 1738 stolis
2221 1676 2286 1736 in
2347 1674 2587 1756 templo
2649 1691 2903 1756 semper
2960 1673 3479 1755 unanimiterque

366 1773 583 1836 Sancti
626 1774 692 1836 in
734 1774 915 1855 signo
958 1772 1198 1835 visibili
1238 1772 1703 1853 susceptionem
1754 1771 1875 1833 Lu-
1983 1791 2262 1847 manere,
2297 1791 2411 1856 per
2449 1772 2784 1845 orationeS,
2816 1771 3062 1853 jejunia
3109 1778 3171 1833 et
3216 1770 3340 1833 alia
3377 1788 3481 1832 cx-

364 1892 471 1935 cas
521 1872 745 1935 recitat
792 1872 1153 1952 contigisse.
1185 1870 1635 1932 Verumtamen
1677 1868 1874 1933 Theo-
1911 1876 1956 1937 B
1982 1871 2202 1933 ercitia
2230 1870 2530 1944 virtuosa,
2565 1871 2642 1931 ad
2681 1870 3124 1951 quotidianum
3161 1868 3376 1949 gratiae
3405 1886 3478 1929 ac

365 1972 587 2053 philus
639 1971 814 2045 dicit,
848 1989 954 2034 eos
994 1970 1183 2032 etiam
1226 1969 1390 2030 inter
1420 1968 1870 2031 Ascensionem
1986 1970 2291 2033 virtutum
2330 1975 2740 2049 augmentum
2780 1986 2894 2030 nos
2935 1984 3309 2049 praeparare‚
3343 1964 3482 2028 Om-

354 2079 429 2132 et
456 2070 871 2131 Pentecosten
902 2088 1049 2131 cum
1078 2068 1221 2130 aliis
1262 2067 1573 2149 templum
1606 2068 1873 2130 intrasse
1985 2068 2376 2150 nipotentem
2433 2066 2668 2148 jugiter
2712 2066 3091 2128 bcnedicere
3141 2084 3214 2127 ac
3267 2065 3481 2126 lauda-

368 2188 563 2231 causa
606 2167 906 2231 orationis
956 2176 1018 2230 et
1059 2166 1263 2229 laudis
1313 2166 1568 2240 divinae,
1604 2166 1755 2247 quia
1796 2184 1872 2227 ex
1985 2185 2073 2241 re,
2106 2166 2219 2248 qui
2259 2173 2356 2227 est
2393 2182 2588 2246 super
2628 2164 2844 2227 omnia
2881 2162 3044 2226 Deus
3085 2163 3379 2225 sublimis
3417 2170 3480 2225 et

364 2266 745 2329 ascensione
782 2264 1121 2330 Salvatoris
1166 2272 1347 2326 erant
1383 2263 1747 2346 aliqualiter
1780 2283 1875 2327 ro-
1984 2263 2380 2326 benedictus.
2413 2262 2636 2323 Amen.

752 3706 941 3755 FINIS
1004 3704 1683 3755 COMMENTARlORUM
1744 3704 1815 3752 IN
1882 3700 2346 3752 EVANGELIUM
2411 3699 2800 3751 SECUNDUM
2863 3700 3102 3750 LUCAM
