4300 6259
65 873 84 896 θ
97 807 268 851 Manli.
304 823 338 861 ι,

93 4664 248 4708 Joann
251 4677 350 4714 .....

1121 524 1473 572 nummulo
1516 525 1580 571 IN
1621 525 1759 572 cAP.
1807 527 1911 572 xlv
1952 527 2229 575 JoANms.
2275 549 2355 560 ·-
2396 533 2537 578 ART.
2584 535 2752 582 XXXV

3362 521 3481 584 533

369 695 726 777 assumpsi,
778 696 901 760 feci
953 705 1014 760 et
1073 697 1329 780 pertuli.
1380 696 1621 761 Nomen
1671 704 1879 759 autem
1912 697 2257 780 Agratiam
2304 721 2339 764 a
2387 703 2545 769 Filio
2592 708 2823 769 datam.
2866 707 2985 771 Sed
3026 708 3328 791 quoniam
3378 728 3483 772 ex-

374 794 642 877 Christi,
685 804 780 858 est
815 797 1016 872 JcsuS‚
1052 798 1222 878 quod
1263 797 1717 878 interpretatur
1755 796 1884 859 Sal-

375 903 584 959 vator.
620 896 862 959 Idcirco
892 897 958 958 in
999 897 1259 959 nomine
1294 896 1436 958 Filii
1473 895 1576 957 Dei
1619 904 1680 957 et
1712 895 1883 959 Chri-

375 993 461 1056 sti
524 994 770 1058 Patrem
831 1002 1067 1077 petere,
1131 1002 1226 1057 est
1282 993 1392 1056 illa
1453 1012 1670 1075 rogare
1737 1015 1881 1076 quae

374 1110 531 1155 vere
575 1094 924 1174 expediunt
972 1094 1222 1168 animae,
1257 1093 1502 1156 scilicet
1543 1093 1708 1156 bona
1753 1095 1881 1175 spi-

371 1191 637 1254 ritualia
677 1201 741 1254 et
783 1193 1068 1265 honesta,
1102 1211 1246 1273 quae
1295 1200 1443 1254 sunt
1488 1192 1774 1268 virtuteS,
1818 1200 1879 1253 et

370 1291 564 1365 dona,
619 1298 680 1352 et
725 1291 946 1372 gratia,
997 1291 1095 1354 vel
1143 1291 1333 1352 etiam
1384 1290 1756 1371 corporalia,
1810 1291 1876 1353 in

367 1397 690 1470 quantum
721 1389 1076 1451 necessaria
1105 1395 1256 1450 sunt
1282 1389 1360 1451 ad
1391 1388 1747 1470 spiritualia
1777 1390 1881 1453 bo-

371 1505 456 1549 na
493 1487 926 1569 adipiscenda,
961 1487 1268 1568 augenda,
1304 1489 1735 1550 conservanda
1771 1497 1879 1550 aut

373 1589 898 1650 consummanda.
933 1586 1389 1669 Quodcumque
1439 1605 1586 1668 ergo
1630 1587 1722 1649 sic
1772 1605 1878 1669 pe-

372 1685 630 1761 tieritis,
664 1689 780 1746 hoc
805 1687 1081 1764 faciam,
1111 1685 1174 1748 id
1214 1694 1332 1760 est,
1366 1685 1698 1748 exaudiam
1738 1703 1878 1767 pre-

375 1803 518 1846 cem
571 1793 868 1858 vestram,
922 1791 984 1846 et
1039 1783 1320 1866 implebo
1374 1785 1543 1865 quod
1602 1784 1880 1866 postula-

1987 799 2207 862 audire
2239 802 2542 883 competit
2573 804 2817 868 Christo
2850 807 3091 870 ratione
3121 808 3353 870 divinae
3384 827 3483 870 na-

1989 903 2168 972 turae,
2204 899 2269 960 in
2319 920 2447 981 qua
2491 901 2655 965 Patri
2700 905 2961 986 aequalis
3000 914 3115 980 cst,
3154 907 3483 968 adverten-

1989 996 2142 1057 dum
2191 998 2361 1079 quod
2406 998 2692 1062 Christus
2742 1003 2832 1064 sic
2882 1004 3138 1066 exaudit
3186 1012 3257 1065 ut
3306 1004 3482 1066 Pater

1991 1112 2103 1175 per
2140 1093 2371 1158 Filium
2410 1098 2826 1178 glorificetur,
2863 1100 2925 1163 id
2965 1109 3062 1163 est
3099 1102 3175 1164 ad
3214 1101 3481 1182 gloriam

1988 1191 2207 1267 Patris,
2244 1202 2313 1256 ut
2360 1195 2551 1259 etiam
2602 1199 2894 1261 exaudiat
2942 1201 3020 1262 ad
3066 1200 3330 1281 gloriam
3381 1201 3479 1262 sui

1989 1291 2192 1372 ipsius
2239 1313 2312 1355 ac
2360 1293 2634 1376 Spiritus
2687 1297 2918 1360 Sancti.
2960 1298 3115 1361 Nam
3164 1299 3481 1381 quidquid

1985 1389 2064 1450 fit
2111 1392 2188 1453 ad
2236 1392 2501 1472 gloriam
2548 1395 2737 1456 unius
2783 1396 3015 1460 divinae
3063 1397 3369 1472 Personae‚
3402 1398 3481 1460 ad

1986 1488 2180 1550 totius
2224 1492 2889 1573 supergloriosissimae
2925 1494 3002 1557 fit
3040 1495 3306 1576 gloriam
3347 1496 3482 1558 Tri-

1987 1586 2252 1668 nitatis3
2304 1595 2366 1650 et
2414 1589 2727 1672 quidquid
2777 1611 2903 1655 una
2946 1593 3163 1656 divina
3212 1593 3481 1657 Persona

1985 1685 2113 1766 agit
2161 1687 2236 1748 ad
2283 1687 2547 1767 gloriam
2597 1689 2879 1766 alteriuS,
2912 1692 3041 1772 agit
3086 1693 3164 1754 ad
3212 1692 3478 1773 gloriam

1987 1785 2332 1866 propriam.
2364 1785 2499 1848 Non
2542 1787 2715 1850 enim
2759 1789 2850 1851 sic
2892 1799 3191 1871 operatur
3230 1792 3307 1852 ad
3348 1791 3483 1871 glo-

373 1883 480 1944 tis,
525 1883 661 1945 Non
711 1883 888 1956 dicit,
919 1882 1049 1945 Hoc
1097 1881 1288 1945 faciet
1333 1882 1533 1956 Pater,
1572 1883 1702 1957 sed,
1748 1882 1875 1945 Hoc
1912 1883 1960 1944 B
1987 1881 2144 1944 riam
2192 1883 2475 1959 alteriuS,
2508 1885 2690 1967 quasi
2744 1905 2867 1948 una
2906 1887 2988 1949 sit
3036 1887 3285 1968 dignior
3320 1889 3478 1969 alia;

372 1981 631 2056 faciam,
687 1989 757 2043 ut
812 1982 1101 2044 ostendat
1149 1999 1216 2044 se
1265 1981 1456 2043 simul
1505 2000 1650 2042 cum
1699 1980 1876 2043 Patre

373 2081 701 2154 exaudire,
732 2081 1132 2162 gratiamque
1174 2077 1485 2154 conferre,
1521 2079 1877 2160 justificare

373 2189 440 2242 et
479 2179 864 2253 salvificare,
899 2179 986 2241 ita
1023 2180 1193 2260 quod
1237 2178 1374 2260 ipse
1413 2186 1475 2241 et
1513 2178 1690 2240 Pater
1729 2185 1878 2240 sunt

377 2298 550 2341 unus
601 2278 952 2341 exauditor.
1004 2278 1072 2340 ln
1122 2296 1251 2358 quo
1301 2277 1576 2340 declarat
1623 2295 1691 2339 se
1739 2295 1876 2339 esse

375 2377 543 2440 Patri
591 2377 926 2458 aequalem,
961 2375 1590 2450 consubstantialem,
1624 2394 1877 2437 verum-

373 2493 508 2557 que
555 2475 774 2550 Deum,
809 2474 1113 2556 quoniam
1166 2491 1386 2556 preces
1435 2473 1725 2536 fidelium
1775 2493 1878 2536 ex-

371 2574 622 2649 audire,
653 2573 1014 2655 justificare
1052 2580 1114 2635 et
1142 2572 1407 2647 salvare,
1444 2572 1567 2635 Deo
1605 2581 1704 2636 est
1735 2591 1880 2655 pro-

375 2675 619 2756 prium.

461 2773 727 2847 Interea,
790 2771 842 2834 si
903 2771 1048 2853 quis
1109 2771 1228 2832 rite
1284 2771 1661 2846 consideret,
1724 2771 1880 2833 sciet

371 2872 548 2953 quod
631 2867 982 2933 ineffabilis
1055 2886 1446 2950 prorsusque
1518 2869 1877 2950 incompre—

372 2969 714 3034 hensibilis
766 2968 850 3030 sit
907 2965 1306 3050 profunditas
1356 2985 1548 3029 sacrae
1599 2966 1882 3048 Scriptu-

1985 1981 2094 2042 sed
2123 1981 2440 2062 quidquid
2480 1981 2683 2044 efficit
2720 1983 2906 2058 Deus,
2939 1984 3093 2048 facit
3134 1993 3195 2047 et
3234 1987 3485 2050 ordinat

1983 2079 2060 2140 ad
2103 2079 2370 2159 gloriam
2418 2099 2597 2142 suam
2643 2080 2944 2158 finaliter,
2982 2091 3050 2144 ut
3094 2084 3233 2164 ejus
3277 2084 3484 2166 perfe-

1985 2177 2109 2239 ctio
2160 2177 2224 2239 in
2272 2181 2576 2241 creaturis
2628 2182 3046 2262 resplendeat,
3081 2191 3144 2244 et
3187 2183 3325 2265 ipse
3375 2183 3484 2247 ho-

1984 2283 2247 2338 noretur
2301 2277 2380 2338 ab
2444 2276 2981 2342 intellectualibus
3049 2280 3262 2344 rebus.
3324 2281 3483 2346 Hinc

1984 2374 2296 2456 scriptum
2347 2383 2441 2438 est
2493 2395 2507 2438 ε
2560 2375 2784 2440 Omnia
2832 2387 3095 2461 propter
3142 2397 3211 2442 se
3267 2381 3481 2462 ipsum
3510 2407 3792 2460 eroum-..a

1984 2480 2281 2554 operatus
2320 2481 2418 2536 est
2456 2474 2779 2538 Dominus,
2820 2476 2891 2538 Et
2933 2495 3048 2559 per
3084 2477 3478 2541 Ezechielem

1984 2571 2289 2635 Dominus
2336 2574 2422 2635 ait
2460 2593 2473 2636 ε
2512 2573 2644 2638 Νοη
2698 2583 2957 2657 propter
3004 2595 3116 2640 vos
3166 2595 3282 2658 ego
3331 2578 3484 2640 faci·
3561 2605 3732 2650 amn.

1986 2768 2106 2842 bis,
2152 2770 2260 2830 sed
2310 2777 2569 2851 propter
2618 2788 2849 2833 nomen
2903 2780 3191 2835 sanctum
3240 2793 3477 2837 meum.

2065 2867 2369 2930 Praeterea
2424 2867 2709 2930 Christus
2758 2869 3025 2932 resumit
3070 2873 3243 2951 quod
3298 2872 3478 2949 dixit,

1985 2967 2250 3047 aitque:
2286 2968 2367 3028 Si
2409 2969 2593 3045 quid,
2638 2967 2699 3028 id
2750 2976 2845 3029 est
2892 2967 3137 3051 aliquid
3190 2970 3477 3051 dignum,

374 3089 485 3144 rae,
522 3067 875 3151 praesertim
908 3067 973 3129 in
1003 3066 1332 3147 cvangelio
1361 3063 1878 3128 excellentissimi
1915 3065 1957 3128 C
1986 3064 2157 3146 quod
2190 3063 2254 3125 in
2287 3064 2512 3126 ordine
2540 3064 2617 3126 ad
2650 3064 2949 3128 ultimum
2978 3066 3179 3129 finem
3208 3068 3483 3150 alicujus

374 3167 785 3248 evangelistae
842 3163 1122 3228 deificati
1178 3165 1458 3228 Joannis.
1519 3164 1673 3227 Nam
1734 3163 1878 3226 ubi-

376 3283 661 3347 cumque
707 3264 950 3346 aliquid
1002 3264 1078 3325 de
1122 3262 1355 3326 Christi
1403 3261 1761 3324 humilitate
1812 3263 1878 3326 in

1987 3162 2311 3244 dignitatis
2344 3163 2550 3225 valeat
2589 3165 2890 3246 reputari,
2918 3168 3243 3245 petieritis
3270 3169 3345 3229 in
3373 3189 3485 3230 no-

1986 3264 2165 3324 mine
2196 3281 2351 3323 meo.
2386 3261 2500 3324 Hic
2531 3281 2655 3325 non
2697 3265 3001 3346 exprimit
3034 3264 3299 3342 Patrem,
3332 3267 3485 3349 quia

378 3363 576 3427 verbo
610 3362 709 3427 vel
749 3361 916 3425 facto
955 3361 1043 3423 ait
1079 3359 1426 3442 Scriptura,
1461 3379 1606 3423 mox
1636 3360 1878 3442 aliquid
1983 3359 2112 3440 jam
2156 3377 2305 3422 eum
2350 3361 2707 3442 expressit3
2748 3368 2810 3423 et
2850 3363 3025 3436 item,
3070 3364 3223 3445 quia
3258 3384 3295 3427 a
3330 3384 3487 3447 qua-

378 3465 458 3526 de
496 3462 637 3543 ejus
678 3459 1068 3523 sublimitate
1107 3459 1487 3533 annectitur,
1521 3468 1583 3521 et
1626 3467 1882 3523 econtra

378 3562 774 3642 frequenter,
809 3577 890 3620 ne
930 3559 1028 3621 vcl
1078 3558 1268 3621 homo
1312 3575 1532 3638 puruS,
1569 3557 1665 3619 vel
1717 3557 1880 3620 Deus

381 3658 778 3742 phantastice
809 3658 1172 3720 incarnatus
1203 3662 1482 3737 putetur.
1511 3654 1679 3717 Paris
1711 3656 1878 3717 enim

383 3757 654 3842 periculi
713 3765 830 3832 est,
883 3756 1233 3818 secundum
1291 3753 1562 3818 Leonem
1623 3754 1876 3836 Papam,

381 3859 435 3921 si
485 3857 582 3919 illi
634 3856 735 3919 vel
793 3863 1023 3918 nostrae
1080 3861 1320 3916 naturae
1375 3852 1726 3928 humilitaS,
1779 3853 1881 3916 vel

383 3957 620 4020 divinae
675 3961 915 4016 naturae
971 3953 1265 4033 majestas
1323 3952 1532 4014 inesse
1590 3959 1876 4032 negetur.

379 4054 690 4129 Quoniam
740 4071 888 4133 ergo
939 4052 1223 4115 Christus
1272 4069 1444 4112 nunc
1492 4050 1670 4125 dixit,
1708 4051 1880 4131 quod

382 4155 714 4217 credentes
755 4152 820 4213 in
861 4151 1075 4233 ipsum
1125 4149 1363 4230 majora
1401 4148 1627 4211 facturi
1671 4155 1880 4210 essent

1987 3476 2265 3539 cumque
2297 3459 2514 3521 divina
2542 3458 2811 3523 Persona
2848 3468 3118 3542 petatur,
3153 3462 3348 3524 Filius
3378 3481 3485 3525 cx-

1986 3555 2163 3619 audit
2191 3562 2253 3618 et
2283 3563 2412 3618 tota
2441 3556 2734 3618 Trinitas.
2762 3560 2900 3618 Hoc
2927 3559 3197 3635 faciam.
3225 3559 3485 3624 Possent

1987 3655 2092 3716 hic
2141 3655 2341 3716 multa
2390 3654 2651 3736 inquiri,
2705 3657 3025 3736 quomodo
3074 3656 3483 3739 intelligenda

1984 2689 2109 2744 am,
2163 2671 2318 2733 dicit
2368 2670 2672 2734 Dominus
2734 2673 2917 2748 DeuS,
2968 2683 3189 2737 notum
3248 2676 3331 2738 sit
3376 2695 3484 2740 vo-
3510 2671 3747 2773 3¹⁹¹·2'·

3620 2990 3687 3046 14

1987 3752 2116 3815 sint
2172 3752 2327 3827 haec,
2381 3772 2582 3833 quum
2631 3753 2860 3816 Paulus
2908 3761 3005 3816 ter
3051 3757 3327 3819 oraverit
3374 3757 3486 3819 sti-
3538 3783 3774 3836 ucomu,

1987 3851 2237 3913 mulum
2286 3851 2495 3912 carnis
2552 3850 2673 3912 sibi
2723 3850 2984 3927 auferri,
3038 3861 3101 3915 et
3148 3855 3483 3919 exauditus
3512 3849 3615 3898 ⁸⁸⁹·

1989 3969 2114 4014 non
2165 3950 2267 4023 sit,
2320 3950 2427 4010 sed
2478 3950 2643 4030 legio
2692 3952 3048 4014 daemonum
3100 3972 3244 4034 quae
3300 3955 3485 4037 petiit
3510 3981 3771 4031 mmmmm,

1989 4049 2153 4112 mitti
2201 4049 2263 4110 in
2316 4067 2563 4130 porcOS‚
2598 4050 2999 4130 cognoscitur
3040 4053 3354 4117 exaudita.
3389 4054 3482 4117 Ad
3511 4044 3664 4094 ³¹·³²·

1989 4148 2110 4210 hoc
2138 4154 2329 4227 atque
2360 4147 2594 4209 similia
2632 4147 2912 4210 breviter
2942 4152 3478 4232 respondendum,

380 4271 580 4336 quam
611 4252 771 4333 ipse,
806 4267 888 4312 ne
927 4267 1002 4310 ex
1035 4249 1154 4310 hoc
1192 4248 1362 4310 aliud
1403 4247 1734 4329 quidpiam
1769 4249 1880 4310 mi-
1913 4253 1963 4314 D
1990 4247 2160 4328 quod
2218 4247 2474 4327 quando
2530 4265 2783 4308 oramus
2843 4247 3058 4312 debito
3114 4250 3321 4325 modo,
3370 4270 3481 4314 seu

381 4371 506 4415 nus
546 4351 808 4431 dignum
859 4349 1200 4410 sentiretur
1244 4347 1320 4408 de
1360 4345 1518 4409 Filio
1570 4346 1698 4420 Dei,
1733 4346 1882 4408 sub-

379 4450 560 4532 jecit,
593 4447 656 4510 Si
707 4447 867 4528 quid
915 4444 1224 4527 petieritis
1277 4445 1518 4506 Patrem
1562 4444 1628 4506 in
1679 4444 1882 4508 nomi-

385 4568 468 4612 ne
517 4566 681 4621 meo,
735 4547 853 4610 hoc
901 4545 1177 4624 faciam3
1229 4551 1292 4605 et
1341 4563 1464 4607 non
1517 4544 1698 4618 dixit,
1753 4543 1881 4620 Hoc

381 4648 579 4711 faciet
625 4645 804 4708 Pater
850 4663 864 4707 :
911 4651 975 4707 et
1023 4651 1232 4705 tamen
1284 4643 1403 4706 hoc
1452 4641 1618 4704 infra
1666 4643 1773 4717 ait,
1817 4641 1879 4705 Si

1991 4347 2136 4408 curn
2180 4345 2653 4408 conditionibus
2694 4346 2897 4408 tribus
2935 4348 3013 4409 ad
3052 4348 3351 4411 orationis
3382 4368 3484 4412 ex-

1989 4442 2451 4507 audibilitatem
2503 4442 2848 4525 requisitis,
2901 4444 3334 4509 indubitanter
3379 4467 3486 4510 ex-

1988 4543 2305 4605 audimur.
2339 4540 2488 4613 Quae
2526 4542 2918 4605 conditiones
2957 4551 3105 4606 sunt
3146 4552 3271 4606 tres
3307 4564 3321 4609 ε
3356 4545 3486 4608 Pri-

1991 4661 2113 4712 ma,
2153 4648 2219 4701 ut
2250 4648 2540 4721 petamus
2580 4640 2888 4702 instanter
2917 4658 3028 4703 seu
3070 4640 3479 4721 incessanter,

382 4746 543 4829 quid
591 4742 950 4826 (inquiens)
999 4741 1308 4823 petieritis
1358 4740 1599 4803 Patrem
1661 4742 1724 4803 in
1775 4761 1883 4804 no-
1988 4738 2168 4819 juxta
2200 4737 2358 4799 illud
2389 4736 2891 4819 Lucae:Oportct
2921 4756 3173 4821 semper
3202 4751 3601 4814 orat-actm
3622 4759 3777 4808 uma.

385 4843 564 4907 mine
607 4861 770 4915 meo,
819 4839 994 4902 dabit
1038 4839 1239 4903 vobis,

477 4945 557 5005 Ut
599 4941 1006 5019 qlorificetur
1047 4940 1248 5000 Pater
1289 4939 1358 4998 in
1407 4939 1604 5010 Filio,
1653 4937 1715 5000 id
1764 4947 1879 5012 est,

383 5042 465 5104 ad
515 5039 688 5101 hunc
735 5037 936 5099 finem
990 5035 1428 5117 principaliter
1470 5055 1582 5099 vos
1631 5037 1887 5098 exaudi-

383 5159 512 5212 am,
555 5143 870 5219 quatenus
922 5133 1084 5196 Deus
1133 5133 1312 5196 Pater
1356 5134 1690 5214 gloriosuS,
1739 5135 1884 5217 pius

385 5244 582 5318 atque
631 5233 1036 5314 omnipotens
1089 5239 1486 5312 agnoscatur,
1541 5241 1603 5294 et
1647 5252 1682 5294 a
1731 5231 1889 5294 fide-

389 5335 566 5398 libus
607 5333 797 5414 digne
837 5331 1185 5394 honoretur
1215 5331 1280 5392 in
1321 5330 1500 5406 Filio,
1535 5331 1598 5394 id
1641 5337 1736 5394 est
1776 5349 1890 5413 per
1999 5329 2260 5393 nomine
2304 5346 2466 5390 meo.
2502 5326 2731 5403 Tertia,
2766 5335 2837 5389 ut
2885 5336 3177 5411 petamus
3225 5351 3341 5415 pro
3382 5352 3494 5397 no-

1992 4857 2117 4900 non
2167 4834 2465 4898 deficere.
2511 4835 2819 4910 Secunda,
2867 4845 2937 4898 ut
2986 4845 3275 4918 petamus
3326 4840 3487 4904 salu-

1991 4936 2214 5013 briter,
2252 4942 2441 5016 prout
2487 4934 2753 4997 Joannes
2804 4934 2991 4996 habet
3027 4955 3040 4998 :
3076 4936 3219 4999 Haec
3266 4946 3364 5001 est
3407 4939 3487 5001 fi-
3530 4953 3775 5004 υοωιω,

1994 5033 2179 5096 ducia
2207 5051 2401 5114 quam
2432 5031 2740 5094 habemus
2772 5033 2847 5094 ad
2879 5032 3095 5109 Deum,
3116 5035 3271 5116 quia
3299 5038 3488 5118 quod·
3515 5019 3580 5061 ¹⁴·

1994 5149 2271 5212 cumque
2303 5129 2677 5212 petierimus
2712 5132 3062 5194 secundum
3094 5134 3485 5198 voluntatem

1995 5230 2159 5311 ejuS,
2204 5228 2381 5290 audit
2430 5247 2565 5291 nos.
2616 5228 2796 5291 Unde
2845 5249 3017 5292 nunc
3065 5231 3300 5295 dicitur
3351 5252 3364 5296 :
3417 5235 3486 5296 ln
