4300 6259
610 2090 722 2121 vers.
745 2080 810 2120 15.

586 3164 694 3208 Luc.
710 3179 754 3216 v,
771 3167 812 3208 8.

569 3361 703 3404 Rom.
725 3374 768 3411 x,
793 3362 833 3404 2.

867 498 987 562 516

1585 515 1935 563 ENARRATm
1977 515 2040 561 m
2083 513 2221 560 cAP.
2267 512 2379 559 xm
2421 511 2696 560 JoANNJs.
2743 531 2823 540 —
2864 512 3006 559 Am.
3052 512 3251 558 xxxm

865 686 1338 750 venerabilibus
1395 687 1692 749 manibus
1751 687 1943 769 pedes
2003 702 2179 747 meos
2238 683 2359 744 im·
2390 682 2439 744 A
2470 681 2523 744 si
2562 681 2807 745 Christo
2848 681 3273 746 consensisset
3314 681 3382 743 in
3426 681 3568 744 isto.
3608 679 3767 742 Nam
3816 679 3965 741 lieet

864 785 1136 847 mundos
1184 803 1256 846 ac
1305 784 1588 847 sordidos
1646 791 1903 864 tangere
1952 783 2047 845 vis
2097 788 2161 843 et
2210 799 2361 862 pur-

861 885 1053 962 gare?
1095 883 1222 946 Hoc
1265 883 1627 945 nullatenus
1671 883 1872 944 decet.
1905 881 1952 944 Ο
1991 899 2187 963 quam
2232 897 2363 940 ma-

863 998 1027 1060 gnus
1087 980 1212 1043 fuit
1268 981 1448 1044 Jesus
1513 981 1576 1041 in
1639 980 1842 1044 oculis
1905 979 2092 1054 Petri,
2156 995 2359 1059 quum

866 1079 1046 1154 dixit,
1099 1080 1239 1142 Tul
1292 1088 1355 1142 et
1413 1099 1606 1161 quam
1668 1098 1904 1161 parvus
1961 1077 2084 1140 fuit
2139 1077 2359 1139 Petrus

867 1177 934 1238 in
973 1177 1174 1240 oculis
1219 1177 1519 1259 propriiS,
1561 1177 1816 1258 quando
1857 1175 2111 1256 adjecit,
2154 1173 2302 1235 Mihi
2341 1179 2355 1232 !

863 1277 1219 1354 Respondit
1264 1279 1469 1346 Iesus,
1517 1285 1578 1336 et
1621 1277 1802 1336 dixit
1849 1275 1910 1333 ei
1948 1295 1970 1333 .·
2023 1275 2206 1342 Quod
2250 1290 2359 1348 eqo

863 1375 1062 1453 facio,
1094 1373 1158 1435 id
1201 1381 1316 1448 est,
1351 1372 1559 1436 faeere
1605 1373 1767 1448 volo,
1804 1382 1874 1434 tu
1914 1373 2116 1432 nescis
2160 1373 2360 1438 mode,

865 1471 930 1533 id
985 1479 1100 1546 est,
1162 1490 1418 1533 eausam
1477 1471 1672 1551 hujus
1734 1470 2110 1532 humilitatis
2169 1476 2360 1550 atque

864 1570 1155 1652 obsequii
1201 1570 1479 1634 nondum
1528 1569 1853 1650 intelligis,
1899 1569 2040 1632 ideo
2077 1586 2239 1649 opus
2283 1567 2363 1628 is-

864 1670 978 1731 tud
1017 1688 1143 1732 non
1183 1669 1329 1743 sciS,
1363 1667 1667 1749 quoniam
1711 1667 1896 1743 scire,
1932 1674 2028 1729 est
2064 1685 2202 1728 rem
2248 1683 2362 1747 per

865 1785 1118 1829 causam
1177 1784 1556 1847 cognoscere
1592 1785 1608 1846 3
1658 1768 1816 1827 scies
1871 1775 2089 1826 autem
2145 1773 2360 1842 postea

2471 780 2623 843 lotio
2671 781 2905 862 pedum
2955 799 3082 843 non
3128 780 3210 842 sit
3244 781 3323 842 de
3358 780 3504 861 jure
3546 779 3819 842 naturali
3862 778 3963 841 vel

2472 879 2687 942 divino
2726 878 3123 960 simpliciter,
3158 877 3281 940 fuit
3318 885 3527 940 tamen
3558 879 3636 940 de
3672 877 3819 958 jure
3856 896 3969 958 po-

2472 977 2659 1040 sitivo
2711 985 2773 1039 et
2832 977 3049 1040 divino
3108 985 3368 1060 propter
3427 977 3658 1040 Christi
3726 993 3965 1059 praeee-

2472 1083 2675 1157 ptum,
2715 1075 2937 1157 sicque
2984 1075 3107 1138 fuit
3154 1076 3508 1138 necessaria
3548 1077 3627 1137 ad
3668 1075 3961 1146 salutem,

2472 1193 2597 1237 non
2646 1193 2724 1236 ex
2773 1193 2887 1236 sua
2932 1183 3176 1250 natura,
3222 1175 3333 1237 sed
3380 1173 3685 1256 quoniam
3732 1173 3957 1254 jussa:

2470 1273 2635 1335 sicut
2682 1271 2907 1354 primis
2951 1272 3321 1355 parentibus
3364 1273 3791 1335 necessarium
3838 1271 3963 1332 fuit
3992 1287 4229 1337 σαι-,η

2472 1390 2615 1434 non.
2643 1380 2899 1452 gustare
2946 1371 3226 1434 fructum
3276 1371 3430 1453 ligni
3478 1371 3761 1434 scientiae
3808 1371 3959 1433 boni

2469 1478 2531 1532 et
2578 1469 2751 1532 mali.
2804 1469 2864 1532 Si
2926 1479 3140 1532 autem
3187 1471 3334 1553 quis
3391 1470 3605 1546 instet,
3658 1478 3723 1532 et
3771 1470 3958 1544 dieat,

2470 1570 2642 1651 quod
2708 1568 2925 1630 Petrus
2987 1569 3297 1651 potuisset
3356 1569 3608 1644 salvari,
3669 1568 3965 1651 quamvis

2472 1667 2757 1730 Christus
2806 1686 2932 1730 non
2982 1667 3241 1731 lavisset
3284 1668 3475 1749 pedes
3527 1667 3755 1749 ipsiuS,
3808 1686 3970 1748 quo—

2474 1766 2644 1828 niam
2694 1773 2936 1848 poterat
2993 1774 3209 1848 postea
3268 1767 3578 1848 poenitere
3625 1767 3704 1828 de
3749 1765 3971 1829 inobe-

864 1883 1062 1947 quare
1109 1865 1242 1928 haec
1301 1864 1486 1938 facie,
1541 1863 1805 1939 scilicet,
1861 1871 1930 1926 ut
1978 1861 2360 1925 humilitatis
2398 1864 2712 1927 Bdientia
2758 1865 2865 1927 illa
2918 1883 2931 1927 :
2984 1865 3354 1947 responderi
3413 1873 3639 1947 potest,
3693 1866 3867 1946 quod
3912 1865 3967 1926 si

865 1963 1231 2046 exemplum
1283 1962 1639 2037 exhibeam,
1693 1963 2004 2043 vobisque
2053 1962 2173 2023 ista
2222 1961 2364 2022 imi-

865 2063 1054 2124 tanda
1077 2055 1454 2143 relinquam.
1483 2059 1651 2122 Infra
1679 2060 1850 2122 enim
1883 2059 2168 2123 Christus
2200 2058 2363 2121 hanc

869 2161 1176 2223 rationem
1213 2159 1688 2240 assignat.·1deo
1726 2159 1915 2221 etiam
1956 2157 2240 2221 Christus
2281 2157 2361 2218 la-

867 2258 959 2320 vit
1005 2259 1196 2340 pedes
1245 2257 1706 2339 discipulorum
1755 2265 1900 2318 ante
1954 2255 2363 2318 Eucharistiae

867 2357 1403 2430 communionem,
1448 2364 1518 2418 ut
1557 2355 1911 2417 insinuaret
1957 2356 2129 2436 quod
2178 2354 2362 2435 spiri-

866 2455 1054 2517 tualis
1112 2455 1263 2519 lotio
1309 2453 1656 2516 affectuum
1713 2453 1942 2515 animae
1999 2453 2359 2534 praecedere

864 2553 1054 2615 debet
1091 2551 1475 2615 Sacramenti
1523 2551 2021 2633 perceptionem.

943 2652 1122 2712 Dicit
1157 2653 1220 2710 ei
1257 2653 1489 2712 Petrus
1520 2670 1542 2709 .·
1575 2651 1724 2713 Non
1767 2649 2013 2709 lavabis
2053 2649 2220 2709 milti
2248 2665 2359 2725 pe—

863 2752 971 2810 des
1027 2752 1100 2811 in
1155 2760 1495 2819 oeeernum,
1546 2748 1610 2810 id
1669 2754 1786 2826 est,
1847 2765 2178 2828 nunquam
2237 2745 2355 2808 hoc

863 2848 1212 2922 sustinebo,
1264 2855 1334 2909 ut
1381 2854 1628 2910 tantum
1680 2864 1892 2908 coram
1944 2863 2047 2908 me
2099 2843 2357 2906 humili-

862 2947 1010 3021 eriS,
1061 2946 1176 3028 qui
1225 2963 1350 3008 non
1395 2964 1538 3007 sum
1586 2945 1816 3025 dignus
1864 2943 2144 3024 contingi
2188 2962 2225 3004 a
2267 2951 2349 3004 te.

2474 1963 2692 2025 Petrus
2770 1963 3131 2026 nullatenus
3204 1963 3521 2027 obedisset
3592 1964 3656 2024 in
3732 1963 3973 2026 lotione

2473 2061 2751 2143 praefata,
2786 2062 3123 2124 meruisset
3153 2061 3458 2136 indurari,
3492 2060 3851 2143 fuissetque
3882 2080 3975 2123 re-

2472 2160 2660 2222 lictus
2708 2170 3008 2241 tanquam
3056 2159 3512 2241 incorrigibilis
3554 2168 3618 2222 et
3662 2159 3970 2240 rebellis3

2474 2258 2571 2321 vel
2610 2259 2879 2322 verbum
2924 2257 3179 2333 Christi,
3218 2258 3353 2322 Non
3402 2257 3673 2322 babebis
3720 2267 3965 2340 partem

2469 2374 2743 2430 mecum,
2795 2356 3280 2437 intelligendum
3338 2365 3472 2418 erat
3528 2356 3974 2420 conditionali-

2469 2462 2585 2528 ter,
2638 2454 2901 2528 scilicet,
2964 2453 3016 2516 si
3076 2453 3292 2517 Petrus
3349 2454 3415 2516 in
3473 2455 3582 2517 tali
3643 2455 3971 2518 voluntate

2470 2553 2855 2635 persisteret.
2886 2588 2967 2598 —
2996 2551 3287 2615 Secundo
3320 2572 3335 2616 :
3368 2555 3449 2616 Si
3486 2574 3619 2615 non
3658 2558 3871 2615 lavero
3908 2563 3971 2614 ce

2469 2669 2583 2732 per
2624 2650 2949 2732 sanguinis
2994 2651 3119 2712 mei
3169 2649 3553 2714 effusionem
3598 2660 3663 2713 et
3705 2653 3969 2734 adsper-

2466 2750 2712 2812 sionem
2756 2768 2768 2811 :
2818 2751 2894 2812 de
2936 2768 3063 2830 qua
3114 2749 3349 2812 lotione
3402 2750 3714 2832 scriptum
3756 2758 3855 2812 est
3893 2751 3963 2812 in

2466 2847 2865 2931 Apocalypsi,
2915 2846 3032 2919 Qui
3082 2847 3302 2910 dilexit
3348 2866 3483 2922 ηοε,
3531 2855 3595 2910 et
3640 2848 3794 2910 lavit
3842 2867 3961 2912 nos

2464 2965 2501 3008 a
2548 2947 2821 3028 peccatis
2880 2944 3111 3009 nostris
3168 2945 3236 3007 in
3294 2946 3606 3027 sanguine
3662 2965 3801 3010 suo.
3864 2945 3957 3024 Si,

862 3045 1067 3108 Simili
1113 3044 1470 3106 humilitate
1517 3043 1677 3106 dixit
1717 3042 1936 3106 Petrus
1981 3042 2044 3105 in
2091 3061 2207 3104 sua
2252 3061 2358 3105 vo—
2392 3041 2436 3106 C
2466 3045 2751 3126 inquam,
2794 3043 2880 3105 ita
2928 3062 3054 3106 non
3104 3043 3316 3107 lavero
3364 3052 3425 3105 te
3462 3063 3501 3105 a
3539 3052 3717 3106 reatu
3764 3045 3964 3126 origi-

863 3145 1108 3207 catione
1155 3161 1168 3206 :
1225 3142 1333 3204 Exi
1384 3161 1420 3204 a
1462 3160 1585 3216 me,
1638 3142 1790 3223 quia
1833 3142 2022 3205 homo
2065 3148 2357 3223 peccator

865 3263 1028 3317 sum,
1073 3241 1356 3306 Domine.
1401 3240 1683 3321 Denique
1721 3241 1939 3302 Petrus
1985 3240 2104 3302 ista
2143 3242 2359 3303 dicen-

864 3344 964 3418 do,
1001 3341 1221 3404 habuit
1263 3339 1468 3401 zelum
1513 3339 1620 3400 Dei
1661 3347 1724 3401 et
1772 3338 2003 3403 Christi
2049 3338 2211 3419 ejuS,
2247 3340 2356 3401 sed

865 3459 990 3504 non
1059 3438 1410 3502 secundum
1477 3437 1829 3500 scientiam.
1894 3436 2122 3499 Debuit
2184 3438 2355 3500 enim

863 3539 1165 3620 magistro
1213 3535 1540 3599 infallibili
1593 3543 1656 3597 et
1701 3554 1827 3598 non
1874 3537 2110 3598 erranti
2164 3535 2359 3618 proti-

863 3657 985 3700 nus
1034 3635 1440 3718 acquiescere
1489 3642 1552 3696 et
1601 3651 1840 3715 parere,
1889 3634 2165 3696 maxime
2218 3641 2359 3716 post

863 3754 1056 3798 unam
1113 3732 1632 3807 admonitionem,
1685 3740 1748 3793 et
1804 3732 1940 3794 viso
1997 3733 2169 3813 quod
2228 3751 2361 3794 ma-

859 3835 1056 3915 gister
1105 3833 1170 3894 in
1220 3832 1544 3913 proposito
1594 3830 2044 3912 perseveravit.
2093 3830 2213 3892 Sed
2266 3830 2361 3891 ni-

863 3933 1033 3996 mius
1082 3931 1297 3994 fervor
1353 3929 1586 3992 amoris
1634 3928 1713 3990 ad
1762 3927 2080 3991 Christum
2129 3928 2255 3989 fuit
2301 3929 2357 3990 ei

865 4049 1032 4112 saepe
1081 4029 1314 4092 erroris
1358 4026 1626 4090 occasio.
1660 4026 1835 4088 Unde
1872 4045 2073 4107 quum
2113 4025 2361 4090 Christo

867 4128 1225 4210 passionem
1283 4125 1696 4198 dissuaderet,
1759 4125 1990 4186 meruit
2048 4142 2196 4187 mox
2253 4144 2363 4186 au-

2466 3145 2626 3207 nalis
2655 3143 2918 3225 peccati,
2943 3151 3005 3204 et
3034 3161 3071 3204 a
3102 3143 3373 3225 peccatis
3404 3145 3781 3207 mortalibus
3812 3165 3966 3227 quae

2466 3241 2745 3304 incidere
2798 3241 3056 3322 poteriS,
3108 3240 3237 3304 imo
3284 3249 3347 3303 et
3396 3241 3659 3318 incideS,
3712 3261 3815 3304 me
3864 3251 3967 3306 ter

2464 3339 2854 3421 abnegandO,
2904 3359 3035 3400 non
3085 3340 3339 3400 habebis
3380 3349 3635 3416 partem
3684 3361 3961 3403 mecum.

2464 3438 2642 3502 Lotio
2689 3438 2809 3500 ista
2858 3437 3160 3519 pertingit
3202 3438 3280 3500 ad
3330 3438 3633 3514 animam,
3678 3457 3794 3521 per
3842 3440 3969 3502 hoc

2466 3537 2637 3619 quod
2678 3536 2879 3616 gratia
2920 3535 2973 3597 ei
3020 3533 3404 3598 infunditur.

2571 3634 2877 3698 Praeterea
2934 3634 3415 3710 advertendum,
3475 3636 3648 3716 quod
3707 3638 3971 3717 quando

2468 3734 2752 3797 Christus
2800 3732 2995 3795 verba
3042 3733 3175 3796 haec
3234 3733 3519 3814 protulit,
3571 3732 3694 3795 fuit
3744 3733 3971 3798 Petrus

2468 3832 2605 3894 sine
2646 3839 2903 3913 peccato
2941 3830 3214 3905 mortali,
3247 3831 3549 3912 quoniam
3590 3832 3782 3912 paulo
3822 3841 3975 3914 post

2470 3930 2764 3993 subditur
2798 3948 2811 3992 :
2846 3928 2923 3990 Et
2959 3947 3068 3992 vos
3110 3929 3333 3991 mundi
3370 3929 3543 3991 estis.
3578 3928 3714 3993 Non
3752 3939 3969 3992 tamen

2471 4037 2715 4112 poterat
2770 4027 3229 4091 beatitudinem
3296 4028 3585 4110 adipisci,
3658 4028 3782 4090 nisi
3852 4042 3972 4111 per

2470 4127 2700 4191 Christi
2743 4127 3102 4209 passionem
3145 4146 3183 4189 a
3226 4135 3397 4188 reatu
3444 4127 3774 4207 originalis
3822 4147 3972 4210 pec-

644 4253 703 4283 ar
730 4255 834 4294 au,
868 4227 1004 4289 dire
1057 4245 1070 4288 :
1120 4224 1288 4287 Vade
1339 4231 1504 4286 retro
1555 4241 1679 4296 me,
1731 4230 1966 4298 satana,
2020 4223 2175 4304 quia
2234 4241 2359 4286 non
2391 4229 2441 4291 D
2471 4227 2590 4289 cati
2630 4225 3006 4307 eriperetur.
3048 4223 3346 4297 Quamvis
3387 4233 3598 4287 autem
3638 4225 3971 4290 beatitudo

601 5230 731 5274 Rom.
747 5243 832 5284 vm,

568 5295 634 5337 ¹7.

867 4326 1037 4407 sapis
1095 4342 1240 4406 quae
1296 4321 1403 4383 Dei
1461 4328 1631 4383 sunt.
1686 4320 1890 4382 Simili
1952 4322 2140 4384 modo
2190 4341 2361 4384 nunc

865 4423 1043 4486 audit
1084 4419 1583 4503 increpationem
1627 4419 2195 4482 comminatoriam.

942 4523 1294 4599 Respondit
1333 4521 1394 4580 ei
1431 4522 1610 4579 Jesus
1649 4539 1672 4579 .·
1707 4519 1789 4579 Si
1829 4537 1960 4578 non
2013 4521 2226 4578 lavero
2277 4528 2360 4589 te,

863 4641 993 4682 non
1043 4620 1299 4681 habebis
1337 4627 1597 4696 partem
1646 4637 1913 4678 mecum.
1966 4616 2094 4680 Hoc
2143 4616 2221 4678 de
2270 4616 2361 4680 lo-

864 4719 1035 4782 tione
1069 4716 1394 4798 eorporali
1443 4725 1506 4778 et
1554 4714 1868 4798 spirituali
1921 4722 2126 4797 potest
2175 4715 2361 4777 intel-

862 4816 997 4897 ligi.
1034 4815 1118 4877 De
1149 4814 1458 4896 corporali
1491 4814 1582 4876 sic
1617 4832 1630 4876 :
1665 4816 1745 4875 Si
1772 4835 1902 4875 non
1934 4818 2146 4875 lavero
2180 4824 2260 4884 te,
2292 4813 2357 4875 id

862 4922 977 4988 est,
1021 4914 1144 4976 nisi
1188 4912 1503 4976 obedieris
1543 4911 1700 4974 mihi
1743 4911 1808 4972 in
1852 4912 1993 4987 hoc,
2037 4920 2106 4973 ut
2148 4913 2353 4974 lavem

861 5012 974 5074 tibi
1020 5012 1233 5093 pedeS,
1266 5031 1394 5072 non
1427 5012 1680 5071 habebis
1705 5019 1952 5087 partem
1987 5031 2253 5080 mecum,
2289 5010 2353 5072 id

863 5118 980 5184 est,
1043 5129 1168 5173 non
1229 5109 1354 5170 eris
1419 5109 1735 5190 particeps
1790 5108 2010 5189 gloriae
2066 5126 2223 5170 meae
2283 5099 2354 5171 i‘n

862 5209 1043 5283 coelo,
1076 5227 1202 5271 non
1232 5207 1360 5269 eris
1397 5207 1580 5268 heres
1619 5207 1726 5268 Dei
1759 5206 2148 5288 coheresque
2180 5206 2353 5270 Chri-

860 5307 962 5370 sti.
1005 5306 1222 5369 Petrus
1265 5305 1440 5368 enim
1481 5312 1803 5388 peccasset
1843 5306 2213 5382 mortaliter,
2257 5308 2353 5370 ni-

2472 4325 2691 4406 patriae
2738 4323 2821 4385 sit
2876 4322 3116 4385 bonum
3176 4322 3507 4405 spirituale
3554 4331 3617 4385 et
3674 4323 3971 4386 indivisi-

2469 4421 2621 4496 bile,
2668 4419 3041 4502 perfectum,
3083 4427 3286 4482 totum
3329 4427 3391 4481 et
3431 4420 3771 4500 integrum,
3812 4421 3971 4483 San-

2470 4521 2552 4582 cti
2614 4528 2824 4582 tamen
2882 4518 3183 4580 dicuntur
3229 4517 3463 4580 habere
3520 4526 3767 4600 partem
3816 4539 3969 4582 cum

2471 4617 2739 4692 Christo,
2788 4617 2940 4698 quia
2988 4623 3310 4679 consortes
3358 4625 3505 4680 sunt
3550 4616 3969 4680 beatitudinis

2470 4735 2620 4792 suae,
2666 4724 2728 4778 et
2770 4715 2984 4777 minus
3031 4714 3269 4777 babent
3308 4715 3386 4776 de
3424 4714 3725 4778 felicitate
3769 4734 3968 4797 quam

2468 4815 2647 4896 ipse3
2698 4813 3043 4895 ipsumque
3101 4813 3437 4894 praemium
3485 4813 3741 4876 coeleste
3790 4815 3967 4896 quod

2467 4912 2833 4986 sortiuntur,
2858 4920 2954 4973 est
2981 4931 3127 4993 pars
3156 4929 3391 4984 eorum,
3416 4911 3569 4993 quia
3598 4918 3693 4974 est
3720 4911 3964 4976 bonum

2465 5012 2635 5092 quod
2685 5011 2850 5072 inter
2888 5009 3101 5072 omnia
3143 5009 3312 5073 bona
3353 5009 3645 5093 provenit
3687 5011 3804 5073 eis.
3856 5009 3963 5073 Sic

2463 5109 2636 5172 enim
2668 5115 2731 5170 et
2762 5107 2923 5169 Deus
2962 5107 3197 5170 dieitur
3225 5127 3371 5190 pars
3403 5108 3743 5190 justorum,
3775 5109 3961 5189 juxta

4046 3257 4193 3302 Hem.

3996 3337 4103 3372 xxvi.
4112 3323 4223 3363 627⁴.

2462 5208 2621 5270 illud
2652 5207 3070 5283 Threnorum,
3095 5206 3239 5269 Pars
3270 5226 3410 5271 mea
3440 5207 3766 5290 Dominus,
3792 5208 3957 5271 dixit
4010 5209 4213 5254 stram·

3982 5275 4048 5315 2⁴.

2460 5306 2673 5370 anima
2716 5323 2855 5367 mea
2878 5324 2895 5387 3
2936 5312 3000 5367 et
3042 5306 3108 5367 in
3150 5305 3416 5381 Psalmo,
3450 5306 3754 5371 Dominus
3802 5327 3951 5390 pars
3992 5333 4199 5384 Ρωῃε.
