4300 6259
800 458 923 526 328

1580 483 1932 533 malumno
1974 483 2037 530 m
2079 483 2218 532 cAP.
2265 483 2332 530 111
2373 483 2649 532 JoaNNIS.
2696 503 2777 516 -
2814 485 2958 532 An'r.
3001 486 3112 532 vm

801 652 1035 715 dantia.
1066 652 1223 717 Item
1252 656 1573 719 nescimus
1602 656 2093 718 determinatum
2128 655 2295 737 prin·
2322 654 2374 717 A
2403 665 2830 737 exponuntur.
2875 656 3051 731 Quod
3107 675 3256 738 ergo
3311 657 3399 720 ait
3453 655 3756 731 Salvator,
3793 655 3873 718 'l'u

803 750 1043 832 cipium
1084 761 1457 836 certumque
1499 754 1722 830 finem,
1760 756 1928 817 unde
1968 755 2197 836 incipit
2233 762 2295 816 et

801 849 909 910 ubi
970 851 1202 914 desinit
1260 862 1485 916 ventus
1542 854 1723 932 flare,
1780 854 2073 935 quamvis
2132 853 2293 916 scia-

802 966 944 1010 mus
1003 949 1069 1012 in
1124 952 1404 1032 generali
1478 953 1648 1034 quod
1704 951 1784 1014 ab
1842 952 2056 1033 aliqua
2118 960 2296 1033 parte

802 1046 1003 1127 plagae
1042 1051 1335 1112 australis
1379 1050 1478 1114 vel
1520 1050 1781 1112 alterius
1824 1050 2178 1112 inchoetur.

624 1143 660 1197 9
883 1148 1235 1223 Respondit
1264 1150 1674 1220 NicodemuS‚
1701 1159 1761 1210 et
1788 1149 1966 1209 dimit
1992 1149 2056 1208 ei
2084 1169 2108 1208 .·
2138 1151 2298 1217 Quo-

806 1246 987 1304 modo
1018 1256 1286 1323 possunt
1322 1249 1478 1315 Izaec,
1519 1265 1663 1328 quae
1705 1249 1783 1310 de
1832 1246 2146 1329 spirituali
2199 1263 2298 1306 re-

797 1343 1205 1421 generatione
1252 1354 1312 1406 et
1362 1343 1635 1427 Spiritus
1692 1344 1893 1407 libera
1950 1344 2296 1428 spiratione

800 1439 1179 1517 disseruisti,
1218 1446 1395 1520 fieri,
1434 1443 1497 1505 id
1542 1452 1657 1518 est,
1701 1443 1911 1505 taliter
1952 1461 2019 1505 se
2062 1442 2296 1504 habere

799 1547 869 1600 ut
924 1540 1197 1602 asseris?
1244 1541 1623 1604 Nicodemus
1674 1541 1738 1604 in
1790 1541 2043 1604 litterali
2104 1558 2296 1602 sensu

798 1637 953 1718 legis
993 1658 1067 1701 ac
1109 1638 1563 1722 Prophetarum
1609 1641 1955 1703 instructus
2000 1647 2061 1702 et
2106 1639 2298 1701 usita-

796 1744 923 1818 tuS,
973 1739 1051 1800 ad
1095 1739 1490 1821 spiritualem
1538 1759 1611 1802 ac
1662 1740 1995 1822 mysticum
2048 1738 2298 1800 intelle-

2403 772 2469 816 es
2529 755 2829 836 magister
2879 757 2946 818 in
3003 757 3214 831 Israel,
3263 765 3326 819 et
3381 756 3516 818 haec
3575 755 3874 836 ignoras?

2403 871 2529 915 non
2572 853 2725 916 dicit
2773 854 3154 930 insultand0,
3189 856 3300 917 sed
3339 855 3548 936 potius
3589 854 3880 916 miseren-

2405 952 2506 1025 do,
2567 969 2844 1034 eumque
2901 953 3319 1034 humiliando,
3379 959 3442 1014 et
3495 952 3576 1014 ad
3632 951 3882 1014 meliora

2405 1053 2824 1132 provocando.

2502 1149 2812 1233 Deinceps
2871 1150 3093 1233 pandit
3147 1149 3429 1213 Salvator
3477 1168 3670 1230 quam
3725 1155 3884 1211 certa

2405 1248 2490 1310 sit
2535 1267 2650 1309 sua
2695 1248 2980 1312 doctrina
3017 1267 3030 1310 :
3075 1257 3334 1331 propter
3374 1249 3546 1330 quod
3588 1247 3645 1308 ei
3689 1246 3886 1308 humi-

2405 1346 2550 1409 liter
2587 1353 2682 1409 est
2719 1348 3126 1410 credendum.
3159 1349 3394 1417 Amen,
3421 1365 3612 1406 amen
3637 1347 3783 1406 dico
3813 1346 3886 1404 ti-
4025 1353 4096 1408 ss

2405 1449 2496 1516 bi,
2543 1447 2702 1525 quia
2763 1449 2936 1525 quod
2987 1447 3223 1507 scimus
3279 1463 3393 1508 nos
3452 1463 3560 1506 rex
3615 1442 3886 1516 MessiaS,

2406 1545 2772 1625 unigenitus
2815 1544 3013 1606 Filius
3052 1543 3182 1618 Dei,
3225 1543 3526 1606 Dominus
3573 1541 3894 1605 universo-

2407 1662 2546 1704 rum
2583 1661 2600 1705 :
2632 1644 2825 1723 quod,
2861 1643 3145 1724 inquam,
3185 1642 3443 1715 scimuS,
3478 1641 3542 1704 id
3583 1649 3700 1714 est,
3735 1640 3898 1702 clare

2407 1741 2816 1822 cognovimus
2873 1741 2953 1802 ab
3017 1748 3252 1803 aeterno
3319 1740 3670 1802 secundum
3728 1739 3898 1820 quod

798 1842 972 1897 ctum
1020 1836 1175 1918 erigi
1225 1836 1411 1900 facile
1459 1856 1584 1900 non
1636 1837 1885 1900 valebat
1927 1856 1941 1899 ε
1992 1836 2295 1917 quoniam
2333 1835 2379 1896 B
2408 1841 2569 1902 Deus
2605 1859 2618 1902 :
2653 1840 2868 1901 eadem
2911 1838 3082 1901 enim
3121 1846 3218 1900 est
3255 1837 3566 1920 sapientia
3604 1837 3900 1918 idemque

800 1952 953 1994 usus
1010 1942 1107 1997 est
1165 1935 1339 1998 velut
1392 1934 1589 1998 altera
1645 1943 1889 1997 natura.
1944 1935 2088 1997 Ideo
2143 1933 2294 1996 satis

798 2033 1096 2094 audacter
1138 2032 1494 2096 sciscitatur
1530 2034 1851 2116 quomodo
1890 2040 2127 2115 queant
2165 2032 2297 2095 haec

799 2129 968 2193 fieri.

880 2229 1165 2292 Christus
1204 2248 1353 2293 vero
1395 2231 1507 2312 qui
1554 2232 1741 2295 corda
1784 2230 2126 2312 cognoscit,
2171 2248 2300 2292 cer-

800 2347 957 2390 nens
998 2330 1315 2392 doctorem
1354 2331 1433 2392 de
1462 2349 1578 2394 suo
1617 2330 1978 2410 magisterio
2015 2329 2302 2411 aliquali-

797 2435 895 2490 ter
924 2428 1263 2500 tumidum,
1293 2430 1370 2491 ad
1402 2429 1827 2491 humilitatem
1858 2447 2004 2490 eum
2036 2428 2296 2504 reducit,

798 2534 1111 2608 quatenus
1143 2526 1370 2588 instrui
1404 2535 1738 2590 mereatur.
1759 2526 2300 2599 Quemadmodum

799 2625 970 2687 enim
1020 2625 1323 2707 superbia
1367 2626 1849 2688 excaecationem
1895 2624 2296 2699 diabolicam,

800 2723 893 2786 sic
921 2723 1247 2786 humilitas
1288 2724 1821 2788 illuminationem
1854 2723 2134 2787 divinam
2177 2740 2302 2786 me-

801 2830 997 2884 retur.
1062 2821 1322 2905 Propter
1388 2825 1558 2904 quod
1630 2822 1923 2886 Salomon
1990 2829 2300 2904 protesta-

507 2942 773 2990 Pramus.
802 2929 907 2984 tur
948 2940 963 2984 ε
1006 2921 1123 2984 Ubi
1172 2921 1364 2984 fuerit
1412 2922 1759 2996 humilitaS,
1802 2921 1892 2984 ibi
1942 2928 2005 2983 et
2050 2922 2303 3003 sapien-

2408 1956 2675 2002 numero
2719 1937 3078 2000 intellectus
3120 1936 3318 1998 Patris
3358 1944 3422 1998 et
3461 1935 3645 2013 Filii3
3701 1939 3903 2015 loqui-

2407 2057 2556 2098 mur
2604 2055 2776 2099 nunc
2835 2035 3016 2098 vobis
3063 2034 3316 2110 Judaeis,
3368 2036 3446 2097 de
3495 2032 3902 2097 sacramentis

2407 2142 2470 2198 et
2517 2135 2916 2199 documentis
2967 2133 3346 2214 evangelicae
3393 2133 3566 2214 legiS.
3601 2136 3684 2195 Ει
3731 2135 3904 2212 quod

2407 2235 2696 2295 vidimus
2743 2233 2929 2297 oculo
2980 2232 3236 2307 mentis,
3279 2232 3343 2294 id
3391 2238 3507 2305 est,
3551 2231 3904 2294 certissime

2409 2332 2727 2407 novimuS,
2787 2341 3118 2403 testamur,
3178 2331 3242 2392 id
3303 2337 3421 2403 est,
3479 2329 3752 2392 firmiter
3809 2328 3904 2391 af-

2409 2431 2764 2504 firmamuS,
2809 2429 3180 2492 hominibus
3231 2427 3650 2511 praedicando.
3696 2426 3908 2490 Potest

2407 2547 2666 2611 quoque
2713 2527 2982 2609 intelligi
3028 2528 3106 2590 de
3150 2527 3414 2590 scientia
3462 2525 3693 2589 Christi
3731 2543 3908 2588 crea-

2409 2637 2489 2701 ta,
2526 2645 2640 2709 per
2678 2645 2868 2708 quam
2913 2627 3128 2690 omnia
3167 2625 3355 2689 scivit
3389 2624 3468 2687 ab
3509 2624 3764 2686 instanti
3813 2624 3908 2686 in·

2408 2726 2810 2800 carnationiS,
2862 2744 3007 2807 quae
3064 2725 3183 2787 scit
3232 2723 3395 2786 Deus
3445 2723 3706 2786 scientia
3751 2723 3910 2787 visi-

2407 2825 2547 2888 onis
2609 2844 2623 2887 :
2685 2825 2905 2906 sicque
2965 2823 3250 2886 Christus
3317 2823 3666 2885 secundum
3727 2822 3903 2902 quod

2411 2923 2621 2996 homo,
2658 2923 2817 2986 vidit
2857 2922 2924 2984 in
2953 2920 3180 2996 Verbo,
3213 2927 3276 2982 et
3313 2921 3465 2983 item
3505 2938 3618 3003 per
3653 2920 3904 3003 species

601 3023 670 3080 ¹0
802 3020 911 3082 tia.
944 3024 1039 3082 Tu
1066 3041 1129 3080 es
1160 3021 1463 3098 maqister
1496 3023 1569 3081 in
1602 3024 1831 3090 Israel,
1864 3020 1926 3082 id
1958 3028 2052 3082 est
2082 3021 2302 3083 doctor
2337 3019 2381 3083 C
2409 3029 2792 3096 concreataS,
2827 3020 3042 3084 omnia
3083 3037 3226 3101 quae
3268 3019 3652 3100 praedicavit.
3687 3021 3772 3079 Et
3817 3029 3904 3079 te-

800 3118 1181 3192 Judaeorum,
1240 3127 1301 3178 et
1357 3121 1490 3180 haec
1548 3119 1625 3180 de
1684 3118 2000 3200 Baptismo
2058 3117 2303 3201 prolata

800 3218 1116 3294 iynoras?
1161 3215 1309 3288 Quae
1355 3223 1564 3278 tamen
1616 3217 1683 3279 in
1733 3216 1915 3279 libris
1965 3216 2190 3300 Moysis
2239 3225 2303 3280 et

802 3314 1255 3397 Prophetarum
1300 3314 1661 3396 figuraliter
1697 3326 1760 3379 et
1800 3316 2156 3378 litteraliter
2200 3317 2302 3379 de-

803 3413 1171 3476 scribuntur
1213 3431 1227 3476 :
1270 3413 1561 3495 ideoque,
1602 3433 1805 3496 quum
1854 3415 1940 3476 sis
1990 3414 2146 3496 legis
2196 3415 2304 3478 do-

803 3521 958 3588 ctor,
1001 3514 1263 3576 deberes
1308 3514 1442 3577 haec
1486 3514 1669 3589 scire,
1706 3514 1805 3577 vel
1850 3515 2070 3577 saltem
2115 3514 2302 3578 facile

802 3612 1177 3693 intelligere.
1230 3613 1511 3677 Doctoris
1570 3613 1811 3696 quippe
1860 3621 1955 3676 est
2003 3614 2304 3696 mysteria

802 3720 866 3773 et
903 3710 1140 3791 figuras
1184 3718 1375 3792 atquc
1416 3710 1805 3773 difficillima
1846 3710 1982 3774 loca
2019 3709 2304 3793 Scriptu-

805 3829 1018 3871 rarum
1075 3818 1434 3872 sanctarum
1492 3827 1889 3890 cognoscere.
1944 3809 2300 3891 Baptismus

802 3913 1013 3969 autem
1056 3907 1311 3987 Christi,
1346 3925 1461 3990 per
1498 3906 1835 3969 transitum
1875 3906 2068 3969 maris
2100 3906 2297 3968 Rubri

806 4013 868 4067 et
910 4023 1022 4088 per
1062 4005 1419 4069 ablutiones
1469 4005 1699 4087 legales
1744 4004 2296 4086 praefigurabatur,

513 4124 774 4178 lCor.x,2.
804 4103 1054 4166 dicente
1104 4103 1400 4186 Apostolo
1453 4122 1465 4166 ε
1519 4102 1748 4165 Omnes
1806 4103 1872 4164 in
1924 4101 2130 4186 Moyse
2188 4104 2300 4166 ba-

2407 3121 2788 3181 stimom'um
2837 3127 3128 3179 nostrum
3175 3137 3306 3178 non
3363 3117 3682 3194 accipitis,
3729 3125 3903 3178 recte

2410 3218 2722 3280 credendo
2767 3224 2960 3298 atque
3007 3215 3333 3278 humiliter
3379 3213 3540 3276 meis
3597 3214 3906 3277 sermoni-

2408 3315 2530 3378 bus
2573 3314 3046 3378 consentiendo.
3089 3312 3384 3385 Quamvis
3425 3312 3596 3373 enim
3638 3311 3900 3392 quidam

2405 3414 2765 3477 Judaeorum
2805 3412 3211 3475 crediderunt
3249 3410 3365 3484 illi,
3399 3418 3607 3472 tamen
3649 3428 3908 3492 compa-

2409 3514 2651 3576 ratione
2695 3511 3170 3574 incredulorum
3209 3508 3465 3571 fuerunt
3508 3509 3900 3590 paucissimi.

2407 3612 2584 3675 Unde
2629 3630 2742 3694 per
2784 3609 2937 3674 Osee
2982 3608 3266 3673 Christus
3309 3607 3602 3690 praedixit
3631 3626 3646 3670 :
3678 3607 3906 3670 Reces—
3941 3639 4208 3688 naemu.

2409 3719 2629 3772 serunt
2659 3729 2694 3771 a
2725 3727 2828 3771 me
2857 3729 2872 3787 ;
2915 3717 2979 3770 et
3017 3726 3130 3788 ego
3171 3706 3415 3768 erudivi
3447 3724 3576 3782 eOS,
3608 3713 3671 3767 et
3699 3705 3764 3768 in
3797 3725 3906 3769 me
3942 3704 4026 3746 ¹⁵·

2409 3810 2843 3890 cogitaverunt
2886 3806 3216 3869 malitiam.

2488 3911 2568 3970 Si
2613 3917 2864 3968 terrena
2901 3907 3052 3966 dia—2·
3093 3907 3286 3978 vobis,
3320 3915 3378 3966 et
3419 3923 3550 3966 non
3587 3906 3852 3964 creditis
3879 3925 3904 3964 :
4073 3922 4136 3976 η

2408 4008 2718 4086 quomodo
2765 4007 2825 4064 si
2869 4005 3098 4064 dixero
3143 4005 3314 4064 vobis
3358 4002 3658 4071 coelestia,
3693 4005 3908 4062 crede·

2411 4105 2542 4165 tis?
2581 4102 2728 4175 Quae
2777 4109 2928 4164 sunt
2975 4101 3094 4163 ista
3141 4109 3390 4163 terrena
3425 4119 3570 4181 quae
3617 4098 3904 4162 Christus

803 4202 1017 4285 ptizati
1066 4210 1214 4264 sunt
1262 4203 1329 4264 in
1369 4202 1539 4264 nube
1588 4210 1649 4264 et
1689 4202 1753 4263 in
1804 4201 1984 4263 mari.
2026 4200 2303 4284 Prophe-
2333 4203 2380 4264 D
2410 4201 2571 4264 dixit
2606 4200 2948 4263 Nicodemo
2995 4207 3186 4280 atque
3229 4198 3500 4262 Judaeist
3541 4196 3904 4260 Secundum

800 4308 881 4364 toe
913 4319 1060 4365 vero
1098 4303 1174 4364 ad
1214 4301 1487 4364 litteram
1527 4301 1721 4364 locuti
1762 4309 1911 4362 sunt
1948 4301 2025 4362 de
2068 4300 2299 4364 Christi

800 4398 1201 4482 Baptismatc,
1256 4409 1326 4463 ut
1382 4419 1583 4482 quum
1638 4417 1752 4482 per
1800 4399 2160 4461 Zachariam
2209 4401 2302 4463 di-

744 4523 774 4560 ι.
804 4499 969 4563 citur
1002 4517 1016 4562 :
1050 4499 1119 4561 ln
1163 4499 1267 4562 die
1308 4499 1419 4562 illa
1460 4499 1583 4561 erit
1624 4498 1767 4561 fons
1812 4504 2036 4579 patens
2082 4499 2298 4561 domui

803 4596 1000 4661 David
1039 4605 1102 4660 et
1143 4597 1574 4660 habitantibus
1615 4595 1984 4670 Jerusalem,
2021 4596 2085 4658 in
2123 4596 2304 4659 ablu-

516 4507 675 4614 ιΖΜΙι.
687 4523 741 4552 xu

802 4696 1041 4759 tionem
1104 4696 1471 4778 peccatoris.
1527 4695 1611 4758 De
1658 4713 1787 4776 quo
1834 4694 2037 4776 accipi
2098 4702 2304 4777 potest

522 4811 778 4864 Joezmsto.
806 4802 870 4857 ct
925 4794 1084 4856 illud
1140 4793 1329 4858 Joelis
1383 4813 1397 4856 :
1449 4794 1613 4857 Fons
1672 4795 1749 4855 de
1807 4793 1993 4856 domo
2052 4792 2302 4856 Domini

806 4892 1183 4974 egredietur,
1236 4900 1300 4954 et
1348 4892 1637 4973 irrigabit
1693 4898 2037 4954 torrentem
2090 4892 2303 4973 spina-

807 5011 971 5066 rum,
1036 4991 1331 5054 videlicet
1396 4992 1584 5054 corda
1646 4991 1890 5065 vitiosa,
1958 4989 2162 5071 spinis
2230 5010 2304 5053 ac

804 5090 1058 5154 tribulis
1098 5089 1535 5172 spiritualibus
1577 5089 1786 5171 plena.
1821 5088 1981 5150 Hinc
2011 5105 2125 5170 per
2157 5088 2305 5151 Eze-

564 5188 730 5232 Μεθ’·
805 5189 1075 5252 chielem
1124 5189 1323 5251 multa
1372 5189 1674 5250 dicuntur
1714 5189 1793 5250 de
1834 5186 2019 5268 aquis
2069 5187 2304 5248 redun-

509 5263 637 5358 3:11,
672 5264 772 5307 'm'
803 5288 1100 5350 dantibus
1130 5287 1375 5369 templi,
1407 5305 1551 5368 quae
1580 5287 1657 5349 de
1686 5286 1870 5369 aquis
1896 5285 2300 5368 Baptismatis

2410 4299 2832 4380 Augustinum
2883 4305 2943 4360 et
2991 4297 3240 4371 Bedam,
3295 4297 3413 4358 ista
3469 4304 3718 4358 terrena
3770 4314 3901 4358 non

2412 4405 2561 4460 sunt
2619 4396 2834 4477 aliqua
2895 4395 3061 4457 dicta
3119 4395 3184 4456 in
3250 4394 3368 4457 isto
3429 4393 3726 4475 capitulo,
3787 4394 3904 4456 sed

2410 4497 2579 4577 quod
2621 4513 2813 4577 supra
2853 4493 2916 4556 in
2960 4492 3338 4575 praecedenti
3379 4492 3656 4574 capitulo
3696 4491 3902 4554 fertur

2412 4595 2697 4658 Christus
2739 4592 2973 4655 dixisse
3006 4591 3236 4654 Judaeis
3269 4610 3284 4654 :
3317 4589 3552 4654 Solvite
3591 4589 3902 4672 templum
3991 4616 4214 4664 amn,

2413 4695 2552 4768 hoc,
2605 4700 2668 4756 et
2725 4692 2790 4754 in
2843 4691 3045 4754 tribus
3103 4690 3328 4754 diebus
3376 4688 3662 4752 excitabo
3713 4689 3898 4751 illud.
3941 4679 4028 4722 ¹⁹·

2411 4791 2540 4855 Hoc
2593 4791 2766 4854 enim
2831 4789 3130 4852 disseruit
3188 4790 3266 4850 de
3324 4788 3582 4870 proprio
3637 4805 3904 4869 corpore

2412 4891 2619 4953 adhuc
2649 4888 3074 4970 corruptibili,
3109 4894 3360 4950 terreno
3393 4906 3464 4950 ac
3493 4885 3712 4949 mixto.
3745 4884 3908 4948 Tan-

2411 5009 2601 5072 quam
2645 4989 2811 5051 dicat
2843 5007 2857 5050 :
2892 4985 2954 5049 Si
2993 5006 3118 5049 non
3161 4985 3414 5048 creditis
3453 4986 3622 5066 quod
3663 4983 3906 5066 possim

2412 5088 2743 5170 proprium
2794 5105 3024 5167 corpus
3065 5084 3280 5148 divina
3318 5084 3551 5147 virtute
3597 5081 3908 5145 suscitare

2408 5205 2446 5248 a
2481 5193 2704 5260 morte,
2738 5185 3058 5266 quomodo
3097 5182 3366 5246 credetis
3401 5183 3572 5264 quod
3611 5181 3908 5244 homines

2413 5284 2652 5348 valeam
2705 5301 2782 5346 ex
2832 5299 2997 5364 aqua
3043 5289 3108 5344 et
3156 5281 3396 5364 Spiritu
3448 5279 3674 5343 Sancto
3729 5297 3912 5361 rege-
