4300 6259
798 457 930 523 620

1613 478 1961 524 ENARRATIO
2002 478 2061 522 m
2103 476 2242 523 CAP.
2290 478 2397 523 xxl
2438 478 2713 526 somms.
2758 499 2837 508 -·-
2880 481 3021 527 ΛΒΤ.
3068 482 3102 526 1.

519 648 889 719 Apoc.1,2.de
938 667 1006 710 se
1057 647 1196 730 ipso
1249 667 1264 711 :
1315 647 1431 721 Qui
1482 647 1919 710 testimonium
1982 645 2309 730 perhibuit
2338 646 2569 708 Asunt
2619 650 2837 717 libros,
2891 649 2943 711 si
2996 649 3211 712 omnia
3258 649 3369 712 illa
3416 649 3627 712 taliter
3675 649 3913 712 deseri-

544 2045 559 2087 l
578 2044 736 2089 Ιοωιη.
753 2060 778 2098 ι,

519 2112 558 2160 l,
579 2111 620 2152 2.

603 2521 674 2576 25

812 747 1008 810 verbo
1068 747 1174 809 Dei
1231 755 1296 809 et
1351 747 1787 811 testimonium
1843 747 1988 810 Jesu
2047 747 2303 822 Christi,

810 864 1232 927 quaecumque
1263 847 1440 909 vidit.
1465 850 1551 908 Et
1577 850 1837 926 scripsit
1866 851 2016 916 lzaec,
2047 854 2191 929 post
2219 866 2309 909 re·

810 944 1016 1006 ditum
1045 944 1123 1006 ab
1157 945 1363 1008 insula
1389 945 1646 1008 Patmos.
1665 949 1752 1008 Ει
1773 948 2012 1007 scimus
2033 949 2192 1026 quia
2218 967 2309 1007 ve·

810 1064 960 1103 rum
987 1054 1079 1105 est
1111 1047 1548 1106 testimonium
1575 1046 1736 1122 ejus,
1769 1044 2081 1126 Loquitur
2119 1045 2181 1107 S.
2214 1046 2307 1108 Jo-

809 1160 1008 1203 annes
1048 1143 1125 1204 de
1171 1161 1239 1204 se
1288 1143 1428 1224 ipso
1477 1143 1541 1205 in
1582 1144 1765 1206 tertia
1814 1163 2082 1226 persona
2121 1144 2303 1226 quasi

810 1241 889 1301 de
934 1239 1095 1314 alio;
1127 1249 1190 1302 et
1236 1243 1406 1322 quod
1455 1241 1562 1316 ait,
1605 1241 1878 1316 ScimuS,
1919 1250 2066 1319 etc.,
2100 1243 2308 1324 loqui-

811 1346 915 1399 tur
952 1339 1017 1400 in
1069 1358 1338 1421 persona
1385 1339 1484 1402 sui
1527 1341 1945 1423 omniumque
1996 1342 2307 1424 perfecto-

813 1455 952 1497 rum
1010 1435 1328 1498 fidelium.
1380 1436 1666 1518 Denique
1721 1437 1988 1501 loannes
2046 1439 2305 1521 scripsit

809 1553 954 1616 quae
981 1534 1226 1598 audivit
1254 1543 1317 1596 et
1349 1535 1505 1598 vidit
1544 1536 1820 1618 propriis
1861 1537 2156 1599 sensibus
2188 1537 2305 1599 im-

813 1633 1082 1696 mediate
1110 1653 1147 1695 a
1176 1633 1436 1707 Christo,
1463 1633 1686 1696 saltem
1719 1653 1834 1716 pro
1865 1636 2142 1698 maxima
2174 1655 2306 1718 par-

809 1743 902 1812 te3
937 1739 1144 1794 cetera
1191 1732 1436 1795 audivit
1472 1752 1510 1795 a
1549 1731 1679 1796 fide
1728 1733 1957 1814 dignis.
1993 1735 2124 1798 Imo
2172 1754 2306 1798 om-

811 1829 916 1892 nia
945 1829 1201 1912 scripsit
1230 1829 1582 1912 inspirante
1619 1849 1692 1893 ac
1722 1832 2034 1912 dirigente
2061 1831 2302 1915 Spiritu
2339 1832 2386 1894 B
2413 1829 2739 1911 Benjamin
2790 1831 2881 1893 sic
2928 1833 3006 1893 ad
3055 1839 3294 1894 certum
3344 1831 3663 1911 jactabant
3707 1830 3912 1894 funda
3968 1851 4215 1902 susan.
4289 1837 4291 1854 ²

2414 1929 2711 2011 lapidem,
2733 1931 2900 2010 quod
2930 1930 3231 2011 capillum
3260 1937 3517 2011 tangere
3548 1938 3905 2011 potuerunt.
3940 1917 4016 1959 ¹⁶·

2413 2028 2698 2109 Itemque
2727 2027 2793 2090 in
2824 2027 3047 2090 Genesi
3079 2028 3315 2091 Pharao
3342 2028 3418 2089 ad
3446 2026 3675 2109 loseph
3709 2046 3724 2090 :
3752 2028 3909 2090 Abs-
3988 2051 4109 2094 oen-
4136 2070 4211 2098 ω,

2414 2144 2540 2208 que
2588 2125 2704 2202 tui,
2748 2126 2981 2208 inquit,
3024 2127 3151 2190 oris
3202 2127 3493 2208 imperio,
3539 2145 3725 2191 nemo
3772 2147 3909 2191 mo-
3935 2121 4015 2159 ⁴⁴·

811 1927 1057 1990 Sancte.
1092 1928 1354 2010 Propter
1400 1930 1570 2011 quod
1619 1929 1707 1991 ait
1755 1930 1924 1992 circa
1969 1931 2302 1994 exordium

812 2027 1036 2109 primae
1078 2046 1208 2090 suae
1251 2027 1535 2109 epistolae
1569 2046 1582 2090 ε
1617 2027 1791 2100 Quod
1840 2029 2204 2092 audivimus
2243 2038 2305 2091 et

811 2124 1110 2201 vidimuS‚
1161 2126 1616 2188 annuntiamus
1677 2127 1878 2191 vobis,
1929 2127 2073 2191 Ideo
2129 2129 2305 2190 testi-

811 2223 1096 2287 monium
1147 2224 1288 2305 ejus
1337 2232 1578 2287 certum
1621 2225 2051 2307 idoneumque
2100 2227 2305 2289 consi-

809 2321 939 2396 stit,
1003 2323 1306 2404 quoniam
1366 2323 1502 2385 visa
1557 2332 1622 2385 et
1680 2324 1896 2386 audita
1951 2325 2303 2388 certissime

810 2420 1176 2484 recitantur.

887 2523 1060 2582 Sunt
1105 2530 1347 2590 autem,
1399 2521 1518 2584 hoc
1575 2528 1670 2584 est
1725 2521 2006 2596 fuerunt,
2058 2534 2116 2585 et
2164 2527 2301 2585 alia

807 2623 1016 2680 multa
1047 2639 1192 2698 quoe
1216 2620 1372 2695 fecit
1398 2622 1601 2688 Iesus,
1636 2618 1699 2681 id
1729 2626 1825 2681 est
1857 2620 2034 2700 signa
2063 2629 2124 2684 et
2156 2641 2305 2705 ope—

809 2735 876 2777 ra
913 2716 1085 2778 omni
1139 2716 1444 2779 memoria
1483 2735 1555 2778 ac
1595 2717 2020 2799 descriptione
2067 2719 2303 2801 dignis-

809 2814 988 2888 sima,
1022 2833 1166 2896 quae
1201 2815 1379 2878 Jesus
1419 2834 1455 2876 a
1490 2815 1810 2898 principio
1851 2816 2301 2882 incarnationis

807 2919 869 2973 et
911 2911 1254 2974 nativitatis
1293 2911 1446 2975 fecit
1485 2930 1598 2995 per
1637 2931 1704 2975 se
1751 2923 1813 2976 et
1856 2933 1968 2996 per
2007 2935 2154 2979 suos
2202 2937 2303 2978 us-

2416 744 2720 808 berentur
2769 766 2883 830 per
2928 748 3178 829 singula
3225 767 3239 810 :
3288 748 3406 812 hoc
3451 756 3567 820 est,
3620 749 3907 810 omnium

2416 843 2749 906 hominum
2800 846 2865 908 in
2914 848 3151 909 mundo
3199 847 3319 909 hoc
3366 846 3651 909 inferiori
3694 847 3913 908 viven-

2414 941 2576 1003 tium
2606 945 3016 1024 capacitatem
3050 946 3578 1007 transcenderent.
3603 943 3665 1006 Si
3696 953 3907 1005 autem

2416 1040 2806 1122 intelligatur
2845 1045 2923 1105 de
2970 1044 3209 1106 mundo
3250 1050 3312 1104 et
3360 1043 3670 1124 captione,
3704 1061 3911 1123 quan-

2414 1145 2552 1200 tum
2581 1140 2660 1200 ad
2692 1141 2968 1222 spatium
3000 1140 3143 1215 loci,
3179 1141 3497 1214 videlicet,
3530 1141 3701 1222 quod
3734 1160 3912 1202 mun—

2414 1238 2532 1299 dus
2582 1239 2909 1302 continere
2946 1259 3073 1302 non
3117 1247 3329 1323 posset
3376 1249 3463 1303 tot
3503 1239 3720 1309 libros,
3755 1248 3910 1302 tunc

2412 1337 2783 1419 accipienda
2831 1347 2981 1401 sunt
3028 1339 3222 1400 verba
3271 1339 3389 1400 ista
3436 1357 3550 1420 per
3597 1337 3912 1420 hyperbo-

2416 1436 2518 1497 len
2564 1455 2677 1498 seu
2722 1455 3078 1499 excessum.
3122 1438 3443 1500 Interdum
3494 1436 3665 1499 enim
3717 1438 3911 1500 homo

2413 1534 2627 1617 aliqua
2676 1535 2831 1598 dicit
2879 1554 2993 1618 per
3050 1553 3402 1610 excessum,
3451 1538 3529 1599 ad
3576 1537 3913 1616 designan-

2414 1633 2566 1694 dum
2601 1634 3105 1714 magnitudinem
3144 1633 3236 1696 rei
3274 1653 3419 1715 quae
3458 1635 3802 1696 recitatur:
3838 1641 3913 1696 ut

2414 1732 2565 1793 dum
2600 1732 2665 1796 in
2702 1732 2865 1796 libro
2892 1733 3185 1795 Judicum
3228 1732 3549 1806 scribitur,
3581 1734 3751 1814 quod
3781 1731 3905 1794 filii

2415 2224 2590 2286 vebit
2651 2243 2912 2287 manum
2968 2233 3077 2288 aut
3139 2226 3365 2308 pedem
3423 2225 3491 2288 in
3548 2233 3677 2288 tota
3736 2233 3908 2288 terra

2413 2323 2681 2404 AEgypti.
2737 2321 2908 2385 Talia
2966 2331 3175 2409 autem
3236 2322 3375 2385 sine
3424 2323 3752 2386 mendacio
3806 2343 3910 2385 as-

2414 2429 2735 2502 seruntur,
2777 2421 3083 2502 quoniam
3128 2441 3389 2484 narrans
3431 2421 3714 2502 agnoscit
3749 2441 3913 2502 quo-

2416 2537 2619 2600 usque
2648 2521 2961 2594 credatur,
2996 2538 3113 2582 nec
3146 2520 3419 2582 intendit
3447 2520 3760 2602 decipere,
3796 2521 3911 2582 sed

2415 2618 2739 2680 veritatem
2771 2617 2976 2700 ipsam
3006 2619 3364 2682 evidentius
3396 2636 3673 2680 reserare
3696 2637 3711 2680 z
3734 2619 3911 2699 quod

2411 2715 2556 2777 fieri
2614 2716 2857 2797 nequit,
2911 2716 3036 2778 nisi
3096 2735 3212 2798 per
3265 2735 3625 2779 sermonem
3669 2715 3911 2797 figura-

2412 2815 2535 2876 lem
2568 2822 2630 2876 et
2659 2814 3154 2897 hyperbolicum.
3181 2814 3385 2892 Porro,
3409 2815 3705 2896 quoniam
3736 2813 3909 2877 Chri-

2412 2921 2546 2975 stus
2576 2921 2708 2974 erat
2738 2912 2901 2975 Deus
2930 2921 2995 2975 et
3024 2913 3235 2988 hom0,
3270 2913 3470 2976 virtus
3500 2913 3905 2995 omnipotens
3935 2938 4209 2982 iconas.

807 3027 936 3092 que
983 3011 1062 3072 ad
1109 3028 1182 3072 ea
1226 3029 1372 3092 quae
1419 3011 1523 3073 hic
1572 3012 1893 3087 dicuntur,
1947 3015 2048 3076 vel
2099 3032 2303 3096 usque
2336 3019 2379 3083 C
2412 3019 2474 3073 et
2521 3011 2833 3094 sapientia
2880 3012 3159 3074 increata
3206 3030 3473 3093 operans
3524 3031 3639 3095 per
3683 3013 3909 3073 huma·

807 3108 886 3170 ad
937 3107 1308 3171 missionem
1357 3108 1678 3172 Paracleti.
1716 3114 1869 3180 Quoe
1913 3113 1974 3172 si
2017 3115 2305 3174 scriban-

812 3217 920 3268 tur
959 3227 1079 3286 per
1119 3207 1410 3284 sinyula,
1457 3208 1576 3271 hoc
1621 3216 1718 3271 est
1764 3209 2111 3289 sigillatim,
2165 3231 2305 3293 par-

810 3303 1162 3368 ticulariter
1191 3313 1252 3367 et
1291 3323 1600 3380 seorsum,
1633 3327 1748 3368 nec
1779 3311 1992 3385 ipsum
2019 3312 2305 3371 arbitror

811 3405 1130 3464 mundum
1181 3422 1404 3480 capere
1445 3422 1624 3480 posse
1669 3425 1768 3465 eos
1813 3407 1932 3485 qui
1980 3407 2306 3467 scribendi

2413 3109 2675 3172 nitatem
2714 3118 3127 3192 assumptam,
3162 3110 3327 3172 sicut
3366 3129 3479 3192 per
3516 3110 3907 3172 instrumen-

2413 3215 2549 3269 tum
2583 3208 3018 3289 conjunctum,
3050 3208 3399 3270 animatum
3438 3228 3512 3271 ac
3543 3209 3902 3290 proprium,

2412 3307 2715 3369 elucescit
2760 3308 2932 3388 quod
2980 3307 3359 3370 documenta
3405 3314 3470 3369 et
3522 3326 3713 3389 opera
3763 3306 3906 3394 eJ‘us

2412 3404 2947 3468 excellentissima
2988 3411 3189 3466 erant.

1141 4302 1328 4352 FINIS
1395 4304 2063 4356 COMMENTARIORUM
2129 4306 2203 4354 IN
2269 4305 2736 4356 EVANGELIUM
2803 4303 3181 4354 SECUNDUM
3246 4303 3571 4352 JOANNEM
