4300 6259
119 4722 284 4766 Colon-
298 4737 358 4773 m,

103 4788 161 4833 ¹7:
175 4785 190 4829 l
202 4786 304 4829 Cor.
313 4800 358 4839 x,

1149 494 1500 541 manuum
1541 494 1606 540 IN
1647 492 1786 539 CAP.
1831 493 1893 539 vl
1933 492 2211 539 JOANNIS.
2257 513 2337 523 -
2377 496 2521 542 ΛΒΤ.
2566 496 2716 541 xvnl

3368 481 3489 545 403

373 662 568 744 ejus3
621 667 732 729 sed
790 666 1037 729 fervido
1093 665 1328 739 animo,
1383 665 1654 729 sollicita
1706 660 1960 727 men-A
1992 673 2120 727 tem
2181 665 2509 747 perfundit
2562 676 2753 750 atque
2809 667 3115 743 vivificat,
3174 668 3295 731 nisi
3354 668 3490 732 obi-

373 768 440 822 te
481 765 929 846 reverentique
972 765 1160 827 corde
1206 764 1259 825 ei
1310 764 1770 839 ministremus,
1802 764 1880 826 ad

369 860 518 941 ejus
577 881 862 925 mensam
924 883 1038 925 nos
1100 881 1549 945 praeparemuS,
1607 864 1682 925 ad
1742 862 1880 941 ejus

369 962 776 1024 mansionem
811 962 872 1023 in
905 962 1090 1024 nobis
1127 980 1239 1023 nos
1273 960 1742 1041 dignificemuS,
1779 979 1885 1024 ve-

370 1058 571 1121 nialia
619 1067 848 1123 cuneta
897 1078 1011 1142 pro
1063 1078 1250 1142 posse
1288 1060 1566 1133 vitand0,
1601 1067 1881 1122 mentem

369 1159 451 1219 ad
503 1156 826 1222 Christum
877 1158 1251 1241 frequenter
1300 1160 1620 1240 erigendO,
1675 1158 1881 1221 cordis

372 1258 684 1321 eustodiae
737 1258 976 1338 jugiter
1037 1258 1412 1321 insistendo.
1476 1257 1652 1319 Tunc
1707 1257 1881 1319 enim

373 1356 733 1438 poterimus
774 1354 1055 1418 fructum
1097 1356 1520 1437 multiplicem
1562 1355 1753 1436 hujus
1787 1375 1884 1417 sa·-

373 1456 688 1518 eramenti
749 1454 1102 1537 percipere,
1151 1454 1423 1536 ejusque
1479 1455 1880 1517 dulcedinem

373 1554 762 1617 mirabiliter
819 1555 1152 1635 degustare
1209 1573 1222 1616 :
1286 1553 1459 1635 quod
1515 1553 1697 1615 aliter
1755 1572 1879 1616 non

374 1652 712 1731 contingit.
755 1650 1054 1725 Quamvis
1105 1651 1280 1713 enim
1331 1650 1603 1713 venialia
1648 1659 1711 1715 et
1757 1650 1885 1712 dis-

373 1750 604 1812 tractio
645 1750 1016 1832 improvisa,
1051 1748 1426 1812 sacramenti
1479 1748 1670 1829 hujus
1713 1748 1886 1830 prin-

1994 782 2132 826 eem
2177 772 2388 846 ponat.

2077 865 2205 924 Hic
2232 873 2321 924 est
2342 865 2543 941 panis
2580 864 3229 945 supersubstantialiS,
3265 869 3383 946 qui
3410 870 3489 927 de

1993 966 2144 1022 coelo
2184 981 2434 1025 summo
2474 966 2801 1023 descendit
2831 985 2854 1023 .·
2887 964 2948 1025 in
2995 983 3122 1044 quo
3166 973 3336 1045 patet
3386 984 3491 1027 no-

1995 1059 2208 1122 bilitas
2263 1080 2337 1123 ac
2395 1062 2895 1124 desiderabilitas
2955 1062 3116 1143 ejus.
3168 1062 3491 1136 Quomodo

1995 1164 2207 1219 autem
2248 1158 2495 1222 Christo
2540 1161 2889 1221 seeundum
2936 1168 3273 1241 utramque
3313 1168 3494 1221 natu-

1999 1275 2130 1317 ram
2172 1258 2507 1320 eonveniat
2534 1276 2672 1321 esse
2713 1277 2963 1341 panem,
2998 1267 3060 1321 et
3090 1259 3493 1321 descendisse

1999 1355 2074 1416 dc
2115 1355 2298 1429 coelo,
2327 1355 2456 1435 jam
2500 1356 2741 1419 dictum
2782 1364 2877 1419 est
2915 1357 3169 1439 saepius.
3198 1359 3346 1420 Non
3371 1359 3494 1417 ‘sic-

1999 1463 2071 1513 ut
2113 1456 2673 1516 manducaverunt
2708 1466 2924 1533 patres
2964 1457 3159 1517 vestri
3192 1476 3439 1517 manna
3469 1476 3493 1515 .·

1998 1551 2062 1613 id
2105 1558 2221 1625 est,
2258 1552 2439 1634 panis
2478 1553 2597 1615 iste
2628 1554 3023 1635 praestantior
3066 1562 3129 1617 et
3169 1552 3494 1618 efficacior

1997 1657 2092 1709 est
2140 1668 2335 1729 quam
2381 1669 2633 1726 manna,
2668 1670 2870 1731 quum
2921 1652 3004 1714 sit
3044 1670 3233 1715 verus
3283 1653 3489 1727 cibuS,

1999 1766 2124 1810 non
2186 1748 2586 1829 figurativuS,
2634 1751 2902 1830 gratiam
2956 1750 3311 1826 conferenS,
3364 1771 3491 1815 non

377 1848 620 1929 cipales
651 1845 924 1909 effectus
959 1866 1082 1911 non
1117 1847 1490 1930 impediant,
1527 1847 1886 1929 impediunt
1922 1842 1969 1905 B
2001 1847 2395 1928 promittenS.
2437 1847 2659 1910 Manna
2703 1857 2915 1911 autem
2962 1849 3084 1912 fuit
3125 1849 3334 1930 figura
3380 1850 3495 1913 hu-

381 1956 594 2008 tamen
640 1946 1205 2027 experimentalem
1253 1953 1512 2026 gustum
1557 1945 1884 2009 suavitatis

383 2044 614 2126 ipsius.
676 2044 971 2106 Dicamus
1031 2062 1178 2124 ergo
1236 2051 1451 2106 mente
1515 2044 1757 2106 intenta
1813 2062 1886 2105 ae

246 2162 339 2211 ·‚2.
383 2152 563 2224 grata
596 2162 741 2205 cum
783 2142 1114 2224 Propheta,
1147 2141 1438 2216 Benedie,
1472 2142 1683 2204 anima
1720 2160 1882 2217 mea,

387 2242 678 2316 Domino,
729 2249 792 2303 et
842 2240 972 2304 noli
1012 2240 1304 2303 oblivisci
1353 2259 1574 2303 omnes
1618 2241 1889 2303 retribu-

385 2342 596 2405 tiones
635 2340 778 2421 ejus
812 2360 826 2403 :
864 2341 1016 2413 imo,
1051 2348 1253 2403 toturn
1300 2340 1615 2421 psalmum
1658 2341 1722 2402 in
1759 2359 1888 2421 quo

385 2442 755 2505 continetur
804 2440 923 2502 iste
962 2438 1338 2513 versiculuS,
1378 2439 1531 2519 quia
1570 2440 1888 2521 praecipue

383 2538 796 2624 applicabilis
845 2545 941 2600 est
985 2538 1064 2600 ad
1113 2537 1582 2617 regratiandum
1641 2537 1890 2601 Christo

388 2658 510 2722 pro
549 2636 888 2702 benefieiis
932 2636 1092 2699 istis.

470 2739 660 2799 Sicut
691 2738 870 2799 misit
903 2756 1002 2797 me
1032 2735 1254 2795 vivens
1285 2736 1508 2806 Pater,
1544 2733 1605 2796 id
1647 2741 1742 2797 est
1779 2733 1890 2797 Pa-

387 2844 486 2897 ter
532 2840 806 2896 {eternus
854 2834 1061 2897 omnis
1111 2833 1256 2896 vitae
1301 2832 1538 2895 fontale
1588 2832 1891 2916 principi-

387 2951 523 3005 um,
557 2931 670 3014 qui
704 2940 801 2993 est
833 2930 1334 2993 substantialiter
1367 2950 1480 2993 sua
1512 2932 1658 3004 vita,
1692 2942 1750 2993 ec
1778 2951 1889 3009 eqo

1994 1946 2098 2026 jus
2140 1947 2353 2028 panis3
2388 1964 2503 2010 nee
2544 1948 2810 2010 eontulit
2847 1948 3135 2028 gratiam,
3182 1950 3291 2011 sed
3338 1968 3497 2031 prae-

1997 2045 2291 2125 signavit.
2342 2044 2457 2106 Per
2513 2046 2633 2109 hoc
2689 2046 2861 2108 enim
2922 2048 3091 2129 quod
3139 2066 3328 2110 omne
3384 2049 3492 2109 de·-
3560 2057 3785 2114 Sap-m.

1998 2143 2447 2206 lectamentum
2510 2145 2896 2224 continebat,
2957 2145 3260 2226 figuravit
3322 2146 3493 2227 quod
3522 2123 3590 2163 ²⁰·

1999 2250 2460 2305 sacramentum
2496 2242 2906 2307 Eucharistiae
2943 2263 3195 2307 omnem
3237 2246 3496 2327 spiritu-

1998 2342 2163 2403 alem
2196 2341 2621 2415 dulcedinem,
2642 2343 2941 2405 virtutem
2972 2350 3036 2405 et
3060 2344 3324 2423 gratiam
3356 2362 3497 2407 con-

2001 2441 2250 2501 tineret.
2291 2443 2371 2502 Ec
2410 2442 2653 2501 mortui
2688 2451 2861 2502 sunt.
2900 2440 3135 2503 Omnes
3179 2443 3352 2519 enim
3399 2442 3493 2504 illi

1999 2538 2111 2618 qui
2142 2557 2375 2601 manna
2414 2539 2847 2612 comederunt,
2882 2540 3114 2602 mortui
3149 2549 3297 2602 sunt
3330 2559 3496 2603 mor-

2001 2643 2062 2698 te
2107 2636 2377 2698 naturali
2422 2654 2494 2697 ac
2533 2637 2887 2718 corporali;
2930 2639 3038 2699 sed
3083 2636 3343 2718 quidam
3393 2656 3498 2701 eo-

2001 2754 2168 2809 rum,
2210 2734 2445 2815 quibus
2496 2735 2599 2795 isti
2650 2735 2960 2797 increduli
3009 2734 3204 2797 Judaei
3255 2736 3495 2799 similes

2000 2840 2201 2907 erant,
2248 2832 2479 2894 mortui
2524 2841 2675 2895 sunt
2716 2840 2916 2895 morte
2960 2833 3185 2915 culpae.

2085 2934 2213 3000 Qui
2246 2933 2599 2993 manducat
2627 2934 2803 2992 hunc
2829 2950 3071 3009 panem
3102 2932 3311 3012 digne,
3348 2950 3493 2997 eum

383 3033 534 3091 vivo
579 3038 846 3108 propter
889 3032 1175 3091 Patrem.
1229 3028 1358 3091 Hoc
1417 3030 1736 3111 praeeipue
1797 3030 1891 3091 in-
1926 3027 1970 3090 C
2001 3031 2213 3093 debita
2257 3030 2609 3093 reverentia
2650 3037 2713 3092 et
2754 3029 3107 3104 devotione,
3153 3030 3217 3092 in
3264 3049 3499 3095 memo-

383 3129 804 3211 telligendum
849 3136 945 3191 est
984 3129 1063 3190 de
1103 3127 1352 3190 Christo
1394 3129 1744 3190 secundum
1792 3147 1893 3189 na-

384 3238 596 3291 turam
641 3235 1059 3308 assumptam,
1105 3234 1172 3288 ut
1221 3226 1304 3289 sit
1351 3244 1575 3287 sensus
1610 3244 1623 3287 :
1659 3224 1733 3289 Et
1776 3244 1890 3306 ego

383 3328 538 3391 vivo
583 3334 844 3408 propter
885 3325 1151 3399 Patrem,
1187 3324 1250 3386 id
1294 3332 1410 3399 est,
1445 3323 1640 3388 vitam
1685 3342 1890 3386 meam

385 3424 596 3487 refero
645 3425 722 3486 ad
779 3424 1046 3498 Patrem,
1098 3422 1395 3484 videlieet
1449 3422 1527 3485 ad
1584 3422 1890 3485 honorem

385 3532 452 3586 et
497 3522 766 3603 gloriam
825 3520 988 3602 ejuS‚
1040 3520 1206 3582 sicut
1251 3520 1329 3581 ad
1388 3520 1781 3601 superiorem
1831 3528 1892 3583 et

391 3621 694 3683 ultimum
743 3618 967 3681 finem.
1011 3618 1160 3691 Imo,
1206 3618 1298 3680 sic
1343 3616 1627 3680 Christus
1679 3618 1894 3681 retulit

389 3721 587 3785 vitam
629 3736 812 3781 suam
850 3718 930 3779 ad
969 3723 1160 3780 totam
1192 3715 1584 3790 Trinitatem,
1618 3735 1762 3797 quae
1800 3726 1896 3781 est

386 3818 602 3884 omnis
641 3824 868 3879 creatae
909 3822 1148 3877 naturae
1178 3814 1442 3876 ultimus
1479 3813 1654 3876 finis.
1689 3815 1896 3878 Potest

385 3934 652 3999 quoque
701 3914 936 3997 exponi
983 3914 1060 3975 de
1104 3912 1350 3976 Christo
1395 3914 1744 3975 secundum
1789 3933 1896 3975 na-

389 4025 601 4077 turam
648 4012 955 4085 divinam,
997 4011 1118 4073 hoc
1161 4012 1346 4074 modo
1381 4030 1394 4074 :
1431 4009 1587 4075 Vivo
1637 4022 1896 4094 propter

388 4114 664 4185 Patrem,
700 4111 767 4173 id
805 4118 922 4183 est,
955 4128 993 4173 a
1035 4108 1212 4171 Patre
1251 4110 1444 4172 vitam
1493 4111 1732 4193 accepi,
1768 4130 1894 4174 non

2003 3129 2161 3191 riam
2189 3128 2523 3191 dominieae
2555 3128 2865 3210 passionis
2898 3137 3089 3211 atque
3120 3130 3369 3193 eximiae
3397 3150 3500 3193 ea·-

2002 3228 2203 3289 ritatis
2244 3226 2496 3299 Christi,
2541 3226 2897 3306 dijudicans
2941 3246 3171 3310 corpus
3222 3229 3493 3292 Domini.
3526 3237 3788 3343 nicoma.

2000 3326 2279 3387 Instituit
2320 3325 2491 3387 enim
2536 3324 2819 3387 Christus
2870 3326 2989 3389 hoe
3032 3335 3497 3391 sacramentum

2002 3425 2069 3486 in
2119 3423 2490 3485 memoriam
2551 3442 2679 3485 suae
2726 3424 3137 3487 amarissimae
3187 3426 3499 3506 passionis

2003 3530 2066 3584 et
2109 3520 2573 3583 ardentissimae
2620 3520 2999 3595 dilectioniS,
3045 3530 3361 3602 quatenus
3410 3532 3503 3586 to-

2003 3620 2120 3683 ties
2167 3639 2297 3683 suae
2341 3618 2697 3682 dilectionis
2738 3638 2851 3682 nos
2890 3618 3151 3683 flamma
3198 3623 3504 3684 accende·

2005 3727 2120 3793 ret,
2174 3725 2238 3781 et
2283 3719 2361 3781 ad
2411 3716 2551 3798 ejus
2608 3718 2902 3779 sectanda
2949 3719 3215 3799 vestigia
3265 3738 3501 3801 pronos

2004 3817 2313 3891 efficeret,
2362 3818 2610 3898 quoties
2660 3824 3125 3878 sacramentum
3177 3817 3347 3879 istud
3398 3836 3505 3885 su-

2009 3915 2592 3998 perdignissimum,
2632 3913 2873 3993 angelis
2912 3915 3325 3989 adorandum,
3368 3934 3506 3977 sus-

2007 4015 2387 4096 ciperemus
2458 4014 2633 4075 Vivet
2691 4014 2763 4073 in
2820 4022 3156 4083 aeternum,
3229 4013 3293 4075 in
3361 4014 3501 4075 ani-

2005 4134 2110 4176 ma
2160 4132 2271 4196 per
2320 4111 2717 4195 spiritualem
2771 4111 3067 4174 virtutem
3118 4120 3180 4174 et
3234 4113 3503 4193 gratiam

387 4212 608 4283 aliam,
659 4210 772 4273 sed
819 4209 1106 4271 eamdem
1155 4227 1348 4289 quam
1403 4208 1684 4289 possidet
1732 4209 1890 4291 ipse.
1927 4212 1978 4275 D
2009 4212 2201 4293 hujus
2261 4210 2463 4293 panis,
2526 4209 2655 4273 imo
2710 4217 2775 4272 et
2832 4211 3085 4272 tandem
3147 4211 3318 4274 vivet
3374 4211 3503 4274 vita

393 4314 480 4374 Ec
530 4311 649 4390 qm·
691 4310 1046 4369 manducat
1095 4326 1195 4368 me
1242 4307 1778 4369 sacramentaliter
1823 4327 1896 4370 ac

389 4407 836 4491 spiritualiter,
888 4415 948 4466 et
995 4408 1129 4484 ipse
1178 4406 1347 4466 vivet
1403 4424 1518 4487 per
1573 4406 1895 4468 caritatem

391 4516 460 4571 et
505 4505 798 4588 gratiam,
835 4513 1101 4581 propter
1135 4523 1259 4574 me,
1300 4503 1363 4565 id
1411 4512 1527 4578 est,
1575 4505 1654 4567 ad
1703 4504 1900 4568 hono-

394 4624 536 4669 rem
569 4612 631 4667 et
665 4604 932 4685 gloriam
973 4620 1177 4665 meam
1218 4601 1538 4665 ordinabit
1567 4602 1759 4665 vitam
1793 4623 1898 4665 su-

389 4723 502 4768 am
537 4721 551 4766 ε
587 4702 1128 4784 quemadmodum
1173 4699 1262 4762 ait
1297 4700 1657 4782 ApostoluS,
1699 4700 1896 4764 Omne

389 4803 852 4886 quodcumque
899 4798 1106 4862 facitis
1166 4799 1232 4861 in
1283 4798 1478 4861 verbo
1526 4800 1626 4863 vel
1679 4818 1891 4883 opere,

388 4903 462 4965 in
511 4899 779 4981 gloriam
820 4896 929 4960 Dei
979 4895 1188 4959 facite.
1231 4896 1365 4970 Vel,
1413 4896 1592 4960 Vivet
1641 4906 1898 4981 propter

387 5018 523 5073 me,
587 4999 652 5061 id
709 5005 826 5073 est,
889 5015 926 5058 a
985 5014 1088 5057 me
1143 4995 1494 5078 spiritualis
1553 4996 1698 5059 vitae
1753 5015 1900 5078 aug-

389 5106 688 5161 mentum
726 5095 1011 5177 recipiet,
1047 5102 1108 5157 et
1140 5092 1574 5185 vivificabit-ur
1611 5096 1898 5177 quotidie

389 5197 600 5278 magis
647 5194 949 5279 perfecte.
1001 5194 1068 5256 ln
1121 5195 1240 5257 hoc
1287 5194 1458 5255 enim
1511 5203 1900 5260 sacramento

389 5295 764 5361 continetur
800 5293 943 5357 fons
990 5292 1230 5373 gratiae,
1271 5293 1386 5374 qui
1424 5294 1901 5357 communican-

2006 4313 2189 4376 beata
2250 4328 2323 4372 ae
2384 4308 2725 4373 immortali
2792 4309 2857 4373 in
2916 4328 3181 4391 corpore
3237 4318 3299 4373 et
3364 4311 3501 4373 ani·

2008 4429 2130 4483 ma,
2178 4408 2517 4471 suscitatus
2566 4415 2759 4489 atque
2811 4407 3083 4471 feliciter
3134 4408 3497 4495 immutatus

2005 4528 2044 4571 a
2083 4508 2353 4572 Christo.

2082 4610 2239 4669 Hoec
2286 4604 2477 4668 verba
2526 4602 2921 4685 praeinducta
2972 4606 3149 4665 dixit
3198 4604 3375 4667 Jesus
3424 4608 3497 4669 in

2005 4722 2332 4781 synayoqa
2369 4705 2621 4768 docens,
2656 4704 2729 4760 in
2774 4702 3235 4779 Capharnaum
3271 4711 3501 4767 metro-

2009 4802 2134 4884 poli
2194 4799 2481 4863 Galilaeae.
2540 4797 2746 4862 Potest
2800 4806 3011 4861 autem
3072 4818 3187 4881 per
3240 4798 3502 4882 synago-

2003 4919 2145 4981 gam
2199 4897 2469 4977 intelligi
2518 4898 2619 4959 vel
2666 4897 3066 4978 congregatio
3114 4898 3495 4975 Judaeorum,

2010 4999 2107 5061 vel
2159 5000 2384 5061 domus
2440 4996 2505 5058 in
2557 5014 2686 5077 qua
2742 4996 2821 5058 ad
2874 4994 3261 5058 audiendum
3308 5005 3502 5079 atque

2008 5096 2315 5161 orandum
2357 5092 2820 5158 confluxerant.
2854 5092 3151 5165 Quamvis
3189 5094 3360 5156 enim
3397 5094 3504 5157 Ju-

2009 5196 2124 5258 daei
2158 5212 2282 5257 non
2317 5199 2607 5275 poterant
2644 5191 2975 5256 immolare
3006 5191 3129 5254 nisi
3161 5192 3227 5253 in
3264 5193 3503 5275 templo

2006 5292 2373 5367 Jerusalem,
2408 5291 2475 5354 in
2518 5290 2789 5371 singulis
2832 5296 3041 5353 tamen
3088 5289 3355 5353 urbibus
3394 5291 3506 5354 ha-

3622 866 3693 920 59
