4300 6259
573 1100 610 1142 11
623 1101 744 1143 Petr.
758 1099 837 1150 ι.4.

619 1881 666 1924 ln
687 1881 838 1925 nuth.

575 1957 652 1996 xvi,
677 1948 742 1986 ¹9.

656 3551 729 3607 24

603 3756 770 3799 Manli.
791 3769 833 3807 x,

569 3822 654 3862 2-4.

567 4889 635 4930 33.

870 499 990 564 61⁰

1615 515 1962 562 ENARRATIO
2005 513 2068 558 IN
2109 513 2249 558 cAP.
2297 513 2380 558 XX
2422 513 2697 559 JoANMS.
2743 531 2823 540 ·—·
2866 513 3007 560 Aur.
3056 514 3239 560 vanl

867 705 1045 751 novae
1078 687 1248 767 legiS,
1283 686 1346 748 in
1385 686 1624 767 quibus
1662 685 1862 765 gratia
1901 684 2263 748 continetur
2297 691 2361 744 et
2389 681 2441 744 A
2470 684 2589 745 rim
2634 684 2931 766 apparuit
2974 683 3531 755 ChristuS.,Potest
3578 684 3773 746 etiam
3818 685 3963 758 dici,

865 786 1070 847 datur.
1131 784 1438 846 Omnibus
1497 801 1755 864 quoque
1813 781 2116 844 fidelibus
2177 782 2361 844 datur

866 883 1186 945 deificatio
1233 883 1396 955 talis,
1450 900 1563 964 per
1611 881 1860 943 diversa
1905 882 2068 943 dona
2115 888 2179 941 et
2224 899 2363 960 gra-

867 982 1018 1044 tiam
1065 981 1339 1063 Spiritus
1385 981 1618 1053 Sancti,
1666 980 2019 1041 secundum
2070 980 2241 1060 quod
2295 978 2358 1040 in

867 1081 1136 1164 epistola
1178 1079 1480 1142 canonica
1531 1078 1690 1140 Petri
1746 1078 2068 1140 inducitur
2113 1097 2126 1140 :
2176 1077 2361 1139 Maxi-

865 1199 970 1242 ma
997 1187 1060 1241 et
1086 1178 1358 1260 pretiosa
1397 1177 1579 1240 nobis
1623 1176 1935 1258 promissa
1974 1175 2255 1248 donavit,
2292 1183 2361 1236 ut

865 1295 980 1359 per
1026 1277 1160 1339 haec
1195 1274 1571 1337 efficiamini
1616 1275 1849 1337 divinae
1889 1281 2213 1337 consortes
2258 1293 2359 1335 na-

863 1383 1041 1438 turae.
1100 1407 1176 1420 --
1231 1373 1572 1447 Postremo,
1637 1374 1714 1435 de
1773 1373 1890 1434 hac
1951 1371 2237 1445 materia,
2300 1379 2361 1433 et

861 1473 1020 1555 quid
1048 1474 1130 1535 sit
1159 1473 1377 1546 claviS,
1413 1480 1476 1534 et
1502 1473 1823 1553 quomodo
1855 1472 2145 1534 sacerdos
2178 1489 2359 1534 evan-

860 1572 1078 1652 gelicae
1116 1571 1274 1652 legis
1313 1571 1558 1632 dicatur
1602 1577 1857 1651 peccata
1900 1569 2243 1642 dimittere,
2277 1586 2358 1630 an

864 1670 1107 1732 scilicet
1143 1669 1386 1750 aliquid
1430 1668 1849 1749 cooperando,
1887 1667 1985 1728 vel
2033 1668 2359 1730 dumtaxat

867 1769 1275 1842 ostendendo,
1317 1768 1394 1828 de
1435 1767 1646 1830 verbis
1686 1785 1944 1847 quoque
1989 1765 2357 1848 Hieronymi

2467 782 2637 862 quod
2699 782 2817 844 iste
2873 782 2957 844 sit
3014 801 3237 844 sensus
3305 782 3647 846 verborum
3711 781 3901 844 Lucae
3948 801 3961 844 :

2469 879 2853 943 Invenerunt
2908 889 3319 962 congregatos
3381 881 3701 951 undecim,
3757 882 3821 942 id
3878 889 3967 942 est

2468 979 2820 1061 ApostolOS,
2872 979 2985 1060 qui
3046 999 3161 1061 pro
3210 988 3364 1042 tunc
3420 980 3717 1042 undecim
3768 987 3965 1052 erant,

2467 1079 2760 1159 quamvis
2806 1097 2931 1141 non
2977 1078 3239 1140 fuerunt
3284 1097 3505 1142 omnes
3550 1078 3824 1140 collecti.
3868 1077 3971 1138 Est

2468 1195 2725 1258 quoque
2771 1178 3162 1240 consuetudo
3200 1175 3564 1258 Scripturae,
3610 1186 3681 1238 ut
3727 1177 3971 1258 aliquid

2466 1275 2849 1337 attribuatur
2888 1275 2997 1338 toti
3039 1275 3504 1348 communitati,
3539 1275 3693 1357 quia
3734 1275 3963 1354 majori

2469 1373 2568 1437 vel
2610 1373 3046 1456 principaliori
3088 1373 3229 1453 ejus
3271 1373 3577 1455 competit
3618 1373 3809 1454 parti.

2546 1468 2877 1545 Quaeritur,
2913 1490 3115 1552 quum
3148 1470 3417 1534 Thomas
3459 1470 3737 1533 defuerit
3767 1489 3967 1552 quan-

2467 1570 2547 1632 do
2586 1569 2765 1631 Jesus
2816 1570 3010 1644 venit,
3045 1567 3423 1644 insufflavit,
3460 1569 3769 1651 Spiritum
3816 1568 3965 1630 San-

2468 1675 2641 1730 ctum
2682 1667 2943 1749 largitus
2987 1677 3103 1742 est,
3137 1677 3200 1730 et
3242 1669 3512 1743 dicebat,
3548 1669 3831 1742 Quorum
3878 1687 3969 1730 re·

2470 1766 2770 1828 miseritis
2824 1775 3097 1847 peccata,
3142 1776 3290 1838 etc.‚
3337 1785 3415 1828 an
3467 1767 3606 1849 ipse
3654 1767 3963 1848 Spiritum

868 1868 1038 1929 circa
1075 1867 1214 1941 hoc,
1249 1865 1526 1948 plurima
1555 1865 1684 1928 dixi
1723 1883 1918 1947 super
1947 1864 2305 1926 Matthaeum
2341 1882 2355 1927 :
2396 1861 2443 1925 B
2470 1863 2768 1927 Sanctum
2810 1864 2907 1926 bis
2955 1865 3215 1946 recepit,
3251 1873 3313 1927 et
3357 1873 3730 1947 potestatem
3776 1865 3970 1946 ligan-

866 1984 1012 2047 quae
1049 1983 1172 2028 non
1215 1972 1362 2026 sunt
1401 1964 1520 2027 hoc
1559 1964 1698 2026 loco
1745 1964 2107 2044 repetenda,
2142 1982 2363 2044 quam-

867 2064 964 2126 vis
997 2064 1114 2125 ista
1141 2063 1280 2124 sine
1312 2063 1438 2125 illis
1471 2063 1658 2144 plene
1699 2061 1966 2142 intelligi
2011 2067 2357 2142 nequeant.

947 2161 1127 2225 Dedit
1174 2163 1386 2243 itaque
1434 2161 1718 2224 Christus
1759 2157 2076 2242 Apo'stolis
2120 2178 2364 2222 eorum-

866 2279 993 2342 que
1049 2259 1521 2322 successoribus
1579 2258 1860 2320 divinam
1912 2267 1976 2320 et
2022 2258 2364 2320 admirabi-

866 2361 993 2422 lem
1026 2365 1418 2441 potestatem,
1452 2376 1579 2438 qua
1617 2355 1772 2420 alios
1811 2363 2076 2437 possunt
2117 2356 2363 2418 solvere

865 2467 928 2520 et
973 2458 1186 2538 ligare,
1236 2475 1273 2517 a
1322 2474 1514 2536 regno
1561 2454 1920 2527 excludere,
1975 2462 2037 2516 et
2087 2455 2152 2515 in
2203 2455 2363 2516 illud

867 2557 1190 2620 inducere.
1243 2554 1362 2616 Sed
1415 2553 1670 2616 videant
1727 2552 2002 2614 ministri
2066 2551 2363 2614 Ecclesiae

867 2663 936 2716 ut
971 2661 1140 2716 tanta
1180 2653 1414 2716 virtute
1455 2652 1643 2731 digne
1687 2657 1966 2725 utantur,
2000 2651 2362 2715 exsistendo

867 2753 931 2814 in
990 2752 1212 2833 gratia,
1275 2767 1626 2830 causasque
1683 2747 2127 2811 confitentium
2191 2749 2361 2830 sapi-

865 2860 1044 2914 enter
1088 2850 1410 2932 pensando
1452 2867 1525 2910 ac
1565 2847 2006 2920 discernendO,
2050 2855 2113 2908 et
2154 2848 2363 2928 priva-

865 2957 1000 3012 tum
1050 2965 1330 3011 amorem
1377 2965 1448 3008 ac
1497 2945 1736 3020 odium,
1782 2953 2148 3026 ceterasque
2196 2947 2362 3008 inor-

2471 1964 2531 2024 di
2571 1972 2761 2045 atque
2802 1964 3087 2028 solvendi
3135 1965 3393 2026 sortitus
3434 1973 3549 2027 est.
3585 1963 3717 2025 Dici
3768 1971 3971 2046 potest

2470 2062 2639 2142 quod
2687 2069 2828 2143 post
2865 2071 3007 2125 octo
3047 2061 3181 2124 dies
3229 2072 3571 2145 apparente
3608 2062 3781 2138 Jesu‚
3816 2062 3971 2124 Tho-

2469 2178 2601 2221 mas
2651 2160 3047 2242 recuperavit
3089 2162 3263 2241 quod
3306 2161 3370 2222 in
3416 2161 3517 2224 die
3558 2160 3813 2222 Paschae
3860 2179 3970 2242 per

2467 2257 2817 2319 absentiam
2864 2278 3043 2320 suam
3098 2278 3225 2323 non
3268 2260 3535 2342 accepit.
3566 2295 3647 2304 —
3678 2260 3963 2341 Insuper,

2468 2354 2626 2416 teste
2684 2355 3002 2437 Gregorio,
3066 2357 3291 2420 divina
3350 2359 3825 2440 dispensatione
3886 2357 3969 2418 fa-

2470 2461 2641 2516 ctum
2688 2463 2783 2516 est
2823 2463 2893 2516 ut
2930 2455 3201 2519 Thomas
3248 2465 3401 2518 tunc
3440 2458 3705 2530 deesset,
3752 2456 3970 2518 videli-

2471 2561 2568 2614 cet
2613 2553 2691 2614 ad
2742 2563 3017 2617 nostram
3069 2553 3609 2629 informationem,
3653 2563 3965 2636 quatenus

2469 2648 2709 2712 Thoma
2777 2651 3106 2714 dubitante
3174 2661 3432 2734 propter
3501 2671 3679 2714 suam
3746 2652 3968 2714 ahsen-

2468 2748 2644 2825 tiam,
2688 2750 2973 2813 Christus
3016 2759 3353 2832 appareret
3400 2751 3823 2832 frequentiuS,
3866 2771 3965 2812 su-

2466 2865 2700 2928 amque
2744 2850 3273 2912 resurrectionem
3322 2849 3618 2931 probaret
3665 2849 3959 2912 lucidius,

2548 2949 2877 3008 Dioeerunc
2922 2967 3069 3025 erqo
3116 2950 3179 3007 ei
3237 2949 3301 3010 in
3361 2949 3619 3011 domum
3680 2966 3962 3029 regresso

863 3049 1111 3110 dinatas
1164 3045 1536 3109 affectiones
1598 3043 1850 3125 penitus
1911 3043 2278 3124 repellendo
2342 3063 2355 3107 :
2398 3049 2440 3110 C
2470 3047 2595 3104 alii
2638 3047 2949 3122 discipuli
3002 3067 3024 3105 .·
3072 3047 3360 3108 Vidimus
3408 3049 3789 3108 Dominum.
3847 3050 3962 3108 Ille

863 3145 1166 3228 quoniam
1203 3145 1254 3205 si
1289 3143 1579 3224 indignos
1613 3141 1966 3215 absolvant,
2002 3142 2102 3204 vel
2135 3143 2359 3223 dignos

865 3245 1082 3326 ligent,
1137 3243 1382 3306 dicetur
1439 3243 1515 3303 de
1573 3240 1664 3302 eis
1724 3239 1882 3301 illud
1944 3239 2287 3303 Ezechielis
2341 3259 2354 3305 ε

863 3341 1320 3406 interfecerunt
1358 3341 1601 3402 animas
1631 3357 1776 3420 quae
1807 3357 1931 3402 non
1968 3340 2354 3415 moriuntur,

862 3449 924 3504 et
971 3440 1383 3504 vivificabant
1429 3439 1678 3500 animas
1732 3455 1877 3517 quae
1927 3455 2053 3498 non
2106 3438 2354 3500 vivunt.

950 3543 1217 3603 Thomas
1255 3549 1468 3600 autem
1511 3557 1682 3598 unus
1723 3557 1804 3595 ex
1840 3539 2203 3608 duodecim,
2238 3537 2358 3601 hoc

863 3647 958 3701 est
989 3657 1153 3700 unus
1184 3636 1650 3718 Apostolorum,
1674 3634 1786 3715 qui
1818 3642 1962 3696 ante
1996 3635 2355 3716 passionem

865 3737 1092 3800 Christi
1124 3743 1304 3798 erant
1341 3733 1697 3808 duodecim,
1731 3733 1986 3814 quando
2013 3732 2203 3795 Judas
2238 3733 2361 3795 fuit

867 3855 1030 3898 unus
1090 3834 1340 3897 illorum
1377 3853 1392 3912 3
1447 3833 1568 3906 vel,
1633 3831 1802 3893 Unus
1861 3851 1938 3893 ex
1995 3832 2354 3908 duodecim,

863 3934 1016 4015 quia
1074 3933 1226 3994 dum
1282 3931 1550 3994 loannes
1611 3929 2013 4010 evangelium
2083 3949 2357 4012 praesens

568 4052 699 4155 zm.
719 4052 835 4102 1,24—
862 4031 1219 4112 descripsit,
1261 4029 1568 4092 successit
1602 4027 1859 4090 Mathias
1901 4029 1964 4090 in
2007 4028 2217 4092 locum
2260 4031 2360 4090 Ju-

595 4117 636 4158 6.

862 4127 977 4200 dae,
1031 4126 1250 4208 sicque
1308 4126 1576 4189 Thomas
1636 4125 1758 4187 fuit
1818 4144 1983 4186 unus
2035 4125 2360 4207 Apostolo-

2469 3152 2683 3204 autem
2720 3146 2899 3204 dixit
2934 3145 3025 3202 eis
3056 3165 3078 3204 .·
3104 3145 3254 3208 Nisi
3290 3147 3508 3205 videro
3550 3147 3621 3204 in
3660 3146 3960 3206 manibus

2469 3242 2609 3316 ejus
2648 3247 2945 3318 fixuram
2986 3245 3346 3312 clavorum,
3384 3253 3443 3304 et
3486 3245 3743 3304 mittam
3791 3244 3963 3319 (11·ρί-

2472 3349 2609 3399 tum
2662 3361 2871 3400 meum
2922 3342 2995 3400 in
3044 3344 3253 3401 locum
3301 3345 3655 3411 clavorum,
3699 3343 3819 3404 hoc
3869 3349 3961 3402 est

2470 3436 2533 3498 in
2568 3445 2775 3518 partes
2817 3456 3122 3498 manuum
3162 3437 3358 3501 clavis
3398 3438 3583 3512 fixas,
3615 3448 3675 3498 ec
3706 3441 3959 3500 mittam

2470 3555 2742 3596 manum
2798 3556 3005 3596 meam
3064 3537 3136 3596 in
3198 3539 3366 3597 latus
3424 3539 3589 3614 ejus,
3648 3537 3961 3616 tangendo

2471 3632 2681 3695 lateris
2722 3642 3107 3715 aperturam,
3150 3655 3277 3694 non
3319 3638 3599 3696 credam.
3648 3633 3801 3696 Tam
3851 3636 3963 3697 du-

2469 3751 2576 3792 rus
2624 3733 2700 3794 ad
2750 3730 2947 3794 fidem
2996 3741 3057 3792 et
3105 3750 3361 3812 grossus
3414 3734 3620 3794 fuerat
3666 3732 3955 3802 Thomas,

2466 3829 2637 3908 quod
2682 3845 2798 3890 nec
2836 3834 2927 3890 tot
2970 3829 3289 3910 tantisque
3334 3829 3600 3892 testibus
3644 3829 3957 3908 credidit3

2468 3945 2585 3988 nec
2624 3926 2837 3988 videre
2876 3925 3025 3988 satis
3068 3927 3333 4008 putavit,
3370 3929 3480 3990 sed
3523 3926 3725 3991 voluit
3766 3928 3957 3989 etiam

2467 4044 2697 4106 corpus
2756 4043 2947 4086 manu
3006 4033 3273 4087 tractare
3320 4045 3432 4088 seu
3491 4033 3769 4107 tangere.
3822 4026 3953 4088 Non

2467 4124 2637 4185 enim
2672 4123 3093 4185 consideravit
3121 4123 3644 4205 omnipotentiam
3676 4124 3808 4200 Dei,
3846 4143 3958 4188 nec

862 4243 1023 4298 rum,
1053 4225 1166 4305 qui
1199 4224 1426 4286 Mathia
1459 4225 1658 4286 electo
1689 4223 1950 4285 fuerunt
1983 4225 2353 4304 duodecim3
2390 4230 2439 4293 D
2469 4222 2914 4286 recordabatur
2990 4221 3330 4284 verborum
3413 4223 3641 4287 Christi
3719 4223 3957 4304 quibus

858 4325 976 4401 qui
1001 4325 1252 4384 dieitur
1272 4324 1641 4398 Didymus:
1664 4323 1834 4403 quod
1869 4322 2355 4403 interpretatum

859 4428 955 4480 est
1013 4420 1268 4492 dubim,
1322 4418 1475 4500 quia
1533 4419 1610 4480 dc
1659 4418 1889 4481 Christi
1951 4420 2359 4482 resurrectio-

863 4534 942 4578 ne
987 4535 1118 4598 prae
1161 4516 1387 4578 ceteris
1433 4515 1554 4577 fuit
1599 4515 2008 4594 incredulus;
2049 4537 2179 4576 non
2218 4527 2357 4578 erat

859 4635 1007 4676 cum
1045 4617 1161 4684 εἰς,
1199 4617 1460 4693 quando
1510 4616 1686 4674 venit
1721 4616 1922 4674 JesuS.
1977 4613 2136 4675 Huic
2186 4615 2358 4677 vide-

860 4722 964 4774 tur
1012 4713 1402 4777 contrarium
1459 4712 1629 4793 quod
1692 4711 1886 4774 Lucas
1936 4713 2145 4786 habet,
2200 4714 2357 4776 duos

691 4839 831 4880 ,xx-v,
860 4811 1207 4894 discipulos
1265 4829 1580 4891 regressos
1631 4831 1669 4872 a
1719 4811 1975 4874 castello
2032 4810 2353 4888 EmmauS,

861 4910 1182 4974 invenisse
1241 4917 1644 4990 congregatos
1705 4910 2022 4982 undecim,
2081 4929 2355 4990 quorum

861 5027 1026 5069 unus
1071 5008 1310 5069 exstitit
1354 5007 1645 5070 Thomas,
1680 5007 2034 5089 Respondet
2073 5009 2359 5088 Augusti-

859 5124 1001 5179 nus,
1046 5106 1218 5186 quod
1264 5105 1531 5169 Thomas
1577 5105 1780 5166 adsuit
1827 5106 2239 5169 redeuntibus
2286 5108 2358 5168 il-

857 5203 935 5265 lis
981 5204 1228 5267 duobus
1273 5223 1286 5266 ε
1330 5203 1568 5284 quibus
1608 5203 2042 5286 loquentibuS,
2087 5204 2355 5268 Thomas

859 5311 1122 5384 propter
1170 5301 1450 5384 aliquam
1512 5321 1766 5364 causam
1815 5303 2034 5377 exivit,
2087 5310 2152 5365 et
2197 5303 2357 5365 inte-

2469 4323 2917 4405 praenuntiavit
2954 4341 3021 4384 se
3064 4329 3570 4385 resurrecturum
3606 4325 3793 4386 tertia
3832 4325 3955 4398 die,

2468 4422 2576 4484 sed
2606 4439 2798 4502 quam
2832 4420 3227 4502 impossibile
3256 4430 3423 4483 esset
3456 4422 3826 4484 naturaliter
3856 4423 3961 4486 ho·
3986 4405 4047 4508 {g
4152 4431 4195 4441 ““

2468 4519 2704 4581 minem
2750 4518 2957 4580 taliter
3001 4537 3258 4600 passum
3303 4536 3655 4599 resurgere.

2547 4621 2631 4680 Ec
2670 4627 2814 4694 post
2859 4620 2995 4678 dics
3040 4627 3195 4688 occe,
3252 4617 3372 4680 hoc
3428 4627 3527 4679 est
3580 4617 3682 4680 die
3738 4627 3961 4682 octava

2468 4716 2800 4788 inclusive,
2834 4717 3071 4776 iterum
3108 4725 3295 4777 erant
3332 4718 3647 4792 discipuli
3676 4719 3821 4793 ejus
3860 4719 3963 4778 in-

2469 4824 2590 4886 tua,
2626 4813 2690 4875 id
2728 4821 2822 4875 est
2860 4813 2924 4874 in
2957 4814 3141 4876 domo
3178 4813 3496 4894 praedicta,
3533 4822 3795 4896 propter
3834 4834 3963 4877 me·

2470 4921 2603 4975 tum
2648 4912 3027 4986 Judaeorum,
3072 4919 3141 4973 ut
3186 4921 3353 4987 ante,
3394 4923 3455 4973 ec
3502 4915 3767 4974 Thomas
3808 4935 3959 4974 cum

2464 5013 2576 5070 eis.
2620 5009 2773 5072 Puto
2813 5011 2985 5090 quod
3023 5009 3291 5072 Thomas
3336 5019 3479 5092 post
3523 5011 3955 5094 praescriptam

2465 5109 2927 5189 apparitionem
2990 5108 3189 5188 magis
3255 5128 3447 5189 quam
3514 5116 3660 5170 ante
3723 5111 3961 5172 mansit

2468 5226 2611 5268 cum
2655 5206 2995 5288 ApostoliS‚
3028 5207 3259 5269 timens
3300 5225 3379 5269 ne
3415 5207 3592 5269 Jesus
3632 5208 3845 5271 denuo
3885 5209 3960 5269 il-

2471 5304 2548 5365 lis
2580 5312 2914 5386 appareret
2944 5323 3010 5366 se
3040 5304 3315 5366 absente.
3342 5307 3959 5389 Veniclesusjanuis

4078 2955 4139 3007 25
