4300 6259
875 512 957 580 20
1686 534 2035 583 manuue
2076 535 2141 581 m
2183 535 2321 581 car.
2368 536 2409 581 x
2452 533 2639 581 Luem.
2685 554 2766 563 —
2806 533 2949 581 aar.
2991 534 3162 581 xxvn

598 720 846 771 Marcam.
878 714 980 768 tus
1027 714 1123 767 est
1156 725 1169 769 :
1203 707 1370 769 Vade
1417 714 1584 769 retro
1622 725 1745 779 me,
1781 714 2016 769 satana.
2052 707 2212 767 Hinc
2258 724 2371 787 per
2399 707 2451 767 A
2480 705 2598 787 piti
2626 704 2913 767 membra
2947 705 3325 786 junguntur,
3359 712 3550 786 atque
3590 704 3653 766 in
3684 722 3799 766 suo
3826 722 3959 767 eor-

582 785 846 899 iffa-,aa
875 804 1097 866 Isaiam
1129 804 1413 867 Christus
1453 812 1716 867 testatur
1755 806 1832 867 de
1873 804 2046 867 Patre
2081 824 2092 867 :
2129 805 2221 865 Ad
2261 823 2371 865 an-

875 903 1297 965 nuntiandum
1328 903 1676 965 mansuetis
1706 904 1882 965 misit
1909 922 2026 977 me,
2055 911 2123 965 ut
2152 903 2365 964 darem

876 1002 1237 1083 lugentibus
1269 1022 1565 1067 coronam
1596 1022 1710 1085 pro
1741 1003 1975 1079 cinere,
2008 1003 2221 1067 oleum
2253 1021 2368 1084 pro

581 1112 712 1159 cm.
739 1119 845 1169 n,4.
874 1100 1072 1162 luctu.
1109 1100 1182 1162 Et
1229 1100 1473 1183 Sponsa
1518 1100 1750 1163 fatetur
1801 1101 1864 1163 in
1916 1101 2187 1165 Canticis
2223 1119 2237 1163 ε
2272 1100 2369 1162 ln-

873 1200 1151 1263 troduxit
1193 1218 1295 1261 me
1337 1219 1446 1262 rex
1490 1200 1554 1261 in
1600 1200 1824 1262 cellam
1868 1200 2201 1264 vinariam.

963 1297 1269 1380 Denique,
1322 1299 1488 1361 sicut
1536 1299 1821 1362 Christus
1876 1301 2083 1382 primo
2131 1298 2367 1361 dicitur

867 1395 1080 1458 oleum
1110 1395 1422 1459 infudisse
1457 1404 1519 1459 et
1549 1404 1766 1479 postea
1795 1398 2039 1471 vinum,
2075 1396 2168 1458 sic
2208 1414 2366 1477 prae-

869 1494 975 1555 lati
1026 1502 1088 1556 et
1125 1513 1345 1558 omnes
1389 1496 1841 1576 exhortatoreS,
1877 1496 2085 1577 primo
2131 1494 2366 1556 debent

868 1593 970 1674 pie
1019 1600 1083 1655 et
1129 1594 1452 1657 caritative
1501 1594 1820 1675 corripere
1867 1594 2002 1657 sive
2047 1594 2363 1655 instruere

867 1691 1330 1773 delinquenteS,
1372 1692 1600 1754 deinde
1640 1693 1692 1754 si
1741 1711 1903 1775 opus
1942 1692 2158 1764 fuerit,
2202 1692 2363 1772 rigo-

867 1808 1000 1851 rem
1056 1790 1319 1870 justitiae
1365 1792 1734 1853 admiscere.
1786 1791 1945 1853 Hinc
1991 1792 2069 1853 ad
2117 1789 2360 1853 Galatas

2481 824 2634 887 pore
2674 813 2886 867 nostra
2924 805 3161 867 scelera
3195 805 3399 878 luens,
3431 804 3609 885 juxta
3646 803 3802 865 illud
3837 802 3958 864 lsa-

2480 904 2556 966 iae
2606 923 2620 966 τ
2672 904 2975 967 Dominus
3037 904 3252 985 posuit
3310 904 3374 964 in
3432 922 3507 966 eo
3563 902 3954 983 iniquitatem
3998 920 4215 968 zeum.

2477 1003 2763 1066 omnium
2820 1010 3129 1065 nostrum.
3181 1002 3397 1083 Itaque
3446 1019 3559 1083 per
3603 1001 3958 1082 jumentum

2477 1100 2730 1175 Christi,
2763 1120 2994 1182 corpus
3028 1100 3169 1181 ejus
3209 1099 3653 1181 dignissimum
3694 1097 3960 1179 explica-

2475 1205 2579 1261 tur
2613 1218 2627 1262 :
2661 1200 2832 1281 quod
2863 1199 2983 1261 rite
3021 1198 3381 1280 jumentum
3415 1205 3691 1270 vocatur,
3726 1214 3850 1259 non
3879 1194 3957 1258 ob

2475 1296 2805 1359 bestialem
2846 1298 3177 1372 vilitatem,
3210 1297 3322 1359 sed
3361 1295 3440 1359 ob
3480 1293 3954 1359 obedientialem

2475 1396 2960 1478 subjectionem,
3012 1414 3087 1458 ac
3132 1394 3503 1457 servitutem
3561 1392 3954 1475 promptissi—

2472 1514 2655 1570 mam,
2677 1514 2804 1578 qua
2832 1496 2897 1557 in
2927 1494 3223 1559 omnibus
3253 1494 3479 1557 animae
3501 1491 3729 1556 Christi
3760 1509 3957 1573 prom-

2474 1593 2763 1675 ptissime
2817 1594 3030 1675 paruit
3077 1612 3152 1655 ac
3202 1592 3485 1656 servivit.
3545 1590 3701 1652 Hinc
3750 1596 3813 1650 et
3861 1588 3956 1651 vir

2471 1691 2773 1754 obediens
2823 1691 3108 1773 loquitur
3143 1691 3267 1754 Deo
3301 1708 3315 1752 z
3350 1689 3426 1751 Ut
3470 1689 3825 1771 jumentum
3867 1687 3956 1749 fa·
4008 1706 4085 1748 Ρ..
4118 1720 4219 1747 ιω.

2471 1796 2609 1851 ctus
2640 1811 2781 1853 sum
2812 1793 2981 1874 apud
3016 1798 3096 1852 te.
3124 1791 3335 1852 Duoeic
3364 1792 3439 1849 in
3464 1791 3805 1857 stabulum,
3839 1787 3955 1849 hoc
3982 1770 4050 1815 ²³·

574 1868 838 1951 calamii.
865 1888 1088 1950 scribit
1125 1890 1464 1971 Apostolus
1497 1908 1510 1952 :
1547 1889 1810 1963 FratreS,
1845 1896 1907 1951 et
1945 1890 1998 1951 si
2041 1908 2361 1972 praeoccu-
2394 1884 2442 1947 B
2469 1897 2583 1957 est,
2618 1889 2915 1953 Ecclesiae
2954 1908 3085 1952 suae
3122 1889 3334 1970 ipsum
3374 1886 3815 1968 incorporavit.
3848 1884 3957 1946 Ec-

863 1993 1048 2069 patus
1096 1986 1290 2049 fuerit
1334 1988 1524 2052 homo
1573 1987 1638 2050 in
1689 1988 1904 2070 aliquo
1952 1988 2205 2065 delicto,
2248 2008 2358 2052 vos

861 2085 973 2165 qui
1024 2083 1387 2167 spirituales
1435 2087 1610 2160 estiS,
1645 2086 2012 2167 hujusmodi
2063 2088 2358 2150 instruite

861 2183 928 2246 in
959 2185 1188 2267 spiritu
1222 2185 1520 2248 lenitatis.
1556 2187 1657 2248 Ait
1685 2205 1944 2268 quoque
1973 2186 2352 2250 Bernardus:

859 2282 1121 2365 Semper
1170 2284 1422 2367 punire,
1475 2292 1571 2346 est
1619 2285 2056 2366 crudelitatis;
2103 2302 2356 2366 semper

859 2400 1139 2463 parcere,
1184 2383 1764 2464 pusillanimitatis;
1808 2402 1924 2446 nec
1962 2384 2083 2446 hoc
2125 2401 2244 2445 nec
2281 2383 2356 2445 il-

859 2480 991 2555 lud,
1034 2480 1370 2563 inquitatis.
1405 2479 1575 2563 Opus
1622 2489 1718 2543 est
1764 2498 1912 2561 ergo
1949 2481 2352 2557 discretione,

859 2586 930 2639 ut
985 2578 1223 2641 sciatur
1276 2581 1531 2661 quando
1589 2580 1708 2643 hoc
1764 2586 1826 2641 et
1882 2581 2138 2662 quando
2195 2580 2355 2642 illud

857 2676 1194 2755 agendum,
1223 2684 1287 2737 et
1325 2675 1598 2757 qualiter
1628 2676 1711 2738 sit
1747 2678 2353 2757 contemperandum

862 2780 1230 2855 utrumque.

948 2871 1250 2935 Praeterea
1299 2871 1458 2934 varii
1506 2872 1906 2952 assignantur
1952 2874 2353 2937 detestabiles

859 2968 1334 3049 miserrimique
1365 2967 1632 3031 effectus
1674 2970 1936 3051 peccati,
1969 2970 2079 3052 qui
2120 2972 2185 3032 in
2217 2990 2356 3035 ver-

858 3065 958 3127 bis
997 3064 1227 3128 Christi
1279 3065 1686 3148 praeinductis
1736 3074 2102 3148 tanguntur.
2144 3069 2353 3134 Primo
2390 3076 2433 3139 C
2464 3070 2807 3144 civitatem,
2843 3070 2953 3131 sed
2982 3066 3261 3130 futuram
3293 3066 3700 3148 inquirimuS.
3733 3068 3819 3127 Et
3844 3086 3954 3127 cu-

857 3164 1053 3239 enim,
1088 3182 1201 3246 per
1241 3171 1570 3245 peccatum
1619 3166 2130 3229 exhereditamur
2171 3187 2208 3229 a
2257 3188 2353 3231 re-

856 3281 983 3343 gno
1030 3261 1294 3337 coelesti,
1347 3263 1517 3342 quod
1565 3270 1661 3325 est
1710 3272 1878 3326 terra
1925 3266 2281 3329 viventium
2334 3285 2349 3330 z

859 3360 1029 3441 quod
1075 3367 1346 3435 notatur,
1390 3379 1592 3441 quum
1636 3362 1888 3437 dicitur,
1928 3363 2355 3428 Descendebat

859 3458 939 3520 ab
974 3458 1341 3520 Jerusalem.
1385 3457 1695 3534 Secundo,
1735 3478 1848 3542 per
1887 3471 2213 3543 peccatum
2256 3483 2354 3526 ca-

863 3555 1184 3637 ptivamur
1213 3555 1332 3617 sub
1363 3554 1612 3618 defectu
1643 3557 2008 3641 multiplici,
2042 3568 2105 3623 et
2142 3571 2354 3624 mente

863 3652 1216 3728 instabiles,
1251 3653 1631 3735 exsulesque
1661 3654 1984 3720 efficimur
2006 3676 2020 3721 ε
2045 3661 2216 3741 quod
2250 3680 2356 3724 no-

863 3758 1054 3825 tatur,
1105 3770 1305 3833 quum
1360 3751 1467 3825 ait,
1519 3752 1586 3815 In
1634 3754 1902 3819 Jericho.
1957 3756 2187 3833 Tertio,
2241 3778 2356 3841 per

867 3855 1195 3930 peccatum
1236 3848 1617 3929 subjicimur
1655 3854 1942 3916 servituti
1986 3857 2228 3937 peccati
2266 3865 2357 3919 at-

866 3962 994 4026 que
1023 3946 1278 4020 diaboli,
1313 3947 1464 4028 quia
1502 3954 1565 4009 et
1592 3948 1809 4013 Petrus
1848 3954 2169 4035 apostolus
2207 3974 2357 4019 con-

601 4058 636 4101 ιι
656 4060 839 4111 eamn,
869 4051 1131 4105 testatur
1163 4063 1177 4108 :
1211 4044 1263 4105 A
1293 4065 1421 4127 quo
1448 4047 1594 4128 quis
1624 4049 1828 4112 victus
1859 4060 1973 4128 est,
2008 4053 2203 4133 hujus
2232 4072 2358 4116 ser-

576 4124 838 4235 }{gm-„st
872 4161 987 4205 vus
1026 4150 1138 4205 est.
1174 4143 1346 4206 Unde
1394 4144 1620 4209 Paulus
1668 4149 1954 4211 hortatur
1987 4169 2000 4213 :
2031 4150 2166 4214 Non
2206 4170 2355 4234 ergo

868 4248 1088 4321 regnet
1125 4251 1454 4323 peccatum
1493 4244 1558 4305 in
1599 4253 1805 4309 vestro
1847 4250 2095 4311 mortali
2136 4269 2359 4333 corpo-
2389 4258 2437 4320 Ι)
2466 4252 2544 4313 de
2586 4248 3072 4314 rationabilibus
3117 4246 3445 4309 creaturis.

867 4356 955 4400 re.
997 4339 1126 4403 Hoc
1165 4348 1436 4417 notatur,
1477 4362 1678 4424 quum
1723 4345 1976 4420 dicitur,
2017 4348 2245 4411 Incidit
2288 4350 2353 4412 in

864 4436 1158 4501 latrones,
1191 4438 1439 4514 Quarto,
1477 4458 1588 4522 per
1632 4450 1960 4523 peccatum
2005 4446 2355 4527 spoliamur

866 4537 1048 4599 donis
1095 4537 1384 4618 gratuitis
1427 4557 1440 4601 :
1484 4539 1626 4602 ideo
1671 4542 1780 4616 ait,
1830 4542 2354 4624 Despoliaverunt

866 4654 1034 4698 eum.
1059 4635 1306 4711 Quint0,
1344 4656 1457 4719 per
1487 4646 1813 4720 peccatum
1847 4643 2257 4705 vulneramur
2286 4646 2351 4708 in

867 4734 1260 4796 naturalibus
1313 4753 1326 4796 :
1382 4737 1548 4798 unde
1601 4737 1853 4811 dicitur,
1896 4738 2098 4821 Plagis
2147 4742 2353 4824 impo-

867 4832 1026 4895 sitis.
1079 4832 1285 4907 Sexto,
1339 4852 1453 4915 per
1508 4844 1836 4916 peccatum
1889 4838 2357 4903 mortificantur

865 4932 1284 5012 praecedentia
1330 4950 1521 5013 opera
1566 4941 1776 4996 nostra
1825 4936 2166 5013 meritoria,
2202 4958 2359 5020 prae-

837 5030 1122 5112 ·mioque
1159 5031 1488 5113 privamur
1523 5050 1536 5094 ε
1572 5032 1721 5094 hinc
1752 5034 2004 5111 dicitur,
2037 5035 2357 5102 Semivivo

867 5128 1107 5193 relicto.

945 5230 1032 5290 Et
1059 5229 1394 5307 imponens
1423 5230 1614 5290 illum
1645 5232 1714 5290 in
1733 5232 2112 5308 jumentum
2142 5254 2355 5306 suum,

868 5326 988 5391 hoc
1017 5333 1133 5402 est,
1167 5326 1417 5409 corpori
1451 5345 1564 5390 suo
1595 5346 1708 5392 nos
1735 5328 2031 5410 jungenS,
2067 5331 2231 5395 sicut
2261 5352 2361 5395 ca-

2468 1987 2661 2050 clesia
2691 2006 2922 2070 nempe
2952 1996 3049 2050 est
3076 1986 3306 2051 Christi
3337 1986 3525 2059 ovile,
3560 1985 3626 2047 in
3656 2003 3785 2066 quo
3822 1984 3955 2066 ipse

2468 2104 2615 2148 suos
2662 2085 2887 2149 fideles
2926 2084 3270 2167 multiplici
3311 2082 3521 2147 reficit
3562 2082 3793 2165 pabulo
3830 2081 3955 2163 spi-

2468 2184 2683 2247 rituali
2717 2203 2731 2247 :
2766 2186 2844 2248 de
2873 2202 3003 2266 quo
3032 2183 3281 2246 stabulo
3318 2183 3407 2244 ait
3442 2182 3509 2243 in
3534 2182 3790 2256 Joanne‚
3824 2180 3954 2241 Fiet
4005 2198 4167 2242 Joam.
4192 2216 4233 2249 ι,

2468 2302 2634 2345 unus
2675 2292 2887 2365 pastor
2924 2288 2987 2345 et
3016 2300 3218 2343 unum
3255 2280 3461 2361 ovile3
3495 2280 3560 2342 in
3600 2298 3727 2360 quo
3766 2278 3951 2340 etiam
3981 2264 4047 2306 ¹⁶·

2466 2398 2731 2462 corpore
2762 2387 2825 2441 et
2854 2379 3162 2460 sanguine
3188 2377 3417 2441 Christi
3453 2376 3789 2439 reficimur.
3810 2374 3953 2438 Prae·

2465 2485 2657 2553 terea,
2703 2478 2914 2560 potius
2953 2478 3041 2540 ait
3079 2476 3399 2539 stabulum
3437 2493 3629 2556 quam
3672 2475 3949 2548 domum,

2468 2584 2536 2639 ut
2584 2577 2915 2659 praesentis
2958 2576 3101 2640 vitae
3146 2574 3403 2638 foetores
3441 2582 3631 2655 atque
3672 2572 3951 2635 miserias

2464 2676 2887 2749 attendamuS‚
2920 2682 2985 2735 et
3024 2673 3089 2735 in
3130 2673 3361 2736 saeculo
3399 2672 3519 2735 isto
3551 2680 3851 2752 tanquam
3888 2670 3951 2732 in

2464 2774 2689 2837 exsilio
2738 2774 3088 2854 lugeamuS,
3140 2773 3219 2834 ad
3271 2771 3537 2854 patriam
3588 2770 3820 2851 jugiter
3864 2768 3955 2831 fe—

2464 2873 2791 2946 stinantes,
2826 2871 3363 2953 quemadmodum
3410 2870 3488 2931 ad
3535 2868 3823 2931 Hebraeos
3867 2869 3955 2930 ait

2464 2971 2799 3054 Apostolus
2845 2987 2858 3032 :
2899 2970 3035 3033 Non
3085 2968 3393 3031 habemus
3442 2968 3549 3029 hic
3596 2974 3951 3029 manentem
4000 2990 4229 3041 aetam.
4269 3030 4270 3059 ἶ

3982 3056 4047 3098 u.
4269 3064 4270 3105 i

2462 3190 2609 3230 ram
2640 3170 2825 3229 iltius
2852 3169 2997 3245 eyit.
3018 3166 3303 3229 Christus
3335 3182 3631 3246 namque,
3650 3164 3951 3245 quamdiu

2464 3267 2959 3331 conversabatur
3000 3265 3064 3327 in
3105 3264 3336 3327 saeculo
3378 3264 3518 3339 isto,
3553 3263 3955 3343 diligentissi-

2464 3384 2567 3427 me
2598 3383 2713 3447 pro
2744 3364 2945 3427 salute
2976 3362 3238 3426 humani
3268 3361 3519 3443 generis
3548 3360 3847 3424 exoravit.
3882 3360 3955 3422 Et

2463 3472 2751 3545 tempore
2780 3480 2909 3544 quo
2940 3460 3329 3544 praedicavit‚
3363 3477 3573 3523 nonne
3606 3459 3791 3522 variis
3824 3477 3955 3521 mo-

2464 3562 2585 3637 dis,
2628 3570 2930 3643 tanquam
2979 3559 3347 3641 aptissimus
3397 3558 3679 3620 medicus
3716 3557 3955 3619 anima-

2466 3680 2631 3734 rum,
2676 3659 2967 3723 homines
3016 3657 3264 3720 curavit
3310 3656 3572 3731 salvare,
3616 3655 3955 3737 praediean-

2466 3761 2567 3833 dc,
2610 3757 2919 3820 miracula
2956 3756 3267 3831 faciendo,
3310 3754 3657 3836 discipulos
3694 3771 3840 3816 suos
3876 3753 3950 3815 ad

2468 3856 2941 3939 praedicandum
2999 3860 3062 3915 et
3112 3854 3189 3914 ad
3247 3852 3552 3914 miracula
3605 3852 3954 3933 peragenda

2465 3956 2796 4029 mittendo,
2830 3955 3005 4017 varia
3038 3952 3381 4034 gratiarum
3430 3950 3805 4013 charismata
3844 3950 3954 4011 tri-

2467 4055 2763 4116 buendo?
2793 4052 3090 4125 Quamvis
3120 4050 3315 4123 enim,
3350 4057 3421 4112 ut
3448 4048 3707 4131 Sapiens
3739 4048 3946 4124 habet,

2467 4172 2619 4216 cura
2662 4153 2745 4213 sit
2780 4151 2905 4214 Deo
2944 4152 3023 4213 de
3069 4148 3389 4223 omnibuS,
3424 4148 3695 4210 maxime
3744 4156 3950 4210 tamen
4006 4170 4231 4226 smus:

3978 4236 4137 4285 xu‚1³.

2547 4354 2633 4413 Et
2680 4354 2887 4409 attera
2938 4350 3072 4417 die,
3122 4346 3241 4409 hoc
3290 4352 3386 4407 est
3442 4352 3724 4426 tempore
3772 4362 3949 4405 suam
4084 4354 4157 4408 35
4262 4416 4264 4443 Ι

2468 4448 2827 4531 passionem
2870 4452 3197 4527 sequente,
3232 4443 3529 4506 videlicet
3564 4450 3704 4525 post
3750 4460 3955 4503 resur—

2468 4546 2835 4609 rectionem.
2879 4545 2949 4606 In
2998 4542 3342 4624 Scripturis
3388 4541 3559 4603 enim
3608 4540 3953 4622 saepissime

2467 4646 2601 4707 dies
2632 4663 2747 4726 pro
2780 4652 3063 4724 tempore
3096 4640 3375 4723 ponitur,
3409 4638 3681 4701 maxime
3716 4639 3783 4701 in
3811 4638 3955 4702 Pro-

2468 4742 2698 4824 phetiS,
2753 4748 2824 4801 ut
2869 4758 3070 4821 quum
3121 4737 3403 4818 loquitur
3449 4735 3634 4798 lsaias
3678 4754 3691 4797 :
3733 4734 3800 4797 ln
3850 4736 3952 4798 die
4006 4756 4217 4801 1·.n·.2.

2468 4838 2595 4911 illa,
2632 4837 2753 4899 erit
2786 4853 3046 4917 germen
3086 4832 3335 4897 Domini
3380 4832 3445 4893 in
3483 4830 3955 4912 magnificentia
4260 4840 4262 4938 ᾖ

2467 4943 2529 4998 et
2561 4935 2798 5016 gloria;
2842 4941 2903 4995 et
2938 4933 3092 5007 loel,
3124 4933 3192 4993 In
3232 4931 3341 4992 illa
3371 4930 3636 5012 (inquit)
3664 4930 3785 5005 die,
3820 4931 3953 4993 stil-
3978 4951 4073 4995 1021
4090 4964 4149 5001 m,
4172 4951 4231 4991 ns,

2468 5034 2689 5096 labunt
2733 5041 2978 5097 montes
3025 5030 3449 5094 dulcedinem.
3482 5032 3769 5091 Protulit
3792 5032 3952 5091 duos

2464 5135 2794 5204 denarios,
2815 5133 2879 5194 id
2908 5138 3005 5193 est
3034 5130 3181 5194 novi
3212 5148 3284 5192 ac
3313 5127 3543 5191 veteris
3574 5128 3950 5190 Testamenti

2468 5234 2778 5309 notitiam,
2811 5243 2872 5295 et
2900 5233 3079 5294 dedit
3106 5231 3485 5299 stabularia,
3518 5228 3582 5291 id
3624 5235 3719 5290 est
3760 5229 3952 5293 choro
4258 5226 4260 5249 ³

2469 5332 2936 5415 Apostolorum,
2971 5349 3082 5394 seu
3124 5328 3465 5413 primitivae
3500 5326 3813 5403 Ecclesiae,
3846 5328 3951 5391 cui
4258 5254 4260 5398 Ι
