4300 6259
813 489 934 551 596

1567 508 1916 555 ENARRATIO
1957 508 2020 553 IN
2062 508 2202 554 GAP.
2248 509 2355 553 xlx
2397 508 2671 554 JOANNIS.
2713 529 2793 539 —
2834 511 2977 556 ΛΒΤ.
3024 511 3163 556 nvn

815 676 1016 739 stedia
1058 678 1530 759 expedirentur.
1566 683 1686 741 Illi
1722 690 1933 741 autem
1971 682 2310 758 spongiam
2340 679 2391 740 A
2519 683 2837 743 Venerunt
2864 702 3010 760 erqo
3040 684 3304 752 milites,
3327 681 3552 743 famuli
3584 681 3907 763 praesidis3
4050 689 4129 743 32

805 777 1073 850 plenam
1111 787 1281 838 aceto
1321 780 1588 857 hyssopo
1627 781 2205 856 circumponentem,
2244 778 2308 839 id

814 881 911 935 est
947 872 1120 953 ligno
1169 876 1448 958 hyssopi,
1491 877 1732 940 calamo
1779 879 1914 940 sive
1956 877 2254 939 arundini
2290 896 2305 939 :

816 971 1246 1054 impleverunt
1290 975 1524 1036 etenim
1574 975 1926 1057 spongiam,
1960 984 2023 1038 et
2068 976 2309 1037 calamo

815 1089 954 1132 eam
1013 1072 1498 1154 imposuerunt3
1557 1077 1928 1136 obtulerunt
1985 1077 2088 1136 ori
2143 1076 2305 1153 ejus

813 1167 969 1241 Quia
1011 1170 1182 1232 enim
1229 1179 1476 1234 erectus
1520 1171 1644 1234 fuit
1686 1173 1751 1234 in
1799 1173 1990 1254 ligne,
2029 1173 2313 1253 indigue-

814 1276 964 1329 runt
1011 1268 1382 1349 hujusmodi
1433 1271 1876 1345 instrumento,
1931 1281 2001 1335 ut
2052 1280 2311 1353 possent

609 1364 682 1419 30
813 1384 961 1428 eum
1009 1368 1338 1449 attingere.
1387 1373 1600 1438 Quum
1647 1390 1791 1447 erqo
1835 1373 2171 1449 accepisset
2212 1373 2311 1430 Je-

547 1470 786 1522 Μανσ-ιν,
811 1485 921 1525 sus
959 1476 1229 1527 acetum.
1271 1466 1512 1529 Marcus
1557 1468 1712 1530 dicit
1751 1471 1922 1550 quod
1965 1469 2172 1532 noluit
2213 1469 2310 1531 bi-

523 1535 591 1576 ²³‘
812 1563 986 1625 bere.
1045 1565 1392 1629 Concordia
1449 1574 1659 1629 tamen
1718 1568 1936 1650 liquet.
1979 1587 2056 1630 ex
2114 1568 2309 1632 verbo

575 1666 740 1712 Matth·
812 1660 1079 1725 Matthaei
1119 1663 1387 1726 dicentis
1432 1683 1445 1726 :
1489 1663 1695 1736 Quum
1733 1675 2070 1746 gustasset,
2104 1667 2310 1730 noluit

522 1737 737 1784 ¹¹¹''¹'⁸⁴'
813 1760 1054 1823 bibere.
1108 1762 1335 1824 Parum
1386 1763 1579 1843 igitur
1627 1763 1812 1836 bibit,
1865 1766 2087 1847 sicque
2133 1784 2310 1827 acce-

2420 788 2479 837 et
2510 781 2721 855 primi
2757 783 3045 860 quidem,
3079 781 3141 842 id
3186 789 3281 842 est
3322 780 3584 843 latronis
3628 781 3914 861 penden-

2421 877 2503 938 tis
2560 879 2635 939 ad
2696 879 3017 941 dexteram
3076 879 3350 954 Christi;
3400 879 3523 952 vel,
3576 878 3799 948 Primi,
3848 878 3913 938 id

2422 984 2518 1038 est
2559 977 3031 1058 principalioris
3072 976 3334 1040 latronis
3360 997 3376 1058 ς
3405 978 3749 1054 freyerunt
3776 997 3919 1036 cru-

2420 1097 2523 1144 ra,
2554 1086 2616 1136 et
2651 1078 2925 1137 alterius
2963 1079 3080 1158 qui
3116 1081 3472 1153 crucifixus
3506 1086 3598 1137 est
3634 1097 3785 1136 cum
3824 1097 3915 1145 ec,

2420 1174 2533 1254 qui
2595 1174 2909 1255 pendebat
2958 1193 3035 1236 ex
3094 1175 3220 1238 alio
3282 1175 3493 1236 latere.
3544 1177 3656 1235 Ad
3695 1177 3913 1234 Iesum
4050 1181 4127 1236 33

2418 1281 2635 1332 autem
2674 1293 2879 1352 quum
2918 1276 3259 1340 venissent,
3294 1273 3358 1334 id
3408 1282 3503 1336 est
3548 1273 3627 1335 ad
3678 1291 3912 1353 corpus

2420 1370 2560 1449 ejus
2602 1371 2916 1445 exanime,
2951 1373 3261 1434 sumendo
3305 1378 3547 1452 partem
3594 1389 3713 1452 pro
3754 1378 3907 1444 toto,

2424 1478 2494 1527 ut
2528 1471 2832 1529 viderunt
2867 1489 3017 1530 eum
3041 1471 3194 1547 jam
3234 1479 3581 1541 mortuum,
3608 1490 3741 1529 non
3780 1471 3914 1546 sre-

2412 1578 2653 1644 9erunt
2694 1569 2835 1644 ejus
2876 1589 3095 1629 crura.
3132 1569 3327 1631 Crura
3374 1568 3693 1649 siquidem
3747 1567 3915 1628 fran-

2418 1665 2751 1745 gebantur,
2816 1674 2885 1728 ut
2948 1685 3119 1730 mors
3176 1666 3635 1729 acceleraretur
3694 1666 3761 1727 in
3818 1665 3911 1727 eis

2419 1764 2528 1845 qui
2588 1772 2766 1826 erant
2822 1765 3139 1847 suspensi.
3204 1767 3333 1826 Sed
3390 1785 3560 1826 unus
3617 1767 3913 1825 militum
4048 1776 4125 1830 3⁴

814 1859 908 1940 pit
932 1880 948 1940 ;
991 1863 1099 1923 sed
1142 1861 1296 1943 quia
1333 1863 1506 1943 quod
1548 1881 1772 1945 parum
1813 1872 1911 1925 est
1949 1883 2065 1946 pro
2104 1863 2309 1926 nihilo
2346 1865 2391 1926 B
2421 1867 2641 1923 lancea
2693 1866 2863 1924 latus
2908 1865 3047 1941 ejus
3096 1866 3375 1942 aperuit.
3410 1864 3495 1925 De
3537 1864 3659 1926 hoc
3708 1863 3913 1924 milite

811 1967 1236 2040 computatur,
1279 1959 1518 2022 Marcus
1559 1960 1844 2025 affirmat
1885 1963 2057 2043 quod
2104 1963 2309 2026 noluit

809 2056 1053 2119 bibere.
1104 2061 1296 2119 Dia-it
1345 2079 1366 2118 .·
1421 2061 1950 2132 Con-summatum
1998 2071 2086 2121 est
2135 2062 2309 2142 quod

808 2156 888 2217 de
919 2174 1058 2218 mea
1089 2157 1381 2237 passione
1418 2157 1445 2219 f
1451 2166 1630 2219 uerat
1671 2159 2138 2240 prophetatum,
2176 2179 2311 2242 my-

811 2255 1074 2315 sterium
1147 2273 1404 2336 quoque
1479 2255 1776 2318 humanas
1849 2257 2309 2339 redemptionis

808 2351 940 2431 jam
988 2359 1190 2414 exstat
1235 2353 1599 2434 impletum.
1645 2353 1805 2417 Mors
1850 2355 2086 2416 etenim
2135 2355 2313 2419 Chri-

814 2451 894 2512 sti
943 2460 1077 2513 erat
1126 2451 1254 2514 vita
1292 2451 1592 2533 salusque
1635 2454 1880 2515 mundi.
1915 2457 2003 2516 Et
2031 2457 2314 2516 inclina-

526 2554 783 2613 Pht'lirp-u,
816 2561 874 2611 to
911 2552 1143 2628 capite,
1177 2547 1379 2612 iactus
1424 2550 1727 2613 obediens
1776 2570 1980 2634 usque
2022 2555 2100 2614 ad
2146 2573 2313 2616 mor-

519 2623 561 2663 ⁸‘
811 2655 962 2722 tem,
997 2656 1060 2709 et
1096 2647 1281 2729 quasi
1317 2649 1547 2728 gratias
1586 2667 1778 2729 agens
1808 2649 1994 2725 Patri,
2031 2654 2310 2714 tradidit

805 2748 1142 2824 spiritum,
1184 2746 1250 2808 id
1292 2755 1409 2821 est,
1453 2748 1828 2828 potestative
1875 2749 2155 2812 animam
2208 2770 2311 2812 su-

539 2855 777 2907 Luc-xxm.
811 2863 912 2906 am
952 2863 988 2906 a
1029 2845 1289 2927 proprio
1337 2864 1602 2926 corpore
1648 2849 1984 2928 separavit,
2026 2849 2307 2911 clamans

515 2921 585 2962 ⁴⁰·
814 2943 1108 3007 videlicet
1159 2961 1312 3006 voce
1368 2963 1596 3024 magna
1641 2963 1654 3007 :
1701 2944 1900 3020 Pater,
1956 2946 2019 3007 in
2080 2967 2306 3009 manus

2420 1961 2620 2022 multa
2676 1962 2999 2036 dicuntur,
3061 1971 3134 2024 ut
3190 1969 3455 2025 constat.
3518 1962 3643 2025 Cur
3700 1970 3913 2023 autem

2418 2060 2740 2142 aperuerit
2789 2060 2951 2122 latus
2998 2060 3161 2141 ejus,
3214 2061 3481 2123 diversas
3526 2079 3735 2122 causae
3782 2061 3919 2122 red-

2420 2160 2660 2221 duntur
2708 2178 2721 2221 :
2773 2178 2919 2234 una,
2956 2168 3026 2221 ut
3073 2159 3537 2222 certificaretur
3585 2160 3665 2220 de
3714 2167 3920 2221 morte

2422 2257 2695 2337 Christi;
2737 2257 2881 2332 alia,
2912 2257 3067 2339 quia
3102 2256 3301 2320 Judaei
3340 2258 3733 2320 induxerunt
3768 2275 3919 2318 eum

2420 2357 2499 2419 ad
2568 2357 2707 2419 hoc.
2772 2359 2861 2440 Et
2912 2359 3221 2418 continuo
3287 2355 3389 2418 de'
3431 2357 3625 2419 latere
3682 2355 3916 2419 Christi

2420 2462 2640 2536 aperto
2695 2457 2902 2515 eoeivit
2956 2458 3226 2531 sanquis
3272 2463 3331 2514 et
3371 2475 3566 2536 aqua.
3624 2455 3921 2517 Commu·

2422 2554 2589 2616 niter
2627 2554 2882 2628 dicitur,
2916 2553 3069 2634 quia
3110 2571 3258 2616 vera
3295 2573 3459 2636 aqua
3498 2553 3699 2616 exivit
3727 2555 3805 2616 de
3834 2554 3919 2616 la-

2422 2659 2555 2714 tere
2603 2651 2856 2726 Christi,
2910 2671 3034 2715 non
3088 2653 3311 2734 utique
3362 2653 3754 2726 naturaliter,
3806 2653 3917 2714 sed

2422 2750 2823 2824 miraculose,
2886 2758 3147 2832 propter
3202 2751 3501 2833 mysticas
3562 2751 3835 2814 rationes
3897 2770 3912 2813 :

2421 2851 2645 2932 primo,
2680 2852 2756 2912 ad
2786 2852 3245 2914 ostendendum
3280 2852 3448 2932 quod
3480 2870 3712 2933 corpus
3742 2851 3917 2914 Chri-

2419 2950 2496 3011 sti
2536 2959 2670 3012 erat
2702 2968 2848 3012 vere
2888 2958 3215 3031 sumptum
3256 2957 3447 3031 atque
3485 2950 3913 3032 compositum

809 3048 949 3102 tuas
999 3043 1374 3105 commendo
1423 3043 1720 3124 spiritum
1773 3061 2010 3106 mcum.
2056 3045 2124 3107 In
2176 3065 2306 3127 quo
2343 3047 2493 3110 Cex
2542 3048 2895 3122 elementis,
2949 3067 3075 3111 non
3127 3049 3205 3110 de
3255 3039 3415 3111 coelo
3459 3049 3764 3128 allatum3
3814 3067 3912 3110 se-

555 3159 780 3211 Joanm,
811 3140 1149 3203 innotescit
1187 3159 1380 3221 quam
1419 3159 1567 3204 vere
1616 3149 1747 3204 erat
1791 3141 2090 3224 prael'atus
2135 3164 2148 3206 ε
2194 3145 2305 3208 Ρο-

519 3225 584 3266 ¹⁸·
810 3247 1099 3302 testatem
1148 3238 1351 3302 habeo
1398 3227 1674 3322 ponendi
1721 3241 1998 3305 animam
2049 3263 2301 3326 meam3

811 3347 875 3400 et
920 3356 1107 3401 nemo
1157 3339 1320 3401 tollit
1365 3339 1644 3402 animam
1690 3359 1892 3403 meam
1939 3361 1976 3403 a
2020 3362 2144 3417 me,
2194 3346 2303 3407 sed

812 3456 927 3518 ego
972 3455 1138 3519 pono
1180 3455 1340 3498 eam.

606 3547 672 3603 31
899 3537 1118 3598 Judoei
1163 3555 1330 3612 erqo,
1380 3539 1690 3614 quoniam
1739 3541 2094 3600 Paraseeve
2137 3553 2302 3615 erat,

813 3635 879 3697 id
927 3642 1022 3696 est
1069 3634 1228 3696 feria
1276 3643 1451 3696 sexta
1505 3636 1791 3717 proxima
1840 3637 2099 3702 sabbato
2149 3660 2308 3722 prae—

815 3733 1086 3806 solenni,
1122 3743 1196 3794 ut
1233 3753 1364 3794 non
1402 3743 1806 3796 remanerent
1847 3737 1919 3796 in.
1958 3758 2144 3798 cruce
2174 3761 2307 3801 cor-

805 3853 972 3912 pora
1010 3829 1488 3906 crucifixorum,
1525 3833 1818 3894 videlicet
1849 3833 2076 3898 Christi
2116 3845 2307 3920 atque

816 3932 1156 4004 latronum,
1207 3931 1488 3998 sabbato,
1533 3931 1696 3994 viva.
1745 3935 1906 3994 E'rat
1950 3938 2124 3997 enim
2176 3959 2309 3999 ma-

807 4049 1008 4106 ynus,
1056 4029 1120 4090 id
1178 4035 1272 4090 est
1329 4028 1602 4089 multum
1667 4029 1960 4106 celebriS,
2013 4037 2150 4095 dies
2198 4039 2311 4098 ille

812 4129 1084 4194 sabbati,
1118 4134 1271 4208 puta
1299 4127 1642 4208 dupliciter
1676 4147 1689 4190 :
1725 4130 1954 4210 primo,
1990 4133 2143 4212 quia
2174 4134 2313 4196 sab-

2414 3148 2645 3222 cundo,
2689 3148 2765 3208 ad
2808 3146 3268 3226 designandum
3305 3146 3641 3229 puritatem
3688 3166 3910 3228 corpo—

2418 3247 2503 3308 ris
2547 3245 2821 3325 Christi;
2862 3246 3072 3320 tertio,
3114 3247 3193 3307 ad
3236 3246 3691 3308 insinuandum
3733 3247 3907 3327 quod

2417 3346 2583 3407 sicut
2619 3345 2887 3406 redemit
2926 3363 3039 3407 nos
3081 3363 3195 3408 suo
3232 3345 3560 3425 sanguine,
3596 3345 3683 3406 ita
3718 3354 3784 3407 et
3818 3345 3909 3406 la-
3936 3365 4080 3417 Apoe.
4106 3369 4205 3412 ης,
4281 3349 4282 3400 ἰ

2417 3443 2510 3505 vit
2550 3462 2664 3506 nos
2706 3461 2872 3524 aqua
2914 3443 3127 3504 lateris
3170 3443 3293 3504 sui.

2513 3545 2599 3603 Et
2646 3544 2764 3621 qui
2814 3544 3006 3610 vidit,
3060 3543 3497 3602 testimonium
3536 3544 3909 3619 perhibuit,
4046 3544 4119 3598 35

2416 3639 2660 3703 scilicet
2710 3640 2847 3722 ipse
2895 3639 3280 3720 evangelista
3322 3640 3613 3715 Joannes,
3656 3641 3769 3722 qui
3814 3641 3910 3704 vi-

2418 3739 2509 3801 dit
2546 3739 2756 3802 omnia
2789 3739 2920 3819 jam
2962 3738 3239 3820 praet'ata,
3273 3745 3337 3799 et
3372 3738 3727 3801 testificans
3755 3741 3914 3801 scri-

2420 3837 2547 3918 psit
2585 3838 2753 3916 hae03
2794 3847 2853 3898 et
2896 3857 3123 3898 verum
3150 3847 3239 3898 est
3272 3838 3708 3898 testimonium
3745 3840 3909 3916 ejus,

2417 3955 2620 4018 quum
2687 3937 2770 3998 sit
2836 3954 2949 4018 per
3016 3954 3273 3998 sensum
3335 3944 3399 3998 et
3452 3937 3913 4018 experientiam

2420 4044 2665 4098 notum.
2728 4037 2813 4096 Et
2871 4036 2984 4095 ille
3035 4037 3179 4108 scit,
3250 4034 3374 4098 Deo
3440 4035 3785 4113 revelante,
3851 4043 3919 4098 et

2421 4133 2685 4195 scientia
2742 4133 3223 4214 experimentali
3282 4141 3698 4208 contestante,
3726 4137 3915 4224 ‘quia

518 4237 788 4290 asomum,
817 4225 1036 4288 batum
1094 4225 1160 4286 in
1221 4243 1287 4286 se
1345 4225 1594 4287 celebre
1651 4225 1772 4288 fuit
1821 4231 2175 4292 secundum
2226 4232 2389 4300 le-D
2421 4253 2573 4292 vera
2620 4233 2801 4302 dicit,
2855 4241 2929 4292 ut
2986 4242 3045 4292 et
3106 4252 3213 4292 vos
3269 4234 3565 4292 credatis
3628 4231 3920 4313 Cognitio

503 4304 659 4345 ‚ia-1⁷.
814 4341 1000 4404 gemg
1035 4323 1335 4397 secundo,
1369 4324 1673 4404 quoniam
1717 4334 1850 4386 erat
1891 4346 2016 4388 una
2059 4329 2309 4392 dierum

815 4421 1209 4504 paschalium
1266 4440 1280 4484 ε
1343 4421 1582 4486 idcirco
1641 4424 1984 4486 noluerunt
2043 4445 2309 4509 corpora

815 4518 924 4581 illo
964 4519 1065 4580 die
1106 4521 1383 4601 pendere
1425 4521 1492 4582 in
1530 4521 1680 4594 aris,
1715 4541 1796 4584 ne
1834 4523 2121 4586 diuturni
2164 4527 2307 4589 hor-

811 4618 1124 4699 rendique
1173 4618 1492 4680 cruciatus
1551 4638 1666 4682 suo
1714 4620 1974 4684 horrore
2029 4623 2307 4686 solenni-

808 4725 1001 4778 tatem
1041 4717 1168 4779 diei
1209 4716 1543 4791 foedarcnt,
1577 4719 1946 4783 incutiendo
1979 4729 2307 4786 transeun-

807 4816 980 4878 tibus
1045 4815 1304 4878 taedium
1369 4835 1442 4878 ac
1503 4836 1825 4898 pavorem.
1887 4823 2305 4898 Royaverunc

806 4916 1110 4976 Pilatum
1158 4924 1230 4975 ut
1275 4915 1769 4992 franyerentur,
1819 4936 1855 4978 a
1904 4919 2035 4980 suis
2087 4921 2307 4982 militi-

807 5011 928 5073 bus
969 5011 1485 5087 crucifixoribus,
1521 5034 1742 5074 eorum
1782 5036 1998 5087 crura,
2029 5028 2089 5078 et
2131 5023 2306 5078 tolie-

803 5121 1062 5181 rentur,
1112 5129 1236 5174 non
1289 5129 1473 5173 crura
1519 5119 1789 5188 tantum,
1836 5116 1944 5176 sed
1994 5123 2123 5178 tota
2172 5137 2307 5180 cor-

809 5229 963 5292 pora
1021 5211 1098 5272 de
1155 5209 1481 5291 patibulis.
1535 5209 1695 5273 Huic
1748 5214 1923 5294 preci
1983 5217 2306 5278 consensit

810 5307 1065 5383 Pilatus,
1107 5307 1260 5389 quia
1301 5308 1712 5389 subjungitur
1746 5329 1760 5372 ε

2419 4330 2589 4391 enim
2650 4329 3027 4408 evangelicas
3090 4329 3247 4410 legis
3312 4347 3611 4404 concessa
3662 4331 3913 4406 scanni,

2416 4427 2829 4491 ordinabatur
2878 4429 2951 4489 ad
3002 4428 3197 4489 totius
3246 4427 3541 4490 Ecclesiae
3591 4428 3917 4492 illumina-

2415 4527 2677 4600 tionem,
2728 4545 2873 4607 quae
2931 4525 3202 4588 habetur
3251 4527 3317 4587 in
3366 4526 3467 4590 via
3525 4545 3636 4608 per
3684 4527 3909 4602 fidem,

2416 4625 2480 4685 in
2528 4623 2731 4706 patria
2770 4629 2981 4685 autem
3025 4641 3141 4705 per
3184 4625 3484 4706 speciem.

2502 4727 2704 4784 Facta
2748 4732 2902 4783 sunt
2947 4724 3123 4783 enim
3172 4725 3326 4791 hoec,
3370 4722 3684 4798 videlieet,
3735 4727 3909 4805 quod
4046 4737 4119 4793 36

2416 4821 2740 4884 venientes
2784 4821 2861 4882 ad
2902 4820 3137 4896 Jesum,
3181 4840 3307 4884 non
3351 4821 3676 4902 fregerunt
3722 4842 3909 4886 crura

2414 4920 2640 5001 ἱρείας,
2693 4929 2765 4979 ut
2818 4921 3169 4998 Scriptura
3220 4919 3417 4982 Exodi
3468 4922 3851 4997 impleretur
3882 4945 3907 4982 .·

2418 5021 2495 5080 Os
2533 5038 2662 5078 non
2702 5020 3149 5078 comminuetis
3186 5039 3267 5077 ea>
3303 5038 3395 5080 eo,
3434 5017 3657 5081 Nostra
3704 5027 3909 5082 trans-

2414 5117 2563 5180 latio
2603 5116 2793 5178 habet
2833 5117 2925 5178 sic
2960 5135 2973 5178 :
3007 5114 3131 5179 Nec
3170 5135 3240 5180 os
3280 5117 3418 5197 ejus
3464 5117 3901 5199 confringetis,
3966 5139 4197 5190 eman,

2415 5216 2535 5278 Sed
2572 5235 2775 5297 quum
2822 5215 2940 5278 hoc
2983 5216 3061 5278 ad
3105 5215 3379 5277 litteram
3420 5217 3661 5278 dictum
3704 5217 3789 5280 sit
3827 5219 3907 5280 de
3934 5205 4003 5244 ⁴⁶·

2414 5333 2574 5396 agno
2623 5313 2904 5396 paschali
2946 5314 3305 5378 Judaeorum
3348 5313 3713 5395 figurativo,
3746 5335 3905 5399 quo-

3951 3427 4079 3468 ibid.
4098 3442 4127 3476 ι,
4152 3432 4193 3468 5.
4281 3425 4282 3496 J
