4300 6259
795 487 918 551 558

1529 499 1882 546 munusue
1921 497 1986 544 m
2029 495 2168 542 cu.
2214 493 2319 541 XVI
2359 493 2634 541 sosimus.
2680 515 2761 524 —
2802 496 2943 542 ΛΒΤ.
2990 496 3183 542 xxxix

803 681 1075 756 recepta,
1129 674 1238 736 sed
1296 672 1420 735 sibi
1478 692 1515 734 a
1569 672 1750 734 Patre
1808 667 2298 740 communicata,
2332 664 2384 726 A
2412 684 2556 747 quae
2603 676 2782 731 erant
2830 686 2946 750 pro
2994 667 3241 732 Christo
3294 667 3567 750 passuri,
3620 665 3911 746 itemque

801 773 888 834 ita
924 772 1096 854 quod
1144 771 1380 834 locutio
1423 772 1564 852 ejus
1609 771 1729 832 erit
1772 777 1902 830 tam
1945 786 2092 830 vera
2137 765 2305 828 sicut

805 870 1041 934 locutio
1088 869 1308 944 Patris,
1353 870 1452 931 vel
1504 869 1714 950 potius
1763 868 1982 930 eadem
2033 881 2301 926 numero

803 987 948 1031 cum
1007 967 1326 1031 locutione
1384 967 1604 1040 PatriS‚
1657 985 1732 1030 eo
1789 965 1960 1047 quod
2017 961 2304 1044 operatio

803 1066 1125 1128 Trinitatis
1155 1067 1237 1128 sit
1267 1065 1560 1128 indivisa.
1595 1065 1814 1146 ltaque
1843 1061 2117 1144 Spiritus
2148 1059 2303 1121 San-

802 1172 940 1226 ctus
987 1182 1111 1226 non
1157 1163 1456 1244 loquetur
1494 1182 1531 1224 a
1575 1161 1939 1243 semetipso,
1974 1158 2127 1240 quia
2172 1176 2297 1220 non

801 1271 897 1324 est
960 1281 997 1323 a
1064 1262 1430 1343 semetipso,
1495 1262 1605 1323 sed
1665 1266 2037 1342 potestatem
2105 1264 2300 1337 atque

801 1361 1156 1436 scientiam,
1192 1361 1320 1423 imo
1359 1359 1676 1442 quidquid
1719 1358 1909 1420 habet
1951 1365 2014 1418 et
2052 1365 2169 1428 est,
2205 1371 2301 1416 re-

801 1459 970 1542 cepit
1027 1479 1064 1522 a
1109 1459 1287 1523 Patre
1346 1467 1408 1521 et
1455 1459 1636 1533 Filio,
1690 1466 1990 1540 tanquam
2039 1454 2120 1516 ab
2172 1471 2299 1515 uno

803 1559 1146 1640 principio.
1178 1562 1309 1620 Sed
1347 1578 1764 1638 quaecumque
1800 1557 2049 1622 audiet,
2081 1557 2300 1631 loque-

803 1667 933 1718 tur.
984 1657 1187 1719 Verba
1237 1657 1370 1719 haec
1427 1676 1652 1718 sanum
1711 1674 1783 1718 ac
1833 1653 2117 1717 sobrium
2167 1649 2299 1712 exi-

2412 766 2671 846 praemia
2713 786 2857 848 quae
2895 766 3145 829 fuerant
3187 768 3469 830 sortituri
3506 785 3521 828 :
3556 766 3667 828 sed
3704 773 3769 827 et
3808 782 3913 825 ce-

2411 864 2563 926 teris
2606 866 3011 927 credentibus
3060 866 3377 928 nuntiavit
3420 865 3637 927 futura
3676 863 3909 944 gaudia

2410 961 2756 1027 electorum
2798 973 2991 1045 atque
3032 965 3351 1046 supplicia
3392 963 3833 1045 reproborum.

2508 1064 2632 1121 Ille
2678 1082 2777 1122 me
2820 1064 3229 1140 clarificabit,
3282 1063 3403 1126 hoc
3458 1069 3573 1134 cst,
3625 1059 3903 1142 Spiritus

2411 1157 2675 1221 Sanctus
2727 1178 2841 1242 per
2881 1170 3090 1223 vestra
3132 1162 3509 1223 documenta
3548 1168 3743 1241 atque
3784 1159 3905 1221 mi-

2412 1258 2626 1319 racula
2673 1276 2773 1319 me
2822 1259 3087 1332 clarum,
3118 1259 3463 1339 gloriosum
3506 1267 3571 1320 et
3612 1265 3901 1320 sanctum

2410 1373 2549 1417 esse
2578 1358 2886 1432 ostendet,
2920 1358 3125 1420 dando
3156 1357 3522 1421 hominibus
3551 1375 3761 1419 veram
3798 1375 3909 1418 no-

2409 1453 2611 1516 titiam
2663 1457 2741 1518 de
2789 1474 2891 1518 mc
2938 1457 3292 1518 secundum
3340 1465 3677 1537 utramque
3723 1463 3909 1517 natu-

2410 1571 2565 1615 ram.
2618 1553 2815 1616 Tanta
2868 1555 3042 1616 enim
3089 1555 3291 1635 gratia
3338 1556 3657 1618 decoravit
3702 1553 3911 1635 Spiri-

2406 1658 2509 1712 tus
2540 1651 2803 1715 Sanctus
2832 1652 3185 1734 Apostolos,
3219 1654 3388 1734 quod
3432 1671 3547 1735 per
3584 1671 3689 1716 eos
3730 1660 3905 1714 totus

4066 1067 4139 1122 u

794 1763 955 1836 gunt
1025 1755 1442 1818 intellectum.
1503 1754 1708 1827 Quum
1779 1753 1950 1815 enim
2020 1750 2297 1833 Spiritus
2409 1769 2571 1830 pene
2628 1753 2907 1814 mundus
2963 1770 3310 1814 conversus
3370 1759 3486 1823 est,
3548 1759 3611 1814 et
3666 1751 3903 1814 Christi

799 1852 1064 1916 Sanctus
1105 1854 1188 1916 sit
1217 1873 1404 1916 verus
1439 1853 1620 1928 DeuS,
1655 1861 1720 1915 et
1749 1869 1866 1933 per
1895 1866 2295 1931 consequens
2332 1847 2381 1910 B
2407 1849 2755 1912 claritatem
2816 1851 2994 1914 novit
3048 1871 3122 1913 ac
3178 1851 3531 1914 honoravit.
3594 1854 3761 1921 Quia
3820 1854 3903 1911 de

799 1951 1119 2014 infinitam
1162 1952 1624 2033 plenitudinem
1667 1950 1946 2013 scientiae
1985 1948 2227 2010 habens
2258 1965 2295 2008 a
2405 1969 2541 2010 meo
2578 1952 2866 2028 accipiet,
2914 1949 2975 2011 id
3016 1957 3135 2030 est,
3167 1950 3503 2012 essentiam
3542 1960 3606 2012 et
3646 1950 3903 2031 sapien-

797 2049 974 2113 Patre
1023 2059 1085 2113 et
1132 2051 1312 2124 Filio,
1357 2070 1482 2113 non
1533 2059 1627 2112 est
1675 2049 2069 2131 opinandum
2120 2046 2292 2128 quod
2404 2047 2557 2109 tiam
2612 2067 2649 2109 a
2700 2067 2803 2110 me
2854 2049 3253 2130 procedendo
3306 2048 3516 2111 habet.
3566 2048 3670 2112 Sic
3719 2049 3899 2111 enim

799 2149 1102 2211 revelavit
1139 2149 1331 2212 alicui
1374 2149 1708 2211 hominum
1751 2146 2040 2210 absolute
2078 2143 2295 2208 omnia
2405 2146 2483 2207 de
2525 2145 2765 2228 Spiritu
2805 2146 3031 2210 Sancto
3075 2167 3189 2230 per
3237 2149 3495 2210 modum
3537 2146 3735 2210 futuri
3781 2148 3895 2221 ait,

797 2266 1222 2329 quaecumque
1270 2247 1533 2322 audivit,
1587 2248 1706 2310 hoc
1754 2252 1871 2318 est,
1927 2262 2042 2326 per
2091 2243 2295 2324 spira·
2404 2245 2709 2327 Accipiet,
2762 2265 2964 2328 quum
3011 2256 3222 2309 tamen
3268 2245 3348 2308 ab
3396 2255 3628 2310 aeterno
3676 2265 3899 2309 susce·

799 2347 1036 2409 tionem
1089 2346 1405 2427 passivam
1455 2363 1568 2406 seu
1618 2343 2017 2427 procedendo
2067 2359 2295 2421 cogno-
2407 2343 2573 2423 perit
2618 2362 2655 2404 a
2694 2343 2851 2406 Filio
2892 2344 3208 2426 quidquid
3254 2344 3443 2407 habet
3480 2354 3543 2408 et
3578 2353 3695 2419 est,
3728 2345 3899 2407 sicut

799 2445 890 2508 vit
935 2465 972 2506 a
1020 2443 1198 2506 Patre
1245 2453 1310 2506 θῖ
1354 2444 1534 2507 Filio.
1589 2443 1852 2516 RursuS,
1905 2459 2105 2523 quum
2158 2439 2298 2521 Spi-
2400 2441 2530 2521 jam
2573 2442 2762 2524 paulo
2798 2450 2945 2504 ante
2984 2443 3294 2524 praedixit,
3327 2442 3750 2526 Quascumque
3786 2463 3902 2505 au-

801 2543 959 2605 ritus
998 2542 1264 2606 Sanctus
1303 2543 1387 2605 sit
1425 2543 1608 2614 DeuS‚
1641 2550 1704 2604 et
1744 2559 1858 2624 per
1896 2557 2293 2620 consequens
2404 2540 2536 2603 diet
2576 2559 2589 2602 :
2634 2541 2787 2622 quia
2827 2560 3028 2622 quum
3070 2541 3281 2604 Sancti
3326 2542 3599 2624 Spiritus
3646 2562 3901 2625 proces-

797 2642 1070 2724 simplex
1119 2649 1182 2704 et
1224 2641 1478 2723 penitus
1521 2637 1980 2712 immaterialiS,
2027 2657 2154 2701 non
2198 2643 2294 2698 est
2405 2639 2499 2702 sio
2556 2639 2639 2701 sit
2692 2648 2946 2714 aeterna,
3000 2658 3114 2722 per
3162 2640 3355 2703 verba
3400 2642 3689 2704 omnium
3735 2650 3902 2704 tem—

798 2740 1152 2822 putandum
1201 2741 1372 2822 quod
1418 2740 1666 2821 aliquid
1722 2739 2137 2822 corporaliter
2184 2754 2297 2797 au·
2407 2758 2633 2820 porum
2698 2739 3083 2819 designatur.
3154 2739 3349 2803 Graeci
3418 2741 3657 2815 dicunt,
3721 2743 3897 2822 quod

797 2839 948 2901 diat.
984 2839 1240 2912 lterum,
1274 2857 1476 2920 quum
1515 2839 1598 2900 sit
1635 2838 1797 2900 Deus
1839 2845 2131 2909 aiterum,
2167 2853 2293 2897 non
2404 2836 2691 2900 Christus
2734 2837 2969 2900 idcirco
3014 2857 3139 2900 non
3180 2838 3283 2912 ait,
3328 2838 3413 2900 De
3456 2857 3557 2901 mc
3598 2840 3894 2921 accipiet,

797 2945 892 2998 θεῖ
939 2936 1377 3000 arbitrandum
1435 2937 1608 3017 quod
1665 2936 1910 3018 aliquid
1959 2935 2293 2998 auditurus
2405 2937 2537 3010 sed,
2589 2936 2675 2997 De
2724 2953 2886 3010 meo,
2928 2937 3080 3017 quia
3130 2936 3403 3018 Spiritus
3452 2936 3717 3001 Sanctus
3766 2958 3895 3002 non

797 3036 901 3109 sit,
943 3037 1356 3098 auditurusve
1401 3034 1595 3097 fuerit
1637 3035 1700 3096 in
1749 3034 1984 3098 futuro.
2030 3033 2136 3095 Est
2181 3032 2297 3113 igi·
2331 3031 2374 3096 C
2406 3033 2691 3115 procedit
2731 3053 2769 3096 a
2807 3033 3079 3098 Persona
3116 3035 3279 3110 Filii,
3324 3036 3433 3097 sed
3480 3035 3561 3096 ab
3604 3054 3679 3099 θο
3722 3039 3897 3120 quod

801 3141 903 3197 tur
941 3153 1165 3196 sensus
1201 3153 1215 3196 :
1252 3137 1675 3214 Quaecumque
1713 3133 1896 3198 vobis
1941 3131 2295 3195 necessaria
2403 3139 2498 3194 est
2544 3131 2707 3207 Filii,
2761 3140 2913 3214 puta
2958 3133 3036 3195 de
3084 3132 3435 3196 substantia
3482 3133 3700 3210 Patris,
3746 3155 3897 3216 quae

505 4245 588 4288 Pe.
603 4257 770 4294 cxxxiv,

523 4440 608 4484 100
628 4454 771 4492 xxxin,

511 4505 576 4548 u.

795 3253 909 3296 seu
957 3235 1138 3297 utilia
1174 3235 1251 3296 ad
1295 3233 1806 3296 informationem
1853 3231 2146 3296 Ecclesiae
2177 3252 2295 3292 au—

795 3335 949 3405 diet,
1005 3333 1071 3395 id
1117 3340 1232 3406 est,
1286 3350 1354 3394 εθ
1417 3350 1531 3414 per
1587 3340 1885 3394 aeternam
1944 3329 2295 3414 processio-

799 3450 945 3493 nem
991 3431 1363 3512 cognovisse
1404 3432 1712 3494 ostendet.
1755 3430 1888 3505 Vel,
1932 3428 2184 3502 Audiet,
2228 3427 2293 3490 id

797 3538 912 3604 est,
964 3530 1031 3591 in
1087 3529 1456 3592 aeternitatis
1515 3537 1838 3592 momento
1895 3545 2085 3591 omne
2133 3535 2297 3588 tem-

798 3647 919 3710 pus
978 3627 1344 3689 includente
1399 3627 1596 3699 audit,
1659 3644 1771 3688 seu
1832 3626 2132 3708 spirando
2189 3643 2295 3687 co-

795 3727 1066 3808 gnoscit.
1129 3725 1334 3798 Quum
1389 3726 1561 3787 enim
1630 3726 1950 3807 processio
2017 3723 2292 3806 Spiritus

797 3824 1008 3887 Sancti
1049 3824 1134 3886 sit
1169 3831 1420 3898 aeterna,
1455 3840 1570 3905 per
1603 3822 1795 3885 verba
1823 3823 2109 3887 omnium
2143 3830 2295 3884 tem-

800 3942 1027 4006 porum
1065 3922 1439 4003 explicatur,
1472 3921 1774 4003 quoniam
1814 3939 2002 3984 omne
2042 3929 2295 4002 tempus

801 4021 1283 4103 comprehendit
1319 4019 1656 4082 aeternitas.
1693 4023 2036 4098 Loquetur,
2069 4019 2132 4081 id
2174 4026 2290 4092 est,

801 4118 1102 4184 cordibus
1151 4119 1377 4182 vestris
1436 4117 1774 4200 inspirabit
1829 4118 2146 4180 locutione
2202 4119 2297 4180 in-

2404 3231 2868 3294 communicata
2924 3240 3019 3295 cst
3066 3231 3245 3295 Filio.
3298 3231 3426 3294 Hoc
3482 3241 3693 3295 autem
3743 3253 3898 3298 con-

2401 3327 2677 3409 fingunt,
2729 3329 3031 3410 quoniam
3092 3330 3158 3392 in
3208 3330 3419 3392 verbis
3476 3331 3897 3413 sequentibus

2402 3427 2687 3490 Christus
2738 3428 2961 3509 probat
3008 3430 3178 3510 quod
3222 3428 3495 3510 Spiritus
3544 3429 3811 3492 Sanctus
3858 3451 3897 3494 a

2402 3544 2469 3588 se
2527 3543 2674 3588 vere
2732 3527 3037 3608 procedit.
3090 3530 3175 3588 Et
3231 3530 3661 3589 annuntiabit
3720 3532 3896 3590 vobis

2400 3623 2636 3699 futura,
2680 3633 2743 3687 et
2782 3633 2993 3687 cetera
3036 3644 3206 3687 nunc
3250 3637 3761 3689 commemorata.

2505 3724 2741 3784 Omnia
2787 3743 3200 3804 quaecumque
3248 3725 3431 3785 habet
3477 3727 3699 3798 Pater,
3752 3747 3893 3788 mea

2400 3831 2577 3890 sunt,
2611 3841 2737 3885 non
2776 3822 2982 3885 solum
3029 3841 3143 3904 per
3184 3822 3575 3898 fruitionem,
3612 3833 3681 3886 ut
3718 3825 3897 3886 dixe-

2404 3929 2555 3984 runt
2600 3921 2903 3991 haeretici,
2956 3923 3067 3983 sed
3124 3929 3187 3983 et
3245 3940 3359 4003 per
3410 3923 3893 3985 substantialem

2403 4020 2816 4094 identitatem,
2851 4021 3441 4102 continentiamque
3480 4021 3740 4094 realem,
3776 4022 3899 4085 hoc

2405 4127 2521 4193 est,
2579 4126 2773 4180 totam
2842 4137 3020 4180 suam
3088 4119 3457 4194 essentiam,
3520 4127 3898 4200 potestatem

801 4227 982 4282 terna
1015 4237 1028 4282 :
1062 4218 1141 4279 de
1179 4235 1306 4298 qua
1341 4217 1428 4278 ait
1465 4215 1794 4297 Propheta,
1830 4215 2096 4278 Audiam
2138 4217 2294 4298 quid
2328 4219 2378 4282 D
2406 4224 2469 4278 et
2514 4214 2968 4298 perfectionem
3023 4217 3199 4278 Pater
3249 4217 3405 4279 mihi
3460 4219 3905 4280 communica-

805 4318 1102 4401 loquatur
1159 4314 1224 4376 in
1285 4333 1386 4377 me
1434 4315 1740 4378 Dominus
1788 4315 1992 4394 Deus3
2045 4324 2108 4377 θῖ
2154 4315 2291 4390 Iob,

803 4416 1010 4479 Semel
1061 4415 1345 4496 loquitur
1390 4413 1576 4489 Deus,
1631 4422 1692 4475 et
1751 4416 2030 4477 secundo
2090 4414 2153 4477 id
2202 4415 2299 4496 ip-

803 4535 944 4578 sum
991 4533 1116 4577 non
1163 4513 1412 4595 repetit.

887 4617 969 4676 Ec
1015 4633 1158 4692 qaoe
1205 4621 1481 4672 ventura
1524 4621 1678 4672 sunt
1719 4613 2147 4672 annuntiabit
2192 4632 2299 4672 vo-

801 4715 918 4774 bis.
963 4711 1050 4774 Ex
1100 4730 1229 4793 quo
1277 4716 1520 4772 constat
1567 4710 1738 4790 quod
1786 4709 2069 4790 Apostoli
2117 4719 2297 4772 erant

802 4810 1149 4893 prophetae,
1203 4807 1332 4871 imo
1389 4806 1624 4869 summi
1678 4807 2004 4888 prophetae
2057 4827 2070 4871 :
2125 4809 2297 4890 quod

801 4909 1075 4972 maxime
1125 4913 1294 4989 patet
1343 4907 1405 4968 in
1456 4905 1842 4986 evangelista
1877 4906 2134 4980 Ioanne,
2182 4907 2295 4988 qui

800 5007 865 5070 in
918 5004 1291 5088 Apocalypsi
1342 5002 1644 5066 describit
1702 5010 1905 5066 totum
1964 5003 2298 5066 militantis

803 5104 1096 5167 Ecclesiae
1157 5120 1546 5184 processum,
1597 5121 1634 5163 a
1691 5108 1977 5184 tempore
2034 5103 2301 5184 Aposto-

798 5204 1010 5268 lorum
1061 5220 1265 5283 usque
1321 5201 1388 5263 in
1447 5200 1647 5263 finem
1707 5203 1951 5264 mundi.
2006 5201 2301 5265 Praedixit

800 5319 1060 5386 quoque
1097 5300 1374 5382 Spiritus
1413 5299 1680 5362 Sanctus
1720 5299 2039 5382 Apostolis
2083 5300 2301 5364 futura

2407 4315 2518 4378 vit.
2552 4315 2683 4378 lmo
2721 4314 3035 4396 quidquid
3074 4315 3372 4378 convenit
3414 4315 3601 4388 Patri,
3646 4335 3905 4398 compe-

2406 4413 2482 4475 tit
2534 4413 2713 4488 Filio,
2766 4413 2899 4476 sola
2955 4414 3282 4489 relatione,
3342 4433 3453 4476 seu
3510 4415 3903 4497 proprietate

2407 4511 2708 4574 notionali
2754 4511 2818 4572 in
2862 4530 2991 4592 qua
3031 4511 3535 4592 distinguuntur,
3569 4519 3838 4595 excepta
3885 4531 3901 4575 τ

2406 4610 2547 4674 ideo
2590 4611 2790 4673 virtus
2832 4611 3135 4692 spirativa
3176 4612 3642 4675 communicata
3690 4621 3789 4674 est
3840 4622 3909 4675 et

2406 4711 2710 4791 competit
2755 4710 2933 4773 Filio.
2978 4712 3329 4788 Propterea
3369 4713 3522 4771 dixi
3549 4730 3573 4774 .·
3612 4713 3785 4780 Quia
3823 4715 3906 4772 de

2405 4829 2538 4870 meo
2582 4809 2871 4887 accipiet,
2917 4808 3037 4871 hoc
3087 4817 3183 4870 est
3231 4809 3309 4871 de
3358 4809 3759 4890 plenitudine
3808 4811 3907 4872 di-

2405 4907 2687 4969 vinitatis
2738 4924 2915 4980 meae,
2950 4924 3061 4968 seu
3106 4908 3185 4969 de
3226 4925 3328 4970 me
3374 4907 3677 4988 procedit.
3712 4906 3899 4979 Quasi

2406 5007 2571 5069 dicat
2616 5025 2628 5069 :
2672 5005 2877 5078 Quum
2926 5007 2991 5067 in
3042 5006 3217 5068 Patre
3264 5014 3327 5068 et
3376 5007 3440 5069 in
3490 5025 3593 5069 me
3640 5007 3725 5069 sit
3776 5027 3904 5071 una

2406 5105 2705 5178 essentia,
2779 5124 2904 5167 una
2975 5105 3267 5168 voluntas
3340 5124 3593 5186 unaque
3668 5105 3897 5181 virtus,

2406 5204 2941 5286 quemadmodum
2986 5202 3259 5285 Spiritus
3300 5203 3564 5266 Sanctus
3612 5205 3904 5286 procedit

2405 5321 2442 5364 a
2470 5300 2668 5376 Patre,
2702 5301 2795 5364 sic
2831 5308 2895 5363 et
2923 5320 2961 5364 a
2986 5320 3111 5377 me,
3140 5301 3447 5384 quoniam
3479 5301 3545 5364 id
3578 5320 3694 5384 per
3721 5303 3899 5384 quod

4054 3739 4125 3792 15
