4300 6259
1115 519 1466 567 manuario
1507 520 1570 566 IN
1613 520 1748 566 CAP.
1795 519 1948 566 xvlu
1985 517 2263 566 somme.
2304 537 2385 548 -
2425 517 2567 564 An'r.
2613 518 2755 564 xmv

381 691 775 773 significavit
821 712 891 756 se
936 712 974 755 a
1018 693 1316 774 gentibus
1371 692 1732 756 exsecutive
1788 693 1885 754 in·
1909 688 1964 752 A
1995 698 2052 750 te
2097 690 2265 752 milii
2310 710 2335 750 .-

385 790 860 855 terriciendum.

140 891 220 946 33
463 892 780 952 Introivit
806 911 953 969 erqo
982 892 1222 952 iterum
1251 892 1320 951 in
1354 891 1740 968 praetorium
1767 891 1883 953 Pi-

382 991 575 1060 latus,
607 999 670 1050 et
706 991 958 1050 vocavit
993 993 1233 1052 Iesum.
1264 989 1460 1050 Judaei
1511 988 1685 1050 enim
1733 1007 1880 1051 cum

377 1087 659 1151 clamore
707 1097 772 1150 et
821 1089 1092 1171 strepitu
1150 1107 1378 1169 magno
1437 1087 1755 1150 instabant
1812 1097 1882 1150 ut

372 1187 594 1250 Jesum
653 1189 1027 1249 damnarent
1086 1206 1100 1250 :
1163 1186 1401 1250 idcirco
1457 1187 1691 1249 Pilatus
1751 1205 1878 1250 non

374 1293 604 1367 potens
645 1285 860 1347 Jesum
909 1285 1273 1348 examinare
1314 1286 1381 1347 in
1422 1292 1595 1349 tanto
1644 1286 1881 1347 tumul-

369 1391 467 1458 tu,
521 1384 812 1447 introivit
869 1385 1081 1447 locum
1130 1391 1446 1447 secretum
1495 1384 1560 1447 in
1621 1385 1877 1466 propria

369 1483 586 1555 dome,
641 1489 794 1564 puta
854 1481 1244 1565 praetorium,
1297 1490 1368 1545 ut
1414 1482 1504 1544 ibi
1555 1482 1771 1563 quiete
1815 1490 1877 1545 et

369 1581 717 1661 diligenter
765 1581 1124 1662 inquireret
1168 1579 1332 1643 sacta
1377 1581 1546 1642 Jesu.
1579 1585 1666 1642 Et
1701 1583 1878 1641 dimit

367 1681 434 1739 ei
472 1700 496 1738 .·
543 1683 640 1740 Tu
685 1700 750 1740 es
798 1699 916 1740 rem
960 1683 1358 1750 Iudaeorum,
1413 1684 1482 1740 ut
1538 1678 1758 1741 dicunt
1817 1687 1878 1740 te

370 1777 660 1839 dixisse?
701 1777 766 1840 id
797 1785 913 1852 est,
949 1784 1127 1839 estne
1158 1795 1381 1839 verum
1412 1778 1582 1858 quod
1620 1777 1738 1839 tibi
1770 1776 1880 1840 ob-

3362 493 3487 560 685

2380 707 2457 751 ex
2505 708 2635 771 quo
2691 695 2956 772 apparet
3009 689 3183 771 quod
3240 687 3485 770 aliquid

1993 807 2295 870 magnum
2326 790 2407 868 sit
2435 789 2502 852 in
2542 809 2751 864 causa,
2785 808 2859 852 eo
2887 791 3059 871 quod
3098 788 3191 850 tui
3228 789 3486 851 tradunt

1992 895 2054 949 te
2101 888 2309 951 alieno
2358 889 2437 950 ad
2485 889 3060 952 condemnandum.
3110 889 3285 957 Quid
3330 889 3487 967 feci-

1991 988 2126 1047 sti?
2164 985 2349 1068 quasi
2398 987 2564 1049 dicat
2605 1005 2619 1049 ε
2664 986 2869 1048 Verba
2915 987 3171 1050 illorum
3220 993 3283 1047 et
3327 985 3484 1067 quid

1994 1085 2109 1146 tibi
2169 1094 2505 1167 opponunt
2558 1085 2817 1166 audivi3
2870 1086 2980 1147 sed
3028 1085 3120 1146 eis
3169 1103 3295 1148 non
3355 1101 3487 1146 cre-

1993 1184 2093 1258 do,
2128 1183 2335 1246 sciens
2370 1184 2599 1266 partim
2638 1184 2796 1246 falsa
2825 1201 2964 1246 esse
2992 1202 3138 1265 quae
3170 1191 3481 1256 asserunt,

1991 1290 2054 1344 et
2094 1282 2247 1344 item
2284 1283 2457 1363 quod
2496 1300 2610 1364 per
2646 1281 2951 1345 invidiam
2994 1281 3387 1344 tradiderunt
3422 1289 3485 1344 te
3566 1295 3738 1340 Μαιιιι.

1992 1380 2150 1442 mihi
2204 1399 2217 1443 :
2273 1380 2413 1445 ideo
2470 1389 2537 1442 tu
2596 1381 2735 1462 ipse
2793 1380 2895 1444 dic
2955 1381 3326 1460 veritatem3
3379 1372 3539 1462 pa-'‘
3628 1363 3741 1410 '·¹⁸

1991 1486 2163 1540 ratus
2215 1499 2356 1540 sum
2407 1480 2663 1542 credere
2722 1479 2862 1554 tibi,
2917 1488 3178 1561 propter
3224 1497 3298 1541 ea
3341 1497 3485 1560 quae

1990 1577 2205 1640 audivi
2246 1578 2323 1638 de
2362 1585 2445 1652 te,
2480 1585 2697 1660 utpote
2738 1578 2909 1658 quod
2954 1585 3126 1640 tanta
3170 1577 3487 1639 mirabilia

1991 1675 2394 1758 perpetrasti.

2065 1776 2422 1850 Respondit
2466 1775 2644 1834 Jesus
2683 1795 2705 1833 .·
2743 1777 3041 1852 Reynum
3094 1795 3307 1836 meum
3354 1795 3485 1836 non
3621 1773 3691 1830 36

370 1875 632 1956 jiciunt,
667 1875 932 1950 scilicet,
966 1876 1138 1957 quod
1176 1876 1412 1938 dixeris
1443 1882 1506 1937 te
1537 1894 1748 1956 regem
1775 1877 1880 1938 Ju-
1916 1875 1962 1939 B
1989 1882 2076 1932 est
2121 1875 2202 1933 de
2249 1874 2363 1934 hoc
2410 1875 2679 1942 mundo,
2717 1872 2780 1934 id
2829 1881 2926 1934 est
2972 1872 3317 1946 mundiale,
3362 1879 3488 1934 ter-

375 1975 698 2037 daeorumi
736 1973 864 2037 Hoc
904 1992 1182 2055 namque
1220 1974 1666 2056 imposuerunt
1703 1974 1881 2037 Chri-

377 2080 476 2135 sto
532 2072 754 2144 sudaei,
809 2072 938 2136 imo
988 2080 1051 2134 et
1106 2073 1232 2135 duo
1287 2072 1431 2145 alia,
1482 2073 1664 2152 juxta
1719 2073 1878 2136 illud

219 2196 343 2233 xxm.
373 2171 564 2234 Lucae
609 2189 623 2233 :
669 2170 1012 2253 Coeperunt
1059 2170 1244 2232 illum
1293 2189 1610 2244 accusare,
1665 2170 1880 2234 dicen-

373 2277 471 2332 tes
516 2288 531 2331 :
575 2269 758 2331 Hunc
799 2269 1164 2332 invenimus
1213 2269 1689 2332 subvertentem
1730 2288 1880 2350 gen-

373 2375 506 2429 tem
549 2375 853 2440 nostram,
887 2375 951 2428 et
983 2367 1427 2449 prohibentem
1468 2367 1706 2430 tributa
1744 2368 1877 2430 dari

374 2465 630 2540 Caesari,
683 2473 745 2526 et
793 2465 1110 2528 dicentem
1170 2483 1238 2527 se
1288 2464 1607 2528 Christum
1665 2484 1876 2546 regem

373 2581 538 2626 esse.
594 2563 828 2626 Pilatus
887 2570 1098 2625 autem
1159 2564 1284 2627 duo
1345 2563 1551 2646 prima
1598 2583 1724 2627 non
1773 2565 1880 2627 ad-

374 2663 590 2738 vertit,
625 2663 780 2744 quia
824 2681 1027 2743 quum
1073 2668 1239 2724 esset
1277 2662 1558 2742 gentiliS,
1603 2681 1726 2726 non
1773 2682 1880 2724 cu-

374 2761 541 2824 ravit
589 2761 911 2842 quomodo
949 2760 1128 2822 Jesus
1173 2762 1427 2824 doceret
1465 2760 1730 2824 Judaeos.
1772 2760 1879 2823 Se-

374 2859 663 2921 cundum
736 2877 996 2940 quoque
1067 2858 1325 2939 agnovit
1401 2857 1657 2934 falsum,
1728 2860 1881 2940 quia

69 2976 154 3017 ,ua
159 2978 298 3018 mm
276 2991 345 3029 ιιι,
374 2957 668 3040 percepit
716 2956 1038 3021 Christum
1088 2957 1379 3020 dixisse:
1427 2957 1688 3020 Reddite
1736 2976 1880 3039 quae

81 2183 197 2226 Lac.

65 2247 106 2288 2.

374 3062 527 3117 sunt
579 3055 861 3130 CaesariS‚
917 3055 1186 3133 Caesari;
1238 3061 1299 3118 et
1347 3074 1491 3136 quae
1548 3064 1697 3117 sunt
1743 3055 1875 3129 Dei,
1918 3055 1961 3119 C
1991 3073 2095 3128 rae,
2135 3061 2205 3116 ut
2235 3054 2468 3116 dicitur
2507 3055 2572 3116 in
2604 3054 3031 3138 Apocalypsi:
3065 3074 3215 3136 crgo
3254 3063 3317 3118 et
3354 3075 3487 3119 om-

373 3153 524 3217 Deo.
580 3152 864 3216 Tertium
916 3172 1067 3217 vero
1119 3105 1454 3216 videbatur
1513 3153 1877 3236 imperatori

369 3251 802 3316 Romanorum
843 3252 1255 3327 contrarium,
1297 3252 1412 3334 qui
1456 3253 1757 3334 praecepit
1803 3270 1880 3314 ne

369 3351 522 3432 quis
572 3351 712 3413 sine
763 3370 878 3414 suo
919 3369 1234 3415 consensu
1277 3350 1628 3433 appellaret
1674 3369 1741 3412 se
1784 3369 1881 3412 re-

367 3467 538 3530 gem,
578 3458 648 3512 ut
685 3449 938 3512 dicitur.
975 3449 1348 3532 Specialiter
1389 3455 1601 3511 autem
1646 3448 1880 3512 dicitur

371 3547 724 3630 imperator
781 3548 1122 3611 abstulisse
1173 3548 1403 3611 Judaeis
1462 3547 1707 3628 regium
1767 3567 1880 3611 no-

370 3665 542 3721 men,
584 3654 845 3729 propter
873 3665 1095 3711 eorum
1135 3646 1504 3729 superbiam
1537 3653 1728 3728 atque
1756 3645 1882 3708 fre-

371 3751 680 3826 quentem
739 3745 1178 3808 rebellionem.
1231 3745 1390 3808 Hinc
1437 3762 1586 3825 ergo
1643 3744 1876 3806 Pilatus

369 3842 648 3906 sollicite
699 3842 1140 3906 sciscitabatur
1187 3862 1267 3904 an
1319 3851 1484 3905 esset
1531 3860 1642 3904 rex
1677 3843 1878 3905 Judae-

371 3959 581 4005 orum.

161 4040 236 4095 34
449 4041 808 4116 Respondit
834 4041 1015 4100 Jesus
1045 4061 1068 4099 .·
1099 4041 1156 4101 A
1193 4040 1514 4116 temetipso
1543 4041 1660 4100 hoc
1686 4041 1874 4109 dicia,

371 4137 671 4200 videlicet
708 4137 882 4218 quod
924 4136 1046 4198 sim
1079 4155 1186 4198 rex
1214 4137 1594 4211 Judaeorum‚
1631 4158 1718 4197 an
1749 4139 1874 4198 alii

1990 1989 2216 2034 renum
2261 1978 2323 2033 et
2367 1972 2737 2053 temporale,
2786 1972 2896 2034 sed
2940 1972 3197 2034 coeleste
3242 1991 3315 2033 ac
3359 1970 3487 2053 spi-

1990 2070 2239 2133 rituale.
2274 2069 2389 2131 Per
2415 2071 2587 2151 quod
2628 2070 2912 2132 Christus
2953 2070 3260 2133 satisfecit
3294 2069 3486 2134 Pilato

1991 2169 2219 2231 zelanti
2271 2186 2386 2250 pro
2436 2167 2695 2231 Caesare.
2750 2168 2865 2230 Per
2916 2168 3037 2232 hoc
3093 2169 3266 2231 enim
3314 2169 3485 2250 quod

1991 2265 2275 2329 Christus
2320 2286 2446 2329 non
2486 2267 2782 2347 quaesivit
2825 2267 3323 2331 dominationem
3364 2275 3489 2330 ter-

1991 2383 2210 2427 renam
2266 2373 2329 2426 et
2385 2365 2824 2446 temporalem,
2889 2373 3057 2448 patet
3119 2367 3291 2448 quod
3356 2385 3480 2429 non

1990 2463 2311 2544 derogavit
2343 2464 2731 2546 imperatori,
2763 2465 2877 2546 qui
2910 2473 3061 2527 tunc
3102 2465 3324 2527 mundi
3355 2483 3488 2529 mo-

1991 2561 2314 2625 narchiam
2358 2562 2632 2624 tenebat.
2668 2598 2743 2607 —
2774 2561 2895 2625 Sed
2945 2569 3151 2644 potest
3196 2563 3344 2645 quis
3393 2563 3489 2625 di-

1990 2677 2155 2734 cere,
2208 2660 2494 2741 Regnum
2554 2659 2783 2723 Christi
2840 2667 2935 2722 est
2990 2660 3273 2724 Ecclesia
3320 2661 3487 2723 mili-

1988 2764 2150 2832 tans,
2216 2759 2448 2839 degens
2508 2758 2573 2820 in
2633 2758 2864 2822 saeculo
2922 2759 3043 2822 isto
3094 2779 3107 2822 :
3164 2761 3485 2841 quomodo

1990 2874 2138 2936 ergo
2177 2875 2443 2937 regnum
2474 2857 2613 2938 ejus
2654 2876 2780 2920 non
2812 2865 2907 2920 est
2936 2859 3013 2920 de
3044 2858 3163 2922 hoc
3200 2859 3483 2922 mundo?

1993 2953 2252 3028 RursuS,
2291 2955 2576 3019 Christus
2619 2963 2714 3018 est
2759 2957 3056 3038 princeps
3102 2975 3321 3038 regum
3364 2965 3487 3019 ter·
3513 2973 3689 3086 ἧμαι-ι
3696 2985 3767 3076 νίιῧ.

1992 3151 2173 3213 nium
2217 3158 2617 3214 terrenorum
2668 3171 3031 3233 regnorum.
3084 3154 3343 3228 Iterum,
3395 3154 3487 3216 di-

1991 3257 2165 3312 ctum
2214 3235 2311 3312 est
2358 3269 2605 3332 supra:
2649 3251 2827 3313 Pater
2869 3252 3077 3332 diligit
3124 3251 3376 3328 Filium,
3424 3260 3487 3314 et
3513 3266 3701 3372 3Joamn.
3718 3279 3778 3318 ιιι,

1989 3349 2205 3410 omnia
2246 3349 2419 3411 dedit
2466 3349 2531 3410 in
2576 3369 2769 3411 manu
2812 3349 2994 3430 ejus3
3036 3350 3339 3460 itemque,
3373 3333 3775 3443 ὓ6-351ὸξάωη,

1990 3446 2135 3508 disti
2178 3446 2236 3508 ei
2277 3454 2648 3528 potestatem
2688 3448 2896 3510 omnis
2940 3448 3169 3510 carnis·
3214 3448 3301 3510 Ex
3342 3449 3486 3531 qui-

1988 3544 2108 3607 bus
2166 3545 2477 3627 sequitur,
2530 3547 2701 3626 quod
2758 3547 2973 3609 omnia
3020 3565 3211 3628 regna
3260 3548 3483 3610 mundi

1989 3642 2183 3723 hujus
2222 3643 2350 3706 sint
2388 3643 2548 3723 ejus.
2582 3644 2793 3725 Regna
2821 3652 3033 3706 autem
3073 3646 3293 3709 mundi
3337 3655 3487 3709 sunt

1987 3742 2066 3804 de
2110 3743 2373 3805 mundo.
2423 3742 2789 3817 Dicendum,
2834 3743 3005 3825 quod
3050 3743 3186 3806 sive
3232 3763 3344 3826 per
3390 3763 3487 3808 re-

1982 3856 2179 3918 gnum
2230 3839 2622 3920 intelligatur
2661 3840 3059 3923 principatus
3101 3860 3213 3903 seu
3255 3842 3485 3923 guber-

1986 3937 2157 4001 natio
2202 3939 2387 4019 regis‚
2424 3939 2559 4000 sive
2590 3938 2865 4019 subjecti
2908 3940 3103 4015 illius,
3139 3959 3360 4004 verum
3390 3949 3485 4004 est

1983 4037 2155 4117 quod
2187 4054 2453 4117 regnum
2487 4035 2717 4099 Christi
2758 4056 2882 4101 non
2916 4045 3010 4100 est
3042 4039 3119 4101 de
3150 4039 3269 4103 hoc
3300 4059 3485 4102 mun-

1985 4135 2085 4209 do,
2133 4135 2199 4197 id
2248 4144 2344 4197 est
2393 4135 2512 4197 tale
2558 4135 2749 4217 quale
2797 4143 2893 4198 est
2941 4153 3205 4217 regnum
3257 4138 3482 4200 mundi

371 4236 494 4296 tibi
541 4234 858 4296 dixerunt
900 4238 981 4295 de
1024 4237 1172 4296 me?
1207 4233 1342 4298 Non
1393 4253 1472 4296 ex
1518 4235 1871 4315 ignorantia
1905 4237 1953 4299 D
1986 4232 2201 4312 hujuS,
2237 4232 2335 4295 vel
2368 4233 2693 4314 pertinens
2732 4235 2810 4297 ad
2843 4236 3310 4299 mundanorum
3352 4255 3485 4299 sor-

367 4331 605 4414 quaerit
644 4333 764 4395 hoc
793 4332 1102 4406 ChristuS,
1137 4333 1247 4395 sed
1287 4340 1357 4395 ut
1396 4333 1512 4395 hac
1541 4334 1871 4396 occasione

370 4428 806 4511 responsionis
854 4429 1056 4504 Pilati,
1102 4429 1346 4511 aliquid
1395 4429 1560 4492 dicat
1605 4430 1872 4491 salubri-

368 4535 466 4589 ter
506 4529 586 4589 ad
630 4535 908 4590 nostram
950 4527 1434 4590 instructionem
1483 4527 1866 4610 proficuum.

160 4629 232 4684 35
367 4627 728 4702 Respondit
759 4627 1068 4688 Pilatus:
1091 4628 1437 4704 Numquid
1463 4645 1574 4704 eqo
1603 4628 1869 4688 Judoeus

365 4726 566 4786 sum?
597 4731 899 4805 tanquam
940 4723 1108 4786 dicat
1141 4743 1154 4786 :
1189 4724 1240 4785 A
1269 4742 1374 4785 me
1403 4723 1544 4806 ipso
1583 4724 1702 4786 ista
1741 4744 1866 4788 non

366 4841 608 4905 quaere,
656 4821 809 4903 quia
849 4821 1100 4884 Judaeus
1147 4839 1270 4884 non
1323 4840 1489 4899 sum,
1535 4823 1702 4885 unde
1751 4841 1869 4886 nec

367 4939 522 4984 curo
577 4921 656 4982 de
712 4919 1174 5001 quaestionibus
1233 4919 1392 5000 legis
1449 4921 1692 4994 eorum,
1751 4940 1868 4984 nec

366 5019 486 5081 ista
527 5017 822 5099 concipio
861 5035 940 5080 ex
983 5035 1107 5092 me,
1149 5018 1333 5099 quasi
1379 5019 1622 5100 peritus
1669 5018 1734 5081 in
1780 5019 1869 5082 le-

360 5135 441 5198 ge
489 5116 770 5179 illorum.
827 5119 993 5177 Gen-s
1045 5123 1182 5187 tua,
1234 5115 1530 5179 videlicet
1590 5117 1865 5199 populus

365 5216 488 5278 iste
534 5214 856 5290 Iudaicus,
909 5215 987 5277 de
1033 5232 1310 5296 quorum
1359 5233 1626 5279 numero
1673 5223 1866 5297 atque

367 5313 672 5397 progenie
714 5329 805 5388 es,
836 5323 896 5373 et
925 5315 1264 5391 pontifices
1305 5315 1406 5374 tui
1448 5315 1863 5376 tradiderunt

1985 4338 2111 4392 tem
2165 4349 2526 4410 regnorum.
2569 4331 2953 4396 Gubernatio
2998 4333 3168 4394 enim
3218 4335 3483 4396 munda-

1983 4447 2083 4503 na,
2119 4436 2216 4491 est
2253 4448 2398 4492 cum
2443 4449 2673 4512 pompa
2701 4437 2764 4492 et
2798 4431 3019 4511 gloria,
3055 4450 3201 4494 cum
3241 4432 3481 4496 divitiis

1979 4534 2172 4608 atque
2204 4527 2463 4604 deliciis
2497 4530 2595 4591 vel
2628 4529 2848 4592 saltem
2878 4548 3023 4591 cum
3056 4529 3298 4593 familia
3327 4533 3483 4594 mul-

1983 4633 2043 4687 ta
2089 4633 2150 4688 et
2200 4625 2676 4706 magnificentia
2724 4645 2946 4690 eorum
2983 4647 3129 4709 quae
3178 4630 3254 4692 ad
3297 4649 3482 4692 mun-

1982 4724 2134 4786 dum
2196 4724 2572 4806 respiciunt.
2633 4724 2939 4787 Similiter
2998 4726 3236 4790 subditi
3295 4747 3480 4790 mun-

1980 4822 2291 4886 danorum
2342 4817 2561 4904 regum
2615 4823 3025 4886 saecularibus
3084 4835 3479 4908 occupantur

1981 4921 2272 5001 negotiiS,
2326 4930 2390 4983 et
2438 4921 2502 4983 in
2562 4920 2985 4984 exterioribus
3043 4923 3477 5004 subjiciuntur
3546 4945 3553 4954 ·

1978 5019 2235 5100 regibus
2276 5019 2431 5082 suis.
2465 5018 2654 5082 Porro
2688 5019 3067 5100 gubernatio
3107 5021 3336 5085 Christi
3382 5032 3477 5085 est

1980 5115 2249 5190 interna,
2286 5133 2401 5198 per
2438 5115 2657 5190 fidem,
2694 5116 3019 5179 caritatem
3058 5135 3170 5180 seu
3207 5119 3474 5200 gratiam

1977 5215 2042 5276 in
2093 5214 2389 5277 cordibus
2439 5213 2785 5278 electorum
2835 5233 3154 5279 suorum:
3208 5219 3285 5280 de
3333 5219 3476 5300 qui-

1975 5314 2094 5378 bus
2127 5314 2288 5377 dixit
2320 5333 2536 5396 supra,
2560 5314 2647 5376 De
2676 5317 2915 5379 mundo
2947 5334 3073 5379 non
3104 5325 3275 5392 sunt,
3310 5319 3474 5383 sicut
3526 5338 3647 5384 ιῡια.
3680 5341 3747 5383 ιο.
