4300 6259
1180 507 1535 555 manuue
1577 506 1643 554 m
1683 506 1822 554 cn.
1868 506 1931 552 lv
1969 505 2248 553 JOANNIS.
2293 525 2374 536 -
2414 506 2558 554 AM.
2603 505 2668 553 11

3359 490 3476 554 351

364 685 555 741 vocat
606 677 749 741 illos
808 697 956 742 suos
1006 695 1121 740 seu
1178 677 1718 741 Samaritanorum
1770 695 1876 759 pa-
1904 675 1959 738 A
1986 695 2101 759 per
2130 676 2431 758 speciem,
2466 677 2658 740 ceteri
2692 695 2806 759 per
2826 676 3045 741 fidem.
3081 676 3276 742 Notus
3305 678 3482 740 enim
3508 698 3774 752 ptume.

363 784 521 851 treS,
554 776 707 859 quia
742 774 1117 838 Samaritani
1158 775 1590 858 sequebantur
1628 775 1873 838 cultum

362 883 431 937 et
490 875 685 937 ritum
744 874 1003 938 illorum
1060 875 1126 936 in
1186 875 1430 950 multiS,
1492 882 1556 937 et
1615 879 1873 957 propter

364 973 794 1036 reverentiam
836 972 1364 1035 patriarcharum.

452 1073 539 1132 Et
577 1092 683 1134 vos
719 1071 915 1134 Judaei
964 1073 1216 1142 dicitis,
1257 1073 1416 1152 quia
1455 1073 1872 1149 lero-solymis

360 1179 458 1230 est
488 1173 683 1244 loona,
718 1169 837 1234 hoc
867 1177 963 1234 est
1003 1161 1316 1252 templum
1349 1170 1417 1232 in
1454 1177 1667 1233 monte
1698 1169 1866 1245 Sion,

362 1269 485 1329 ubi
510 1271 789 1330 adorare
814 1278 1086 1346 oportet,
1116 1268 1179 1330 id
1222 1275 1339 1343 est,
1374 1267 1734 1351 expeditius
1778 1275 1873 1330 est

366 1385 567 1448 quam
594 1365 663 1430 in
692 1375 909 1430 monte
938 1365 1231 1430 Garizim.
1264 1366 1461 1429 Judaei
1501 1373 1713 1429 autem
1744 1385 1871 1430 non

365 1465 674 1528 dixerunt
742 1465 914 1546 quod
980 1471 1300 1547 oporteret
1361 1465 1439 1527 de
1502 1465 1875 1528 necessitate

366 1563 634 1627 adorare
681 1563 749 1625 in
788 1563 1029 1645 templo
1074 1562 1443 1638 Jerusalem,
1486 1563 1669 1644 quasi
1710 1563 1873 1626 Deus

367 1661 525 1725 alibi
587 1679 715 1726 non
771 1662 1099 1724 exaudiret
1152 1679 1166 1724 :
1219 1680 1364 1724 nam
1427 1662 1491 1723 in
1542 1662 1873 1745 synagogis

370 1760 508 1823 suis
552 1777 733 1824 orare
788 1767 1279 1824 consueverunt.
1331 1759 1451 1822 Sed
1508 1761 1877 1823 asserebant

1988 775 2052 837 in
2098 775 2310 838 Judaea
2356 776 2542 838 Deus.
2596 776 2830 839 Ceteris
2888 776 3060 838 enim
3118 776 3482 839 nationibus

1985 875 2063 936 ad
2122 875 2407 938 diversos
2466 892 2711 939 errores
2772 875 3127 951 ruentibuS,
3181 875 3484 937 remansit

1986 973 2051 1036 in
2114 974 2352 1056 populo
2409 974 2753 1038 Israelitico
2807 993 2954 1037 vera
3013 975 3289 1055 cognitio
3347 974 3476 1036 Dei.

1990 1075 2158 1142 Quia
2195 1075 2375 1134 salus
2411 1093 2494 1134 em
2517 1075 2766 1134 Judoeis
2791 1082 2905 1144 est,
2946 1074 3067 1137 hoe
3105 1081 3221 1150 est,
3255 1091 3332 1136 ex
3375 1093 3485 1157 po—

1988 1170 2139 1253 pulo
2184 1171 2543 1235 Judaeorum
2592 1170 2876 1234 Salvator
2922 1172 3144 1235 mundi
3195 1172 3484 1235 incarna-

1986 1276 2087 1331 tus
2118 1276 2183 1331 et
2217 1277 2392 1332 ortus
2433 1277 2567 1350 est3
2610 1269 2732 1344 vel,
2766 1268 2946 1332 Salus
2987 1288 3064 1333 ex
3091 1270 3322 1335 Judaeis
3362 1278 3477 1346 est,

1984 1366 2104 1430 hoc
2133 1375 2249 1441 est,
2284 1367 2547 1431 salvatio
2573 1367 2861 1448 gentium
2891 1386 2969 1429 ex
2995 1367 3224 1432 Judaeis
3254 1369 3483 1451 depen-

1983 1466 2104 1543 det,
2126 1474 2280 1548 puta
2309 1486 2346 1527 a
2375 1465 2603 1529 Christi
2636 1467 2928 1548 passione
2958 1474 3020 1528 et
3047 1466 3481 1550 Apostolorum

1986 1563 2457 1645 praedicatione.

2063 1663 2197 1724 Sed
2244 1664 2423 1723 venit
2469 1664 2652 1734 hora,
2695 1672 2757 1723 et
2805 1683 2981 1724 nunc
3026 1674 3143 1734 est,
3185 1664 3483 1728 videlicet

1984 1767 2238 1843 tempus
2271 1760 2650 1841 evangelicae
2680 1760 2859 1841 legiS,
2883 1765 3141 1842 quando
3173 1766 3328 1832 veri,
3361 1763 3482 1827 hoc

3615 1670 3686 1725 23

370 1857 961 1922 convenientiorem
998 1858 1211 1921 locum
1248 1858 1470 1921 orandi
1509 1877 1647 1921 esse
1686 1859 1753 1922 in
1779 1859 1876 1921 Je-
1910 1861 1958 1924 B
1985 1867 2083 1922 est
2121 1859 2368 1934 fideleS,
2413 1859 2646 1922 sinceri
2695 1867 2886 1941 atque
2937 1861 3145 1924 devoti
3188 1865 3485 1924 adorato-

372 1957 653 2019 rusalem
701 1974 715 2019 ε
768 1957 939 2039 quod
989 1965 1054 2018 et
1102 1975 1324 2020 verum
1374 1956 1517 2032 fuit,
1570 1958 1874 2039 quoniam

132 2083 223 2112 ea.
262 2055 539 2120 111.Deus
595 2054 958 2138 specialiter
1005 2054 1197 2136 elegit
1253 2055 1464 2118 locum
1525 2056 1710 2118 illum
1761 2077 1875 2140 pro

374 2153 553 2217 cultu
594 2172 731 2229 suo,
768 2153 1123 2236 praesertim
1165 2155 1243 2216 ad
1288 2153 1802 2217 sacrificandum.

468 2254 651 2315 Dicit
704 2254 769 2312 ei
820 2255 1003 2314 Jesus
1052 2273 1073 2311 .·
1124 2254 1397 2323 Mulier,
1448 2256 1631 2314 crede
1687 2255 1878 2324 mihi,

328 2369 571 2434 ‚quem
630 2351 806 2414 vides
864 2368 1003 2413 esse
1064 2350 1461 2433 prophetam.
1514 2350 1646 2414 Nisi
1704 2352 1875 2414 enim

372 2449 795 2524 credideritiS,
846 2468 974 2513 non
1023 2449 1413 2532 intelligetis.
1456 2449 1532 2511 Et
1576 2451 1879 2513 acceden-

371 2557 502 2611 tem
548 2549 629 2611 ad
678 2548 875 2610 Deum
926 2565 1185 2611 necesse
1233 2557 1330 2611 est
1383 2550 1661 2611 credere.
1708 2552 1875 2619 Quia

372 2649 587 2709 veniet
624 2650 787 2709 hora
828 2649 1091 2727 quando
1140 2667 1349 2726 neque
1394 2649 1464 2709 in
1512 2657 1722 2708 monte
1762 2651 1878 2710 hoc

368 2746 667 2822 Garizim,
710 2767 913 2826 neque
954 2750 1029 2808 in
1063 2749 1477 2825 sev-osolymis
1520 2749 1877 2809 adorabitis

366 2848 661 2909 Patrem.
711 2845 841 2909 Hoc
887 2844 1158 2926 intelligi
1209 2853 1416 2927 potest
1468 2845 1809 2928 dupliciter
1856 2865 1870 2910 :

371 2944 603 3020 Primo,
653 2945 829 3026 quod
887 2943 1181 3007 conversi
1238 2946 1318 3007 ad
1367 2943 1687 3007 Christum
1748 2965 1875 3008 non

1987 1978 2085 2019 res
2130 1961 2497 2020 adorabunt
2541 1961 2833 2029 Patrem,
2873 1957 2936 2020 id
2984 1967 3082 2020 est
3127 1959 3324 2023 Deum
3377 1961 3485 2023 tri-

1988 2077 2140 2119 num
2197 2076 2268 2120 ac
2317 2057 2699 2139 simplicem,
2753 2057 2854 2118 cui
2913 2057 3186 2120 dicimus
3239 2077 3253 2122 ε
3308 2058 3485 2121 Pater
3511 2079 3776 2132 multuo.

1990 2163 2205 2219 noster
2251 2155 2364 2238 qui
2423 2174 2490 2218 es
2546 2156 2612 2216 in
2669 2155 2871 2229 coeliS,
2924 2157 2998 2216 in
3045 2159 3312 2233 spiritu,
3364 2158 3486 2222 hoc

1990 2263 2085 2318 est
2124 2256 2313 2318 corde
2351 2255 2622 2328 intern0,
2667 2253 2732 2315 in
2773 2253 3091 2336 spirituali
3133 2255 3482 2333 intellectu,

1991 2354 2056 2416 in
2093 2352 2331 2436 Spiritu
2373 2351 2622 2427 Sanct0,
2663 2371 2790 2415 non
2829 2353 3036 2415 solum
3077 2353 3143 2414 in
3186 2352 3342 2417 locis
3383 2356 3489 2417 de-

1988 2452 2365 2526 terminatiS,
2401 2451 2467 2513 in
2495 2469 2714 2532 grossa
2753 2451 3221 2532 imaginatione,
3257 2453 3322 2514 in
3354 2473 3490 2535 pro—

1989 2551 2130 2631 prio
2175 2568 2406 2628 sensu3
2457 2559 2518 2610 et
2569 2551 2860 2617 veritate,
2911 2549 2975 2611 id
3026 2558 3121 2613 est
3166 2549 3298 2613 fide
3341 2552 3490 2614 illu-

1986 2649 2245 2722 minata,
2273 2647 2336 2710 in
2371 2665 2518 2710 vera
2544 2646 2804 2727 justitia,
2829 2648 2908 2710 ad
2939 2647 3048 2710 Dei
3081 2649 3400 2723 honorem,
3428 2658 3492 2712 et

1989 2754 2250 2830 propter
2317 2763 2528 2808 veram
2596 2744 3056 2808 beatitudinem
3128 2747 3488 2829 adipiscen-

1988 2848 2154 2909 dam.
2189 2844 2494 2925 Denique‚
2529 2843 2881 2905 secundum
2909 2842 3354 2924 Augustinum,
3389 2846 3490 2908 Pa-

1989 2953 2149 3006 trem
2197 2943 2260 3005 in
2303 2943 2564 3006 veritate
2602 2942 2841 3016 adorat,
2875 2941 2987 3023 qui
3027 2942 3271 3007 Patrem
3311 2954 3489 3008 aeter-

370 3044 708 3106 adorarent
764 3041 1009 3104 Patrem
1070 3041 1393 3105 coelestem
1442 3042 1508 3104 in
1557 3043 1876 3125 praedictis
1914 3048 1959 3112 C
1990 3063 2143 3106 num
2209 3042 2276 3104 in
2339 3040 2597 3104 nomine
2661 3039 2804 3102 Filii
2871 3041 3143 3106 invocat.
3203 3043 3330 3106 Hoc
3393 3052 3488 3106 est

373 3141 555 3217 lociS,
608 3159 683 3204 eo
729 3141 919 3204 modo
973 3159 1102 3222 quo
1150 3148 1317 3216 ante,
1371 3141 1668 3204 videlicet
1716 3143 1880 3204 aesti-
1988 3143 2186 3204 Deum
2231 3140 2538 3204 veraciter
2590 3139 2908 3214 invocare,
2950 3140 3017 3203 id
3059 3149 3156 3204 est
3205 3143 3374 3205 intus
3424 3151 3488 3206 et

373 3242 610 3305 mando
676 3241 847 3322 quod
914 3239 1359 3304 determinatio
1426 3249 1491 3303 et
1555 3241 1879 3306 distinctio
1988 3259 2065 3304 ex
2112 3241 2301 3304 corde
2342 3256 2584 3302 vocare.
2618 3236 2794 3310 Quod
2832 3257 3026 3321 quam
3077 3241 3331 3303 salubre
3377 3242 3480 3316 sit,

372 3341 663 3405 locorum
703 3348 830 3401 tam
875 3337 1149 3400 multum
1194 3340 1567 3420 prodessent
1607 3341 1687 3402 ad
1724 3339 1880 3402 cffe-
1991 3339 2213 3422 pandit
2257 3337 2587 3401 Psalmista
2629 3335 2897 3400 dicendo
2934 3356 2947 3399 :
2983 3336 3182 3421 Prope
3228 3346 3323 3402 est
3371 3340 3487 3404 Do-
3533 3362 3765 3418 Pmmv,

375 3447 553 3502 ctum
599 3437 902 3501 orationis
950 3436 1409 3518 obtinendum3
1462 3439 1573 3502 sed
1622 3439 1881 3521 spiritu-

373 3539 507 3600 ales
549 3535 789 3610 effecti,
824 3534 1242 3618 spiritualiter
1289 3537 1644 3618 adorarent,
1678 3539 1881 3600 scien-

375 3644 472 3699 tes
532 3636 709 3717 quod
768 3635 971 3698 virtus
1034 3641 1100 3695 et
1156 3634 1330 3698 valor
1389 3636 1691 3699 orationis
1752 3655 1878 3700 non

376 3733 821 3818 principaliter
860 3733 1149 3796 consistit
1188 3733 1255 3795 in
1294 3733 1452 3809 loco,
1488 3735 1598 3798 sed
1641 3736 1876 3799 animo.

374 3832 668 3896 Secundo
710 3832 851 3894 sic:
886 3830 1111 3894 Veniet
1154 3832 1329 3906 hora,
1373 3840 1515 3909 etc„
1558 3835 1729 3915 quod
1772 3835 1883 3896 im-

376 3933 627 4016 pletum
671 3931 922 3996 videtur
968 3938 1254 4013 tempore
1299 3932 1749 3997 destructionis
1786 3933 1883 3996 Je-

378 4033 659 4095 rusalem
697 4051 735 4093 a
770 4029 1090 4106 RomaniS‚
1124 4031 1277 4111 quia
1314 4040 1376 4093 et
1418 4039 1571 4094 tunc
1617 4032 1880 4115 plurimi

380 4130 759 4194 Samaritani
788 4129 1195 4191 crediderunt
1226 4129 1289 4191 in
1322 4130 1657 4205 Christum,
1690 4139 1883 4213 atque

382 4229 451 4291 in
494 4226 783 4290 ecclesiis
825 4227 1088 4290 adorare
1130 4227 1458 4290 curabant.

482 4329 597 4389 Vos
644 4325 1020 4388 Samaritani
1063 4329 1351 4387 adoratis
1391 4330 1563 4406 quod
1598 4331 1876 4390 nescitis.

382 4425 745 4490 Adorabant
802 4424 974 4486 enim
1038 4423 1235 4486 Deum
1293 4425 1581 4488 omnium
1640 4435 1879 4492 creato-

385 4545 545 4600 rem,
603 4541 797 4606 quem
857 4522 1246 4598 nesciebant,
1309 4523 1373 4586 id
1430 4531 1545 4598 est,
1600 4525 1764 4587 male
1820 4535 1883 4589 et

382 4625 545 4686 false
593 4623 673 4686 de
723 4622 865 4704 ipso
921 4628 1277 4696 senserunt,
1330 4630 1623 4704 putantes
1682 4623 1879 4686 Deum

383 4739 525 4785 esse
562 4737 962 4802 corporeum,
1000 4718 1578 4801 circumscriptum,
1620 4729 1685 4783 et
1725 4721 1882 4784 line—

382 4818 657 4882 amentis
718 4816 1154 4899 corporalibus
1210 4815 1580 4897 figuratum.
1650 4817 1883 4882 Adora-

384 4919 542 4982 bant
575 4934 836 5000 quoque
864 4924 930 4979 et
956 4916 1123 4979 idola
1162 4935 1306 4997 quae
1345 4917 1729 4993 nescierunt,
1765 4938 1883 5000 pu-

384 5026 590 5080 tantes
627 5015 873 5098 aliquid
908 5014 1257 5076 divinitatis
1302 5014 1429 5077 illis
1476 5015 1705 5090 inesse,
1739 5036 1883 5099 quae

385 5117 578 5198 plena
621 5113 882 5177 fuerunt
929 5112 1282 5175 daemoniiS.
1318 5114 1449 5177 Nos
1493 5114 1689 5176 Judaei
1739 5119 1883 5176 ado-

1991 3439 2205 3501 minus
2253 3435 2551 3501 omnibus
2601 3435 3044 3499 invocantibus
3091 3455 3239 3499 eum
3279 3438 3344 3501 in
3386 3457 3486 3503 ve-
3515 3429 3583 3470 ¹⁸·

1994 3539 2199 3600 ritate.

2074 3637 2248 3700 Nam
2283 3643 2343 3693 et
2381 3634 2582 3695 Pater
2620 3631 2894 3694 coelestis
2941 3636 3095 3693 tales
3131 3638 3390 3714 quoerit,
3421 3636 3486 3698 id

1993 3741 2109 3808 est,
2162 3750 2342 3796 veros
2400 3731 2758 3792 adoratores
2817 3729 3088 3811 re‘quirit
3143 3739 3206 3792 et
3261 3751 3491 3816 appro—

1993 3831 2101 3893 bat
2132 3849 2146 3893 :
2183 3830 2320 3892 vult
2366 3827 2538 3890 enim
2590 3845 2704 3889 nos
2752 3844 2890 3888 esse
2939 3827 3135 3909 tales3
3177 3833 3294 3910 qui
3334 3835 3489 3893 ado-

1992 3939 2137 3990 rent
2164 3948 2312 3988 eum
2342 3926 2407 3988 in
2443 3925 2670 4006 spiritu
2713 3933 2776 3986 et
2815 3925 3098 4000 veritate,
3134 3937 3204 3989 ut
3243 3929 3483 3992 dictum

1993 4034 2108 4090 est.
2171 4025 2365 4106 Cujus
2424 4023 2582 4087 ratio
2638 4023 2934 4085 subditur
2985 4042 2998 4086 :
3047 4028 3342 4103 Spiritus
3394 4040 3486 4092 est

1989 4130 2190 4197 DeuS,
2239 4124 2303 4186 id
2361 4131 2457 4185 est
2513 4122 2885 4204 spiritualis,
2948 4123 3362 4206 incorporalis
3421 4134 3486 4190 et

3617 4036 3689 4092 24

1912 4237 1961 4298 D
1992 4224 2265 4307 simplex
2295 4221 2587 4295 essentia,
2615 4228 2834 4303 utpote
2861 4228 3040 4284 actus
3070 4241 3290 4304 purus.
3313 4224 3484 4290 Mens

1990 4329 2278 4405 separata
2324 4328 2491 4382 esset
2535 4326 2781 4381 tantum
2825 4319 3350 4384 honoratissimus
3394 4324 3491 4386 in-

1992 4421 2304 4484 tellectus.
2340 4423 2425 4482 Et
2463 4439 2562 4481 eos
2608 4419 2726 4499 qui
2763 4421 3040 4480 adorant
3087 4440 3234 4482 eum
3272 4422 3492 4485 adora-

1994 4521 2165 4584 tione
2224 4519 2443 4593 latriae,
2505 4536 2648 4599 quae
2705 4516 2822 4580 soli
2883 4516 3007 4581 Deo
3063 4517 3352 4595 debetur,
3416 4523 3490 4584 in

1991 4620 2236 4697 spiritu
2273 4626 2332 4676 et
2371 4617 2633 4677 veritate
2669 4616 3050 4696 (secundum
3094 4635 3350 4680 sensum
3392 4620 3491 4683 in-

1995 4715 2288 4796 ductum)
2313 4722 2554 4792 oportet
2582 4716 2874 4786 adorare,
2912 4714 2965 4776 si
2997 4713 3267 4778 debeant
3298 4735 3489 4780 exau-

1994 4815 2138 4878 diri.
2173 4813 2350 4876 Actio
2388 4812 2632 4895 quippe
2671 4812 2992 4876 rationalis
3033 4822 3332 4880 creaturae
3372 4835 3488 4899 per

1992 4914 2113 4977 hoc
2161 4911 2512 4994 complacet
2568 4910 2712 4985 Deo,
2765 4912 2937 4992 quod
2986 4929 3100 4994 per
3145 4931 3286 4976 eam
3333 4917 3490 4979 assi-

1993 5013 2253 5076 milatur
2314 5018 2504 5091 atque
2567 5008 2785 5070 unitur
2843 5029 2960 5072 suo
3016 5010 3311 5076 Creatori.
3372 5013 3489 5076 Per

1993 5111 2422 5176 adorationem
2470 5116 2682 5170 autem
2727 5108 2793 5169 in
2844 5108 3075 5188 spiritu
3121 5117 3186 5170 et
3225 5113 3489 5176 veritate

382 5234 609 5276 ramus
655 5214 827 5293 quod
867 5213 1127 5280 scimus,
1170 5211 1232 5273 id
1282 5219 1377 5273 est
1423 5211 1643 5287 Deum,
1686 5231 1879 5294 quem
1990 5211 2240 5286 factam,
2264 5207 2650 5271 assimilatur
2678 5213 2740 5267 et
2770 5205 3179 5287 conjungitur
3207 5209 3348 5272 Deo.
3374 5211 3489 5274 Per

385 5329 535 5377 vere
572 5310 1036 5392 cognoscimus.
1070 5308 1357 5372 Christus
1399 5311 1694 5391 cognovit
1732 5329 1880 5373 eum

1994 5310 2158 5372 hanc
2185 5307 2361 5370 enim
2397 5303 2869 5388 simplificatur,
2905 5313 2968 5367 et
3001 5311 3170 5367 recte
3203 5310 3488 5373 ascendit
