4300 6259
1289 497 1637 546 &Annulo
1678 497 1743 545 m
1783 498 1922 546 cAP.
1969 497 2098 545 XVU
2139 499 2329 546 LUCAE.
2376 519 2457 530 -—
2497 502 2640 548 ΛΒΤ.
2686 502 2763 548 xl.

193 669 291 724 27

449 779 696 824 umores
721 767 1064 836 ducebant,
1099 777 1160 828 et
1195 771 1530 831 dabantur
1557 773 1646 831 ad
1676 771 1970 848 nuptiae,

451 869 725 942 propter
773 863 1165 946 voluptatem
1219 867 1420 948 magis
1468 887 1660 950 quam
1713 874 1972 951 propter

449 958 660 1038 prolis
721 963 1250 1042 procreationem,
1303 987 1505 1046 usque
1551 969 1623 1028 in
1669 970 1846 1028 diem
1894 968 1966 1026 in

445 1075 584 1134 quo
607 1060 890 1121 intravit
921 1064 1056 1126 Noe
1083 1064 1158 1125 in
1186 1085 1436 1126 arcam.
1458 1063 1594 1128 Non
1627 1065 1800 1127 enim
1832 1083 1968 1127 ere-

444 1153 760 1219 diderunt
810 1161 1371 1241 praedicationibus
1417 1173 1482 1226 et
1528 1164 1969 1227 comminatio-

447 1251 651 1316 nibus
685 1255 858 1336 ejus3
886 1260 997 1321 sed
1029 1260 1643 1336 ludiS,vanitatibuS,
1663 1269 1726 1324 et
1757 1280 1970 1324 carna-

447 1351 748 1416 litatibus
797 1356 1234 1420 intendebant.
1269 1362 1356 1421 Et
1391 1362 1568 1422 venit
1605 1363 1965 1429 diluvium,

141 1459 298 1502 Gen.
323 1473 412 1508 vu.
449 1451 630 1513 sieut
659 1451 727 1515 in
755 1453 980 1518 Genesi
1012 1456 1242 1538 legitur
1262 1477 1277 1520 ε
1295 1457 1480 1522 Anno
1509 1458 1968 1522 sexcentesimo

67 1527 154 1572 ¹¹·
185 1525 278 1566 ¹²·
449 1549 608 1611 vitae
649 1549 800 1626 Noe,
835 1570 1056 1616 mense
1095 1557 1399 1631 secundo,
1443 1557 1966 1639 septimodecimo

441 1646 558 1708 die
620 1650 882 1725 mensis,
945 1652 1124 1714 venit
1180 1653 1521 1730 diluvium,
1586 1655 1758 1738 rupti
1817 1661 1966 1718 sunt

441 1763 678 1808 omnes
717 1746 926 1812 fontes
967 1751 1180 1834 abyssi
1230 1771 1494 1834 magnae,
1537 1761 1603 1816 et
1643 1761 1966 1816 cataractae

3464 482 3578 547 141

447 661 526 724 si.
565 665 868 730 Edebant
893 679 956 730 et
982 671 1298 742 bibebant,
1333 671 1579 734 scilicet
1609 671 1963 753 crapulose,
1998 668 2051 730 A
2079 669 2271 733 nibus
2322 671 2663 735 visibiliter
2708 675 3076 737 ostendetur
3118 692 3131 736 ε
3176 673 3327 755 quia
3370 690 3577 754 usque

2079 771 2157 831 ad
2205 770 2375 833 diem
2428 771 2609 834 illum
2661 781 2769 835 aut
2818 773 3091 846 circiter,
3142 772 3342 854 aliqui
3404 771 3576 835 vitiis

2081 867 2358 930 indurati
2402 869 2464 930 in
2518 887 2739 932 secura
2786 871 3054 933 stultitia
3098 877 3306 944 erunt,
3362 876 3579 951 utpote

2079 965 2469 1030 Antichristo
2512 968 2745 1031 occiso.
2778 1003 2859 1013 —
2891 967 3010 1030 Sed
3052 969 3152 1030 his
3190 967 3449 1031 obviare
3488 967 3582 1029 vi-

2081 1065 2267 1126 detur
2306 1083 2645 1128 commune
2690 1067 2932 1128 dictum
2975 1066 3429 1129 catholicorum
3472 1066 3580 1128 do-

2080 1169 2349 1236 ctorum,
2384 1163 2735 1226 dicentium
2774 1165 2947 1245 quod
2986 1163 3375 1226 Antichristo
3416 1163 3581 1226 occi—

2079 1279 2172 1340 so,
2225 1260 2497 1343 ejusque
2554 1261 2889 1325 fraudibus
2948 1262 3299 1345 patefactiS‚
3357 1279 3578 1324 omnes

2079 1365 2533 1422 convertentur
2580 1362 2657 1423 ad
2707 1361 3051 1434 Christum,
3094 1367 3157 1422 et
3206 1360 3263 1422 ei
3308 1360 3583 1422 devotis-

2077 1454 2241 1516 sime
2268 1456 2717 1539 obsequentur.
2745 1457 2819 1520 Et
2849 1459 3380 1539 respondendum,
3406 1457 3578 1539 quod

2079 1572 2206 1618 non
2252 1555 2633 1637 simpliciter
2677 1575 2899 1620 omnes
2950 1557 3042 1619 sic
3085 1563 3575 1633 convertentur;

2077 1653 2207 1716 imo
2254 1654 2515 1735 quidam
2567 1655 2893 1718 durissimi
2943 1656 3010 1716 in
3060 1655 3193 1717 suis
3238 1653 3581 1737 impietati-

2077 1751 2199 1814 bus
2259 1752 2734 1834 impoenitentes
2795 1752 3167 1833 manebunt,
3222 1754 3503 1815 dicentes
3558 1770 3571 1815 :

442 1843 601 1906 coeli
629 1853 868 1927 apertae
897 1855 1078 1928 sunt3
1111 1857 1176 1912 et
1202 1848 1370 1914 facta
1397 1859 1493 1914 est
1525 1852 1744 1935 pluvia
1773 1869 1966 1934 super
2002 1850 2049 1912 B
2074 1848 2371 1921 Quamvis
2404 1851 2703 1934 princeps
2734 1858 2967 1926 noster,
2992 1852 3235 1914 scilieet
3264 1850 3580 1914 Antichri-

441 1949 693 2004 terram
730 1947 1150 2028 quadraginta
1187 1949 1414 2012 diebus
1453 1959 1516 2012 et
1551 1950 1969 2032 quadraginta

97 2056 260 2099 tofa.
293 2059 378 2099 ιτ.
445 2041 778 2104 noctibus.
831 2042 908 2106 Et
953 2046 1396 2128 multiplicata>
1453 2057 1604 2111 sunt
1649 2068 1852 2130 aquae,
1905 2054 1968 2110 ct

59 2145 406 2197 mid-³⁰3⁴-
443 2139 872 2204 elevaverunt
909 2162 1122 2207 arcam
1152 2145 1219 2208 in
1259 2145 1558 2209 sublime.
1592 2145 1965 2219 Quindecim

444 2238 694 2302 cubitis
732 2241 920 2306 altior
947 2243 1072 2305 fuit
1109 2263 1278 2326 aqua
1314 2245 1640 2309 montibus
1671 2245 1960 2309 excelsiS.

443 2335 1014 2422 obtinueruntque
1051 2361 1234 2423 aquae
1273 2343 1499 2407 diluvii
1543 2352 1778 2406 terram
1819 2360 1967 2406 cen-

73 2447 404 2496 lbtdsmst·
443 2442 592 2496 tum
624 2437 1096 2520 quinquaginta
1123 2441 1376 2503 diebuS.
1416 2440 1486 2503 Et
1518 2441 1838 2523 requievit
1867 2459 1968 2503 ar-

79 2545 388 2602 ·perdidie
444 2552 526 2596 ca
567 2553 765 2616 super
808 2545 1058 2600 montes
1097 2538 1434 2600 Armeniae.
1467 2542 1556 2601 E't
1599 2539 1796 2600 tulit*
1835 2558 1969 2600 om-

441 2653 581 2702 nes,
597 2633 662 2695 id
691 2643 802 2706 est,
823 2635 1154 2699 universos
1184 2637 1297 2718 qui
1329 2645 1508 2699 extra
1533 2655 1742 2700 arcam
1769 2644 1964 2721 erant,

441 2731 825 2793 submersit.
870 2732 1020 2797 Octo
1067 2734 1314 2817 quippe
1363 2735 1655 2799 homines
1706 2735 1970 2800 fuerunt.

443 2829 516 2890 in
557 2848 728 2905 arca,
765 2831 1062 2895 videlicet
1089 2832 1219 2896 Noe
1250 2853 1398 2897 cum
1431 2835 1702 2916 conjuge
1735 2855 1872 2910 sua,
1907 2844 1969 2898 et

443 2935 586 2990 tres
631 2927 758 2991 filii
809 2931 910 2992 sui
962 2949 1110 2993 cum
1159 2950 1380 2995 eorum
1438 2932 1768 2996 uxoribuS.
1822 2933 1970 2998 Pro-

2075 1955 2233 2022 ειυς,
2266 1949 2515 2012 occisus
2558 1948 2662 2023 sit,
2705 1967 2819 2012 nos
2866 1956 3076 2011 tamen
3121 1967 3341 2031 pacem
3385 1949 3578 2012 habe-

2075 2065 2243 2108 mus.
2276 2045 2363 2108 De
2398 2047 2655 2128 quibus,
2684 2047 2908 2110 scribit
2944 2047 3283 2129 Apostolus
3319 2066 3333 2111 :
3366 2046 3572 2121 Quum
3624 2065 3865 2118 mma.

2074 2143 2373 2220 dixerint,
2408 2144 2531 2207 Pax
2561 2153 2625 2208 et
2654 2145 2983 2220 securitas»,
3014 2154 3169 2208 tunc
3200 2145 3571 2228 repentinus
3604 2131 3644 2172 ³·

2075 2241 2168 2304 eis
2213 2243 2625 2324 superveniet
2666 2243 2983 2306 interitus,

2154 2343 2240 2402 In
2283 2344 2405 2402 illa
2447 2345 2631 2410 hora,
2672 2341 2917 2404 scilicet
2956 2349 3245 2424 tempore
3289 2341 3422 2416 illo,
3466 2361 3573 2424 pa·
3707 2352 3773 2409 31

2079 2456 2221 2499 rum
2280 2447 2427 2501 ante
2472 2439 2813 2519 judicium,
2865 2458 2991 2503 non
3042 2439 3106 2502 in
3160 2439 3299 2522 ipsa
3343 2438 3571 2520 judicii

2076 2536 2253 2612 hora,
2296 2537 2362 2598 in
2408 2555 2535 2619 qua
2582 2555 2803 2601 omnes
2836 2539 3063 2601 domus
3102 2545 3291 2600 erunt
3327 2539 3574 2600 destru-

2078 2643 2215 2710 οἰῶ,
2262 2638 2381 2716 qui
2416 2637 2625 2714 fuerit
2664 2637 2737 2696 in
2780 2645 2957 2704 tecto,
2996 2645 3057 2698 et
3094 2657 3247 2697 vasa
3290 2637 3431 2715 ejus
3474 2635 3574 2698 fu-

2078 2733 2248 2796 erint
2287 2735 2357 2795 in
2404 2737 2621 2806 doma,
2646 2754 2727 2796 ne
2762 2736 3102 2795 descendat
3142 2737 3359 2795 tollere
3395 2736 3517 2796 illa
3547 2755 3571 2795 .·

2078 2831 2199 2894 hoc
2229 2839 2344 2906 est,
2379 2838 2622 2894 tantum
2661 2831 2783 2894 erit
2818 2831 3199 2914 periculum,
3232 2832 3477 2906 horror,
3510 2839 3574 2894 et

2075 2929 2451 2993 acceleratio
2500 2929 2674 2992 illius
2718 2929 2969 3009 judicii,
3020 2931 3192 3011 quod
3243 2937 3396 2992 tunc
3443 2949 3571 2994 non

95 3047 402 3094 {Pecs-,nn
446 3035 600 3109 pter
648 3029 822 3109 quod
870 3027 1089 3091 Petrus
1138 3030 1227 3091 ait
1277 3048 1290 3093 :
1346 3031 1412 3092 ln
1453 3049 1598 3093 arca
1647 3032 1856 3114 pauci,
1901 3033 1966 3096 id
1995 3033 2040 3097 C
2077 3029 2326 3092 vacabit
2371 3046 2580 3110 neque
2628 3029 2925 3112 expediet
2970 3028 3159 3092 alicui
3206 3029 3375 3092 circa
3416 3037 3574 3092 tem·

63 3115 144 3154 ²⁰·
443 3134 550 3188 est
617 3134 761 3190 octo
825 3126 1078 3202 animai,
1138 3128 1329 3192 salvae
1387 3127 1572 3193 factae
1639 3138 1789 3193 sunt
1851 3149 1967 3213 per

435 3242 712 3306 aquam.
744 3224 906 3288 Illud
946 3225 1120 3288 enim
1161 3225 1288 3289 fuit
1333 3228 1691 3291 universale
1733 3229 1966 3292 diluvi-

439 3341 590 3384 um.
641 3323 1065 3388 conformiter
1123 3324 1457 3390 inundatio
1517 3327 1846 3402 vitiorum,
1903 3335 1966 3390 et

437 3420 772 3484 haeresum
801 3441 876 3486 ac
904 3423 1345 3499 schismatum,
1378 3442 1486 3487 eos
1517 3425 1632 3506 qui
1663 3425 1730 3488 in
1767 3425 1968 3488 eccle-

437 3519 714 3583 siastica
743 3539 869 3584 non
902 3530 1280 3604 permanent
1311 3523 1552 3585 unitate
1582 3531 1647 3586 et
1681 3523 1962 3600 caritate,

435 3619 690 3702 operit,
739 3619 967 3701 perdit,
1013 3620 1416 3683 condemnat.

169 3727 258 3782 28
545 3718 906 3786 Similiter,
945 3719 1116 3780 sieut
1161 3719 1420 3797 factum
1468 3730 1559 3781 est
1605 3723 1680 3781 in
1740 3724 1967 3783 diebus

435 3821 599 3888 Lot,
643 3815 758 3878 fiet
801 3815 970 3878 circa
1015 3819 1376 3881 secundum
1423 3819 1773 3882 adventum
1823 3818 1966 3881 Filii

439 3914 762 3980 hominis.
799 3917 1094 3976 Edebant
1137 3925 1200 3977 et
1229 3917 1549 3986 bibebant,
1583 3921 1870 3980 emebant
1907 3927 1968 3980 et

439 4013 841 4079 vendebant,
873 4014 1274 4088 plantabant
1321 4023 1380 4073 et
1419 4016 1862 4091 (edificabant,
1903 4014 1966 4078 id

433 4117 578 4183 est,
627 4109 896 4171 terrenis
950 4115 1016 4171 et
1063 4110 1428 4173 carnalibus
1489 4111 1681 4174 rebus
1740 4112 1970 4177 immo-

2078 3128 2319 3210 poralia
2358 3126 2681 3209 occupari,
2715 3146 2859 3209 quae
2896 3135 3051 3190 tunc
3096 3127 3349 3210 penitus
3393 3127 3571 3192 aufe-

2077 3234 2299 3289 rentur
2327 3227 2407 3289 ab
2438 3243 2534 3300 eo,
2568 3235 2632 3289 et
2670 3226 2885 3308 ipsum
2924 3227 3217 3309 protinus
3255 3227 3575 3310 oportebit

2074 3327 2155 3388 ad
2184 3324 2466 3387 tribunal
2507 3324 2739 3388 Christi
2780 3324 3029 3388 deduci.
3066 3325 3238 3388 Unde
3271 3332 3425 3389 tunc
3465 3345 3576 3388 cu-

2077 3420 2349 3482 randum
2379 3437 2507 3482 non
2538 3418 2659 3480 erit
2687 3419 2767 3481 de
2803 3419 3113 3494 minimis,
3145 3438 3349 3500 quum
3380 3419 3575 3482 insta-

2077 3518 2170 3581 bit
2220 3517 2497 3579 maxima
2541 3524 2606 3579 et
2652 3516 3170 3599 incomparabilis
3228 3516 3340 3579 illa
3385 3536 3575 3580 causa

2076 3614 2467 3680 discriminis
2508 3615 2769 3678 infiniti.
2800 3618 2888 3677 Et
2914 3617 3032 3696 qui
3058 3617 3133 3677 in
3161 3635 3316 3694 aqro
3352 3614 3569 3691 fuerit,

2074 3716 2387 3776 similiter
2412 3733 2543 3776 non
2576 3717 2791 3775 redeat
2818 3723 3015 3784 retro,
3046 3713 3167 3777 hoc
3196 3722 3313 3789 est,
3346 3715 3425 3776 ad
3460 3733 3575 3777 sua

2075 3820 2329 3875 terrena
2369 3829 2483 3895 per
2521 3829 2801 3875 amorem
2846 3828 2959 3873 seu
3000 3812 3390 3893 corporalem
3441 3831 3575 3876 mo-

2076 3920 2213 3974 tum
2257 3911 2485 3974 reverti
2530 3928 2657 3973 non
2691 3917 2891 3984 curet,
2926 3927 3127 3990 quum
3166 3917 3320 3971 tunc
3359 3909 3576 3973 omnia

2079 4009 2359 4090 relinqui
2419 4015 2754 4090 oporteat3
2810 4007 2921 4069 sed
2978 4006 3188 4069 solum
3246 4007 3575 4088 provideat

2077 4108 2201 4170 sibi
2242 4107 2560 4190 quomodo
2598 4104 2805 4168 ludici
2850 4106 3191 4168 metuendo
3232 4114 3575 4187 praesente—

435 4211 758 4274 deranter
811 4226 960 4270 cum
1016 4206 1177 4270 falsa
1236 4209 1575 4272 securitate
1635 4211 1964 4287 vacabant,
2001 4215 2049 4276 D
2077 4215 2183 4268 tur
2211 4205 2572 4269 salvandus·
2609 4206 2922 4267 Memores
2950 4213 3138 4266 estote
3166 4205 3397 4265 umori-⁵·
3427 4208 3570 4278 Lot,
3708 4219 3779 4275 32

433 4307 708 4388 absque
739 4306 871 4369 ullo
899 4306 1128 4369 timore
1159 4316 1514 4388 peccanteS,
1550 4316 1612 4370 et
1642 4309 1824 4391 quasi
1858 4309 1968 4372 diu

177 4419 260 4474 29
437 4404 698 4471 victuri
747 4404 1045 4486 conjugia
1080 4404 1482 4488 aedificiaque
1519 4415 1796 4488 agentes.
1829 4413 1968 4478 Qua

427 4507 574 4568 die
615 4511 835 4564 autem
876 4503 1044 4563 exiit
1081 4505 1202 4564 Lot
1239 4525 1280 4564 a
1319 4507 1638 4574 Sodomis,
1679 4505 1744 4568 id
1792 4512 1888 4568 est
1934 4524 1971 4567 a

433 4601 726 4668 civitate
766 4599 1211 4677 Sodomorum,
1236 4604 1418 4680 pluit
1460 4603 1620 4665 Deus
1653 4605 1870 4680 iynem
1910 4614 1970 4666 et

429 4700 698 4778 sulfur
737 4702 820 4760 de
859 4703 1012 4762 coelo
1061 4700 1233 4764 aerio
1281 4701 1480 4779 (unde
1519 4708 1581 4762 et
1627 4719 1776 4763 aves
1824 4702 1969 4765 coeli

435 4798 822 4878 dicuntur),
853 4808 914 4859 et
954 4817 1175 4859 omnes
1208 4801 1507 4876 perdidit
1539 4819 1562 4858 .·
1602 4800 1666 4861 id
1705 4808 1822 4877 est,
1863 4800 1973 4862 ha-

129 4925 254 4968 σε...
291 4933 396 4969 ιιι,
435 4900 773 4966 bitatores
804 4895 1092 4959 Sodomae
1130 4904 1194 4958 et
1235 4895 1598 4960 Gomorrhae
1626 4903 1688 4959 et
1717 4898 1973 4961 Adamae

90 4985 398 5092 }‡;}⁵³2⁰,f¹¹‘·
436 5007 520 5063 et
568 4994 828 5057 Seboim
879 4994 1044 5075 ignis
1092 5002 1155 5056 et
1203 4995 1414 5057 sulfur
1458 4996 1748 5077 peremit,
1786 5004 1974 5078 prout

185 5081 270 5168 ἑο
440 5101 528 5162 in
575 5093 808 5157 Genesi
860 5093 1110 5174 legitur.
1159 5096 1532 5155 Secundum
1573 5098 1690 5156 hoc
1725 5097 1876 5165 erit,
1908 5095 1970 5158 id

438 5202 582 5269 est,
627 5190 828 5254 simili
879 5193 1068 5256 modo
1109 5190 1244 5266 fiet,
1288 5212 1422 5272 qua
1461 5194 1570 5252 die
1607 5194 1827 5254 Filius
1867 5194 1976 5253 ho-

439 5293 673 5358 minis
700 5291 1122 5360 revelabitur,
1155 5289 1219 5351 id
1262 5296 1381 5365 est,
1427 5288 1494 5352 in
1540 5289 1784 5371 judicio
1833 5309 1970 5354 om-

2079 4304 2143 4366 id
2183 4310 2299 4379 est,
2334 4303 2659 4384 pensando
2696 4301 2852 4383 quid
2896 4302 3153 4365 feminae
3194 4302 3289 4364 illi
3333 4303 3575 4366 accide-

2081 4403 2185 4477 rit,
2220 4407 2571 4485 praecavete
2612 4399 3033 4463 inordinatam
3076 4401 3153 4462 ad
3197 4401 3575 4484 temporalia

2077 4500 2506 4573 affectionem,
2541 4516 2623 4561 ne
2654 4499 2847 4560 simul
2876 4517 3021 4560 cum
3062 4497 3173 4560 illa
3212 4507 3423 4580 tangat
3462 4518 3573 4564 vos

2081 4600 2264 4681 plaga
2311 4598 2441 4660 Dei.
2484 4597 2661 4672 Nam,
2709 4597 2875 4660 sicut
2922 4597 3031 4659 illa
3078 4605 3295 4660 contra
3342 4617 3577 4681 praece-

2082 4707 2261 4780 ptum
2302 4696 2408 4758 Dei
2452 4697 2973 4778 retrospiciendo‚
3007 4713 3311 4760 conversa
3339 4706 3435 4759 est
3472 4717 3577 4760 su·
3648 4721 3868 4774 omns.

2080 4797 2214 4860 bito
2264 4796 2330 4858 in
2380 4803 2652 4858 statuam
2702 4795 2894 4875 salis3
2957 4794 3051 4858 sic
3107 4795 3219 4877 qui
3269 4795 3577 4860 immode-
3604 4785 3671 4831 ²⁸·

2081 4903 2295 4958 ranter
2341 4894 2420 4957 ad
2470 4892 2745 4956 carnalia
2793 4901 2857 4954 et
2902 4900 3153 4956 terrena
3188 4911 3256 4956 se
3295 4902 3569 4970 vertunt,

2082 4994 2407 5078 peribunt.
2476 4992 2654 5055 Unde
2714 4991 2868 5054 alibi
2924 4991 3152 5054 asserit
3206 4991 3491 5056 Christus
3553 5012 3568 5057 ε

2079 5092 2274 5156 Nemo
2306 5090 2563 5153 mittens
2596 5108 2853 5152 manum
2882 5109 3064 5153 suam
3091 5091 3168 5152 ad
3198 5098 3493 5166 aratrum,
3512 5099 3575 5154 et
3602 5111 3709 5156 Luc.
3727 5115 3868 5165 muz.

2084 5191 2431 5273 respiciens
2476 5197 2665 5264 retro,
2699 5198 2885 5270 aptus
2928 5195 3024 5250 est
3065 5205 3258 5269 regno
3301 5189 3431 5251 Dei.

2192 5291 2593 5369 Quicumque
2650 5289 2975 5368 quaesierit
3032 5290 3331 5349 animam
3386 5309 3577 5352 suam
3711 5299 3783 5355 33
