4300 6259
826 499 942 566 150

1615 519 1964 568 ammaum
2005 520 2069 567 m
2108 519 2250 568 CAP-
2296 518 2448 566 xvnl
2490 517 2679 566 LUCAE.
2722 539 2805 550 —
2845 519 2989 565 Aur.
3036 518 3136 565 xm

823 707 1006 754 scens
1048 691 1166 753 iste
1204 692 1472 755 verbum
1515 693 1636 755 hoc
1674 710 1822 755 vere
1861 691 2146 774 protulit,
2190 709 2317 754 non
2349 686 2400 749 A
2430 690 2679 753 minum
2712 690 2963 753 laudem
2994 690 3309 753 inutiliter
3346 689 3727 772 dispergere.
3760 687 3927 770 Apo-

821 788 1152 871 jactanter.
1194 791 1339 852 Fuit
1384 791 1680 872 equidem
1728 790 2076 854 virtuosus.
2120 789 2315 864 Unde,

529 889 1176 962 uarex‚1·1.secundum
1213 888 1512 964 Marcum,
1551 888 1966 972 praecucurrit
2003 895 2150 950 ante
2186 895 2321 950 tur-

556 1097 675 1143 Ibid.
697 1101 765 1143 21.

822 986 992 1061 bam,
1025 993 1088 1049 et
1121 1004 1289 1067 genu
1330 986 1500 1050 flexo
1535 987 1964 1067 interrogavit,
1998 987 2267 1050 dicendo
2301 1005 2315 1049 :

821 1083 1110 1166 Magister
1148 1085 1332 1148 bone.
1367 1086 1686 1166 Additque
1721 1083 1962 1147 Marcus
1997 1103 2010 1147 :
2045 1085 2319 1147 Intuitus

821 1201 969 1245 eum
999 1182 1200 1257 JcsuS,
1233 1183 1478 1246 scilicet
1508 1190 1648 1265 post
1677 1183 2159 1265 responsionem
2188 1183 2317 1264 jam

823 1281 1114 1364 positam,
1140 1281 1362 1344 dilexit
1390 1300 1559 1343 eum.
1586 1281 1758 1344 Unde
1789 1301 1914 1346 non
1947 1280 2098 1343 ficte
2128 1281 2321 1344 inter-

822 1379 1086 1460 rogavit,
1131 1386 1200 1441 ut
1247 1380 1446 1461 aliqui
1498 1386 1904 1462 putaverunt,
1957 1380 2066 1442 sed
2115 1380 2321 1442 inten-

819 1478 994 1541 tione
1035 1479 1302 1540 sincera.

905 1579 1038 1646 Quo
1065 1579 1317 1648 studim,
1345 1579 1526 1638 Jesus
1564 1578 1661 1637 ait
1689 1579 1754 1636 ei
1783 1597 1806 1637 .·
1836 1579 2072 1639 Adhuc
2110 1597 2318 1637 unum

824 1677 942 1737 tibi
959 1679 1141 1736 deest.
1161 1674 1293 1748 Quo
1323 1675 1518 1739 verbo
1546 1675 1924 1749 ostenditur,
1943 1675 2116 1756 quod
2146 1675 2321 1757 prin-

821 1792 970 1855 ceps
1021 1773 1130 1835 ille
1176 1791 1326 1837 vere
1383 1774 1634 1837 locutus
1693 1774 1796 1835 sit.
1849 1773 2066 1854 Itaque
2117 1792 2319 1834 unum

2430 789 2631 852 stolus
2668 797 2879 852 tamen
2920 789 3233 853 convertit
3268 789 3565 851 eumdem
3604 807 3749 850 cum
3788 788 3925 850 suis

2432 887 2787 970 discipulis.
2822 892 2909 950 Et
2948 890 3203 950 habebis
3240 889 3639 958 thesaurum,
3666 887 3787 950 boc
3826 895 3926 948 est

2432 987 2768 1068 proemium
2819 987 3173 1068 copiosum,
3206 985 3590 1067 divitiasque
3634 993 3920 1058 oeternaS,

2430 1087 2501 1144 in
2534 1087 2685 1146 coelo
2716 1105 2739 1144 .·
2778 1103 2923 1166 quae
2966 1093 3062 1146 est
3102 1083 3257 1146 felix
3300 1085 3622 1158 mercati0,
3668 1084 3923 1165 sapiens

2432 1183 2864 1258 commutatio,
2898 1181 3443 1245 abundantissima
3471 1183 3917 1244 remuneratio.

2433 1280 2606 1354 Quod
2655 1281 2829 1343 enim
2878 1279 3267 1363 pauperibus
3309 1287 3567 1362 propter
3603 1278 3922 1343 Christum

2430 1380 2719 1453 donatur,
2740 1379 2864 1461 ipsi
2896 1378 3144 1443 Christo
3174 1377 3497 1442 confertur
3530 1396 3545 1441 ε
3580 1377 3719 1441 ideo
3749 1377 3925 1441 Chri-

2431 1486 2565 1539 stus
2603 1477 2772 1542 bona
2810 1497 2925 1540 sua
2970 1477 3253 1541 coelestia
3290 1477 3463 1540 danti
3504 1477 3813 1559 rependit.
3846 1476 3923 1538 Et

2430 1576 2543 1657 qui
2593 1575 2700 1638 Dei
2753 1594 2967 1639 amore
3014 1585 3267 1638 terrena
3314 1575 3642 1657 relinquit,
3694 1575 3921 1638 merito

2430 1674 2713 1737 coelestia
2754 1675 3001 1756 recipit.
3036 1675 3275 1756 Itaque,
3316 1674 3483 1736 sicut
3521 1674 3623 1736 lex
3662 1675 3923 1755 promit-

2430 1772 2601 1836 tebat
2629 1774 3077 1856 temporalium
3106 1773 3581 1847 abundantiam,
3606 1773 3699 1836 sic
3726 1773 3923 1836 Evan-

819 1872 878 1934 ei
918 1871 1138 1949 defuit,
1169 1872 1417 1934 scilicet
1451 1871 1823 1953 adimpletio
1863 1871 2316 1935 consiliorum:
2356 1869 2401 1930 B
2427 1872 2667 1954 gelium
2728 1872 3005 1936 consulit
3053 1872 3309 1936 illorum
3354 1872 3799 1954 abjectionem,
3852 1880 3921 1936 ut

819 1972 990 2053 quod
1037 1977 1132 2032 est
1177 1989 1338 2052 opus
1398 1969 1994 2052 supererogationis,
2049 1987 2166 2031 nec
2214 1989 2322 2032 ne-

819 2069 1162 2132 cessarium
1231 2075 1328 2131 est
1391 2068 1470 2130 ad
1538 2069 1829 2143 salutem,
1892 2067 2016 2130 nisi
2083 2068 2143 2130 ei
2206 2068 2320 2149 qui

820 2187 888 2230 sc
935 2175 1160 2250 sponte
1205 2166 1511 2248 obligavit
1556 2168 1635 2229 ad
1683 2167 1824 2230 hoc.
1869 2165 2318 2229 Verumtamen

819 2265 882 2328 S.
919 2265 1342 2348 Hieronymus
1381 2264 1536 2328 dicit
1573 2283 1722 2328 eum
1771 2283 1910 2327 esse
1953 2265 2314 2340 mentitum,

818 2383 1020 2448 quum
1062 2364 1252 2447 paulo
1291 2371 1435 2446 post
1471 2363 1715 2445 legatur
1752 2363 2183 2438 contristatus,
2214 2383 2320 2426 au-

819 2464 951 2527 dito
987 2463 1161 2545 quod
1199 2462 1415 2526 omnia
1455 2481 1569 2523 sua
1605 2463 1754 2525 dare
1783 2461 2043 2524 deberet
2082 2479 2320 2544 paupe-

819 2562 1037 2625 ribus:
1063 2579 1141 2623 ex
1170 2579 1301 2642 quo
1331 2560 1654 2624 concludit
1683 2561 2120 2643 Hieronymus,
2145 2563 2317 2642 quod

819 2680 946 2724 non
977 2659 1200 2723 dilexit
1230 2659 1594 2741 proximum
1633 2659 1798 2722 sicut
1828 2678 1896 2721 se
1926 2659 2163 2740 ipsum.
2196 2657 2316 2721 Sed

818 2759 938 2822 hoc
979 2757 1252 2821 faciliter
1289 2757 1664 2832 solveretur,
1699 2757 1969 2821 dicendo
2009 2758 2181 2839 quod
2226 2757 2321 2819 di-

819 2857 971 2920 lexit
1022 2856 1384 2938 proximum
1431 2856 1598 2918 sicut
1645 2873 1713 2918 se
1758 2855 1992 2938 ipsum,
2043 2863 2106 2918 et
2157 2856 2320 2918 elee-

818 2974 1112 3039 mosynas
1154 2954 1438 3016 tribuere
1482 2955 1834 3029 consuevit,
1867 2962 2181 3036 quantum
2225 2955 2319 3016 di-

2430 1979 2828 2035 terrenorum
2877 1989 3113 2046 amore,
3156 1970 3610 2045 sollicitudine,
3660 1989 3921 2053 occupa-

2430 2069 2601 2132 tione
2646 2088 2907 2151 quoque
2948 2069 3292 2151 multiplici
3342 2069 3683 2144 derelictiS,
3716 2069 3921 2151 aptior

2430 2168 2515 2230 sit
2570 2169 2646 2230 ad
2695 2168 3057 2232 divinorum
3110 2168 3299 2231 homo
3345 2185 3647 2243 amorem,
3700 2175 3765 2230 et
3815 2187 3923 2231 ex-

2432 2267 2667 2348 pedita,
2720 2266 3001 2348 simplici
3052 2286 3126 2329 ac
3183 2265 3383 2328 libera
3441 2273 3653 2328 mente
3708 2268 3924 2330 tendat

2432 2365 2718 2447 quotidie
2748 2366 2827 2427 ad
2856 2373 3111 2428 aeterna.
3146 2363 3305 2427 Hinc
3340 2364 3429 2426 ait
3465 2363 3916 2448 Hieronymus:

2430 2463 2493 2524 Si
2546 2463 2740 2525 habes
2786 2463 2853 2524 in
2903 2468 3209 2545 potestate
3258 2480 3391 2524 rem
3434 2469 3631 2538 tuam,
3676 2463 3919 2542 vende;

2431 2561 2483 2623 si
2525 2579 2652 2624 non
2692 2561 2909 2636 habeS,
2945 2560 3207 2643 projice.
3242 2559 3318 2622 Et
3358 2559 3753 2625 Bernardus:
3786 2560 3922 2625 Glo-

2432 2660 2526 2722 ria
2554 2668 2617 2722 et
2647 2659 2885 2722 divitiae
2916 2659 2981 2722 in
3012 2660 3200 2723 domo
3229 2659 3461 2722 Christi
3492 2677 3787 2741 superna,
3810 2661 3921 2722 sed

2432 2766 2770 2841 paupertas
2807 2777 2933 2821 non
2974 2756 3421 2820 inveniebatur
3458 2758 3523 2820 in
3564 2776 3673 2838 ea;
3704 2759 3811 2820 sed
3854 2759 3919 2820 in

2428 2865 2598 2920 terra
2625 2856 2973 2919 abundavit
3005 2875 3019 2919 :
3054 2856 3197 2920 ideo
3226 2855 3510 2918 Christus
3540 2874 3677 2918 eam
3708 2855 3918 2937 elegit,

2430 2965 2500 3018 ut
2550 2957 2755 3038 ipsam
2804 2975 2919 3018 sua
2974 2955 3391 3018 aestimatione
3448 2954 3633 3018 nobis
3688 2955 3922 3018 faceret

819 3055 968 3120 vina
1025 3053 1362 3136 requirunt
1420 3063 1755 3136 praecepta,
1809 3073 1934 3117 non
1993 3060 2063 3115 ut
2120 3054 2316 3136 exigit
2354 3052 2400 3119 C
2430 3054 2795 3137 pretiosam.
2850 3057 2935 3115 Et
2986 3055 3161 3124 veni,
3211 3071 3324 3135 per
3381 3053 3612 3116 mentis
3672 3061 3923 3136 sponta-

819 3152 1233 3217 consiliorum
1275 3150 1604 3234 perfectio.
1637 3151 1815 3214 Unde
1850 3161 1913 3215 et
1951 3171 2122 3214 nunc
2166 3162 2318 3215 sunt

818 3250 1014 3333 aliqui
1047 3251 1190 3314 boni
1222 3249 1560 3314 Christiani
1591 3269 1706 3312 sua
1735 3250 2122 3332 pauperibus
2155 3269 2317 3314 com-

819 3349 1239 3425 municantes,
1289 3348 1403 3430 qui
1463 3356 1671 3411 tamen
1726 3349 1926 3431 parati
1985 3368 2110 3412 non
2166 3357 2316 3411 sunt

817 3448 1032 3513 omnia
1077 3467 1192 3510 sua
1239 3454 1499 3530 propter
1538 3446 1855 3511 Christum
1909 3449 2183 3510 vendere
2226 3456 2318 3510 at-

818 3565 946 3629 que
994 3546 1384 3630 pauperibus
1433 3547 1601 3608 dare.
1649 3545 1864 3628 Aliqui
1913 3564 2175 3629 quoque
2226 3546 2318 3608 af-

819 3644 1101 3720 firmant,
1134 3645 1305 3726 quod
1338 3643 1638 3726 princeps
1677 3644 1796 3706 iste
1833 3645 2045 3708 omnia
2083 3663 2319 3726 praece-

821 3750 928 3827 pta
966 3742 1310 3807 custodivit
1341 3750 1650 3824 quantum
1690 3744 1769 3805 ad
1808 3761 1970 3825 opus
2007 3743 2313 3824 exterius,

820 3861 947 3905 non
993 3842 1200 3923 quoad
1247 3859 1407 3923 opus
1457 3841 1747 3904 interius.
1781 3841 1958 3914 Quod
1995 3841 2048 3904 si
2090 3859 2316 3904 verum

819 3947 1006 4014 esset,
1060 3939 1366 4013 ChristuS,
1419 3938 1532 4020 qui
1593 3939 1799 4002 cordis
1847 3938 1987 4018 ejus
2045 3937 2172 4001 fuit
2228 3939 2319 4000 in-

821 4045 1092 4120 spector,
1127 4038 1342 4120 ipsum
1371 4045 1674 4118 tanquam
1709 4037 1950 4101 bonum
1981 4045 2044 4101 et
2069 4037 2317 4120 justum

823 4155 948 4200 non
992 4136 1337 4200 dilexisset.

2428 3173 2613 3217 neam
2672 3153 3267 3236 promptitudinem,
3320 3173 3578 3232 sequere
3636 3173 3755 3222 me,
3806 3171 3921 3234 per

2428 3253 2574 3316 vitae
2632 3253 3074 3315 imitationem.
3126 3250 3410 3315 Christus
3468 3250 3639 3313 enim
3698 3252 3922 3315 ductor

2429 3351 2809 3420 infallibilis,
2863 3351 3001 3432 ipse
3050 3351 3153 3413 via
3199 3357 3261 3411 et
3308 3349 3565 3424 ostium,
3616 3348 3920 3432 perfectio
3958 3370 4223 3418 amam.

2429 3457 2491 3512 et
2533 3449 2880 3531 exemplar,
2920 3448 3115 3530 judex
3158 3456 3222 3510 et
3265 3447 3619 3529 praemium.

2509 3551 2633 3610 His
2673 3551 2788 3608 ille
2824 3549 3098 3615 auditis,
3130 3549 3548 3608 contristatus
3584 3557 3675 3608 est
3702 3567 3725 3608 .·
3765 3547 3920 3629 quia

2428 3666 2505 3710 ex
2556 3665 2683 3708 una
2727 3653 2924 3728 parte,
2965 3663 3157 3726 grave
3198 3644 3321 3707 sibi
3370 3643 3493 3706 fuit
3540 3653 3767 3708 cuncta
3806 3665 3921 3708 sua

2430 3745 2813 3827 relinquere,
2864 3751 3056 3826 atque
3114 3762 3191 3805 ex
3236 3743 3361 3805 alia
3416 3751 3614 3825 parte,
3666 3742 3921 3805 erubuit

2425 3861 2748 3928 graveque
2794 3843 2917 3905 sibi
2967 3842 3090 3904 fuit
3138 3840 3369 3906 Christi
3418 3841 3683 3906 consilio
3722 3843 3921 3923 (quod

2426 3950 2557 4007 tam
2602 3950 2964 4005 reverenter
3005 3938 3276 4022 genibus
3321 3939 3507 4002 flexis
3548 3939 3758 4021 petiit)
3794 3959 3919 4004 non

2430 4059 2672 4126 parere.
2708 4040 2776 4102 In
2818 4057 2946 4121 quo
2995 4045 3167 4121 patet
3203 4037 3451 4102 bonitas
3500 4037 3662 4119 ejus,
3706 4045 3767 4100 et
3806 4039 3923 4101 im·-

2431 4139 2737 4222 perfectio
2784 4137 3084 4202 bonitatis
3130 4137 3354 4219 ipsius.
3402 4136 3634 4199 Habuit
3679 4138 3923 4220 quippe

908 4236 1144 4298 Omnia
1184 4253 1600 4315 quaecumque
1637 4237 1851 4306 habes,
1890 4239 2112 4308 vende,
2146 4235 2321 4298 scili·
2351 4237 2401 4300 D
2427 4238 2834 4302 affectionem
2893 4236 3257 4318 aliqualiter
3315 4235 3789 4298 immoderatam
3840 4237 3919 4298 ad

825 4342 925 4396 cet
965 4333 1316 4396 immobilia
1353 4332 1520 4396 bona
1560 4335 1913 4415 praesertim
1954 4352 1968 4397 t
2013 4354 2160 4397 nam
2208 4353 2317 4416 pe-

826 4433 1046 4495 cunias
1084 4451 1243 4514 quas
1284 4430 1578 4506 habebat,
1620 4441 1684 4496 et
1729 4433 1853 4496 alia
1900 4434 2192 4514 quaedam
2237 4433 2320 4496 si-

825 4531 1024 4605 milia,
1061 4537 1306 4613 poterat
1335 4548 1460 4593 non
1492 4531 1745 4594 vendita
1774 4549 1956 4613 aeque
1984 4539 2130 4614 apte
2169 4533 2318 4595 dare

826 4628 1256 4713 pauperibus3
1304 4638 1364 4690 et
1399 4631 1487 4690 da
1521 4631 1918 4706 pauperibus
1966 4649 2125 4712 pure
2176 4649 2321 4713 pro-

825 4736 967 4812 pter
1023 4727 1242 4802 Deum,
1306 4746 1432 4790 non
1489 4727 1821 4804 divitibus,
1879 4747 1997 4792 nec
2057 4737 2319 4812 propter

823 4825 1128 4902 favorem,
1189 4826 1442 4889 laudem
1502 4826 1603 4890 vel
1668 4827 2048 4909 obsequium
2114 4829 2319 4891 homi-

824 4945 1001 4988 num.
1037 4925 1261 4988 Craton
1307 4924 1749 5007 philosophus,
1793 4927 1870 4988 de
1912 4945 2042 5008 quo
2086 4926 2319 5008 legitur

824 5023 890 5085 in
919 5021 1058 5085 Vita
1095 5022 1445 5085 beatissimi
1483 5023 1739 5086 Joannis
1778 5025 2068 5106 apostoli,
2103 5026 2319 5088 docuit

823 5120 1170 5203 discipulos
1213 5139 1360 5184 suos
1401 5121 1774 5203 temporalia
1812 5123 2088 5185 vendere
2125 5130 2318 5203 atque

823 5225 1269 5299 contemnere;
1317 5219 1426 5280 sed
1475 5237 1602 5282 non
1652 5220 1865 5282 docuit
1905 5237 1979 5282 ea
2022 5221 2321 5303 pauperi-

822 5315 944 5379 bus
969 5316 1246 5398 elargiri,
1281 5318 1390 5379 sed
1432 5317 1644 5399 potius
1683 5319 1761 5380 ad
1802 5320 2177 5400 captandam
2212 5319 2318 5383 ho-

2428 4356 2581 4420 opes
2622 4355 2767 4399 suas
2802 4354 2816 4399 :
2853 4354 2998 4397 nam
3040 4333 3355 4409 subditur,
3388 4336 3547 4414 quia
3576 4335 3754 4396 dives
3780 4346 3921 4396 erat

2428 4440 2629 4498 valde.
2660 4435 2856 4498 Judaei
2889 4452 3147 4516 quoque
3179 4440 3611 4514 paupertatem
3640 4451 3767 4496 non
3798 4451 3921 4495 me-

2429 4535 2729 4598 diocriter
2772 4531 3221 4606 abhorrebant,
3263 4549 3466 4613 quum
3514 4530 3581 4592 in
3628 4529 3921 4594 Deutero-

2428 4632 2645 4696 nomio
2686 4631 2922 4713 Moyses
2963 4629 3131 4691 dicat
3164 4647 3177 4690 :
3213 4627 3483 4692 Omnino
3526 4627 3815 4710 indigens
3856 4637 3919 4691 et
3948 4643 4089 4688 0021.
4104 4649 4227 4694 na.

2428 4730 2761 4794 mendicus
2804 4747 2933 4792 non
2978 4727 3099 4790 erit
3141 4727 3305 4789 inter
3348 4745 3481 4790 vos.

2526 4831 2758 4891 Viden-s
2800 4837 3017 4888 autem
3057 4830 3241 4888 Jesus
3287 4827 3479 4887 illum
3531 4827 3775 4888 tristem
3820 4828 3919 4905 fa·

2426 4938 2601 4989 ctum
2631 4927 2987 4990 inordinata
3018 4933 3081 4988 et
3110 4924 3434 4988 excessiva
3471 4924 3740 4996 tristitia,
3773 4943 3921 5006 quae

2428 5043 2505 5086 ex
2551 5023 2764 5086 anima
2810 5023 2953 5104 ejus
3004 5021 3383 5084 redundavit
3430 5020 3496 5082 in
3546 5039 3777 5102 corpus
3821 5021 3923 5103 ip-

3978 3439 4121 3486 ,x,⁹.

4062 3553 4135 3608 23

4060 4834 4137 4888 2⁸

2428 5122 2561 5184 sius
2588 5122 2696 5202 (de
2725 5139 2853 5202 qua
2884 5121 2948 5182 in
2978 5119 3420 5183 Ecclesiastico
3448 5118 3759 5181 habetur:
3791 5118 3921 5182 Tri·
3948 5145 4217 5193 sociam.

2427 5221 2663 5283 stitiam
2706 5238 2831 5283 non
2870 5220 2980 5281 des
3018 5219 3247 5280 animae
3289 5217 3461 5297 tute),
3492 5217 3921 5299 apparuitque
3948 5209 4021 5249 *3-

2426 5320 2493 5382 in
2533 5319 2715 5382 vultu
2763 5317 2938 5381 illius
2974 5317 3359 5398 (secundum
3408 5314 3565 5378 illud
3610 5313 3921 5380 Ecclesia-
