4300 6259
84 1707 213 1751 lima.

64 1774 157 1814 8-11.

1173 538 1521 587 manuue
1562 538 1628 586 IN
1667 539 1806 587 cAP.
1853 540 1875 587 1
1916 540 2192 588 JoANNIS.
2237 560 2318 571 —-
2359 544 2501 589 Amr.
2548 542 2618 589 m

3325 526 3446 591 275

328 708 737 789 propositum
785 708 1127 771 voluntatis
1177 728 1328 784 suae,
1372 716 1563 791 prout
1608 708 1843 770 fatetur
1871 708 1922 769 A
1951 726 2131 771 mens
2171 718 2404 773 aeterna
2438 720 2499 774 et
2539 711 3034 795 simplicissima,
3069 720 3310 776 certum
3352 720 3448 775 est

326 807 678 887 Apostolus
737 809 813 870 ad
874 807 1201 889 Ephesios.
1265 807 1573 881 Secundo,
1638 815 1706 868 ut
1765 825 1841 868 ex

328 906 657 968 creatione
696 925 913 969 rerum
946 908 1200 968 daretur
1238 906 1445 969 facilis
1478 907 1577 969 via
1616 925 1843 987 cogno-

330 1005 555 1066 scendi
598 1006 1016 1067 aeternitatem
1059 1005 1390 1068 Creatoris.
1430 1004 1844 1077 Quemadmo-

328 1104 490 1164 dum
542 1104 717 1166 enim
770 1103 967 1167 Rabbi
1016 1104 1257 1187 Moyses
1306 1105 1531 1166 asserit
1579 1122 1591 1166 :
1644 1103 1843 1165 Facil-

331 1200 491 1263 lima
528 1209 725 1284 atque
764 1202 1121 1265 clarissima
1152 1204 1255 1265 via
1292 1203 1603 1284 probandi
1644 1202 1840 1263 Deum

328 1318 497 1375 esse,
532 1308 597 1362 et
641 1302 793 1363 item
838 1303 1010 1383 quod
1054 1302 1135 1363 sit
1178 1309 1474 1376 aeternuS,
1519 1309 1691 1383 patet
1730 1318 1842 1382 per

330 1398 457 1461 hoc
486 1400 663 1479 quod
698 1400 913 1462 omnia
943 1400 1101 1462 citra
1141 1399 1352 1482 ipsum
1385 1401 1463 1461 de
1494 1418 1657 1462 novo
1700 1417 1843 1481 pro-

327 1498 523 1559 ducta
574 1508 745 1560 sunt.
788 1498 1026 1561 Idcirco
1066 1498 1131 1561 in
1174 1498 1840 1561 commemorationem

329 1595 643 1657 beneficii
695 1596 1031 1659 creationis
1076 1605 1139 1658 et
1183 1596 1550 1659 aeternitatis
1598 1594 1843 1658 Creato-

231 1722 299 1759 ιι.
333 1695 448 1766 ris,
488 1694 744 1774 jussum
793 1694 919 1758 fuit
960 1695 1026 1756 in
1076 1694 1214 1776 lege
1264 1694 1569 1757 celebrari
1620 1693 1843 1755 sabba-

334 1801 499 1867 tum,
547 1794 613 1855 in
656 1812 784 1875 quo
824 1794 989 1855 Deus
1026 1794 1105 1856 ab
1148 1794 1453 1876 operibus
1498 1793 1834 1874 requievit.

1950 809 2121 887 quod
2161 809 2374 871 omnia
2414 810 2540 872 sint
2577 811 2642 872 in
2674 828 2747 873 eo
2784 829 2897 893 per
2929 812 3235 874 rationem
3275 818 3448 874 aeter·

1953 925 2097 967 nam
2127 926 2200 969 ac
2231 907 2613 990 simplicem,
2648 929 2792 991 quae
2830 911 3188 992 appellatur
3217 910 3356 972 idea
3387 918 3450 971 et

1952 1006 2298 1087 exemplar,
2340 1008 2494 1088 quia
2544 1026 2657 1089 per
2701 1008 2874 1071 illam
2922 1009 3082 1071 Deus
3127 1008 3450 1090 cognoscit

1952 1111 2014 1164 et
2054 1112 2355 1185 operatur
2395 1114 2621 1168 creata.
2668 1105 2874 1168 Palam
2922 1114 3017 1169 est
3062 1107 3235 1170 enim
3279 1108 3451 1188 quod

1952 1201 2114 1263 Deus
2169 1212 2396 1265 cuncta
2450 1212 2513 1265 et
2559 1204 2810 1285 singula
2861 1206 3137 1287 propriis
3191 1206 3449 1269 rationi-

1953 1299 2073 1361 bus
2114 1309 2177 1362 et
2214 1302 2550 1383 speciebus
2593 1303 2904 1384 intelligat
2941 1322 3014 1365 ac
3052 1306 3378 1385 producat.

2020 1398 2137 1461 Sed
2170 1419 2372 1481 quum
2405 1400 2566 1463 Deus
2598 1401 2682 1462 sit
2709 1402 3186 1483 simplicissima
3217 1402 3446 1483 unitaS‚

1954 1499 2272 1577 quomodo
2321 1506 2528 1580 potest
2569 1500 2635 1561 in
2680 1518 2754 1563 eo
2798 1518 2938 1561 esse
2985 1500 3448 1581 exemplarium

1955 1596 2269 1658 rationum
2305 1597 2669 1672 multitudo,
2703 1606 2767 1660 et
2795 1598 3078 1661 idearum
3121 1599 3449 1680 pluralitas

1952 1701 2143 1774 atque
2189 1695 2552 1758 distinctio?
2594 1695 2669 1757 Et
2711 1697 3244 1778 respondendum,
3278 1698 3450 1778 quod

1954 1791 2094 1853 idea
2140 1800 2235 1853 est
2279 1794 2495 1855 divina
2543 1795 2817 1856 essentia
2857 1814 2894 1856 a
2937 1795 3154 1858 divino
3205 1796 3452 1857 intelle-

415 1893 637 1973 Itaque
667 1894 746 1954 ad
786 1893 921 1955 haec
953 1894 1355 1967 insinuanda,
1388 1892 1477 1953 ait
1516 1911 1687 1954 nunc
1714 1892 1839 1973 glo·
1878 1894 1921 1955 B
1953 1899 2056 1953 ctu
2092 1910 2206 1973 per
2235 1894 2493 1955 modum
2527 1894 2854 1956 imitabilis
2884 1913 2956 1956 ac
2995 1895 3453 1977 repraesentati-

334 1990 731 2054 riesissimus
765 1990 1159 2073 Evangelista
1193 2010 1206 2054 :
1243 1995 1425 2061 Quod
1454 1993 1703 2067 factum
1732 2000 1839 2057 esc,

333 2090 399 2152 id
441 2098 539 2152 est
580 2108 771 2153 omne
820 2097 1127 2169 creatum,
1168 2092 1238 2151 in
1284 2093 1419 2167 ipso
1461 2088 1663 2151 Verbo
1702 2090 1838 2149 vita

332 2199 500 2261 erat,
546 2189 611 2251 id
654 2176 771 2263 est,
815 2188 882 2250 in
924 2188 1129 2252 Verbo
1178 2187 1453 2250 vitaliter
1502 2195 1694 2269 atque
1745 2187 1843 2248 in-

331 2286 787 2349 tellectualiter
847 2287 925 2349 ab
993 2294 1228 2349 aeterno
1296 2285 1418 2347 fuit
1482 2305 1556 2347 ac
1624 2285 1839 2367 splen-

330 2386 494 2459 duit,
520 2403 639 2468 per
669 2384 977 2448 rationem
1010 2384 1436 2465 exemplarem
1468 2384 1603 2445 sive
1637 2383 1839 2445 ideam

327 2503 529 2565 quam
578 2483 769 2545 habet
812 2484 879 2545 in
920 2482 1128 2545 Verbo
1171 2483 1385 2545 omnia
1422 2490 1841 2563 cognoscente

330 2581 983 2662 intellectualiterque
1044 2581 1428 2663 producente
1470 2599 1485 2643 ε
1533 2581 1839 2662 quemad-

328 2682 597 2743 modum
640 2678 871 2742 artifex
917 2679 1069 2741 facit
1118 2681 1400 2753 domum,
1444 2687 1508 2740 et
1556 2677 1839 2741 medicus

328 2778 695 2853 sanitatem,
734 2796 850 2861 per
898 2778 1178 2861 speciem
1219 2796 1330 2839 seu
1371 2778 1695 2859 exemplar
1734 2779 1841 2840 do-

328 2897 480 2939 mus
530 2896 605 2940 ac
657 2878 948 2940 sanitatis
996 2878 1167 2958 quod
1226 2876 1417 2939 habet
1474 2876 1541 2937 in
1600 2884 1835 2938 mente.

326 2976 533 3051 Unde,
562 2978 917 3039 secundum
948 2976 1373 3049 Aristotelem,
1409 2976 1682 3057 septimo
1712 2975 1842 3037 Pri-

1954 1990 2012 2051 vi
2047 1989 2388 2053 intellecta.
2417 1992 2639 2055 Divina
2665 1993 2910 2074 quippe
2940 1993 3227 2069 essentia,
3249 2012 3450 2075 quum

1950 2090 2032 2150 sit
2072 2089 2481 2171 perfectionis
2522 2091 2872 2169 immensae,
2907 2092 3195 2154 omnium
3237 2110 3450 2154 rerum

1951 2188 2408 2269 perfectionem
2469 2190 2806 2252 causaliter
2855 2190 3190 2253 continens
3239 2199 3302 2252 et
3349 2210 3453 2252 su·

1952 2288 2423 2368 pereminenter
2487 2288 2939 2369 complectenS,
2999 2289 3079 2351 ab
3149 2288 3450 2352 omnibus

1952 2386 2279 2459 creaturis,
2311 2387 2662 2448 secundum
2695 2386 2975 2467 aliquem
3006 2388 3273 2467 gradum
3313 2404 3452 2469 per-

1951 2483 2266 2557 fectioniS,
2325 2483 2742 2566 participatur
2798 2492 2861 2547 et
2918 2484 3252 2565 imitatur;
3313 2504 3448 2547 om-

1954 2584 2056 2644 nia
2086 2601 2344 2664 quoque
2375 2583 2886 2645 intellectualiter
2919 2592 3346 2666 repraesentat.
3381 2584 3446 2646 In

1951 2691 2260 2763 quantum
2313 2700 2464 2762 ergo
2505 2681 2866 2743 intellectus
2917 2683 3174 2745 divinus
3223 2701 3450 2764 cogno-

1951 2781 2068 2843 scit
2118 2781 2399 2844 divinam
2458 2780 2820 2855 essentiam,
2876 2781 2975 2844 vel
3026 2781 3188 2843 Deus
3237 2800 3305 2843 se
3357 2782 3451 2863 ip-

1950 2900 2091 2944 sum
2134 2888 2202 2942 ut
2241 2879 2750 2961 participabilem
2787 2898 2824 2942 a
2861 2880 2971 2942 tali
3014 2880 3111 2941 vel
3154 2880 3264 2942 tali
3303 2889 3449 2942 ente

1950 2986 2180 3052 creato,
2235 2979 2370 3041 sive
2417 2978 2678 3041 creabili
2730 2974 2830 3041 vel
2879 2981 3172 3052 creando,
3225 2997 3450 3041 secun-

330 3094 453 3138 mae
488 3074 933 3158 philosophiae,
966 3083 1029 3137 et
1066 3076 1291 3138 domus
1322 3081 1385 3135 et
1422 3074 1657 3136 sanitas
1696 3092 1841 3155 quae
1876 3077 1919 3140 C
1951 3077 2102 3138 dum
2155 3078 2273 3140 hoc
2316 3078 2532 3141 divina
2579 3077 2852 3139 essentia
2899 3076 3090 3139 habet
3142 3078 3448 3142 rationem

328 3182 485 3235 sunt
536 3175 599 3235 in
652 3174 935 3247 materia,
980 3180 1129 3235 sunt
1160 3192 1197 3235 a
1244 3175 1431 3236 domo
1473 3180 1535 3235 et
1575 3172 1839 3233 sanitate

325 3292 477 3354 quae
519 3272 971 3355 praeexsistunt
1000 3272 1064 3335 in
1096 3272 1444 3334 intellectu.
1480 3270 1569 3332 Ex
1600 3271 1701 3333 his
1733 3290 1840 3353 pa-

326 3380 417 3433 tet
469 3390 651 3434 error
700 3370 903 3434 Procli
945 3370 1269 3445 Platonici,
1302 3370 1641 3433 Avicennae
1683 3388 1839 3450 quo-

325 3489 459 3552 que
498 3470 925 3553 Peripatetici,
956 3478 1021 3531 et
1060 3470 1465 3552 sequentium
1507 3488 1631 3545 θοε,
1661 3468 1841 3531 affir-

328 3570 651 3631 mantium
697 3571 869 3650 quod
919 3578 1126 3631 creata
1166 3569 1518 3651 procedunt
1554 3586 1591 3629 a
1631 3567 1839 3650 primo

327 3666 659 3749 principio
710 3684 825 3749 per
878 3666 1139 3729 modum
1190 3665 1493 3727 naturalis
1544 3665 1839 3727 emanati-

325 3766 499 3839 oniS,
535 3764 634 3827 vel
668 3764 1026 3826 essentialis
1064 3763 1482 3837 emicationiS,
1518 3770 1588 3824 ut
1626 3763 1839 3845 splen-

328 3864 446 3926 dor
492 3881 533 3923 a
574 3862 739 3935 luce,
782 3862 953 3925 calor
998 3862 1078 3923 ab
1130 3862 1295 3943 igne,
1346 3862 1455 3923 lux
1496 3880 1531 3923 a
1563 3861 1727 3937 sole,
1776 3868 1838 3924 et

330 3962 517 4025 rivus
559 3980 597 4022 a
633 3959 831 4023 fonte.

408 4059 569 4121 Esse
598 4058 791 4139 igitur
830 4065 1262 4121 creaturarum
1294 4058 1464 4139 quod
1506 4057 1741 4121 habent
1772 4060 1835 4121 in

328 4160 566 4234 verbe,
599 4159 731 4222 imo
771 4158 835 4221 in
877 4158 1055 4220 Patre
1093 4165 1155 4220 et
1198 4157 1438 4239 Spiritu
1478 4157 1705 4221 Sancto
1750 4169 1841 4221 to-

1951 3176 2127 3251 ideae,
2163 3186 2226 3238 et
2264 3185 2670 3259 nuncupatur
2710 3178 2850 3239 idea
2890 3178 2979 3239 rei
3026 3186 3269 3251 creatae,
3304 3196 3449 3258 quae

1949 3293 2063 3356 per
2121 3293 2260 3338 eam
2317 3275 2718 3356 cognoscitur
2773 3284 2836 3337 et
2896 3284 3209 3338 causatur.
3261 3276 3448 3339 Sunt-

1948 3392 2073 3455 que
2119 3374 2187 3435 in
2234 3373 2356 3437 Deo
2403 3374 2620 3437 multae
2667 3382 2858 3455 atque
2907 3374 3220 3437 distinctae
3265 3374 3442 3448 ideae,

1950 3490 2075 3533 non
2114 3471 2287 3552 quod
2334 3470 2398 3532 in
2441 3471 2564 3533 Deo
2603 3471 2686 3533 sit
2724 3471 3054 3533 diversitas
3094 3471 3310 3553 aliqua
3343 3471 3444 3534 vel

1950 3568 2274 3632 distinctio
2323 3569 2605 3631 idearum
2655 3587 2732 3631 ex
2783 3576 2960 3651 parte
3009 3569 3158 3649 Dei;
3211 3570 3320 3631 sed
3359 3570 3449 3631 di-

1950 3668 2206 3731 stinctio
2237 3668 2355 3729 ista
2383 3675 2480 3729 est
2508 3686 2584 3729 ex
2617 3676 2793 3749 parte
2826 3686 3035 3729 rerum
3069 3668 3442 3743 ideatarum,

1950 3768 2027 3828 ad
2063 3786 2220 3847 quas
2263 3765 2534 3828 refertur
2572 3765 2712 3827 idea
2745 3785 2757 3828 :
2792 3784 2935 3846 quae
2973 3774 3182 3828 tamen
3228 3766 3448 3829 relatio

1954 3863 2137 3925 realis
2179 3881 2303 3924 non
2344 3868 2456 3935 est,
2491 3862 2600 3923 sed
2641 3862 2901 3923 rationis
2933 3879 3010 3923 ex
3050 3871 3226 3944 parte
3265 3862 3441 3938 ideae,

1952 3960 2245 4041 quamvis
2284 3978 2360 4021 ex
2401 3968 2576 4041 parte
2615 3959 2967 4022 ideatorum
3010 3961 3312 4023 consistat
3353 3979 3440 4023 re-

1951 4058 2091 4120 alis.

2030 4157 2115 4217 De
2155 4156 2256 4218 his
2300 4154 2772 4236 exemplaribus
2817 4155 3166 4219 rationibus
3205 4174 3278 4218 ac
3316 4156 3449 4219 ide-

326 4267 529 4341 taque
590 4257 1153 4339 superbeatissima
1212 4256 1535 4331 'fi-instate,
1597 4276 1707 4319 seu
1771 4258 1835 4319 in
1871 4264 1920 4325 D
1949 4254 2158 4317 alibus
2213 4253 2458 4327 formiS‚
2504 4252 2826 4334 professus
2867 4262 2961 4315 est
2998 4253 3169 4317 Plato
3209 4254 3274 4315 in
3321 4255 3450 4336 pri-

325 4357 556 4419 divina
590 4354 886 4430 essentia,
920 4363 1017 4417 est
1045 4372 1184 4417 esse
1222 4355 1597 4429 increatum,
1632 4373 1843 4417 exem-

328 4456 537 4537 plare,
570 4454 842 4528 causale,
877 4454 1079 4515 ideale
1122 4462 1314 4534 atque
1359 4452 1570 4527 vitale,
1606 4454 1705 4517 vel
1745 4455 1843 4533 (ut

330 4554 595 4637 planius
638 4552 892 4633 loquar)
922 4552 1083 4625 idea,
1128 4552 1257 4615 vita
1300 4558 1363 4613 et
1404 4551 1537 4613 lux.
1581 4551 1842 4634 Propter

328 4653 535 4734 quod,
586 4650 942 4713 secundum
992 4650 1383 4732 Dionysium,
1430 4650 1645 4713 omnia
1692 4659 1843 4713 sunt

329 4752 395 4813 in
445 4751 580 4813 Deo
626 4768 743 4831 per
784 4767 1039 4811 causam
1082 4756 1146 4809 et
1193 4748 1539 4831 exemplar.
1574 4747 1835 4831 Nempe,

334 4859 403 4913 ut
464 4848 786 4930 scriptum
842 4855 937 4909 est
994 4847 1059 4908 in
1117 4846 1611 4910 Elementatione
1666 4848 1839 4911 theo-

334 4949 539 5029 logica
568 4946 774 5009 Procli
816 4944 1142 5017 Platonici,
1175 4954 1238 5006 et
1276 4946 1340 5005 in
1373 4944 1539 5009 libro
1579 4947 1656 5008 de
1688 4946 1841 5009 Cau-

332 5049 445 5122 εἰε,
476 5048 655 5129 quod
695 5053 793 5107 est
829 5044 895 5106 in
936 5044 1083 5117 alio,
1124 5052 1219 5106 est
1257 5044 1324 5105 in
1370 5062 1445 5107 eo
1488 5046 1839 5108 secundum

332 5154 631 5209 naturam
678 5151 743 5205 et
798 5143 1061 5206 modum
1120 5142 1258 5223 ejus
1309 5143 1375 5204 in
1426 5162 1555 5224 quo
1610 5150 1725 5217 est,
1778 5151 1841 5205 et

332 5263 459 5308 non
502 5242 862 5305 secundum
903 5239 1235 5322 proprium
1276 5258 1413 5303 esse
1443 5259 1515 5303 ac
1555 5241 1836 5304 modum.

332 5342 543 5417 Quum
594 5358 747 5422 ergo
786 5338 951 5401 Deus
999 5346 1257 5401 sanctus
1295 5349 1357 5401 et
1402 5338 1717 5419 gloriosus
1760 5340 1843 5402 sit

1952 4374 2054 4417 mo
2102 4353 2343 4427 Timaei,
2398 4352 2667 4416 dicendo
2711 4371 2723 4414 :
2773 4352 2950 4415 Certe
3000 4352 3267 4415 dubium
3320 4372 3446 4416 non

1950 4461 2045 4515 est
2090 4453 2169 4514 ad
2218 4451 2576 4532 cujusmodi
2636 4451 2998 4531 exemplum
3057 4450 3451 4513 animadver-

1954 4552 2098 4613 terit
2144 4549 2454 4612 mundani
2503 4549 2714 4630 operis
2763 4548 3176 4611 fundamenta
3215 4549 3450 4612 eonsti-

1951 4658 2135 4711 tuens
2172 4667 2185 4711 :
2222 4667 2367 4709 nam
2407 4648 2459 4709 si
2490 4650 2590 4726 (ut
2622 4647 2840 4727 utique
2871 4648 2992 4727 est)
3021 4647 3448 4729 pulchritudi-

1952 4766 2031 4809 ne
2082 4745 2564 4828 incomparabili
2615 4746 2891 4807 mundus
2940 4754 3054 4821 est,
3099 4746 3448 4828 opifexque

1952 4852 2012 4907 et
2071 4845 2411 4908 fabricator
2467 4843 2606 4924 ejus
2663 4844 2964 4926 optimus,
3031 4844 3444 4927 perspicuum

1952 4952 2046 5006 est
2083 4943 2255 5025 quod
2289 4942 2468 5023 juxta
2505 4941 2769 5023 sincerae
2805 4950 2868 5004 et
2906 4942 3446 5006 incommutabilis

1952 5041 2356 5125 proprietatis
2414 5041 2802 5122 exemplum,
2855 5042 3079 5103 mundi
3139 5042 3221 5104 sit
3269 5041 3449 5103 insti-

1952 5150 2085 5203 tuta
2123 5140 2388 5203 molitio.
2425 5174 2496 5185 -
2529 5139 2690 5201 Hine
2726 5139 3003 5220 denique
3031 5140 3442 5220 Augustinus,

1952 5240 2019 5301 in
2065 5239 2230 5302 libro
2270 5236 2552 5299 LXXXIII
2596 5236 3028 5309 Quaestionum
3063 5256 3076 5301 :
3111 5238 3284 5300 Ideas
3321 5238 3448 5318 (in-

1953 5338 2122 5421 quit)
2152 5337 2320 5401 Plato
2353 5336 2598 5419 primus
2636 5336 2990 5419 appellasse
3028 5335 3444 5420 perhibetur-3
