4300 6259
1198 537 1551 585 mammo
1592 536 1657 583 m
1697 535 1837 584 cAP.
1880 537 1921 583 V
1962 535 2239 585 mamus.
2286 558 2367 569 —
2407 539 2548 586 Am.
2595 539 2702 586 xlv

3379 521 3494 590 371

386 710 583 770 habet
638 710 839 771 vitam
888 717 1192 771 oecernam
1248 709 1381 790 jam
1439 709 1503 772 in
1556 729 1669 792 spe
1719 719 1781 773 et
1828 712 1895 774 in
1926 709 1977 769 A
2005 716 2212 772 natur.
2255 710 2330 773 Et
2378 712 2498 774 hoc
2547 711 2897 788 sciendum,
2941 714 3112 795 quod
3161 732 3350 778 nemo
3393 733 3503 776 au-

388 807 645 882 merito‚
688 816 881 890 atque
930 808 995 870 in
1046 808 1463 890 dispositione
1510 811 1893 893 propinqua,

388 913 457 966 et
496 905 623 968 cito
662 906 1002 969 sortiturus
1049 925 1123 969 ac
1172 925 1580 989 possessurus
1624 917 1721 971 est
1757 928 1896 972 eam

389 1003 461 1066 in
497 1021 586 1077 re,
622 1005 688 1066 in
720 1006 1035 1079 mercede,
1072 1005 1139 1067 in
1183 1013 1350 1068 actu.
1388 1006 1514 1070 Hoc
1554 1007 1723 1070 enim
1766 1027 1900 1072 mo-

391 1102 475 1166 do
509 1103 781 1166 viatores
816 1103 1117 1165 dicuntur
1155 1102 1345 1178 beati,
1381 1106 1674 1185 quamvis
1707 1107 1899 1170 variis

392 1201 951 1282 persecutionibus
1002 1202 1467 1278 concutiantur,
1513 1213 1700 1287 prout
1748 1206 1901 1268 scri-

116 1325 289 1366 mem.
310 1337 355 1376 v,
395 1307 583 1382 ptum
616 1307 713 1362 est
752 1301 817 1362 in
856 1299 1143 1363 Matthaeo
1178 1319 1191 1364 ε
1223 1300 1392 1362 Beati
1428 1321 1739 1384 pauperes
1772 1305 1903 1387 spi-

88 1391 125 1432 ³·
142 1390 181 1436 ⁵·
202 1391 270 1431 ¹⁰·
396 1399 551 1472 ritu,
586 1398 753 1461 beati
795 1398 908 1480 qui
955 1398 1197 1480 lugent,
1231 1399 1397 1462 beati
1442 1401 1555 1482 qui
1608 1421 1904 1484 persecu-

395 1497 640 1560 tionem
675 1497 1005 1578 patiuntur
1045 1505 1305 1580 propter
1340 1498 1677 1578 justitiam.
1712 1503 1798 1562 Ec
1829 1502 1901 1562 in

379 1597 731 1673 judicium
762 1616 891 1657 non
921 1598 1125 1667 venit,
1148 1595 1211 1658 id
1242 1604 1357 1670 est,
1381 1597 1698 1677 judicium
1731 1600 1905 1661 dam-

398 1693 679 1757 nationis
708 1713 835 1758 non
871 1693 1175 1769 incurret,
1209 1695 1287 1756 de
1316 1715 1447 1777 quo
1477 1695 1710 1759 fatetur
1739 1698 1905 1779 Apo-

92 1817 365 1866 leonum.
396 1793 601 1856 stolus
639 1794 717 1855 ad
758 1793 1115 1856 Corinthios
1150 1812 1163 1855 :
1198 1792 1261 1855 Si
1304 1813 1417 1857 nos
1459 1794 1630 1877 ipsos
1671 1795 1906 1876 dijudi-

2005 807 2097 869 dit
2145 809 2487 870 salubriter
2533 810 2800 873 verbum
2850 811 2981 885 Dei,
3034 812 3158 874 nisi
3217 811 3502 876 Christus

2007 924 2122 989 per
2157 907 2635 989 inspirationem
2666 907 2942 991 Spiritus
2973 909 3180 972 Sancti
3223 930 3330 974 cor
3363 911 3502 993 ejus

2008 1006 2306 1086 tetigerit,
2361 1014 2422 1068 et
2474 1008 2780 1070 erudierit
2828 1016 3103 1072 mentem
3156 1009 3319 1091 ejus,
3365 1009 3506 1072 sun·

2011 1105 2217 1166 dendo
2275 1105 2523 1167 radium
2583 1105 2908 1188 sapientiae
2975 1107 3042 1169 in
3108 1107 3504 1171 intellectum

2010 1202 2237 1284 ipsius.
2283 1203 2544 1285 Propter
2593 1206 2764 1285 quod
2814 1205 2879 1266 in
2927 1205 3085 1267 lsaia
3132 1205 3435 1268 scribitur
3487 1225 3501 1269 z

2012 1300 2209 1382 Erigit
2253 1320 2459 1376 mane,
2495 1321 2680 1365 mane
2728 1303 2915 1384 erigit
2963 1303 3122 1366 mihi
3160 1322 3402 1379 aurem,
3441 1312 3510 1367 ut
3554 1317 3799 1370 Inuus·

2010 1399 2263 1461 audiam
2313 1400 2494 1481 quasi
2545 1400 2960 1482 magistrum3
3001 1401 3306 1464 Dominus
3345 1401 3508 1464 Deus

2011 1497 2265 1579 aperuit
2302 1497 2460 1559 mihi
2505 1515 2745 1571 aurem,
2779 1517 2896 1578 ego
2933 1505 3144 1561 autem
3193 1519 3316 1563 non
3363 1519 3513 1564 con-

2014 1596 2275 1658 tradic0.

2110 1693 2400 1758 Secundo
2457 1695 2689 1777 exponi
2755 1702 2959 1777 potest
3017 1695 3120 1758 hic
3188 1697 3363 1760 locus
3433 1699 3510 1760 de

2019 1792 2380 1874 particulari
2416 1811 2755 1875 corporum
2789 1795 3270 1868 resurrectione,
3291 1814 3512 1859 secun·

398 1909 714 1966 caremuS,
749 1909 877 1954 non
923 1892 1145 1972 utique
1183 1890 1639 1973 judicaremur.
1673 1893 1903 1957 Omnes
1941 1893 1986 1955 B
2016 1893 2168 1954 dum
2219 1910 2411 1973 quam
2455 1891 2739 1954 Christus
2788 1892 3118 1954 suscitavit
3161 1892 3372 1956 filium
3423 1895 3512 1957 vi-
3540 1913 3802 1968 Lucanas.

396 1999 613 2052 tamen
660 1990 1097 2071 judicabimur
1141 1990 1387 2072 judicio
1436 1993 1897 2056 retributionis.

398 2091 533 2151 Sed
564 2091 834 2150 transiet
862 2110 902 2149 a
936 2099 1136 2150 morte
1175 2091 1509 2172 corporali,
1544 2111 1737 2173 quam
1769 2111 1904 2156 om-

400 2205 515 2248 nes
564 2187 748 2269 quasi
798 2187 1087 2253 debitum
1147 2188 1403 2252 solvunt
1465 2197 1725 2272 propter
1780 2191 1905 2253 ori-

396 2286 611 2367 ginale
662 2283 1016 2368 peccatum',
1054 2288 1123 2348 in
1164 2289 1369 2350 vitam
1410 2288 1629 2370 gloriae
1672 2289 1906 2371 sempi-

400 2392 837 2467 ternae,quum
866 2384 1063 2447 fuerit
1092 2386 1255 2448 liber
1283 2387 1363 2449 ab
1394 2388 1567 2450 omni
1600 2396 1793 2464 reatu,
1828 2390 1905 2451 de

116 2505 368 2556 eceman,
400 2503 532 2564 qua
567 2482 723 2545 dicit
761 2483 1099 2565 Apostolus
1143 2504 1157 2548 :
1200 2485 1339 2546 Vita
1387 2493 1595 2549 vestra
1642 2486 1909 2551 abscon-

400 2584 534 2645 dita
581 2591 678 2645 est
724 2601 869 2644 cum
914 2582 1163 2648 Christo
1209 2585 1277 2647 in
1320 2584 1464 2648 Deo.
1502 2585 1667 2648 Talis
1713 2586 1904 2648 etiam

400 2680 467 2744 in
522 2681 818 2763 praesenti
871 2681 1099 2744 transit
1142 2700 1256 2764 per
1306 2684 1512 2746 cordis
1563 2685 1904 2746 salutarem

402 2778 939 2851 immutationem,
990 2796 1029 2839 a
1074 2786 1277 2842 morte
1329 2780 1535 2862 culpae
1582 2782 1659 2843 ad
1711 2782 1904 2842 vitam

99 2901 369 2952 nomm-..a
404 2877 661 2940 virtutis
698 2884 762 2938 et
808 2876 1046 2958 gratiae.
1079 2876 1237 2940 Nam
1284 2885 1347 2940 et
1393 2879 1732 2961 prudentia
1772 2899 1907 2942 car-

120 2999 241 3042 1121·ae
270 3002 341 3042 ιε.
400 2976 525 3048 niS‚
584 2995 756 3038 mors
815 2983 932 3049 est,
992 2983 1053 3036 et
1114 2976 1167 3038 si
1232 2979 1588 3040 secundum
1647 2997 1904 3040 carnem

2015 1991 2178 2064 duae,
2239 1988 2442 2051 filiam
2502 1989 3003 2072 archisynagogi,
3064 1999 3127 2052 et
3182 1990 3505 2055 Lazarum.
3544 1978 3803 2096 {am-¹¹,

2016 2086 2134 2150 Sed
2183 2094 2338 2150 tunc
2385 2087 2652 2169 quaestio
2695 2095 2812 2162 est,
2851 2090 3172 2170 quomodo
3220 2109 3514 2172 corpo-ra·
3543 2103 3612 2146 ²⁵-

2016 2185 2162 2248 liter
2209 2185 2443 2249 mortui
2494 2186 2786 2248 dicantur
2831 2187 3054 2249 audire
3102 2206 3321 2251 vocem
3373 2190 3511 2252 Filii
3543 2163 3804 2279 4‘Jf'2”¹¹’

2018 2283 2147 2345 Dei.
2209 2283 2384 2356 Quod
2441 2283 2615 2345 enim
2675 2302 2801 2346 non
2863 2285 3042 2359 vivit,
3106 2305 3232 2350 non
3292 2287 3515 2369 utique

2015 2382 2215 2444 audit.
2269 2379 2345 2443 Et
2403 2383 2939 2463 respondendum,
2992 2385 3163 2464 quod
3215 2385 3516 2448 dicuntur

2016 2480 2238 2543 audire
2289 2499 2508 2545 vocem
2558 2480 2788 2544 Christi
2850 2483 3300 2564 metaphorice,
3353 2503 3514 2566 quo-

2019 2580 2189 2641 niam
2231 2581 2308 2641 ad
2350 2579 2692 2661 imperium
2735 2579 2964 2643 Christi
3011 2581 3103 2644 sic
3142 2601 3372 2665 corpus
3412 2602 3518 2646 ex-

2018 2678 2322 2740 stinctum
2373 2685 2436 2740 et
2481 2678 2694 2740 anima
2744 2687 3030 2760 separata
3073 2681 3254 2761 quasi
3299 2681 3517 2744 obedi-

2016 2778 2183 2839 endo
2224 2775 2685 2838 reassociantur
2723 2783 2784 2838 et
2821 2786 3314 2860 componuntur,
3349 2781 3516 2844 sicut

2016 2875 2324 2939 obediunt
2351 2874 2463 2956 qui
2498 2874 2749 2937 realiter
2780 2875 3152 2958 imperantis
3183 2878 3513 2960 eloquium

2016 2973 2304 3045 audiunt,
2337 2980 2401 3034 et
2432 2981 2733 3054 tanquam
2761 2973 3114 3054 jussionem
3145 2976 3376 3040 Christi
3410 2996 3516 3042 ve-

398 3074 777 3147 vixerimus,
820 3073 1193 3137 moriemur.
1237 3074 1351 3148 Qui
1394 3093 1544 3157 ergo
1588 3077 1903 3139 carnalem
1944 3081 1986 3143 C
2020 3089 2085 3133 re
2139 3070 2488 3133 audissent.
2549 3069 2652 3132 Sic
2708 3071 2952 3154 quippe
3012 3074 3284 3137 dicimus
3343 3077 3514 3158 quod

398 3172 809 3254 prudentiam
854 3173 1111 3246 deserit,
1147 3180 1210 3234 et
1260 3192 1473 3236 veram
1526 3174 1904 3256 sapientiam

400 3269 653 3353 recipit,
686 3269 915 3332 transit
956 3289 992 3331 a
1036 3277 1238 3332 morte
1282 3271 1349 3333 in
1394 3271 1611 3334 vitam.

186 3374 259 3428 25
484 3371 721 3438 Amen,
750 3388 940 3429 amen
978 3369 1123 3429 dico
1164 3371 1366 3440 vobis,
1396 3372 1555 3449 quia
1596 3373 1773 3432 venit
1804 3372 1907 3432 ho-

404 3488 506 3539 ra,
540 3476 599 3528 et
630 3487 809 3528 nunc
844 3477 951 3534 est,
988 3474 1207 3548 utpote
1255 3475 1511 3550 tempus
1552 3469 1792 3550 gratiae,
1828 3471 1905 3532 de

104 3584 536 3647 eatan-mque
594 3564 751 3627 dicit
806 3564 1145 3646 Apostolus
1199 3583 1215 3628 ε
1276 3564 1479 3638 Quum
1541 3567 1715 3629 venit
1774 3568 1907 3650 ple-

405 3663 629 3727 nitudo
686 3663 1033 3744 temporis;
1089 3669 1152 3724 et
1210 3663 1429 3725 Petrus
1490 3664 1553 3726 in
1614 3665 1900 3741 ActibuS,

104 3786 373 3836 numm.
401 3759 634 3824 Omnes
670 3760 941 3842 (inquit)
978 3759 1307 3842 Prophetae
1362 3762 1905 3827 annuntiaverunt

402 3860 538 3922 dies
588 3859 767 3922 istos.
804 3861 1075 3928 Quando
1116 3861 1387 3929 mortui,
1430 3859 1493 3922 id
1544 3868 1639 3922 est
1690 3880 1910 3944 pecca-

400 3965 570 4020 tores
614 3955 745 4020 vita
784 3955 1004 4036 gratiae
1050 3956 1334 4018 destituti
1371 3975 1385 4019 :
1422 3959 1499 4020 de
1537 3976 1664 4039 qua
1701 3968 1905 4023 morte

134 4070 372 4123 mane.
401 4055 632 4118 Paulus
684 4061 969 4127 testatur,
1002 4052 1205 4116 Vidua
1240 4074 1385 4136 quae
1424 4056 1488 4119 in
1530 4057 1775 4120 deliciis
1816 4059 1907 4120 vi-

401 4155 515 4229 vit,
550 4153 775 4218 vivens
823 4159 1076 4215 mortua
1112 4159 1248 4232 est:
1283 4156 1557 4215 audient
1606 4156 1903 4225 exteriori

2017 3186 2190 3230 mare
2228 3167 2524 3248 cognovit
2563 3167 2908 3241 Christum,
2943 3172 3198 3251 quando
3241 3172 3361 3234 sub
3407 3191 3516 3255 pe·
3544 3196 3806 3249 uanam,

2016 3267 2206 3330 dibus
2254 3267 2395 3348 ejus
2434 3267 2668 3328 mansit
2710 3266 3078 3331 indivisum.
3115 3269 3217 3332 Sic
3255 3290 3512 3354 quoque
3543 3260 3610 3301 ²⁵·

2016 3367 2103 3428 ait
2153 3365 2478 3428 psalmista
2529 3383 2543 3427 :
2596 3364 2759 3428 Mare
2818 3367 2997 3442 vidit,
3049 3375 3112 3429 et
3169 3368 3372 3450 fugit3
3424 3378 3507 3446 et,
3544 3392 3804 3446 raama.

2017 3463 2119 3527 Sol
2164 3463 2458 3544 cognovit
2499 3481 2792 3526 occasum
2839 3483 3050 3527 suum.

2098 3561 2379 3644 ‘Insuper
2436 3561 2812 3636 declaratur,
2865 3564 3039 3644 quod
3090 3562 3374 3627 Christus
3431 3567 3511 3630 ad

2016 3666 2354 3742 utramque
2383 3661 2548 3722 hanc
2579 3659 3078 3724 vivificationem
3119 3662 3387 3726 idoneus
3428 3664 3512 3727 sit

2016 3766 2318 3840 tanquam
2387 3757 2528 3821 fons
2589 3758 2754 3821 vitae.
2821 3761 3010 3821 Sicut
3075 3763 3251 3821 enim
3314 3765 3512 3824 Pater
3645 3769 3716 3823 26

2016 3860 2202 3918 habet
2247 3859 2451 3918 vitam
2509 3856 3023 3930 intellectualem,
3079 3876 3203 3921 non
3265 3871 3512 3940 vegeta-

2017 3956 2234 4030 tivam,
2287 3955 2678 4031 sensitivam,
2733 3955 2830 4018 vel
2889 3957 3241 4019 secundum
3298 3959 3506 4022 locum

2017 4054 2342 4128 motivam,
2378 4055 2452 4114 in
2488 4056 2820 4133 semetipso
2841 4079 2868 4128 ,·
2902 4057 2996 4115 sic
3033 4058 3237 4130 dedit,
3284 4057 3347 4120 id
3392 4067 3508 4133 est,

2012 4152 2373 4233 generando
2417 4152 2914 4215 communicavit
2953 4155 3223 4216 naturali
3270 4155 3516 4220 diffusi-

3543 3491 3620 3536 Pe.
3636 3505 3720 3544 cun,
3739 3495 3804 3536 ¹⁹.

396 4259 459 4316 et
499 4251 787 4314 interiori
832 4250 1076 4324 auditu,
1112 4271 1344 4322 vocem,
1383 4251 1445 4313 id
1485 4260 1578 4314 est
1613 4254 1907 4335 praedica-
1940 4257 1986 4317 Ι)
2014 4269 2134 4312 one
2164 4268 2274 4311 seu
2306 4249 2745 4330 originatione,
2773 4269 2896 4313 non
2929 4251 3131 4314 libera
3157 4241 3234 4316 ad
3270 4263 3515 4318 utrum-

397 4350 660 4424 tionem,
696 4349 864 4411 Filii
902 4351 1044 4409 Dei.
1098 4347 1273 4409 Multi
1319 4349 1491 4411 enim
1541 4350 1901 4414 Judaeorum

396 4467 511 4531 per
552 4447 747 4510 verba
787 4446 1019 4510 Christi
1071 4448 1338 4509 correcti
1378 4458 1569 4529 atque
1608 4449 1902 4513 conversi

394 4548 683 4620 fuerunt,
738 4545 1091 4627 praesertim
1152 4551 1293 4627 post
1342 4545 1482 4626 ejus
1544 4548 1903 4629 passionem

394 4654 458 4708 et
504 4643 969 4708 ascensionem.
1020 4641 1311 4715 Quotidie
1358 4663 1619 4726 quoque
1668 4648 1901 4710 mortui

396 4763 510 4806 seu
559 4742 811 4824 injusti,
858 4741 1175 4804 audiendo
1226 4742 1490 4804 verbum
1542 4743 1771 4806 Christi
1822 4745 1903 4806 ab

395 4841 539 4924 ejus
580 4840 839 4905 vicariis
876 4859 949 4902 ac
987 4839 1321 4914 ministriS‚
1356 4840 1773 4922 spiritualiter
1811 4861 1906 4906 re-

398 4941 747 5012 viviscunt,
782 4939 948 5002 sicut
994 4938 1408 5020 subjungitur
1452 4958 1465 5002 :
1517 4951 1577 5001 et
1625 4944 1743 5021 qui
1791 4963 1907 5003 au-

397 5041 651 5102 dierint
695 5038 967 5103 verbum
1016 5037 1249 5101 Christi
1300 5039 1488 5101 modo
1534 5038 1664 5120 jam
1714 5039 1902 5114 dicto,

402 5140 623 5200 vivent
673 5136 805 5200 vita
848 5136 1067 5217 gratiae
1112 5135 1179 5197 in
1230 5135 1353 5209 via,
1402 5143 1465 5197 et
1516 5136 1645 5198 vita
1692 5137 1911 5217 gloria}

163 5292 315 5336 mm
402 5237 473 5299 in
505 5235 731 5319 patria,
766 5234 1115 5297 dummodo
1152 5241 1560 5316 perseverent
1599 5253 1804 5318 usque
1844 5236 1909 5298 in

116 5367 223 5408 xm.
248 5325 331 5403 η’
406 5334 632 5410 finem,
680 5333 989 5416 quoniam
1038 5332 1171 5396 sola
1219 5333 1690 5414 perseverantia
1739 5353 1915 5398 coro-

2016 4348 2192 4424 libet,
2226 4359 2286 4410 et
2315 4351 2490 4410 Filio
2522 4351 2748 4420 vitam,
2784 4368 2909 4413 non
2952 4350 3158 4413 solum
3208 4353 3509 4431 similem,

2014 4449 2124 4509 sed
2157 4464 2424 4508 numero
2454 4447 2763 4522 eamdem,
2797 4450 3026 4508 habere
3055 4451 3128 4510 in
3156 4455 3509 4530 semetipso.

2017 4545 2192 4607 Pater
2233 4563 2464 4626 nempe
2503 4545 2596 4606 sic
2637 4544 2827 4607 habet
2865 4546 3058 4608 vitam
3107 4548 3171 4609 in
3218 4567 3306 4623 se,
3341 4553 3512 4631 quod

2014 4643 2152 4725 ipse
2215 4652 2313 4705 est
2368 4642 2501 4705 haec
2559 4642 2708 4704 vita.
2770 4641 2916 4715 Quae
2983 4645 3174 4708 etiam
3232 4648 3362 4711 vita
3418 4656 3514 4711 est

2014 4741 2080 4803 in
2122 4759 2192 4803 se
2231 4741 2368 4823 ipsa
2405 4739 2666 4803 omnino
2705 4739 3003 4822 perfecta,
3038 4761 3292 4806 omnem
3340 4747 3514 4810 nobi·

2015 4839 2254 4901 litatem
2301 4838 2888 4920 beatitudinemque
2933 4839 3185 4903 vivendi
3227 4861 3372 4905 cum
3417 4845 3515 4908 in-

2016 4938 2576 5021 comprehensibili
2609 4938 3016 5021 simplicitate
3047 4942 3508 5025 complectens:

2018 5039 2103 5100 ita
2150 5039 2320 5119 quod
2369 5045 2464 5099 est
2510 5037 2638 5100 vita
2685 5040 3258 5120 superessentialiS‚
3309 5041 3514 5106 fonta-

2019 5155 2121 5210 na,
2155 5135 2630 5218 superjucunda
2659 5143 2720 5198 et
2757 5137 3348 5221 superbeatissima3
3384 5141 3514 5204 vita

2020 5253 2170 5300 vere
2229 5233 2592 5316 purissima,
2642 5234 3066 5310 vivacissima,
3121 5255 3512 5320 prorsusque

2022 5331 2609 5417 superplenissima,
2642 5334 2852 5396 omnis
2885 5333 3031 5398 vitae
3069 5334 3308 5399 fontale
3340 5336 3512 5420 prin·
