4300 6259
652 4592 720 4648 u

874 459 991 524 176

869 745 1078 827 diligit
1114 746 1292 809 Pater
1328 765 1540 810 amore
1571 767 1831 830 prorsus
1865 749 2201 824 immenso,
2236 767 2361 812 non

869 845 1093 926 utique
1132 845 1346 908 minus
1384 865 1576 927 quam
1619 865 1686 908 se
1726 848 1971 929 ipsum3
2009 848 2361 910 secundum

867 952 1156 1006 naturam
1199 963 1458 1026 quoque
1505 954 1918 1027 assumptam,
1966 945 2110 1027 plus
2158 945 2364 1026 diligit

867 1059 1015 1104 eum
1047 1061 1240 1124 quam
1281 1051 1480 1107 totum
1525 1044 1795 1106 residuae
1840 1050 2167 1118 creaturae,
2201 1043 2362 1124 quia

865 1140 1258 1225 hypostatico
1313 1159 1452 1204 esse
1505 1141 1694 1204 Verbi
1753 1143 1970 1205 aeterni
2029 1142 2363 1222 conjunxit

865 1239 1229 1303 immediate
1267 1239 1498 1304 Christi
1541 1240 2022 1303 humanitatem.
2055 1243 2361 1302 Forsitan

864 1359 1065 1420 quum
1097 1339 1271 1399 hunc
1300 1340 1615 1409 viderint,
1645 1341 2055 1412 verebuntur,
2086 1339 2208 1402 hoc
2241 1347 2357 1414 est,

864 1437 1017 1498 dum
1055 1436 1462 1518 Unigenitum
1503 1455 1718 1500 meum
1759 1438 2155 1501 incarnatum
2196 1438 2363 1500 inter

863 1553 968 1600 eos
1008 1535 1418 1619 corporaliter
1461 1537 1846 1612 conversari,
1881 1536 2229 1612 miraculis„
2266 1555 2361 1598 sa-

862 1634 1122 1716 pientia,
1166 1634 1550 1716 eloquentia,
1585 1635 1935 1709 sanctitate,
1981 1654 2111 1718 prae
2154 1635 2359 1698 omni-

860 1732 980 1794 bus
1025 1732 1268 1795 radiare
1311 1732 1780 1815 conspexerint,
1816 1733 2136 1796 timebunt
2178 1751 2359 1795 eum-

857 1831 1024 1906 dem,
1045 1849 1164 1893 nec
1194 1831 1495 1913 persequi
1524 1848 1672 1893 eum
1701 1830 2353 1904 audebunt—Quaeri
2391 1830 2439 1893 B
2466 1849 2605 1893 csse
2640 1831 2949 1906 Messiam,
2983 1831 3248 1894 scientia
3285 1828 3695 1912 conjecturali
3736 1827 3976 1910 proba-

860 1935 1086 2010 potest,
1130 1946 1244 1990 cur
1282 1926 1460 1989 Pater
1497 1926 1712 1990 omnia
1755 1927 2108 1990 certissime
2147 1927 2355 1990 sciens

857 2027 966 2102 ait,
1025 2026 1332 2102 Forsitan,
1393 2026 1566 2107 quod
1629 2025 2044 2089 dubitationis
2111 2034 2208 2088 est
2268 2027 2354 2088 si-

856 2143 1096 2206 gnum3
1147 2143 1262 2187 cur
1319 2124 1510 2186 etiam
1567 2123 1748 2198 dixit,
1800 2122 2204 2187 Verebantur
2259 2125 2357 2187 Fi-

858 2224 1018 2287 lium
1050 2241 1286 2296 meum,
1320 2241 1524 2304 quum
1553 2222 1737 2285 aliter
1765 2221 1960 2285 fuerit
1987 2231 2181 2305 atque
2210 2237 2357 2284 eve-

859 2323 1047 2397 nerit,
1092 2329 1160 2384 ut
1199 2321 1490 2404 protinus
1530 2320 1845 2383 subditur.
1891 2319 2350 2403 Respondetur,

857 2422 1029 2503 quod
1083 2421 1192 2496 ait,
1244 2420 1553 2495 Forsitan,
1606 2439 1732 2482 non
1789 2418 2193 2500 ambigendo,
2246 2419 2353 2482 sed

856 2519 1212 2582 libertatem
1245 2518 1509 2581 humani
1540 2517 1788 2580 arbitrii
1820 2517 2248 2599 designand03
2293 2525 2355 2579 et

853 2620 1027 2700 quod
1072 2618 1181 2692 ait,
1224 2616 1625 2679 Verebuntur
1666 2616 1899 2679 Filium
1943 2634 2182 2691 meum,
2226 2635 2353 2680 non

853 2717 1008 2780 dicit
1040 2717 1193 2799 quia
1227 2716 1321 2778 sic
1361 2723 1495 2778 erat
1531 2714 1846 2790 futurum,
1882 2716 1992 2778 sed
2030 2715 2182 2796 quia
2221 2733 2355 2778 me-

855 2817 974 2880 rito
1013 2817 1104 2880 sic
1142 2814 1389 2878 fuisset.
1423 2813 1512 2876 Ex
1551 2815 1672 2878 hoc
1714 2813 1852 2878 loco
1895 2815 2098 2878 sancti
2141 2815 2354 2880 docto-

853 2932 953 2976 res
985 2913 1399 2997 Hieronymus
1431 2920 1492 2975 et
1521 2912 1926 2994 AugustinuS,
1952 2920 2354 2995 sumpserunt

1672 478 2021 527 malumno
2062 479 2127 525 m
2170 478 2308 526 CAP-
2354 480 2438 526 Π
2479 479 2668 528 LUCAE.
2715 499 2795 512 -·
2834 480 2976 527 ΛΒΤ.
3022 479 3167 526 me

831 648 1081 728 jsrael.
1113 647 1303 712 Porro
1331 647 1651 712 Christum
1681 651 2033 714 secundum
2066 650 2365 714 deitatem
2392 649 2445 711 A
2474 669 2584 715 rex
2631 651 2821 713 Israel
2869 660 2931 714 et
2977 651 3229 714 Messias
3278 651 3343 713 in
3391 651 3527 732 lege
3585 649 3967 732 promissuS,

2472 750 2775 814 Dominus
2815 749 3173 834 Synagogae.
3206 749 3297 812 Ex
3333 768 3462 831 quo
3492 749 3762 822 videtur,
3786 747 3971 829 quod

2472 857 2903 930 cognoverunt
2946 849 3159 912 lesum
3207 865 3345 910 esse
3388 846 3703 911 Christum
3750 865 3822 909 ac
3868 844 3973 906 Fi-

2470 947 2629 1010 lium
2669 948 2778 1009 Dei
2815 966 2828 1010 :
2863 966 3067 1030 quum
3106 955 3315 1009 tamen
3366 947 3663 1029 princeps
3701 945 3973 1026 Aposto-

2470 1045 2677 1108 lorum
2706 1052 2992 1126 testetur,
3014 1043 3280 1119 FratreS,
3306 1045 3436 1107 scio
3464 1044 3618 1125 quia
3646 1060 3759 1124 per
3786 1042 3973 1122 igno-
3998 1059 4159 1108 Δειω,
4176 1061 4227 1100 ιτ.

2471 1142 2737 1205 rantiam
2769 1141 3025 1216 fecistiS,
3041 1143 3201 1204 sicut
3222 1150 3286 1205 et
3314 1141 3637 1224 principes
3660 1140 3886 1220 vestri3
3906 1147 3973 1201 et

2468 1240 2719 1316 PauluS,
2759 1239 2824 1303 Si
2867 1241 3332 1322 cognovissent,
3376 1257 3706 1321 nunquam
3752 1238 4229 1314 Domi-10oe‚..,s,

2470 1359 2625 1402 num
2662 1339 2881 1420 gloriae
2918 1338 3411 1402 crucifixissent.
3435 1337 3528 1400 Ad
3559 1337 3729 1418 quod
3766 1355 3973 1419 supra

2470 1439 2659 1520 plene
2696 1455 3075 1520 responsum
3108 1445 3224 1500 est.
3257 1437 3335 1498 Et
3372 1453 3565 1519 super
3600 1435 3969 1498 Matthaeum
4034 1451 4077 1494 ιιι
4102 1449 4227 1494 nau

2467 1536 2636 1599 circa
2682 1536 2855 1598 hunc
2904 1535 3115 1600 locum
3162 1536 3312 1598 inde
3360 1533 3660 1597 diffusius
3706 1533 3966 1614 scripsi.

2467 1634 2641 1698 Unde
2671 1655 2843 1698 nunc
2874 1635 2939 1697 in
2969 1641 3217 1697 tantum
3252 1633 3423 1715 tangi
3456 1631 3756 1706 sufficiat,
3788 1633 3971 1714 quod

2465 1735 2544 1796 ad
2583 1741 2836 1815 tempus
2880 1733 3240 1814 aliqualiter
3280 1739 3711 1814 cognoverunt
3745 1731 3968 1793 Jesum

2464 1930 2621 2010 hili3
2662 1932 2772 1993 sed
2809 1938 3095 2012 tempore
3135 1929 3535 2011 procedente,
3571 1927 3815 1991 Christo
3852 1944 3969 1990 eos

2464 2027 2719 2110 publice
2767 2035 2831 2091 et
2874 2028 3183 2091 acerrime
3232 2027 3757 2109 reprehendente,
3800 2025 3973 2087 into—

2463 2126 2792 2189 lerabilem
2832 2134 3051 2190 contra
3092 2144 3241 2188 eum
3282 2125 3587 2188 invidiam
3624 2143 3699 2186 ac
3737 2123 3971 2206 displi-

2464 2226 2735 2288 centiam
2780 2231 3232 2306 conceperunt,
3274 2241 3350 2286 ex
3387 2223 3625 2305 quibus
3668 2221 3967 2285 excaecati

2463 2332 2613 2387 sunt
2652 2325 2862 2399 corde,
2898 2331 2963 2386 et
3002 2323 3217 2386 omnia
3256 2322 3422 2385 facta
3462 2321 3603 2403 ejus
3648 2321 3971 2403 interpre-

2462 2423 2757 2486 tabantur
2797 2423 2864 2484 in
2906 2421 3113 2504 pejuS,
3156 2441 3229 2484 ac
3272 2422 3549 2504 priorem
3596 2422 3673 2484 de
3712 2421 3971 2484 Christo

2464 2520 2751 2586 notitiam
2796 2520 3231 2602 perdiderunt.

2546 2619 2925 2682 occidamus
2966 2638 3139 2689 eum,
3179 2627 3251 2679 ut
3294 2626 3511 2679 nostra
3551 2623 3672 2695 fiat
3708 2618 3968 2678 heredi-

2467 2728 2588 2788 tas,
2616 2717 2680 2779 id
2709 2724 2825 2792 est,
2860 2716 3185 2799 principes
3214 2723 3278 2778 et
3308 2722 3578 2778 rectores
3616 2713 3965 2797 Synagogae

2464 2815 2889 2890 manebimuS,
2942 2832 3059 2877 nec
3105 2822 3341 2876 terram
3388 2833 3461 2876 ac
3510 2813 3764 2895 plebem
3812 2831 3967 2895 per-

2461 2916 2707 2978 demus.
2749 2913 2909 2977 Einc
2952 2913 3019 2975 in
3065 2913 3301 2977 Ioanne
3344 2912 3576 2993 legitur
3620 2930 3634 2974 :
3678 2911 3965 2992 College-
4026 2925 4214 2968 ιοωιιι,

855 3019 1074 3076 contra
1135 3011 1550 3094 impiissimos
1617 3010 2065 3073 haeresiarchas
2131 3010 2352 3072 Arium
2390 3013 2433 3078 C
2464 3021 2615 3075 runt
2659 3011 2997 3095 pontifices
3034 3019 3099 3074 et
3139 3009 3434 3074 Pharisaei
3480 3010 3850 3085 concilium,
3896 3017 3965 3072 et

853 3119 1044 3192 atque
1091 3109 1474 3173 Eunomium
1533 3115 2002 3189 argumentum,
2056 3109 2211 3190 quia
2258 3109 2353 3173 di-

853 3214 1084 3272 xerunt
1123 3207 1355 3270 Filium
1399 3225 1526 3270 non
1566 3223 1704 3268 esse
1746 3205 1943 3269 Deum
1985 3225 2231 3282 verum,
2276 3225 2350 3271 eo

851 3308 1022 3388 quod
1062 3306 1230 3369 dicat
1268 3323 1336 3367 se
1374 3304 1544 3367 diem
1584 3304 1874 3385 ignorare
1911 3304 2159 3385 judicii.
2194 3305 2349 3368 Nam

850 3413 913 3466 et
949 3403 1114 3466 Deus
1150 3403 1328 3465 Pater
1369 3403 1457 3465 ait
1496 3402 1616 3465 hoc
1658 3401 1817 3477 loce,
1851 3402 2133 3466 Forsitan
2176 3421 2351 3466 vere-

847 3504 1090 3567 buntur
1125 3502 1360 3564 Filium
1399 3519 1637 3577 meum,
1679 3519 1883 3582 quum
1923 3508 2134 3564 tamen
2178 3503 2349 3583 quod

849 3603 957 3678 ait,
1000 3603 1308 3678 Forsitan,
1353 3601 1586 3685 exponi
1630 3620 1756 3665 non
1807 3602 2008 3684 possit
2043 3609 2347 3684 tanquam

850 3702 1199 3765 dubitative
1247 3701 1585 3784 prolatum,
1631 3718 1838 3782 neque
1879 3701 2050 3782 quod
2091 3701 2201 3776 ait,
2234 3700 2350 3763 Ve—

851 3801 1162 3863 rebuntur
1192 3800 1424 3863 Filium
1465 3817 1703 3874 meum,
1738 3806 2040 3880 tanquam
2079 3807 2349 3863 asserto—

851 3899 943 3960 rie
987 3906 1096 3960 aut
1152 3898 1502 3979 ignorative
1550 3915 1944 3979 expressum.
1997 3897 2349 3961 Conformi-

850 4006 966 4072 ter,
1009 3997 1182 4078 quod
1221 3995 1418 4058 Filius
1467 3996 1751 4077 loquitur
1793 4013 1860 4057 se
1904 3995 2072 4058 diem
2117 3995 2345 4077 judicii

851 4095 1160 4175 ignorare,
1204 4113 1330 4158 non
1381 4094 1561 4165 dixit,
1606 4093 2022 4174 ignorantiam
2064 4094 2346 4176 aliquam

2462 3111 2758 3175 dicebant
2798 3131 2812 3174 :
2855 3110 3015 3184 Quid
3055 3110 3371 3172 facimus?
3415 3110 3569 3192 quia
3616 3109 3721 3172 hic
3760 3109 3965 3173 homo

2461 3210 2663 3272 multa
2700 3210 2881 3291 signa
2916 3208 3088 3272 facit.
3123 3207 3187 3271 Si
3226 3209 3608 3272 dimittimus
3646 3227 3791 3271 eum
3832 3207 3959 3288 sic,

2460 3326 2679 3371 omnes
2714 3309 2975 3370 credent
3004 3307 3069 3369 in
3110 3307 3313 3388 illum,
3346 3315 3410 3368 et
3439 3307 3697 3370 venient
3733 3304 3963 3369 Roma-

2460 3407 2549 3481 ni,
2596 3415 2658 3468 et
2702 3406 2927 3470 tollent
2974 3413 3261 3469 nostrum
3310 3406 3518 3468 locum
3568 3413 3631 3468 et
3672 3413 3957 3487 gentem.

2459 3504 2765 3586 Tuncque
2810 3505 3024 3568 audito
3072 3504 3338 3568 consilio
3387 3503 3661 3585 Caiphae,
3714 3521 3789 3565 ex
3838 3503 3961 3567 illo

2459 3603 2560 3665 die
2598 3604 3032 3684 cogitaverunt
3067 3600 3429 3665 interficere
3468 3619 3638 3664 eum.
3673 3601 3847 3664 Unde
3887 3602 3958 3664 in

2459 3700 2702 3765 Psalmo
2748 3702 2838 3764 ait
2891 3699 3175 3765 Salvator
3227 3719 3241 3763 :
3294 3701 3646 3762 Adversum
3696 3717 3797 3762 me
3846 3719 3961 3762 su·
3998 3722 4145 3766 Pan.
4166 3719 4199 3759 ι.

2459 3800 2794 3862 surrabant
2839 3817 3058 3863 omnes
3109 3799 3355 3862 inimici
3413 3800 3559 3873 mei,
3612 3801 3955 3862 adversum

2457 3916 2561 3960 me
2590 3897 2945 3978 cogitabant
2984 3897 3150 3960 mala
3187 3897 3368 3960 mihi.
3402 3895 3737 3979 Propterea
3762 3897 3959 3980 quip-

2459 4015 2539 4079 pe
2574 3996 2891 4060 Christum
2930 3996 3319 4070 occiderunt,
3355 4013 3435 4058 ne
3465 3997 3803 4078 perderent
3840 3996 3958 4058 he-

2457 4095 2809 4170 reditatem,
2861 4094 2981 4158 hoc
3036 4103 3133 4157 est
3188 4095 3523 4176 templum,
3580 4103 3833 4170 terram,
3890 4102 3955 4157 et

850 4194 916 4257 in
968 4211 1035 4255 se
1082 4193 1486 4267 insinuando,
1534 4193 1643 4254 sed
1693 4191 1874 4272 quasi
1925 4209 2039 4274 per
2085 4194 2345 4256 modum
2378 4196 2429 4260 D
2457 4193 2744 4257 subditos
2781 4212 2794 4256 :
2830 4201 2892 4256 et
2931 4202 3164 4268 tamen,
3198 4193 3353 4275 quia
3391 4193 3711 4257 Christum
3758 4195 3955 4256 intere

851 4291 1200 4373 ignorantis
1231 4309 1298 4352 se
1327 4290 1639 4364 habendo,
1667 4289 1972 4371 quoniam
2002 4291 2169 4353 inter
2199 4311 2346 4355 suos

851 4408 1256 4464 conversanS,
1290 4390 1368 4452 de
1407 4388 1516 4451 illa
1553 4389 1707 4451 hora
1736 4405 1842 4452 eos
1881 4407 2007 4453 non
2047 4389 2348 4454 informa-

854 4489 946 4553 vit
988 4489 1153 4552 sicut
1193 4489 1272 4550 de
1312 4487 1455 4550 aliis
1496 4506 1641 4569 quae
1681 4487 2072 4568 quaerebant.

936 4592 1135 4659 Quem
1183 4607 1386 4668 quum
1434 4588 1748 4648 vidissent
1792 4588 2026 4658 coloni,
2073 4588 2195 4652 hoc
2253 4596 2348 4650 est

854 4686 1099 4770 praefati
1127 4685 1417 4768 agricolae
1445 4693 1508 4748 et
1539 4685 1833 4760 cultores,
1869 4685 2164 4748 videlicet
2193 4706 2351 4768 pon-

853 4785 1085 4860 tificeS‚
1140 4783 1373 4846 Scribae
1431 4791 1493 4847 et
1550 4783 1852 4858 senioreS,
1903 4787 2349 4861 coyitaverunt

853 4887 1032 4946 intra
1055 4904 1143 4952 se,
1174 4885 1476 4953 dicentes,
1509 4881 1703 4945 verbo
1733 4883 2014 4958 mentali,
2042 4883 2347 4964 quoniam

853 5001 980 5046 non
1019 4980 1338 5044 audebant
1377 4979 1549 5063 plebi
1589 4979 1994 5042 manifestare
2027 4981 2351 5044 machina·

850 5081 1054 5146 tiones
1097 5097 1242 5142 suas
1281 5078 1582 5141 adversus
1613 5077 1933 5141 Christum
1969 5097 1982 5141 :
2014 5086 2227 5142 tamen
2268 5079 2351 5141 si-

850 5180 916 5242 bi
963 5178 1240 5242 invicem
1290 5176 1732 5240 indicaverunt
1779 5195 1926 5241 suos
1975 5185 2343 5260 conceptu3‚

853 5285 922 5340 ut
970 5277 1285 5341 subditur.
1321 5277 1448 5339 Hic
1481 5285 1574 5336 est
1607 5279 1809 5348 heres,
1849 5276 1970 5340 hoc
2015 5283 2112 5340 est
2158 5295 2348 5341 verus

2456 4293 2764 4368 fecerunt,
2810 4292 3224 4376 perdiderunt
3270 4291 3482 4355 omnia
3530 4291 3660 4366 illa,
3699 4300 3763 4354 et
3806 4311 4205 4420 per-dnum.

2458 4391 2632 4456 venit
2677 4391 2745 4454 in
2784 4409 2890 4454 eos
2940 4392 3034 4453 ira
3072 4390 3180 4453 Dei
3226 4408 3431 4472 usque
3472 4390 3537 4452 in
3586 4389 3807 4465 finem,
3848 4409 3953 4453 se—

2456 4490 2738 4552 cundum
2766 4489 3154 4571 Apostolum.
3173 4489 3435 4571 Propter
3461 4489 3631 4571 quod
3663 4489 3949 4553 Christus

2456 4589 2543 4650 ait
2592 4589 2657 4650 in
2706 4586 2952 4650 Psalmo
2996 4605 3011 4650 ε
3063 4585 3337 4649 Effunde
3386 4605 3580 4670 super
3630 4606 3738 4651 eos
3784 4588 3945 4650 iram
3978 4611 4201 4714 ἔμπα,

4046 4675 4107 4714 27.

2458 4695 2651 4760 tuam,
2686 4693 2749 4748 et
2777 4685 2955 4749 furor
2986 4685 3095 4747 irae
3122 4694 3249 4748 tuae
3276 4685 3770 4768 comprehendat
3793 4704 3901 4749 eos
3928 4706 3946 4766 ;

2455 4784 2573 4848 fiat
2627 4784 2932 4848 habitatio
2987 4802 3209 4847 eorum
3266 4783 3513 4846 deserta
3574 4803 3588 4846 ε
3644 4785 3947 4866 quoniam

2456 4901 2650 4965 quem
2712 4891 2782 4945 tu
2844 4882 3212 4965 percussisti
3274 4882 3591 4963 persecuti
3656 4890 3821 4958 sunt,
3886 4891 3951 4945 et

2458 5002 2651 5064 super
2700 4982 2982 5045 dolorem
3034 4981 3372 5044 vulnerum
3429 4998 3718 5044 meorum
3766 4981 3949 5044 addi-

2458 5083 2711 5144 derunt.

2535 5181 2623 5242 Et
2649 5180 2921 5254 ejectum
2952 5179 3143 5240 illum
3170 5187 3357 5239 extra
3394 5178 3674 5249 vineam,
3708 5178 3950 5239 occide-

2456 5288 2638 5350 runt,
2690 5277 2810 5341 boc
2856 5284 2971 5352 est,
3024 5275 3343 5340 Christum
3392 5284 3568 5339 extra
3620 5277 3944 5340 civitatem

3998 1527 4080 1564 ni.
4096 1517 4156 1556 4⁶.

3992 2990 4119 3032 ⁴73³.

4074 5185 4131 5240 15

4248 3033 4250 3095 l
