4300 6259
630 680 702 737 30

537 3155 800 3211 Philipp-n.

539 3222 608 3263 2⁰.

551 4527 674 4574 leid.
696 4541 752 4579 nv,
774 4530 814 4570 7.

827 486 914 553 ’18

1653 506 1999 553 ENARRATIO
2043 504 2106 550 IN
2148 504 2287 551 CAP.
2332 504 2375 549 X
2418 503 2606 550 LUGAE.
2650 522 2730 533 -·
2772 504 2914 551 Am.
2960 504 3131 551 xxvu

921 680 1290 757 Suspiciens
1328 687 1544 739 autem
1578 680 1781 749 Jesus,
1816 676 1880 738 id
1922 684 2038 747 est,
2074 693 2327 736 sursum
2360 673 2409 733 A
2438 673 2583 736 vitae
2631 673 2961 755 praesentis
3012 673 3358 737 mortalitas
3405 680 3469 734 et
3507 670 3791 735 defectus
3843 672 3940 732 in—

838 776 1219 859 adspiciens,
1265 794 1374 837 seu
1419 775 1542 837 late
1581 781 1643 835 et
1679 774 1803 835 alte
1845 774 2331 835 circumducens

838 875 1076 949 ocu105,
1099 875 1177 936 ad
1209 874 1664 936 insinuandum
1695 874 1866 954 quod
1898 873 1976 933 de
2007 889 2074 933 re
2105 888 2333 951 magna

836 978 1001 1033 esset
1060 970 1410 1045 locuturuS,
1462 978 1654 1050 atque
1711 968 2104 1050 compatiens
2164 986 2333 1029 com-

835 1070 1015 1131 muni
1067 1069 1331 1132 humani
1378 1068 1630 1149 generis
1681 1066 2042 1141 calamitati,
2089 1067 2268 1127 dioeit
2306 1086 2331 1125 .·

833 1171 1037 1229 Homo
1081 1170 1354 1249 quidam
1403 1168 1811 1229 descendebat
1854 1168 1932 1227 ab
1973 1168 2331 1226 Jerusalem

833 1270 905 1327 in
943 1268 1222 1335 Iericho,
1263 1277 1322 1327 et
1361 1267 1600 1327 incidit
1641 1268 1715 1325 in
1756 1269 2054 1325 latrones.
2097 1264 2328 1327 Sensus

831 1364 1317 1447 superficialiter
1367 1364 1655 1426 litteralis
1705 1361 2153 1425 difficultatem
2201 1381 2329 1425 non

832 1463 1040 1527 habet.
1077 1464 1152 1526 Et
1181 1464 1352 1546 quod
1383 1463 1489 1525 hic
1518 1463 1700 1544 quasi
1741 1461 2040 1544 parabola
2068 1461 2325 1535 dicitur,

833 1564 1038 1644 potuit
1077 1580 1216 1625 esse
1257 1580 1355 1625 res
1395 1570 1572 1643 gesta
1612 1581 1624 1623 :
1662 1562 1815 1643 quia
1855 1569 1926 1622 ut
1968 1560 2122 1622 dicit
2162 1559 2330 1621 Basi-

832 1661 981 1736 lius,
1025 1661 1370 1723 Jerusalem
1417 1660 1481 1722 in
1527 1660 1858 1723 cacumine
1907 1660 2027 1721 sita
2069 1666 2187 1731 est,
2231 1659 2330 1721 Je—

831 1760 1010 1823 richo
1061 1767 1275 1822 autem
1329 1761 1649 1833 deorsum,
1703 1758 1869 1820 inter
1923 1776 2084 1839 quas
2137 1756 2328 1819 urbes

2439 770 2834 852 telliguntur.
2886 771 3135 833 Jericho
3188 771 3431 853 quippe
3488 772 3941 852 interpretatur

2439 869 2611 944 luna,
2648 887 2763 951 per
2791 889 2984 951 quam
3026 870 3093 931 in
3124 868 3469 951 Scripturis
3511 868 3796 931 defectus
3836 886 3943 929 ex-

2441 968 2764 1049 primitur,
2826 968 3227 1042 instabilitas,
3295 967 3685 1050 insipientia,
3748 973 3943 1047 atque

2438 1067 2808 1142 mortalitas,
2862 1074 3123 1149 propter
3167 1067 3385 1148 jugem
3435 1067 3603 1129 lunae
3651 1065 3945 1129 variatio—

2441 1183 2609 1241 nem,
2653 1166 3063 1228 crescentiam
3108 1175 3171 1227 et
3208 1165 3725 1228 decrescentiam.
3766 1164 3941 1227 Unde

2439 1264 2506 1325 in
2554 1263 2996 1327 Ecclesiastico
3045 1264 3347 1326 scribitur
3390 1283 3403 1326 :
3446 1262 3689 1325 Stultus
3739 1270 3942 1324 muta-

2437 1368 2542 1423 tur
2574 1369 2643 1423 ut
2686 1362 2857 1424 luna.
2890 1362 2966 1424 Et
3002 1363 3169 1424 sicut
3196 1362 3349 1424 luna
3386 1382 3419 1423 a
3452 1362 3583 1424 sole
3623 1360 3842 1424 deficit
3873 1362 3937 1422 in

2439 1459 2797 1542 splendore,
2834 1460 2925 1522 sic
2970 1468 3167 1522 status
3216 1461 3362 1523 vitae
3410 1460 3605 1541 hujus
3655 1460 3939 1523 mortalis

2438 1578 2475 1621 a
2516 1566 2681 1621 statu
2725 1559 2998 1641 paradisi
3041 1577 3115 1621 ac
3159 1558 3673 1622 immortalitatis

2530 1657 2746 1738 itaque
2796 1656 2985 1720 homo
3033 1657 3153 1719 iste
3203 1658 3524 1739 peccando
3574 1658 3816 1719 incidit
3864 1660 3937 1716 in

2441 1758 2741 1823 latrones,
2794 1756 2857 1817 id
2908 1763 3003 1816 est
3052 1755 3114 1816 in
3169 1757 3531 1819 daemonum
3578 1756 3770 1830 acieS,
3824 1756 3935 1837 qui

829 1858 956 1919 fuit
1003 1859 1326 1921 desertum
1370 1858 1434 1919 in
1484 1876 1614 1939 quo
1661 1856 1937 1919 latrones
1986 1872 2331 1919 consueve-
2365 1855 2409 1917 B
2437 1854 2796 1915 animarum
2825 1853 3061 1935 jugiter
3090 1862 3387 1936 quaerunt
3418 1854 3611 1917 vitam
3643 1854 3939 1936 spiritua-

2438 1951 2563 2013 lem
2595 1951 2903 2013 occidere.
2937 1951 3092 2014 Nam
3124 1960 3187 2013 et
3227 1952 3470 2014 invidia
3498 1952 3731 2016 diaboli
3768 1972 3938 2017 mors
3968 1974 4081 2031 Sap.
4104 1991 4150 2024 n.
4172 1980 4235 2018 ει.

832 1964 981 2019 runt
1024 1957 1334 2037 quosdam
1378 1956 1688 2019 occidere.

907 2054 1117 2127 Porro,
1155 2054 1335 2135 juxta
1373 2053 1856 2134 intelligentiam
1901 2052 2325 2135 spiritualem,

2436 2050 2726 2113 introivit
2773 2051 2837 2112 in
2879 2049 3101 2112 orbem
3142 2060 3489 2129 terrarum3
3536 2058 3598 2113 et
3648 2051 3937 2115 diabolus

4028 1286 4173 1327 Ereti.

3968 1362 4097 1395 xxm,
4126 1353 4189 1391 12.

827 2171 943 2235 per
973 2153 1298 2216 hominem
1333 2152 1506 2214 hunc
1537 2150 1916 2231 intelligitur
1947 2151 2194 2232 primus
2225 2169 2330 2213 no—
2438 2147 2757 2210 homicida
2803 2147 2881 2209 ab
2924 2148 3106 2211 initio
3143 2147 3289 2223 fuit,
3326 2156 3395 2209 ut
3432 2148 3719 2211 Christus
3768 2151 3937 2231 apud
3984 2170 4235 2213 ,ιωιιιιιηιι

2433 2246 2737 2308 Joaunem
2766 2245 3014 2307 fatetur.
3037 2248 3165 2316 Qui
3192 2250 3391 2307 etiam
3414 2250 3939 2325 despoliaverunt
3967 2244 4037 2283 ⁴⁴·

827 2260 956 2314 ster
1006 2270 1234 2333 parens
1271 2250 1494 2325 Adam,
1539 2268 1651 2312 seu
1700 2266 1901 2330 genus
1946 2249 2324 2324 humanum,

827 2368 938 2411 seu
987 2349 1262 2431 quilibet
1309 2350 1500 2412 homo
1551 2356 1693 2430 post
1737 2347 2166 2410 innocentiam
2217 2346 2326 2408 ba-

826 2447 1187 2530 ptismalem
1235 2454 1428 2527 atque
1475 2446 1786 2525 justitiam
1831 2445 1908 2507 ad
1958 2444 2329 2526 iniquitates

827 2546 1179 2629 prolapsus
1206 2544 1372 2607 Talis
1403 2562 1551 2625 ergo
1580 2544 1920 2616 descendit,
1957 2544 2021 2605 id
2053 2550 2163 2617 est,
2194 2561 2333 2625 pec-

826 2645 1028 2707 cando
1069 2642 1486 2725 spiritualiter
1515 2644 1812 2705 deorsum
1853 2641 2170 2723 collapsus
2208 2649 2325 2716 est,

827 2762 863 2805 a
898 2742 1266 2817 Jerusalem,
1303 2741 1424 2804 hoc
1453 2748 1551 2802 est
1587 2740 1878 2821 paradiso
1921 2740 2227 2814 terrestri,
2262 2741 2328 2803 in

829 2860 959 2922 quo
998 2840 1196 2901 Adam
1241 2839 1496 2901 realiter
1535 2837 1688 2910 fuit;
1737 2838 1838 2900 vel
1883 2856 1919 2899 a
1956 2837 2199 2900 coelesti
2236 2838 2334 2899 Je-

832 2938 1129 3011 rusalem,
1168 2956 1279 2999 seu
1324 2954 1519 3017 regno
1558 2936 1888 3008 coelorum,
1924 2935 1988 2997 in
2037 2954 2168 3017 quo
2218 2954 2332 3018 per

2434 2364 2605 2415 eum,
2658 2345 2777 2406 hoc
2830 2351 2945 2417 est,
2999 2344 3181 2407 donis
3231 2344 3449 2425 gratiae
3499 2363 3573 2407 ac
3627 2346 3935 2408 virtutum

2438 2442 2855 2525 spiritualiter
2902 2444 3306 2505 nudaverunt
3357 2462 3371 2506 ε
3425 2444 3578 2525 quia
3626 2444 3777 2506 dum
3828 2446 3941 2508 ho—

2438 2541 2678 2604 minem
2718 2558 2833 2623 per
2864 2548 3253 2603 tentamenta
3290 2542 3367 2604 ad
3410 2550 3740 2623 peccatum
3773 2563 3941 2607 mor-

2440 2640 2563 2702 tale
2612 2641 2991 2722 perducunt‚
3037 2640 3219 2704 donis
3264 2659 3339 2703 ac
3390 2641 3755 2715 virtutibuS,
3794 2662 3938 2723 quae

2440 2747 2585 2800 sunt
2613 2739 2842 2801 animae
2870 2746 3077 2802 vestes
3108 2758 3182 2801 ac
3208 2746 3588 2812 ornamenta,
3610 2758 3757 2803 eum
3788 2760 3938 2803 mox

2441 2838 2729 2919 privant3
2774 2838 3115 2919 ipsumque
3158 2837 3356 2900 Adam
3396 2838 3688 2918 originali
3740 2840 3941 2901 nuda-

2442 2945 2669 2998 verunt
2704 2936 2971 3016 justitia,
3014 2944 3207 3017 atque
3243 2936 3585 3018 multiplici
3627 2937 3937 3001 virtutum

833 3055 1012 3119 spem
1037 3044 1106 3121 ,et
1144 3036 1442 3097 meritum
1483 3042 1579 3097 est
1617 3034 1825 3097 omnis
1853 3033 2063 3114 justus
2102 3034 2326 3110 viator,
2368 3037 2411 3100 C
2440 3043 2687 3109 ornatu,
2740 3036 2817 3096 de
2871 3034 3109 3116 quibus
3164 3035 3229 3097 in
3284 3035 3441 3097 isaia
3491 3035 3579 3097 ait
3632 3035 3934 3111 Ecclesia,

832 3155 1033 3218 quum
1063 3143 1125 3197 et
1155 3134 1491 3216 Apostolus
1523 3134 1709 3205 dicat,
1743 3132 1964 3195 Nostra
2002 3151 2334 3196 conversa-

833 3234 922 3298 tio
969 3234 1034 3295 in
1085 3232 1264 3296 coelis
1303 3240 1440 3311 est3
1489 3231 1590 3295 vel
1641 3250 1678 3293 a
1725 3231 2185 3311 tranquillitate
2235 3232 2331 3293 in-

831 3340 1032 3405 terna,
1085 3340 1148 3393 et
1194 3330 1727 3412 contemplatione
1786 3329 1959 3411 pacis
2012 3331 2328 3393 mentalis.

831 3429 1037 3502 Quum
1075 3430 1248 3492 enim
1290 3428 1638 3491 Jerusalem
1677 3428 2132 3509 interpretetur
2172 3430 2333 3494 visio

832 3529 1028 3611 pacis,
1072 3546 1186 3611 per
1222 3546 1363 3590 eam
1410 3528 1545 3589 haec
1595 3526 1716 3589 tria
1763 3526 2114 3606 signantur,
2156 3527 2332 3590 vide-

831 3628 980 3689 licet
1021 3645 1034 3689 :
1081 3626 1411 3709 paradisus
1462 3624 1800 3698 terrestris,
1848 3624 1960 3705 qui
2012 3632 2107 3686 est
2157 3625 2332 3689 locus

828 3725 1089 3807 quietis,
1135 3725 1198 3787 in
1239 3743 1369 3806 quo
1416 3722 1541 3785 fuit
1579 3723 1741 3786 visio
1792 3723 1964 3804 pacis
2012 3742 2329 3805 supernae,

831 3823 1128 3906 quamvis
1155 3842 1280 3886 non
1310 3829 1433 3884 tam
1459 3821 1628 3883 clara
1657 3821 1822 3883 sicut
1847 3822 1912 3882 in
1942 3822 2177 3903 patria:
2206 3823 2334 3887 imo

834 3922 995 3986 visio
1035 3939 1146 3987 seu
1186 3919 1637 4001 contemplatio
1675 3938 1818 4000 quae
1859 3918 1982 3981 suit
2030 3921 2096 3982 in
2137 3920 2334 3983 Adam

834 4027 980 4083 ante
1012 4027 1364 4102 peccatum,
1401 4026 1464 4079 et
1491 4018 1678 4081 modo
1711 4018 1775 4079 in
1819 4018 2107 4099 paradiso
2141 4028 2237 4081 est
2268 4021 2333 4081 in

841 4118 994 4191 Elia,
1037 4117 1227 4179 habet
1265 4134 1333 4178 se
1372 4116 1582 4178 medio
1620 4117 1806 4179 modo
1854 4116 2020 4178 inter
2058 4126 2339 4180 contem-

2442 3133 2708 3214 loquens
2740 3133 2817 3195 de
2854 3131 3098 3214 Sponso
3130 3132 3372 3196 coelesti
3408 3152 3421 3195 ε
3457 3134 3668 3195 Induit
3704 3152 3808 3195 me
3840 3152 3941 3197 ve-

2442 3231 2741 3293 stimento
2774 3231 3010 3305 salutiS,
3041 3237 3103 3292 et
3132 3231 3506 3293 indumento
3534 3230 3796 3313 justitiae
3826 3233 3942 3296 cir-

2442 3330 2765 3393 cumdedit
2809 3348 2931 3391 me.
2967 3329 3075 3391 His
3121 3330 3514 3393 indumentis
3556 3331 3786 3394 animae
3830 3351 3942 3395 no-

2442 3439 2585 3491 strae
2633 3428 2698 3489 in
2750 3427 3070 3509 Baptismo
3121 3427 3386 3489 suerunt
3440 3430 3675 3493 indutae
3728 3448 3742 3492 ε
3794 3450 3941 3512 quae

2442 3528 2762 3610 peccando
2798 3527 3155 3600 amisimus,
3194 3528 3303 3589 sed
3346 3544 3460 3608 per
3498 3526 3935 3591 Poenitentiam

2441 3633 2503 3687 et
2540 3633 2749 3687 cetera
2796 3630 3189 3686 sacramenta
3230 3643 3304 3686 ca
3353 3643 3728 3707 recuperare
3772 3628 3943 3690 vale-

2442 3744 2607 3786 muS.
2641 3723 2728 3785 De
2755 3722 2993 3804 quibus
3022 3723 3213 3784 etiam
3248 3724 3643 3786 vestimentis
3678 3723 3743 3786 in
3775 3726 3942 3808 Apo-

2442 3823 2679 3905 calypsi
2742 3821 3023 3902 loquitur
3072 3820 3358 3884 Christus
3413 3842 3425 3885 :

2442 3922 2871 4004 quinaverunt
2920 3921 3299 3984 vestimenta
3342 3941 3477 3994 sua,
3520 3922 3939 3985 ambulabunt

2446 4038 2697 4082 mecum
2743 4020 2807 4081 in
2855 4018 3039 4081 albis.
3076 4022 3161 4081 Εἰ
3192 4022 3412 4097 playis
3454 4022 3798 4098 impositis,
3836 4025 3945 4082 ab-

2446 4120 2690 4187 ierunt,
2724 4117 2787 4178 id
2818 4124 2934 4190 est,
2968 4135 3168 4197 quum
3209 4117 3535 4180 hominem
3572 4118 3947 4200 multiplici-

841 4216 1186 4299 plationem
1217 4214 1530 4296 patriae,et
1560 4214 2150 4296 contemplationem
2184 4236 2339 4280 com-
2372 4221 2421 4282 D
2452 4225 2544 4277 ter
2582 4214 3023 4277 vulnerassent
3066 4213 3131 4276 in
3172 4214 3404 4289 anima,
3440 4216 3515 4278 ad
3554 4216 3774 4279 horam
3816 4237 3950 4281 ces-

843 4332 1104 4377 munem
1155 4313 1525 4375 devotorum
1575 4310 1640 4373 in
1692 4311 1811 4375 isto
1860 4312 2105 4375 exsilio.
2158 4315 2335 4390 Item,

847 4431 962 4495 per
981 4410 1320 4473 Jerusalem
1354 4409 1660 4489 figuratur
1688 4428 1946 4490 regnum
1980 4411 2337 4489 coeleste,in

845 4528 975 4591 quo
1024 4515 1121 4571 est
1156 4506 1454 4570 beatifica
1490 4506 1652 4570 visio
1693 4507 1866 4589 pacis
1905 4516 2156 4572 aeternae
2198 4529 2342 4591 quae

845 4626 1100 4673 omnem
1161 4625 1418 4668 sensum
1478 4612 1836 4686 exsuperat.
1891 4606 2031 4688 Ipsa
2083 4626 2341 4690 quoque

847 4706 1140 4769 mentalis
1187 4704 1616 4786 tranquillitas
1668 4704 1896 4767 animae
1944 4706 2224 4769 viatricis
2274 4708 2339 4770 in

845 4804 971 4868 Deo
1001 4810 1237 4887 pacatae
1266 4821 1340 4865 ac
1367 4802 1639 4864 dulciter
1676 4801 1990 4877 stabilitae,
2027 4822 2141 4886 per
2167 4806 2343 4867 Jeru-

847 4904 1042 4966 salem
1085 4903 1439 4965 denotatur.
1481 4900 1768 4983 Insuper,
1812 4901 1976 4964 sicut
2013 4921 2233 4965 omnes
2276 4904 2342 4965 in

845 5002 1044 5064 Adam
1074 5018 1327 5063 eramus
1363 5006 1554 5079 atque
1588 4998 1958 5075 cecidimuS,
1993 5001 2085 5063 sic
2122 5020 2344 5065 omnes

849 5100 916 5163 in
948 5100 1089 5181 ipso
1121 5099 1185 5160 in
1227 5096 1517 5180 paradiso
1547 5097 1828 5159 terrestri
1869 5098 2249 5173 exstitimuS,
2284 5108 2346 5162 et

849 5197 916 5261 in
948 5199 1090 5280 ipso
1120 5197 1268 5259 inde
1297 5195 1548 5278 expulsi
1589 5195 1918 5277 elapsique
1953 5216 2198 5260 sumus,
2232 5198 2348 5260 Per

849 5296 1100 5360 Jericho
1149 5313 1320 5369 vero,
1363 5294 1470 5357 hic
1515 5295 1794 5358 mundus
1843 5294 2182 5371 instabiliS,
2234 5314 2347 5359 seu

2450 4320 2751 4376 saverunt
2790 4311 2870 4373 ab
2915 4309 3054 4391 ejus
3099 4311 3395 4391 laesione;
3443 4314 3565 4388 vel,
3609 4314 3943 4392 Abierunt,

2450 4412 2713 4473 insidias
2772 4410 3240 4474 abscondendo.
3303 4410 3673 4493 Specialiter
3732 4421 3946 4477 autem

2450 4509 2721 4572 incurrit
2757 4526 2957 4588 genus
2997 4509 3349 4571 humanum
3380 4517 3653 4590 quatuor
3681 4512 3949 4576 vulnera

2449 4608 2677 4671 animae
2716 4624 2793 4667 ex
2837 4606 3128 4687 originali
3172 4615 3449 4688 peccato,
3484 4608 3781 4673 videlicet
3818 4630 3950 4674 ma-

2450 4705 2674 4780 litiam,
2711 4704 2772 4766 id
2822 4712 2918 4765 est
2967 4704 3345 4786 pronitatem
3396 4706 3473 4767 ad
3520 4707 3687 4769 mala
3733 4709 3798 4771 in
3840 4729 3949 4773 vo-

2451 4805 2715 4871 luntate,
2749 4803 3167 4883 ignorantiam
3201 4803 3267 4864 in
3300 4804 3646 4877 intellectu,
3682 4806 3949 4871 infirmi-

2453 4909 2643 4964 tatem
2686 4901 2751 4962 in
2793 4901 2853 4964 vi
2897 4901 3223 4975 irascibili,
3258 4903 3841 4984 concupiscentiam
3882 4908 3947 4970 in

2454 4999 2962 5081 concupiscibili.
3006 5002 3337 5061 Semivivo
3372 5004 3593 5062 relicto
3624 5024 3647 5063 .·
3678 5006 3831 5084 quia
3876 5006 3953 5067 li—

2456 5108 2555 5163 cet
2603 5117 2718 5180 per
2758 5107 3085 5180 peccatum
3138 5098 3402 5162 mortale
3452 5100 3581 5163 vita
3624 5104 3843 5182 gratias
3888 5113 3953 5167 et

2456 5198 2682 5261 caritas
2734 5196 3005 5259 totaliter
3051 5195 3443 5273 auferantur,
3477 5208 3691 5263 manet
3740 5208 3949 5265 tamen

2457 5297 2525 5359 in
2563 5295 2823 5360 homine
2861 5295 3137 5358 liberum
3174 5295 3535 5373 arbitrium,
3573 5317 3704 5380 quo
3742 5308 3953 5383 potest

3980 3154 4050 3197 1⁸.
4067 3167 4153 3203 ιιι,
4176 3157 4235 3195 w.

3479 3822 3593 3896 Qui
3652 3844 3777 3888 non
3838 3826 3938 3887 in-
3966 3838 4241 3893 Apoe.m,⁴.
