4300 6259
1112 517 1460 567 mannum
1504 519 1565 564 m
1607 519 1746 566 car.
1792 519 1898 565 xiv
1939 519 2216 567 ioannis.
2263 540 2343 552 -—
2384 523 2527 568 aar.
2573 522 2741 569 xxxv
3352 501 3467 570 531

363 686 676 767 quaelibet
720 688 938 752 divina
975 689 1246 754 Persona
1287 697 1382 753 est
1431 690 1494 752 in
1540 689 1664 752 alia
1706 689 1872 750 sicut
1901 689 1951 749 A
1983 689 2303 752 Christum
2346 699 2414 754 ut
2451 692 2777 755 hominem
2814 693 3194 775 operabatur
3229 698 3291 753 et
3323 691 3466 772 egit,

361 794 650 848 amatum
697 796 762 850 et
807 789 1340 871 comprehensum
1394 789 1459 851 in
1509 796 1760 850 amante
1809 795 1871 848 et

362 884 951 966 comprehendente
1001 888 1304 969 plenarie,
1351 888 1434 950 ita
1477 887 1648 968 quod
1698 904 1872 967 quae-

363 981 525 1045 libet
574 984 792 1047 divina
848 985 1118 1049 Persona
1173 986 1495 1068 cognoscit
1543 1005 1615 1047 ac
1664 984 1871 1064 diligit

361 1080 560 1144 aliam
604 1093 915 1164 quantum
955 1086 1248 1148 amabilis
1292 1084 1870 1167 cognoscibilisque

318 1180 682 1257 -consistit,
737 1191 954 1265 utpote
1001 1203 1214 1248 amore
1274 1185 1526 1266 penitus
1587 1181 1864 1252 infinito,

75 3765 226 3809 Jooean
229 3779 341 3816 111111

368 1278 760 1343 immensum
800 1283 1088 1345 ardorem
1129 1283 1422 1356 habente,
1464 1291 1526 1344 et
1565 1281 1872 1362 cognitio—

365 1395 450 1440 ne
484 1379 792 1441 claritatis
827 1381 1168 1444 immensae.
1201 1381 1461 1462 Propter
1497 1381 1666 1463 quod
1706 1398 1868 1460 quae·

363 1476 528 1538 libet
570 1485 670 1540 est
711 1479 776 1540 in
821 1479 946 1541 alia
987 1479 1743 1562 incomprehensibiliter,
1780 1477 1872 1538 in-

363 1576 526 1638 time
554 1583 619 1638 et
656 1577 1262 1660 superintimissime
1297 1598 1310 1642 :
1345 1578 1498 1660 quia
1526 1597 1655 1660 quo
1693 1595 1872 1641 amor

366 1673 742 1750 ferventior,
777 1693 852 1739 eo
884 1676 1274 1742 intimiorem
1302 1676 1508 1740 efficit
1539 1677 1866 1740 unionem.

469 1776 669 1835 Verba
699 1795 844 1854 quoe
879 1795 989 1853 eqo
1023 1780 1245 1856 loquor
1275 1777 1447 1836 vobis
1487 1795 1600 1857 per
1639 1793 1868 1856 corpus

1981 787 2145 850 sicut
2178 807 2291 870 per
2324 790 2819 853 instrumentum
2858 798 3049 872 atque
3081 790 3467 862 ministrum,

1982 887 2067 948 ita
2113 890 2283 970 quod
2343 890 2657 970 quidquid
2719 890 3003 953 Christus
3059 891 3246 952 homo
3295 886 3468 960 fecit,

1979 985 2134 1048 lecit
2180 987 2413 1050 virtute
2474 986 2691 1062 PatriS,
2743 988 2920 1050 Patre
2977 995 3281 1070 operante
3338 994 3475 1048 tan-

1980 1103 2174 1165 quam
2214 1103 2403 1148 causa
2441 1086 2804 1168 principali,
2838 1094 2901 1147 et
2930 1085 3176 1148 Christo
3217 1084 3475 1148 homine

1981 1189 2279 1264 tanquam
2346 1203 2533 1246 causa
2598 1184 3089 1246 instrumentali.
3160 1182 3469 1257 Secund0,

1980 1281 2283 1364 quoniam
2325 1282 2501 1344 Pater
2530 1283 2743 1346 omnia
2781 1281 2934 1344 fecit
2972 1300 3086 1364 per
3114 1282 3345 1344 Filium
3384 1299 3477 1343 se-

1981 1381 2263 1443 cundum
2314 1381 2708 1443 divinitatem
2758 1381 2983 1463 ipsiuS,
3025 1381 3205 1460 juxta
3252 1380 3409 1442 illud
3455 1397 3469 1442 :

1978 1478 2202 1540 Omnia
2246 1498 2357 1561 per
2401 1480 2613 1562 ipsum
2659 1479 2824 1542 facta
2870 1488 3038 1541 sunt.
3081 1480 3315 1560 ltaque,
3360 1497 3475 1561 per
3498 1499 3763 1550 Joann.·.³.

1979 1578 2099 1641 hoc
2136 1580 2308 1660 quod
2348 1578 2436 1640 ait
2473 1578 2692 1652 Filius,
2726 1577 2904 1640 Pater
2943 1577 3007 1640 in
3050 1595 3152 1639 me
3183 1595 3469 1652 manenS,

1979 1677 2118 1758 ipse
2150 1674 2302 1739 facit
2331 1695 2543 1758 opera,
2579 1677 2791 1738 innuit
2828 1677 2997 1759 quod
3031 1693 3145 1738 sua
3174 1694 3245 1738 ac
3276 1674 3473 1738 Patris

1982 1782 2152 1838 tanta
2194 1783 2289 1838 est
2332 1774 2685 1838 similitudo
2726 1781 2790 1837 et
2835 1774 3065 1848 unitaS,
3110 1782 3303 1856 atque
3344 1782 3471 1836 tam

367 1881 798 1955 assumptum,
830 1895 872 1934 a
902 1895 1001 1935 me
1028 1878 1167 1952 ipso
1197 1875 1548 1936 secundum
1581 1881 1866 1935 naturam
1908 1874 1956 1935 B
1985 1874 2207 1937 intima
2248 1875 2399 1939 unio
2428 1893 2541 1936 seu
2580 1873 2948 1936 exsistentia
2987 1873 3177 1936 unius
3217 1873 3283 1935 in
3322 1872 3471 1947 alio,

367 1979 764 2052 assumptam
805 1992 935 2033 non
977 1976 1222 2053 loquor,
1266 1972 1331 2034 id
1373 1980 1470 2034 est
1511 1991 1634 2035 non
1679 1989 1871 2033 sensu

371 2068 472 2132 vel
521 2069 974 2134 adinventione
1030 2071 1329 2145 humana,
1381 2071 1491 2132 sed
1548 2089 1625 2132 ex
1676 2069 1874 2151 inspi-

370 2168 618 2231 ratione
653 2174 718 2230 et
755 2168 1145 2250 regulatione
1185 2177 1436 2232 aeternae
1479 2176 1541 2230 et
1579 2157 1872 2230 increatae

367 2267 723 2348 sapientiae‚
771 2286 918 2348 quae
975 2285 1089 2349 per
1147 2285 1352 2329 meam
1411 2266 1872 2329 humanitatem

370 2363 659 2445 loquitur
719 2371 783 2426 et
847 2372 1166 2446 operatur,
1229 2365 1396 2427 sicut
1458 2382 1570 2446 per
1633 2364 1871 2426 instru-

367 2469 664 2524 mentum
710 2462 984 2537 unitum,
1015 2462 1368 2525 animatum
1405 2471 1469 2525 et
1512 2463 1869 2545 proprium,

367 2561 544 2641 quod
589 2561 846 2623 deviare
887 2579 1016 2624 non
1061 2569 1286 2643 potest.
1331 2560 1507 2623 Unde
1551 2561 1716 2624 sicut
1759 2561 1875 2623 lin-

364 2677 496 2740 gua
536 2658 767 2722 Christi
818 2658 1193 2723 movebatur
1236 2660 1314 2722 ab
1357 2658 1499 2740 ejus
1543 2660 1756 2722 anima
1794 2661 1873 2723 ad

369 2757 792 2839 loquendum,
845 2758 938 2821 sic
994 2758 1205 2820 anima
1262 2757 1402 2838 ejus
1462 2758 1528 2820 in
1576 2759 1873 2821 omnibus

366 2857 766 2938 dirigebatur
794 2877 831 2920 a
868 2857 1208 2920 Divinitate
1244 2859 1321 2920 ad
1363 2857 1870 2939 intelligendum,

363 2965 433 3018 et
458 2957 539 3018 ad
575 2964 786 3019 cetera
820 2955 1035 3020 omnia
1063 2975 1210 3038 quae
1251 2957 1515 3038 peregit.
1550 2957 1659 3018 Vel
1700 2957 1870 3038 quod

1982 1975 2153 2055 quod
2202 1991 2395 2054 opera
2439 1991 2659 2036 eorum
2710 1971 2838 2035 sint
2884 1974 3126 2046 eadem,
3168 1989 3283 2033 seu
3329 1989 3479 2053 ope-

1985 2073 2142 2134 ratio
2182 2072 2475 2134 indivisa.
2510 2071 2599 2133 Ex
2637 2089 2767 2152 quo
2805 2070 3097 2152 sequitur
3136 2071 3307 2151 quod
3347 2089 3479 2132 am-

1983 2169 2209 2232 borum
2260 2169 2343 2230 sit
2392 2188 2515 2230 una
2574 2176 2845 2250 potestas
2894 2176 2957 2230 et
3006 2187 3132 2230 una
3179 2168 3474 2230 essentia.

1981 2266 2128 2339 Quae
2188 2267 2360 2329 enim
2418 2266 2917 2330 substantialiter
2974 2266 3474 2346 distinguuntur,

1984 2366 2048 2428 in
2094 2383 2285 2448 opere
2323 2364 2861 2428 diversificantur.
2896 2364 3056 2427 Hinc
3097 2365 3339 2426 dictum
3385 2371 3479 2426 est

1984 2484 2179 2546 supra
2229 2483 2242 2526 :
2294 2463 2719 2545 Quaecumque
2779 2462 2929 2525 facit
2987 2462 3184 2538 Pater,
3237 2463 3370 2525 haec
3418 2468 3481 2524 et
3511 2478 3769 2531 mamas.

1983 2562 2179 2624 Filius
2222 2562 2517 2624 similiter
2560 2560 2731 2624 facit.

2070 2661 2307 2722 Deinde
2364 2659 2647 2722 Christus
2703 2658 2938 2721 affatur
2995 2657 3343 2740 discipulos
3412 2658 3477 2720 in

1984 2757 2329 2822 communi.
2368 2761 2515 2819 Non
2552 2758 2817 2818 creditis
2844 2756 3057 2839 (quasi
3102 2757 3267 2820 dicat
3302 2776 3316 2819 :
3352 2756 3479 2820 Hoc
3616 2765 3678 2819 Η

1985 2857 2112 2919 imo
2140 2857 2397 2918 credere
2425 2855 2699 2934 debetis)
2727 2857 2884 2935 quia
2916 2875 3027 2933 eqo
3059 2857 3130 2915 in
3162 2857 3387 2927 Patre,
3418 2865 3480 2916 et

1985 2959 2184 3018 Pater
2224 2957 2294 3016 in
2339 2975 2435 3016 me
2471 2959 2613 3016 est?
2651 2955 2942 3034 Alioqui,
2974 2953 3038 3015 id
3078 2962 3194 3028 est,
3238 2952 3292 3015 si
3337 2972 3481 3035 pro-
3615 2959 3683 3016 12

362 3055 476 3130 ait,
523 3054 573 3116 A
624 3073 724 3117 me
772 3055 916 3137 ipso
964 3074 1090 3119 non
1141 3055 1392 3137 loquor,
1443 3055 1712 3136 intelligi
1768 3074 1875 3138 po-
1910 3061 1954 3124 C
1987 3062 2124 3136 pter
2164 3053 2357 3117 verba
2399 3071 2541 3115 mea
2582 3071 2709 3115 non
2749 3051 3007 3114 creditis
3047 3051 3189 3126 hoc,
3216 3061 3481 3131 propter
3588 3055 3595 3065 ‘

365 3161 492 3216 test
531 3155 610 3216 de
653 3154 902 3217 Christo
943 3155 1296 3217 secundum
1343 3153 1767 3229 divinitatem,
1807 3161 1877 3216 ut

365 3253 452 3314 sit
489 3270 716 3315 sensus
749 3271 764 3316 ε
799 3253 852 3314 A
880 3272 983 3315 me
1019 3253 1160 3334 ipso
1197 3271 1323 3316 non
1365 3253 1614 3334 loquor,
1649 3253 1712 3315 id
1751 3260 1870 3327 est,

365 3370 406 3412 a
455 3369 558 3413 me
615 3352 759 3434 ipso
807 3369 932 3415 non
988 3350 1192 3415 habeo
1242 3358 1616 3432 potestatem
1669 3359 1732 3412 et
1781 3370 1876 3412 sa-

371 3449 682 3532 pientiam
735 3449 1038 3533 loquendi
1089 3456 1152 3510 et
1196 3450 1525 3531 operandi,
1569 3449 1874 3531 quoniam

370 3569 410 3612 a
448 3567 551 3611 me
596 3549 738 3630 ipso
778 3567 905 3611 non
950 3566 1115 3622 sum,
1159 3548 1268 3610 sed
1312 3547 1628 3630 quidquid
1673 3548 1876 3611 habeo

371 3655 439 3709 et
475 3666 644 3720 sum,
675 3646 893 3728 accepi
927 3664 1042 3728 per
1068 3646 1540 3727 generationem
1570 3653 1870 3708 aeternam

372 3765 411 3808 a
455 3744 657 3807 Patre.
703 3744 880 3807 Unde
928 3745 1224 3826 superius
1275 3743 1435 3806 dixit
1476 3762 1490 3806 :
1534 3744 1584 3804 A
1631 3763 1732 3806 me
1782 3745 1878 3826 ip—

375 3863 448 3908 so
487 3843 653 3908 facio
693 3843 878 3919 nihil,
913 3845 1025 3906 sed
1069 3843 1234 3906 sicut
1272 3842 1487 3907 docuit
1529 3861 1632 3906 me
1670 3843 1872 3920 Pater,

375 3944 514 4006 haec
556 3943 806 4025 loquor.

463 4045 668 4105 Pater
706 4051 921 4104 autem
966 4043 1037 4102 in
1076 4062 1176 4102 me
1214 4061 1506 4111 manen-3,
1538 4042 1673 4118 ipse
1709 4041 1875 4117 facil

373 4161 592 4218 opera.
651 4138 832 4202 Pater
889 4141 1122 4202 mansit
1176 4139 1241 4200 in
1303 4137 1462 4200 Filio
1519 4139 1871 4200 secundum

1982 3173 2174 3231 opera
2220 3155 2364 3230 ipsa
2411 3153 2671 3223 credite,
2718 3150 2784 3212 id
2832 3157 2947 3224 cst,
2995 3167 3073 3212 ex
3123 3150 3482 3213 considera—

1981 3253 2157 3314 tione
2204 3251 2395 3314 totius
2436 3251 2581 3313 vitae
2619 3266 2795 3323 meae,
2830 3267 3021 3330 quam
3062 3248 3238 3310 scitis
3283 3247 3483 3310 fuisse

1983 3359 2265 3413 sanctam
2310 3357 2373 3412 et
2414 3346 3065 3431 irreprehensibilem,
3109 3355 3171 3409 et
3213 3347 3483 3410 miracu-

1986 3450 2193 3512 lorum
2236 3465 2544 3520 meorum,
2581 3465 2853 3528 quorum
2894 3445 3108 3526 aliqua
3149 3452 3343 3506 totam
3396 3443 3482 3506 sa-

1985 3549 2284 3611 cultatem
2328 3554 2567 3608 naturae
2612 3546 2945 3620 excedunt,
2992 3551 3480 3626 ceterorumque

1985 3645 2372 3728 magnalium
2416 3662 2725 3716 meorum,
2760 3642 3023 3720 scilicet,
3053 3643 3224 3724 quod
3264 3642 3291 3704 l'
3298 3651 3480 3704 utura

1987 3764 2144 3829 pure
2193 3742 2623 3825 contingentia
2671 3741 3116 3824 praenuntiavi,
3161 3740 3481 3804 cordium-

1985 3863 2112 3926 que
2154 3841 2425 3906 reseravi
2469 3859 2717 3913 arcana,
2759 3838 2995 3902 credite
3034 3840 3207 3921 quod
3253 3858 3368 3920 ego
3413 3838 3477 3901 in

1984 3943 2164 4004 Patre
2209 3960 2374 4015 sum,
2426 3948 2489 4002 et
2536 3939 2643 4000 ille
2693 3938 2758 4000 in
2818 3957 2942 4012 me,
2994 3937 3081 4000 ita
3133 3939 3303 4019 quod
3350 3956 3481 4000 am—

1985 4041 2215 4104 borum
2262 4040 2343 4102 sit
2392 4057 2517 4100 una
2555 4036 2827 4099 essentia
2864 4044 2926 4098 et
2976 4043 3271 4118 potestas,
3316 4035 3483 4098 indi-

1988 4140 2251 4219 visaque
2299 4155 2513 4219 opera.
2568 4140 2801 4203 Amen,
2850 4155 3037 4195 amen
3087 4135 3230 4196 dico
3280 4136 3477 4205 vobis,

272 4241 288 4246 “
377 4247 672 4301 naturam
719 4245 1133 4319 assumptam,
1185 4237 1337 4318 quia
1389 4254 1504 4318 per
1558 4255 1871 4299 summam
1908 4239 1954 4300 l)
1984 4239 2102 4317 qui
2148 4238 2353 4296 credit
2402 4239 2470 4294 in
2526 4255 2623 4294 me
2680 4249 2794 4314 per
2851 4231 3046 4294 fidem
3106 4230 3474 4312 perfectam,

69 4555 185 4598 tbid.
203 4568 254 4606 n,
281 4555 350 4596 19.

375 4337 900 4418 singularemque
926 4337 1191 4417 gratiam
1224 4334 1532 4397 habitavit
1562 4335 1627 4396 in
1659 4354 1732 4398 eo
1763 4336 1876 4398 sic-

377 4444 451 4499 ut
499 4437 566 4498 in
617 4435 878 4517 tcmplo.
921 4435 1096 4496 Unde
1145 4434 1441 4515 superius
1488 4433 1649 4496 dixit
1697 4432 1873 4496 Chri—

377 4544 516 4599 stus
575 4537 653 4598 de
710 4550 975 4615 corpore
1033 4551 1149 4596 suo
1199 4551 1212 4596 :
1268 4531 1506 4595 Solvite
1559 4532 1870 4614 templum

377 4634 521 4698 hoc.
575 4634 786 4708 Porro,
838 4631 1188 4694 secundum
1251 4630 1389 4692 Filii
1447 4628 1868 4706 divinitatem,

375 4734 518 4815 ipse
559 4732 738 4795 Pater
775 4730 1013 4793 mansit
1049 4736 1111 4791 et
1149 4737 1362 4791 manet
1400 4729 1466 4790 in
1509 4727 1686 4806 Filio,
1720 4729 1873 4810 quia

377 4830 842 4894 invariabiliter
890 4836 1252 4910 perseverat
1289 4836 1352 4890 et
1389 4835 1482 4889 est
1527 4827 1592 4890 in
1633 4844 1708 4890 eo
1759 4846 1874 4909 per

375 4931 772 4994 identitatem
811 4935 1052 4991 naturae
1081 4936 1145 4989 et
1179 4926 1868 5001 circumincessionem,

373 5031 540 5093 sicut
585 5047 758 5091 nunc
799 5027 962 5090 dixit
1007 5026 1204 5088 Filius
1239 5044 1252 5088 :
1289 5024 1415 5106 Ego
1459 5025 1526 5086 in
1571 5024 1768 5100 Patre,
1811 5033 1876 5087 et

371 5129 555 5190 Pater
593 5128 657 5189 in
702 5144 806 5189 me
855 5133 972 5188 est.
1015 5124 1194 5187 Pater
1235 5123 1428 5204 igitur
1465 5122 1618 5187 facit
1657 5141 1870 5204 opera,

371 5228 438 5290 id
479 5234 576 5289 est
614 5225 923 5288 miracula
958 5232 1023 5287 et
1058 5231 1266 5287 cetera
1307 5222 1604 5286 universa
1642 5221 1874 5285 Christi

369 5333 552 5409 gesta
585 5343 600 5388 :
634 5333 698 5388 et
726 5323 848 5388 hoc
886 5323 1230 5406 dupliciter
1263 5341 1277 5385 ε
1313 5321 1543 5396 Prim0‚
1577 5320 1732 5403 quia
1762 5337 1878 5402 per

1983 4356 2175 4413 opera
2224 4331 2603 4394 miraculosa
2649 4351 2793 4410 φατε
2832 4349 2942 4407 890
2989 4331 3185 4410 facio,
3228 4339 3289 4390 et
3340 4331 3477 4409 ipse

1983 4435 2182 4512 faciet
2238 4429 2472 4492 similia
2528 4428 2643 4503 eis,
2697 4447 2821 4490 non
2882 4446 2997 4490 sua
3054 4427 3308 4502 virtute,
3364 4428 3472 4490 sed

1986 4550 2146 4593 mea.
2180 4529 2359 4591 Unde
2392 4527 2632 4589 Marcus
2668 4527 2758 4588 ait
2790 4545 2804 4588 ε
2838 4524 3026 4606 Signa
3060 4543 3167 4588 eos
3196 4525 3308 4607 qui
3341 4543 3476 4588 cre-
3518 4540 3766 4592 arm-mvn,

1985 4628 2265 4692 diderint
2300 4627 2435 4689 haec
2478 4633 2825 4706 sequentur
2867 4643 2881 4687 :
2922 4623 2990 4685 In
3036 4624 3293 4686 nomine
3333 4641 3476 4687 meo
3504 4603 3570 4652 ¹⁷·
3593 4605 3657 4644 ¹⁸·

1984 4725 2295 4790 daemonia
2351 4724 2631 4805 ejicient,
2683 4722 2918 4803 linguis
2976 4722 3318 4803 loquentur
3366 4741 3479 4785 no-

1984 4825 2102 4900 vis,
2158 4831 2277 4886 etc.
2331 4826 2417 4885 Et
2475 4822 2727 4899 majora
2784 4823 3017 4881 horum
3073 4821 3292 4898 faciet.
3348 4819 3477 4883 Hoc

1984 4929 2231 4988 constat
2274 4921 2338 4984 in
2390 4919 2705 5002 Apostolis
2759 4918 3200 5000 adimpletum,
3251 4918 3481 4999 quoni-

1983 5043 2083 5086 am
2127 5041 2243 5084 sua
2280 5018 2725 5102 praedicatione
2775 5018 2989 5100 plures
3030 5025 3481 5080 converterunt

1985 5139 2177 5203 quam
2219 5118 2525 5182 Christus.
2561 5116 2687 5198 Ipsi
2729 5134 2987 5197 quoque
3026 5122 3480 5178 converterunt

1985 5238 2092 5284 eos
2139 5218 2251 5300 qui
2303 5235 2419 5278 nec
2461 5218 2661 5297 legem
2713 5215 3015 5296 scriptam
3067 5222 3473 5296 receperunt.

1988 5318 2251 5392 RursuS,
2286 5314 2571 5379 Christus
2613 5313 2980 5396 praedicavit
3014 5312 3079 5375 in
3120 5331 3249 5374 una
3287 5311 3479 5395 plebe
