4300 6259
820 473 941 538 344
1638 489 1987 538 numano
2026 490 2093 537 m
2134 489 2274 538 mr.
2319 489 2388 536 111
2427 489 2703 538 somus.
2749 507 2830 521 —
2870 492 3014 538 aar.
3060 492 3103 537 x

823 663 1037 727 Dando
1066 663 1362 745 equidem
1395 662 1517 744 ipsi
1546 661 1890 744 potentiam
1922 661 2125 734 istam,
2145 661 2318 724 dedit
2351 661 2400 722 A
2425 660 2696 725 formata
2740 662 2878 725 sine
2925 680 3118 744 opere
3165 664 3447 746 proprio,
3499 683 3650 726 cum
3695 665 3924 728 merito

824 762 881 824 ei
913 762 1202 826 omnium
1243 768 1635 844 potestatem,
1672 761 1756 823 ita
1793 763 1965 842 quod
1997 760 2193 824 Filius
2224 769 2320 824 est
2428 759 2682 824 Christi.

825 861 1269 923 universorum
1323 860 1625 922 Dominus
1684 878 1799 940 per
1853 860 2314 934 auctoritatem,
2525 861 2653 928 Qui
2708 869 2924 921 autem
2983 861 3362 922 incredulus
3415 871 3506 922 est
3554 863 3730 923 Filio
3787 861 3918 936 Dei,

827 967 1050 1042 potens
1082 977 1315 1034 creare,
1349 959 1727 1034 annihilare,
1763 966 1825 1020 et
1864 959 2182 1041 quidquid
2214 978 2320 1022 vo-
2428 977 2558 1018 non
2597 959 2839 1018 videbit
2878 960 3084 1019 vitam
3131 966 3452 1034 aeternam,
3496 958 3560 1022 id
3613 967 3729 1034 est,
3763 961 3923 1022 divi-

827 1059 1018 1120 luerit
1057 1056 1286 1120 facere.
1334 1058 1638 1139 Denique,
1682 1058 2032 1119 secundum
2083 1076 2320 1120 assum·
2431 1074 2514 1116 na
2559 1055 2807 1119 visione
2867 1056 3228 1139 privabitur
3283 1065 3594 1139 quantum
3654 1060 3734 1121 ad
3793 1078 3924 1141 poe-

828 1165 998 1238 ptam
1041 1156 1496 1219 humanitatem
1540 1156 1713 1218 dedit
1759 1155 1973 1218 omnia
2012 1155 2078 1217 in
2126 1174 2318 1217 manu
2431 1173 2576 1216 nam
2607 1155 2844 1228 damni,
2876 1157 3412 1237 quemadmodum
3445 1156 3756 1239 scriptum
3785 1165 3918 1221 est:

827 1254 989 1335 ejuS,
1039 1255 1341 1336 quoniam
1389 1255 1563 1317 omni
1614 1262 1915 1317 creaturae
1974 1253 2323 1336 praeposuit
2431 1250 2711 1314 Tollatur
2759 1253 3019 1335 impiuS,
3061 1272 3142 1316 ne
3200 1253 3408 1318 videat
3461 1256 3728 1336 gloriam
3785 1256 3917 1318 Dei.
3951 1276 4208 1326 numo,
4264 1286 4265 1314 ;

586 1364 758 1408 Matth·
830 1353 1173 1428 Christum,
1216 1353 1427 1435 'prout
1485 1353 1548 1415 in
1608 1352 1891 1417 Matthaeo
1946 1354 2035 1415 ait
2094 1373 2107 1416 :
2171 1351 2322 1414 Data
2431 1351 2605 1413 Unde
2646 1360 2708 1412 et
2745 1351 2812 1414 in
2857 1351 3013 1414 Isaia
3052 1353 3320 1415 habetur
3353 1373 3366 1417 :
3399 1353 3516 1427 Qui
3554 1355 3922 1418 incredulus
3945 1340 4200 1446 ξῖῒξῇξ

536 1443 682 1482 ¹¹'¹¹'’
714 1433 780 1473 ¹⁸·
830 1460 925 1514 est
980 1452 1138 1514 mihi
1198 1453 1405 1516 omnis
1467 1460 1738 1534 potestas
1799 1453 1864 1515 in
1923 1453 2084 1516 coelo
2144 1459 2206 1514 et
2255 1451 2318 1514 in
2432 1456 2548 1522 est,
2594 1447 2943 1513 infideliter
2981 1452 3131 1532 agit.
3165 1451 3284 1514 Sed
3328 1472 3526 1535 quum
3579 1454 3707 1518 'vita
3749 1461 3928 1517 aeter-
4059 1436 4074 1446 ’
4159 1437 4210 1449 ”

829 1560 1015 1614 terra.
1050 1551 1125 1613 Ut
1172 1552 1344 1614 enim
1388 1550 1809 1614 Damascenus
1857 1561 2142 1627 testatur,
2179 1553 2322 1614 dato
2433 1567 2512 1610 na
2541 1549 2624 1610 sit
2656 1549 2815 1612 visio
2845 1549 2976 1624 Dei,
3009 1553 3328 1632 quomodo
3367 1551 3651 1615 infidelis
3691 1554 3929 1616 dicitur

808 1651 1075 1714 'Christo
1109 1651 1352 1713 homini
1393 1653 1562 1733 quod
1601 1651 1809 1732 majus
1848 1660 1963 1725 est,
1999 1651 2186 1713 etiam
2222 1651 2323 1713 da·
2435 1665 2558 1709 non
2592 1648 2848 1710 visurus
2881 1649 3077 1710 vitam
3117 1657 3440 1726 aeternam,
3475 1651 3655 1732 quasi
3701 1651 3928 1715 fideles

825 1757 961 1812 tum
1005 1756 1099 1811 est
1144 1749 1203 1812 ei
1250 1751 1421 1831 quod
1464 1749 1675 1812 minus
1716 1759 1832 1812 est.
1877 1748 2184 1822 Quoniam
2227 1767 2322 1810 er-
2433 1745 2562 1807 sint
2603 1763 2741 1807 eam
2789 1746 3034 1809 visuri?
3067 1747 3143 1809 Et
3183 1751 3720 1831 respondendum,
3755 1751 3928 1832 quod

820 1867 899 1930 go
940 1849 1154 1910 datum
1206 1856 1302 1910 est
1348 1849 1405 1910 ei
1457 1848 1788 1932 personale
1828 1867 1965 1910 esse
2003 1847 2218 1921 Verbi,
2255 1855 2321 1909 ut
2358 1838 2405 1901 B
2435 1843 2795 1906 intellectus
2840 1844 3194 1908 reflectitur
3233 1865 3427 1929 super
3467 1849 3798 1931 proprium
3829 1869 3932 1912 ac-

820 1947 908 2010 sit
943 1947 1140 2009 Filius
1182 1947 1507 2021 naturaliS,
1541 1947 1697 2028 quia
1737 1947 2099 2009 humanitas
2145 1945 2322 2009 Chri·
2430 1950 2599 2006 tum:
2623 1943 2760 2005 ideo
2787 1942 2995 2007 Sancti
3029 1945 3094 2006 in
3130 1946 3332 2027 patria
3361 1966 3537 2010 suam
3569 1947 3928 2012 beatificam

822 2047 903 2108 sti
944 2045 1233 2108 subsistit
1272 2046 1336 2108 in
1378 2047 1657 2110 increato
1697 2045 2143 2128 personalique
2182 2063 2321 2108 esse
2434 2041 2744 2105 visionem
2787 2043 3025 2119 vident,
3060 2044 3179 2106 hoc
3221 2051 3336 2120 est,
3381 2055 3791 2126 cognoscunt.
3824 2048 3932 2112 Po-

823 2144 1034 2218 Verhi,
1097 2145 1226 2208 imo
1292 2145 1505 2228 ipsum
1564 2145 1841 2206 Verbum
1900 2152 1994 2207 est
2051 2162 2322 2226 persona
2433 2147 2553 2202 test
2594 2160 2852 2224 quoque
2902 2161 3017 2224 per
3066 2143 3258 2207 vitam
3307 2150 3606 2208 aeternam
3657 2146 3927 2229 intelligi

823 2263 936 2306 seu
970 2244 1321 2326 personalis
1361 2243 1774 2306 subsistentia
1812 2250 2051 2306 naturae
2078 2263 2323 2306 assum-
2430 2229 2756 2304 beatitudo
2791 2240 3143 2322 objectaliS,
3185 2261 3330 2323 quae
3371 2251 3466 2305 est
3503 2244 3690 2326 DeuS,
3733 2265 3924 2327 quem

828 2349 991 2424 ptae3
1044 2343 1188 2406 ideo
1246 2343 1463 2405 datum
1520 2351 1617 2404 est
1674 2342 1733 2404 ei
1791 2342 2091 2430 omnibus
2149 2361 2324 2404 crea·
2432 2337 2745 2401 increduli
2787 2357 2911 2401 non
2959 2338 3268 2402 videbunt
3312 2357 3425 2423 per
3463 2343 3764 2424 speciem.
3797 2347 3932 2407 Sed

827 2441 989 2504 turis
1035 2441 1374 2524 praesidere
1410 2460 1489 2504 ac
1531 2439 1866 2505 dominari.
1902 2477 1977 2486 —
2016 2440 2137 2504 Sed
2176 2459 2325 2504 con·
2433 2438 2538 2496 ira
2567 2439 2712 2508 Dei,
2745 2439 2808 2500 id
2841 2445 2936 2500 est
2961 2439 3133 2518 ,iusta
3162 2440 3461 2515 vindicta,
3497 2453 3710 2504 manet
3737 2463 3932 2521 super

830 2547 924 2600 tra
988 2539 1108 2602 hoe
1165 2539 1417 2602 videtur
1475 2557 1614 2601 esse
1681 2538 1839 2600 illud
1897 2538 2180 2620 Apostoli
2245 2539 2321 2600 ad
2433 2555 2607 2605 eum,
2660 2535 2724 2598 id
2781 2544 2898 2609 est,
2949 2545 3248 2600 aeternam
3307 2538 3775 2604 damnationem
3835 2540 3930 2602 in-

533 2646 677 2690 Ησον.
698 2650 798 2700 ms.
828 2635 1121 2700 Hebraeos
1155 2655 1170 2700 :
1203 2636 1496 2700 Nondum
1530 2637 1819 2700 videmus
1849 2637 2063 2699 omnia
2092 2637 2149 2698 ei
2184 2637 2324 2699 sub·
2434 2642 2646 2695 curret
2693 2642 3004 2716 quantum
3054 2637 3132 2698 ad
3191 2653 3445 2719 poenam
3494 2639 3732 2702 damni.
3786 2639 3928 2703 Om-
4270 2658 4271 2728 ξ

825 2734 1011 2816 jecta.
1046 2734 1417 2807 Dicendum,
1460 2736 1631 2816 quod
1670 2736 1953 2797 nondum
1998 2743 2147 2797 sunt
2189 2754 2324 2798 om-
2434 2751 2546 2794 nes
2574 2734 2858 2814 quidem,
2895 2741 3050 2796 teste
3087 2735 3406 2817 Apostolo,
3441 2739 3766 2801 nascimur
3801 2739 3922 2803 filii
3953 2761 4207 2818 epham.
4270 2739 4271 2788 l

828 2833 933 2895 nia
973 2833 1217 2896 Christo
1256 2833 1499 2897 homini
1540 2832 1847 2913 subjecta,
1890 2840 2201 2914 quantum
2244 2834 2320 2895 ad
2435 2830 2564 2894 irae.
2599 2831 2716 2894 Sed
2759 2832 2852 2893 ira
2892 2831 2996 2895 Dei
3037 2853 3164 2896 non
3209 2843 3421 2898 manet
3463 2856 3658 2920 super
3691 2839 3924 2903 electos

828 2951 959 2994 suae
991 2931 1314 3013 potestatis
1359 2931 1702 3012 plenariam
1744 2932 2217 2995 exsecutionem
2260 2939 2323 2994 et
2433 2938 2624 3011 atque
2660 2929 2906 2992 fideles.
2941 2930 3146 3013 Super
3184 2931 3476 2996 infideles
3517 2954 3668 2999 vcro
3705 2937 3772 3000 in
3811 2957 3926 3000 sua

828 3030 1255 3092 universalem
1284 3029 1884 3111 manifestationem3
1919 3032 2028 3093 sed
2059 3032 2180 3094 hoc
2209 3029 2324 3092 fiet
2361 3028 2404 3091 C
2435 3026 2705 3110 perfidia
2762 3030 3192 3110 persistenteS,
3245 3030 3382 3093 sine
3437 3031 3570 3095 fine
3617 3035 3920 3099 manebit.

534 3145 797 3200 12.m,2s.
829 3128 895 3190 in
952 3128 1055 3190 die
1109 3127 1355 3208 judicii,
1408 3130 1663 3210 quando
1720 3129 1797 3191 ad
1857 3147 2003 3190 eum
2063 3131 2324 3192 venient
2431 3127 2609 3189 Unde
2639 3127 2704 3189 in
2735 3127 3112 3209 Apocalypsi
3146 3128 3792 3196 inducitur2Timidis
3821 3154 3926 3196 au·
3974 3167 4202 3221 Apum,
4272 3118 4273 3204 l

825 3235 888 3289 et
918 3225 1389 3290 confundentur
1425 3245 1646 3290 omnes
1684 3227 1795 3309 qui
1838 3234 2196 3309 repugnant
2237 3227 2318 3302 ei,
2433 3231 2585 3300 tem,
2620 3232 2682 3286 et
2712 3224 3079 3301 increduliS,
3117 3234 3181 3288 et
3207 3229 3568 3305 exsecratis,
3603 3250 3750 3312 pars
3788 3233 3928 3296 illo-
3955 3231 3996 3271 ⁸·

826 3333 896 3387 ut
936 3325 1125 3388 isaias
1168 3325 1343 3388 dicit.
2437 3342 2578 3385 rum
2611 3323 2732 3385 erit
2761 3323 2826 3384 in
2861 3331 3080 3404 stagno
3108 3326 3352 3388 ardenti
3387 3327 3532 3408 igne
3561 3338 3625 3391 et
3655 3329 3920 3393 sulfure.

903 3423 1018 3487 Per
1071 3424 1190 3488 hoc
1247 3424 1461 3506 itaque
1522 3423 1701 3487 Pater
1758 3424 1933 3486 dedit
1978 3424 2195 3486 omnia
2254 3424 2319 3486 in
2511 3421 2601 3483 Ex
2642 3422 3050 3504 praeinductis
3091 3423 3302 3487 verbis
3345 3433 3408 3487 et
3448 3425 3632 3490 factis
3668 3428 3924 3493 Ioannis

824 3541 1015 3585 manu
1069 3522 1210 3585 Filii
1262 3524 1615 3585 secundum
1664 3541 1845 3585 suam
1894 3522 2315 3598 divinitatem,
2432 3519 2754 3584 moraliter
2799 3522 3160 3596 edocemur,
3216 3541 3296 3584 ne
3342 3524 3602 3606 indigne
3649 3525 3924 3591 feramus

823 3622 994 3702 quod
1034 3622 1256 3702 genuit
1297 3621 1525 3683 Filium
1572 3621 1695 3683 sibi
1740 3621 2072 3703 aequalem,
2106 3620 2323 3683 Omni·
2430 3621 2582 3682 dum
2629 3619 2738 3681 alii
2791 3619 2973 3681 nobis
3022 3619 3468 3702 praeferuntur,
3509 3625 3747 3706 quibus
3795 3647 3927 3690 ma-

825 3728 1047 3803 potens
1085 3721 1607 3803 omnipotentem,
1656 3727 1727 3782 ut
1767 3719 1975 3802 qualis
2016 3727 2079 3781 et
2119 3738 2322 3800 quan-
2426 3717 2595 3799 jores
2625 3718 3127 3798 aestimabamur3
3171 3738 3286 3782 nec
3325 3721 3569 3804 aliquid
3607 3723 3757 3788 boni
3790 3746 3926 3809 pro-

823 3827 927 3880 tus
966 3826 1061 3880 est
1091 3818 1288 3894 Pater,
1322 3818 1467 3881 talis
1506 3838 1578 3881 ac
1618 3824 1827 3881 tantus
1868 3817 1949 3879 sit
1982 3817 2199 3892 Filius,
2235 3818 2321 3879 ita
2431 3816 2588 3898 priis
2640 3815 2886 3880 viribus
2934 3815 3392 3894 adscribamus,
3439 3821 3592 3902 quia
3639 3842 3766 3887 non
3813 3845 3924 3907 po-
3963 3857 4202 3906 mmm,

825 3917 995 3998 quod
1057 3918 1227 3994 dare,
1273 3917 1446 3980 aliud
1507 3935 1634 3980 non
1696 3915 1819 3978 fuit
1878 3935 2071 3998 quam
2130 3933 2323 3997 gene-
2429 3922 2551 3976 test
2589 3915 2778 3977 homo
2818 3913 3051 3976 habere
3083 3916 3180 3978 vel
3212 3917 3502 4000 accipere
3542 3920 3916 4004 quidquam,
3953 3924 4020 3963 ¹¹·

829 4032 987 4076 rare.
2430 4013 2553 4075 nisi
2587 4012 2781 4075 fuerit
2811 4012 2868 4074 ei
2901 4014 3117 4075 datum
3148 4016 3225 4077 de
3260 4017 3441 4080 coelo.
3467 4017 3638 4082 Patet
3663 4039 3922 4104 quoque

622 4111 695 4166 36
939 4115 1067 4183 Qui
1122 4116 1325 4175 credit
1380 4116 1453 4176 in
1510 4115 1789 4184 Filium,
1835 4112 1967 4175 fide
2024 4111 2314 4188 formata,
2428 4129 2506 4174 ex
2559 4111 2658 4174 his
2706 4118 2944 4194 quanta
2988 4111 3071 4173 sit
3112 4113 3424 4179 certitudo
3470 4116 3622 4179 fidei
3673 4119 3924 4182 christi-

828 4213 1257 4292 perseveranti
1315 4220 1377 4274 et
1432 4211 1806 4294 operatoria,
1867 4213 2053 4273 habet
2112 4213 2318 4273 vitam
2349 4210 2398 4270 D
2427 4230 2584 4285 anae,
2619 4229 2762 4292 quae
2803 4212 2942 4273 data
2983 4219 3078 4272 est
3113 4210 3195 4273 ab
3235 4213 3562 4295 unigenito
3591 4215 3750 4282 Filio
3788 4219 3918 4294 Dei,

823 4321 1155 4383 aeternam,
1206 4311 1270 4374 id
1318 4319 1412 4373 est
1470 4311 1929 4374 beatitudinem
1980 4310 2316 4392 sempiter-
2427 4309 2538 4391 qui
2601 4329 2725 4372 non
2773 4309 2897 4370 alia
2947 4309 3131 4371 nobis
3192 4313 3470 4376 narravit
3526 4334 3720 4397 quam
3780 4336 3922 4399 quae

824 4428 993 4484 nam,
1028 4429 1201 4473 nunc
1250 4411 1315 4472 in
1364 4427 1499 4492 spe,
1536 4409 1601 4472 in
1650 4409 1878 4472 merito
1926 4416 1988 4470 et
2036 4409 2103 4470 in
2155 4409 2319 4471 radi·
2427 4409 2586 4472 vidit
2626 4409 2690 4470 in
2731 4407 2908 4469 Patre
2948 4415 3009 4468 et
3046 4408 3290 4472 audivit
3331 4411 3412 4473 ab
3456 4431 3550 4475 eo.
3587 4412 3921 4497 Propterea

820 4526 913 4570 ce.
956 4507 1089 4572 Non
1140 4508 1312 4571 enim
1362 4507 1637 4570 inaniter
1683 4526 1822 4569 eam
1874 4507 2312 4588 praestolatur3
2427 4507 2627 4570 multo
2683 4505 3106 4570 damnabilius
3165 4516 3256 4570 est
3317 4528 3442 4572 non
3503 4512 3788 4595 recipere
3833 4515 3918 4576 le-

818 4608 926 4670 sed
978 4606 1166 4670 habet
1215 4627 1469 4670 causam
1515 4605 1909 4688 adipiscendi
1960 4624 2121 4680 eam,
2168 4625 2314 4687 quae
2422 4623 2566 4687 gem
2607 4605 3056 4686 evangelicam,
3091 4622 3282 4686 quam
3328 4607 3452 4670 fuit
3489 4629 3615 4673 non
3660 4614 3914 4676 credere

816 4714 908 4769 est
956 4706 1120 4769 actio
1166 4707 1333 4769 bona
1380 4724 1457 4768 ex
1505 4705 1763 4768 caritate
1818 4705 2191 4786 procedenS,
2245 4704 2310 4766 in
2423 4704 2546 4785 legi
2593 4703 2892 4777 Mosaicae,
2946 4710 3132 4784 prout
3185 4707 3262 4768 ad
3310 4705 3602 4772 Hebraeos
3661 4710 3909 4792 plenius
3933 4737 4078 4780 near.
4102 4750 4130 4786 ι,
4149 4749 4188 4777 n.

814 4804 1068 4867 adultis.
1119 4804 1187 4866 ln
1238 4803 1591 4866 infantibus
1642 4821 1793 4866 vero
1850 4802 2095 4865 sufficit
2147 4802 2311 4866 fides
2422 4804 2603 4867 docet
2645 4801 3003 4884 ApostoluS.
