4300 6259
810 457 933 524 362

1612 478 1964 526 malumno
2005 479 2069 525 m
2110 479 2249 526 GAP.
2294 479 2335 525 V
2375 473 2650 526 soANle.
2697 499 2778 510 —
2816 481 2958 528 ΛΒΤ.
3004 481 3114 528 xm

814 657 923 709 tur
952 670 1122 729 aqua
1166 650 1247 712 ab
1288 650 1547 730 angele,
1569 658 1744 716 motu
1781 649 1932 714 forti
1970 669 2043 712 ac
2085 649 2310 713 turbu·
2335 650 2387 711 A
2411 651 2620 714 omnis
2668 653 3063 737 quicumque
3113 662 3500 720 sacramenta
3548 655 3669 718 ista
3715 654 3902 736 digne

815 747 1007 821 lento,
1044 748 1129 810 ita
1169 750 1341 831 quod
1380 757 1623 812 certum
1664 749 1788 812 fuit
1836 757 2078 812 motum
2119 749 2302 812 illum

814 845 894 908 ab
924 846 1147 927 angelo
1189 847 1452 924 factum,
1487 868 1612 912 non
1652 869 1689 912 a
1728 857 1937 923 vento,
1972 848 2073 911 vel
2118 867 2308 911 causa

816 945 1109 1008 naturali.
1160 945 1235 1009 Et
1291 947 1593 1028 quoniam
1643 948 1799 1011 hora
1852 947 2154 1028 angelicae
2202 949 2307 1010 de-

816 1045 1165 1108 scensionis
1188 1045 1320 1108 fuit
1352 1047 1611 1121 incerta,
1647 1048 1787 1110 ideo
1816 1047 2097 1127 languidi
2138 1046 2306 1126 jace·

813 1143 967 1207 bant
998 1144 1086 1207 ibi
1118 1145 1441 1220 continuo,
1475 1146 1657 1227 quasi
1698 1163 1950 1228 semper
1988 1146 2211 1228 parati,
2245 1153 2309 1208 et

810 1251 1099 1326 optantes
1130 1263 1197 1306 se
1229 1245 1503 1307 invicem
1537 1246 1887 1327 praevenire
1916 1245 1983 1307 in
2016 1245 2306 1325 ingressu

816 1343 1099 1425 piscinae.
1134 1343 1329 1425 Cujus
1389 1344 1545 1407 ratio
1584 1343 1983 1407 subinfertur
2016 1363 2029 1406 :
2066 1347 2150 1406 Et
2189 1345 2307 1424 qui

808 1443 998 1517 prior
1024 1444 1433 1504 descendebat
1464 1445 1538 1504 in
1557 1445 1886 1520 piscinam
1912 1454 2053 1520 post
2084 1445 2306 1503 motio-

818 1559 958 1600 nem
1008 1561 1244 1620 aquoe:
1277 1540 1522 1622 piscina
1571 1541 1695 1603 dici
1748 1549 1973 1623 potest,
2018 1540 2116 1603 vel
2170 1540 2308 1622 ipsa

814 1657 1000 1720 aqua,
1036 1639 1133 1701 vel
1185 1638 1657 1720 receptaculum
1704 1658 1921 1720 aquae3
1961 1659 2160 1700 sanus
2201 1643 2309 1715 fie-

816 1739 923 1798 bat
947 1758 987 1796 a
1016 1758 1419 1817 quacumque
1458 1719 1867 1799 detinebatur
1896 1739 2302 1815 infirmitate,

2415 752 2788 833 susceperit.

2493 853 2661 911 Erat
2698 861 2914 913 autem
2961 855 3233 932 quidam
3271 856 3454 914 homo
3501 855 3594 913 ibi
3631 855 3904 930 triyinta
4057 866 4098 920 5

2413 956 2473 1008 et
2509 958 2642 1008 octo
2683 970 2886 1010 annos
2932 953 3166 1012 liabens
3205 953 3279 1012 in
3326 953 3714 1028 infirmitate
3759 972 3898 1012 sua.

2409 1043 2670 1127 Species
2710 1046 2902 1129 hujus
2943 1047 3334 1111 infirmitatis
3373 1067 3498 1112 non
3531 1049 3904 1131 explicatur,

2416 1145 2526 1207 sed
2575 1145 2855 1208 creditur
2902 1146 3102 1210 fuisse
3148 1147 3474 1230 paralysiS,
3519 1167 3667 1210 nam
3715 1149 3904 1213 homo

2417 1245 2536 1306 iste
2575 1244 2824 1325 jacebat
2864 1245 2928 1307 in
2971 1246 3156 1310 lecto.
3191 1250 3387 1309 Hunc
3413 1268 3615 1327 quum
3645 1248 3906 1310 vidisset
4057 1260 4098 1315 6

2413 1347 2596 1405 Jesus
2631 1345 2816 1408 oculo
2853 1346 3188 1427 corporali,
3223 1355 3286 1408 et
3323 1345 3779 1427 compassionis
3814 1345 3907 1408 af-

2418 1440 2653 1515 fectu‚*
2697 1453 2758 1504 et
2803 1447 3190 1522 cognovisset
3234 1447 3394 1525 quia
3426 1447 3578 1523 jam
3626 1450 3906 1506 multum
3975 1465 3996 1482 ·
4026 1461 4198 1520 [jam-

2419 1551 2666 1620 tempus
2692 1546 2968 1616 haberet,
3003 1545 3067 1608 id
3105 1553 3220 1619 est,
3255 1545 3365 1608 diu
3409 1544 3770 1607 infirmatus
3807 1544 3910 1607 fu·
3935 1530 4070 1583 '²⁸¹3

2417 1642 2570 1704 isset
2603 1661 2617 1705 :
2652 1642 2773 1706 hoc
2813 1643 2984 1705 enim
3030 1643 3208 1706 Jesus
3259 1644 3324 1706 in
3374 1662 3440 1706 se
3483 1643 3622 1726 ipso
3659 1663 3698 1706 a
3737 1645 3911 1726 prin-

2419 1741 2588 1822 cipio
2656 1761 2784 1804 suae
2857 1742 3309 1805 incarnationis
3378 1743 3672 1824 cognovit
3735 1743 3910 1805 futu·

815 1835 1175 1898 efficienter
1214 1844 1276 1898 et
1327 1836 1764 1918 principaliter
1804 1856 1841 1898 a
1868 1836 2008 1912 Dee,
2046 1836 2145 1898 cui
2190 1836 2305 1899 soli
2345 1835 2392 1898 B
2420 1859 2578 1914 rum,
2623 1841 2794 1921 quod
2836 1860 3008 1903 nunc
3047 1841 3208 1903 vidit
3253 1841 3318 1902 in
3365 1841 3700 1922 praesenti3
3749 1842 3912 1902 dicit

816 1936 1120 2017 competit
1158 1954 1195 1996 a
1238 1935 1524 2018 qualibet
1573 1935 2003 1999 invaletudine
2052 1936 2311 2017 propria

820 2034 1053 2097 virtute
1096 2034 1387 2108 liberare,
1423 2034 1990 2096 instrumentaliter
2038 2052 2189 2097 vero
2229 2034 2308 2096 ab

816 2134 1061 2214 angelo,
1104 2132 1475 2215 dispositive
1530 2140 1742 2195 autem
1799 2132 1877 2195 ab
1928 2152 2112 2214 aqua,
2167 2152 2310 2214 quae

818 2250 895 2294 ex
936 2234 1243 2295 descensu
1287 2232 1692 2314 motioneque
1720 2232 1927 2312 angeli
1966 2233 2306 2313 quamdam

819 2332 1200 2395 sortiebatur
1240 2329 1596 2394 efficaciam
1638 2333 1716 2394 ad
1760 2332 2134 2393 curandum.

897 2431 1017 2494 Sed
1050 2449 1166 2492 cur
1195 2429 1497 2494 Dominus
1528 2437 1765 2491 tantam
1800 2430 2218 2492 reverentiam
2249 2437 2311 2490 et

819 2531 1119 2595 virtutem
1153 2530 1421 2592 contulit
1460 2529 1611 2591 huic
1648 2533 1867 2610 aquae‘t
1909 2530 2000 2592 Ad
2040 2529 2162 2592 hoc
2200 2529 2314 2591 ali-

788 2629 929 2710 ·qui
972 2629 1212 2704 dicunt,
1256 2629 1427 2709 quod
1470 2635 1727 2710 propter
1766 2627 2011 2707 lignum
2050 2627 2314 2690 domini-

576 4324 651 4366 Ps.
682 4337 794 4374 xxxi,

532 4389 590 4437 5;
642 4387 776 4430 Pron.

536 4463 675 4500 xxviii,
702 4453 768 4493 1³.

590 4717 651 4761 Is.
676 4732 733 4764 ix.
754 4721 795 4769 0,

528 4782 653 4836 juxta
666 4779 783 4824 Lxx.

820 2747 909 2790 cae
956 2728 1185 2800 cruciS,
1242 2728 1412 2808 quod
1472 2727 1536 2787 in
1598 2744 1670 2788 ea
1730 2733 1976 2788 natasse
2032 2733 2097 2788 et
2144 2726 2313 2788 circa

820 2827 1177 2910 passionem
1210 2835 1494 2888 enatasse
1522 2824 1869 2888 affirmant.
1902 2825 2024 2888 Alii
2067 2826 2308 2899 dicunt,

818 2927 989 3008 quod
1037 2927 1115 2988 ad
1172 2924 1711 3007 praefigurandum
1761 2925 2061 2987 virtutem
2108 2925 2315 3007 Bapti-

2417 1940 2480 1998 ei
2507 1959 2530 1998 .·
2565 1941 2662 2001 Vis
2699 1959 2897 2000 sanus
2933 1943 3134 2016 fieri?
3179 1939 3432 2003 Certum
3481 1947 3576 2002 est
3619 1940 3792 2021 quod
3837 1940 3914 2002 il-

2421 2037 2480 2099 la
2525 2038 2794 2118 quaestio
2841 2057 2964 2100 non
3017 2039 3325 2120 processit
3375 2057 3452 2100 ex
3501 2039 3907 2120 ignorantia:

2421 2136 2550 2198 imo
2596 2136 2991 2217 quicumque
3038 2135 3202 2198 alius
3251 2138 3415 2200 scire
3463 2138 3692 2219 potuit,
3741 2138 3912 2219 quod

2419 2251 2640 2299 omnes
2682 2234 2770 2296 ibi
2818 2234 3099 2316 jacentes
3140 2242 3203 2297 et
3240 2254 3422 2317 aquae
3470 2241 3713 2298 motum
3759 2253 3914 2317 prae-

2421 2333 2742 2407 stolanteS,
2795 2332 3140 2414 cupiebant
3196 2333 3424 2395 sanari.
3483 2331 3605 2396 Sed
3663 2332 3908 2415 quaerit,

2424 2441 2494 2494 ut
2541 2432 2606 2493 in
2658 2449 2823 2513 aegro
2870 2432 3260 2495 desiderium
3311 2432 3692 2515 recipienda}
3740 2451 3915 2494 cura-

2421 2530 2612 2594 tionis
2657 2538 2975 2612 provocet,
3019 2531 3238 2612 sicque
3280 2531 3532 2612 dignior
3569 2531 3653 2594 sit
3694 2532 3772 2594 ad
3811 2531 3916 2594 be-

2425 2628 2730 2692 neficium
2795 2629 3080 2692 sanitatis
3153 2631 3560 2692 sumendum.
3634 2628 3916 2711 Denique

2425 2727 2783 2810 specialiter
2833 2728 3006 2791 hunc
3064 2747 3265 2790 unum
3321 2727 3555 2790 affatur
3605 2735 3667 2790 et
3716 2737 3912 2802 curat,

2423 2826 2576 2908 quia
2615 2826 3038 2889 miserabilior
3067 2826 3212 2901 fuit,
3245 2834 3309 2888 et
3335 2826 3463 2907 jam
3498 2845 3614 2908 pro
3644 2826 3916 2908 peccatis

2424 2925 2556 2987 suis
2598 2925 2964 3005 longissima
3001 2924 3289 2989 molestia
3316 2923 3522 2986 fuerat
3557 2925 3910 3006 castigatus.

820 3024 1038 3088 smatis
1070 3024 1299 3087 Christi
1331 3032 1483 3086 tunc
1524 3023 2036 3106 propinquantis,
2074 3024 2138 3085 in
2185 3043 2314 3105 quo
2351 3023 2394 3086 C
2422 3025 2565 3087 Ideo
2606 3023 2906 3087 Dominus
2947 3023 3060 3104 qui
3093 3023 3470 3098 vulneravit,
3503 3024 3826 3102 medetur3
3857 3031 3920 3085 et
3955 3044 4052 3088 ³00
4071 3047 4196 3093 ωε.

818 3123 1030 3188 omnis
1078 3122 1188 3204 qui
1239 3121 1656 3197 descenderit,
1705 3122 1785 3184 ab
1834 3122 2007 3185 omni
2057 3130 2312 3203 peccato

824 3229 1151 3305 purgatur.
1184 3220 1450 3294 Quidam
1483 3239 1631 3284 vero
1672 3220 1914 3294 dicunt,
1956 3221 2125 3301 quod
2171 3239 2314 3302 pro-

823 3331 963 3404 pter
1000 3321 1367 3400 dignitatem
1409 3318 1705 3400 legalium
1748 3318 2121 3393 hostiarum,
2169 3338 2313 3400 quae

801 3421 911 3484 ‚ibi
952 3420 1345 3494 lavabantur,
1379 3427 1441 3481 et
1490 3418 1841 3501 praesertim
1890 3418 1954 3481 in
1999 3427 2312 3500 quantum

822 3519 1043 3583 hostiae
1074 3519 1199 3581 illae
1228 3517 1724 3582 immolationem
1756 3517 1985 3581 Christi
2028 3518 2091 3580 in
2126 3535 2315 3580 cruce

824 3617 1335 3702 praefigurabant,
1374 3635 1485 3698 per
1514 3637 1705 3698 quam
1736 3625 1939 3680 totum
1967 3635 2170 3697 genus
2199 3616 2316 3678 hu-

824 3736 1085 3780 manum
1117 3717 1517 3797 redemptum
1556 3724 1673 3777 est.
1707 3715 1854 3778 Mihi
1888 3716 2139 3779 videtur
2170 3734 2317 3778 con-

826 3815 1155 3879 venienter
1207 3814 1356 3888 dici,
1410 3815 1579 3894 quod
1624 3813 1785 3875 Deus
1841 3833 1917 3876 ex
1972 3834 2085 3877 sua
2136 3814 2317 3876 mise-

824 3913 1115 3987 ricordia,
1177 3920 1436 3994 propter
1493 3913 1823 3994 praedictos
1882 3910 2176 3977 infirmos
2243 3932 2315 3974 ac

826 4012 1047 4092 inopes
1090 4010 1242 4072 fecit
1284 4011 1446 4072 hanc
1487 4011 1775 4090 gratiam.

903 4109 1177 4192 Mystice,
1231 4125 1345 4190 per
1396 4108 1705 4189 piscinam
1765 4108 2117 4188 intelligere
2176 4127 2319 4190 pos-

2423 3123 2535 3205 qui.
2586 3123 2919 3205 percussit,
2963 3123 3172 3185 denuo
3221 3129 3419 3184 sanat.
3453 3121 3774 3204 Scriptum
3825 3129 3921 3183 est
3947 3143 4210 3188 omanus.

2423 3222 2595 3284 enim
2646 3222 2712 3283 in
2758 3221 2952 3285 Tobia
2985 3238 2998 3282 :
3033 3219 3239 3293 Quum
3289 3221 3484 3282 iratus
3534 3219 3757 3295 fueriS,
3800 3219 3920 3282 mi·
3947 3209 4118 3314 ³²34„
4151 3273 4206 3310 η

2425 3320 2832 3383 sericordiam
2881 3318 3098 3381 facies.
3138 3317 3612 3398 Longanimiter
3659 3335 3810 3399 ergo
3855 3325 3922 3380 et
4123 3301 4135 3318 ’

2425 3419 2736 3501 patienter
2765 3425 2858 3479 est
2887 3416 3257 3480 sustinenda
3286 3416 3609 3497 castigatio
3638 3416 3766 3488 Dei,
3792 3415 3918 3478 imo

2423 3517 2632 3581 omnis
2674 3516 2963 3580 molestia
3000 3515 3283 3598 corporis
3327 3523 3517 3596 atque
3555 3515 3918 3588 adversitaS,

2420 3616 2602 3698 juxta
2648 3616 2820 3696 quod
2869 3614 3179 3696 scriptum
3229 3621 3324 3676 est
3363 3614 3428 3676 in
3471 3613 3686 3676 Judith
3732 3631 3745 3675 :
3786 3612 3919 3675 Non
3951 3633 4208 3678 suanum.

2427 3713 2811 3778 ulciscamur
2841 3730 2954 3775 nos
2989 3730 3104 3794 pro
3134 3711 3234 3774 his
3265 3730 3410 3793 quae
3449 3711 3770 3793 patimur;
3813 3711 3924 3772 sed
3953 3700 4020 3746 ²⁶·
4043 3698 4112 3738 ²⁷·

2427 3821 2793 3895 reputantes
2838 3810 3112 3892 peccatis
3158 3809 3391 3873 nostris
3436 3810 3568 3872 haec
3605 3808 3744 3891 ipsa
3783 3827 3928 3890 sup-

2429 3911 2622 3996 plicia
2662 3910 2911 3974 minora
2945 3927 3104 3984 esse,
3139 3908 3393 3991 flagella
3435 3908 3705 3983 Domini,
3741 3907 3924 3989 quasi

2429 4009 2596 4074 servi
2655 4009 2768 4090 qui
2826 4008 3232 4090 corripimur,
3282 4009 3361 4070 ad
3416 4007 3925 4070 emendationem

2428 4119 2492 4172 et
2539 4127 2666 4171 non
2709 4108 2788 4170 ad
2835 4106 3257 4189 perditionem
3307 4113 3587 4170 nostram
3635 4105 3928 4168 evenisse

826 4227 1047 4271 sumus
1086 4207 1328 4270 fontem
1368 4205 1787 4288 BaptismatiS,
1822 4206 1921 4268 vel
1965 4225 2321 4269 sacramen·
2347 4203 2400 4268 D
2431 4208 2784 4271 credamus.

824 4313 962 4368 tum
1000 4303 1449 4376 Confessionis,
1484 4304 1548 4365 in
1589 4322 1717 4384 qua
1752 4303 1966 4366 omnia
2004 4304 2316 4379 lavantur,

826 4405 923 4468 vel
973 4403 1418 4486 quotidianum
1477 4402 1866 4484 baptismum
1915 4402 2322 4465 lacrimarum

826 4511 1226 4582 sanctarum3
1279 4521 1393 4584 per
1449 4503 1823 4565 descensum
1882 4520 2031 4564 vero
2088 4502 2319 4582 angeli,

824 4603 1255 4685 operationem
1312 4609 1376 4663 et
1433 4599 1835 4663 influentiam
1894 4600 2148 4675 Christi,
2210 4600 2323 4681 qui

825 4709 920 4763 est
961 4700 1173 4782 magni
1212 4698 1463 4763 consilii
1506 4698 1790 4779 angelus,
1824 4706 1888 4760 et
1930 4699 1993 4761 in
2035 4699 2327 4780 quolibet

830 4799 1021 4861 trium
1055 4799 1499 4880 praedictorum
1535 4796 1970 4878 principaliter
2000 4805 2322 4879 operatur,

829 4898 1088 4978 vimque
1137 4896 1400 4959 curandi
1450 4895 1734 4976 largitur.
1778 4893 1897 4956 Sed
1948 4893 2154 4976 figura
2197 4914 2326 4959 non

828 4998 1195 5077 adaequatur
1242 4993 1539 5076 figurato.
1582 4993 1820 5057 ldcirco
1868 4993 2154 5057 Christus
2202 4994 2331 5074 agit

833 5094 896 5156 in
954 5094 1273 5177 Baptismo
1330 5099 1393 5155 et
1450 5090 1880 5166 Confessionc,
1934 5111 2060 5155 non
2120 5092 2328 5156 solum

834 5212 1021 5275 saepe,
1065 5195 1174 5258 sed
1224 5191 1659 5257 indesinenter
1697 5190 2023 5273 quotidie;
2069 5208 2186 5253 nec
2235 5209 2332 5254 so-

834 5294 986 5373 luni
1016 5302 1272 5355 curatur
1320 5311 1511 5368 unus„
1556 5291 1853 5355 videlicet
1898 5291 2170 5374 primuS,
2221 5292 2332 5354 sed

2511 4305 2864 4382 Respondit
2910 4303 2972 4362 ei
3021 4303 3376 4380 languidus
3417 4323 3441 4362 .·
3480 4305 3773 4364 Domine.
3813 4301 3930 4366 Vo-
4067 4318 4102 4372 '1

2431 4413 2531 4468 cat
2582 4403 2800 4464 Jesum
2857 4400 3214 4474 Dominum,
3268 4400 3448 4482 quasi
3502 4399 3928 4463 venerabilem

2435 4503 2644 4566 virum
2675 4520 2691 4582 3
2744 4501 2854 4562 sed
2902 4498 3075 4561 aliud
3117 4498 3278 4560 nihil
3329 4497 3515 4561 scivit
3553 4499 3631 4561 de
3667 4517 3766 4561 eo.
3801 4501 3932 4560 Ηο-

2437 4603 2676 4663 minem
2724 4597 3106 4661 servientem
3165 4614 3276 4658 seu
3333 4595 3740 4678 adjuvantem
3802 4617 3927 4657 non

2434 4702 2651 4770 habea,
2685 4706 2759 4758 ut
2796 4717 2997 4777 quum
3045 4697 3328 4765 turbata,
3367 4695 3431 4757 id
3481 4703 3574 4756 est
3623 4692 3702 4756 ab
3745 4711 3932 4774 ange-

2437 4799 2496 4861 lo
2548 4796 2956 4859 vehementer
3014 4811 3320 4856 concussa
3367 4799 3429 4854 et
3486 4799 3676 4866 mota,
3727 4793 3931 4869 fuerit

2437 4916 2633 4976 aqua,
2683 4895 2924 4962 mittat,
2975 4891 3040 4954 id
3093 4898 3208 4966 est,
3259 4899 3406 4954 ante
3460 4890 3617 4954 alios
3669 4889 3928 4965 deferat,

2440 5015 2538 5055 me
2587 4994 2660 5054 in
2703 4994 3034 5072 piscinam
3072 5011 3095 5050 .·
3136 4992 3299 5050 dum
3347 4992 3532 5050 venio
3577 4991 3755 5051 enim
3795 5011 3930 5069 390,

2439 5092 2552 5174 qui
2589 5109 2720 5173 prae
2749 5090 3050 5170 languore
3079 5087 3205 5151 cito
3245 5087 3337 5149 ire
3363 5084 3496 5151 'non
3527 5086 3728 5160 valeo,
3762 5088 3932 5149 alius

2441 5190 2779 5272 languidus
2826 5196 2977 5248 ante
3037 5206 3131 5247 me
3177 5188 3503 5248 descendit
3550 5185 3616 5247 in
3675 5204 3925 5269 aquam.

2444 5291 2620 5352 Dicit
2665 5289 2728 5348 ei
2771 5291 2981 5357 Iesus,
3029 5285 3215 5367 cujus
3265 5284 3476 5347 dicere
3521 5291 3617 5346 est
3652 5283 3862 5348 facere
3909 5301 3924 5346 ε
4055 5285 4091 5339 8
