4300 6259
596 774 692 818 Jer.
715 788 772 825 xi,
795 776 862 818 19.

599 1274 764 1317 Joann.
777 1287 846 1316 xix

603 1339 669 1380 15.

599 1469 716 1512 Dan.
730 1471 862 1520 1130.

692 1659 758 1715 15

598 2057 800 2162 ἔῖἱαεὴ.
809 2072 846 2101 iv

599 2253 788 2300 Danau.
799 2257 861 2300 u.

607 2907 670 2956 1ος
691 2903 730 2949 11
753 2904 862 2949 Cor.

600 2981 644 3018 v,
665 2969 729 3011 10.

892 474 1011 540 162

1688 494 2036 543 tumulo
2079 494 2144 541 m
2184 493 2323 542 CAP.
2368 494 2479 542 xlx
2518 493 2707 541 LUCAE.
2750 513 2835 526 ··-·
2872 495 3015 542 ΛΒΤ.
3058 494 3183 542 xm

889 665 1218 745 quendum
1254 663 1492 727 ibidem
1536 663 1944 728 Christianos.
1979 662 2142 726 Hinc
2181 663 2248 724 in
2289 662 2385 725 Je-
2412 661 2462 724 A
2492 661 2731 744 majora
2755 662 2971 744 316ῐὶ16
3001 664 3163 727 dona
3192 661 3395 726 sortiti
3436 669 3606 737 sunt,
3636 670 3823 743 atque
3850 660 3973 723 eis-

892 762 1092 825 remia
1147 763 1380 825 dicitur
1432 780 1446 824 :
1498 760 1842 824 Eradamus
1900 779 2047 824 eum
2096 762 2175 824 de
2219 768 2387 822 terra

891 860 1266 936 viventium,
1299 869 1363 922 et
1391 878 1620 924 nomen
1663 861 1802 942 ejus
1833 879 1959 923 non
2000 869 2386 923 memoretur

891 959 1078 1021 ultra.
1120 961 1414 1021 Dicentes
1463 980 1486 1020 .·
1529 961 1850 1022 Nolumus
1897 961 2073 1019 hunc
2115 978 2386 1036 regnare

889 1077 1080 1135 super
1108 1077 1245 1126 nos,
1276 1057 1398 1121 1106
1435 1064 1552 1132 est,
1583 1056 1761 1118 Jcsus
1801 1056 1918 1118 iste
1950 1074 2074 1119 non
2115 1065 2211 1118 est
2238 1055 2386 1118 Mes-

891 1154 1015 1216 sias
1055 1155 1119 1217 in
1161 1155 1297 1236 lege
1335 1161 1398 1217 et
1434 1154 1759 1237 Prophetis
1801 1155 2175 1236 promissuS.
2212 1154 2385 1217 Unde

851 1254 1059 1334 ,apud
1094 1253 1395 1316 Joannem
1444 1252 1676 1315 dicitur
1711 1271 1724 1315 :
1760 1252 1894 1316 Non
1940 1252 2249 1315 habemus
2290 1270 2383 1314 re-

889 1369 1031 1432 gem
1081 1350 1206 1412 nisi
1257 1350 1584 1414 Caesarem.
1628 1349 1714 1412 De
1761 1350 1998 1432 quibus
2044 1369 2080 1413 a
2129 1351 2385 1412 Daniele

891 1447 1121 1528 legitur
1150 1448 1596 1530 prophetatum
1630 1467 1643 1510 :
1677 1447 1811 1511 Non
1844 1450 1964 1510 erit
1999 1447 2140 1529 ejus
2184 1467 2385 1531 popu-

891 1546 992 1608 lus
1035 1547 1147 1629 qui
1191 1565 1337 1608 eum
1381 1554 1722 1627 negaturus
1765 1554 1880 1609 est.

970 1647 1056 1706 Ec
1101 1646 1352 1723 factum
1398 1655 1488 1706 est
1538 1654 1612 1706 ut
1657 1646 1896 1706 rediret
1955 1646 2031 1708 ad
2089 1645 2383 1726 generale

886 1743 1220 1825 judicium,
1261 1743 1337 1806 ad
1386 1744 1559 1824 quod
1610 1742 1672 1805 in
1725 1741 1856 1806 fine
1906 1744 2120 1806 saeculi
2172 1745 2384 1807 veniet

2494 762 2634 823 dem
2695 759 3019 825 fructuose
3068 767 3217 823 sunt
3274 759 3393 836 usi,
3446 759 3611 822 sicut
3653 758 3761 840 qui
3812 758 3974 819 ultra

2494 867 2809 942 praecepta
2864 867 3116 922 servant
3172 858 3457 933 consilia,
3512 857 3610 920 vel
3670 855 3975 939 pastorale

2492 958 2780 1023 officium
2830 959 3019 1042 digne
3065 957 3437 1039 adimplent.
3471 956 3685 1038 Itaque
3730 954 3973 1037 primus

2492 1058 2653 1121 dixit
2686 1076 2699 1120 :
2730 1057 3014 1132 Domine,
3047 1075 3197 1119 mna
3233 1063 3362 1131 tua,
3398 1055 3463 1119 id
3500 1062 3597 1116 est
3622 1053 3821 1134 gratia
3855 1052 3975 1114 mi-

2493 1156 2558 1218 hi
2607 1175 2644 1218 a
2683 1164 2746 1218 te
2790 1155 3087 1237 praestita,
3122 1155 3341 1217 decem
3388 1171 3567 1216 mnas
3614 1151 3971 1233 acquisivit,

2492 1255 2613 1318 1106
2660 1262 2775 1328 est,
2809 1253 3137 1335 copiosum
3182 1250 3460 1314 fructum
3506 1261 3565 1313 te
3604 1256 3975 1332 cooperante

2493 1352 2828 1434 produxit:
2855 1351 3020 1413 sicut
3045 1349 3381 1432 Apostolus
3412 1355 3808 1430 protestatur,
3834 1345 3977 1410 Gra·
4000 1360 4209 1467 οιιῖοων

2493 1451 2579 1513 tia
2615 1450 2724 1512 Dei
2775 1449 2841 1510 in
2892 1465 2995 1511 me
3035 1466 3231 1511 vacua
3272 1465 3397 1510 non
3436 1445 3579 1508 fuit.
3616 1449 3698 1508 Ec
3732 1448 3831 1507 ait
3868 1426 4048 1504 illi¹⁹

2492 1548 2777 1613 Christus
2833 1546 3191 1609 infallibilis
3246 1545 3440 1626 judex
3488 1563 3503 1607 ε
3553 1547 3756 1622 Enye,
3800 1564 3975 1604 serve

2492 1649 2670 1717 bone,
2699 1647 2763 1709 id
2812 1652 2927 1720 est,
2963 1645 3267 1719 virtuose,
3308 1643 3421 1726 qui
3468 1642 3810 1706 bonitatem
3858 1642 3976 1705 tibi

2491 1764 2853 1810 concessam
2913 1742 3253 1818 diffudisti,
3308 1741 3809 1814 communicasti,
3862 1759 3974 1802 au-

890 1842 1196 1916 Christus,
1228 1852 1478 1918 accepto
1516 1861 1708 1919 reqno
1739 1863 1762 1901 .·
1793 1841 1946 1924 quia
1991 1850 2134 1905 ante
2181 1841 2382 1906 finem
2415 1845 2462 1908 B
2492 1844 2661 1906 xisti.
2694 1843 2937 1906 Bonum
2977 1841 3149 1904 enim
3197 1847 3291 1903 est
3340 1839 3438 1902 sui
3476 1838 3872 1912 diffusivum,
3908 1845 3977 1900 ut

889 1940 1105 2003 saeculi
1144 1957 1307 2022 pene
1343 1947 1514 2002 totus
1545 1941 1824 2002 mundus
1864 1949 2269 2004 convertetur
2304 1942 2381 2003 ad

849 2038 1230 2111 ‚Christum,
1277 2038 1596 2119 praecipue
1640 2037 1836 2100 Judaei
1888 2057 2002 2120 per
2049 2038 2277 2114 Eliam,
2322 2046 2384 2101 et

890 2135 1104 2209 ceteri,
1137 2135 1538 2218 potissimum
1570 2134 1956 2199 Antichristo
1985 2136 2218 2201 occiso.
2244 2136 2384 2201 Pro-

893 2241 1031 2315 pter
1069 2233 1241 2314 quod
1291 2250 1403 2314 per
1445 2233 1767 2295 Danielem
1819 2234 2120 2296 scribitur
2153 2254 2167 2297 ε
2206 2235 2385 2298 Dedit

891 2331 972 2406 ei,
1021 2331 1264 2394 scilicet
1311 2330 1491 2392 Pater
1549 2330 1816 2406 Christe,
1871 2340 2268 2415 potestatem,
2320 2342 2385 2396 et

891 2449 1178 2513 regnum,
1202 2438 1265 2492 et
1292 2431 1594 2494 honorem
1617 2451 1634 2510 ;
1667 2439 1730 2493 et
1758 2450 1978 2496 omnes
2010 2434 2256 2516 populi,
2277 2434 2384 2495 tri-

891 2528 1012 2592 bus
1042 2537 1103 2592 et
1141 2529 1372 2610 linguae
1412 2529 1690 2592 servient
1720 2530 1800 2592 ei.
1824 2533 1911 2593 Ec
1923 2533 2129 2609 jussit
2164 2534 2385 2593 vocari

890 2648 1098 2688 servos
1125 2629 1355 2706 quibus
1381 2629 1559 2688 dedic
1585 2631 1960 2704 pecuniam,
1995 2629 2061 2691 id
2099 2637 2215 2704 est,
2251 2647 2385 2692 cre-

891 2727 1108 2788 dentes
1148 2725 1399 2806 jubebit
1440 2727 1517 2788 ad
1556 2725 1870 2807 judicium
1919 2746 2103 2789 suum
2154 2728 2383 2790 adduci

781 2855 863 2894 xm
893 2842 1006 2906 per
1033 2825 1310 2905 61136103,
1342 2824 1592 2886 dicente
1619 2824 1918 2907 Apostolo
1951 2844 1965 2888 :
1999 2825 2229 2889 Omnes
2269 2846 2383 2890 nos

891 2931 1054 2985 stare
1081 2930 1326 3004 oportet
1352 2931 1498 2985 ante
1534 2922 1811 2985 tribunal
1845 2922 2074 2986 Christi
2104 2944 2120 3005 3
2162 2934 2237 2986 ut
2264 2928 2385 2986 sci-

2488 1941 2551 2005 S.
2595 1941 2928 2024 Dionysius
2977 1939 3233 2002 effatur.
3274 1937 3468 2018 Euge,
3514 1938 3635 2000 1106
3682 1935 3839 2010 1060,
3880 1943 3977 1997 est

2490 2039 2848 2122 interjectio
2903 2039 3238 2120 designans
3294 2035 3595 2099 affectum
3652 2053 3975 2098 commen-

2492 2139 2744 2210 dantis:
2797 2157 2921 2201 non
2974 2135 3359 2210 insultantiS,
3406 2135 3570 2198 sicut
3618 2133 3684 2196 in
3732 2133 3977 2198 Psalmo

2490 2258 2619 2322 quo
2648 2213 2871 2312 fertur,
2903 2236 3129 2299 Ferant
3164 2233 3499 2298 confestim
3536 2232 3975 2296 confusionem
4030 2251 4099 2293 Ρ.
4064 2263 4221 2300 mn,

2490 2357 2668 2400 suam
2718 2337 2830 2419 qui
2882 2336 3105 2399 dicunt
3150 2334 3331 2408 mihi,
3365 2331 3558 2413 Ε1136,
3591 2349 3769 2412 01136.
3806 2315 4051 2400 Quia¹⁸

2489 2440 2563 2498 in
2598 2438 2843 2497 modico
2870 2435 3068 2512 suiset
3092 2434 3327 2510 fidelia,
3361 2431 3425 2493 id
3462 2438 3579 2506 est,
3610 2430 3792 2494 bonis
3830 2430 3977 2492 vitae

2492 2534 2843 2616 praesentiS‚
2895 2551 3039 2614 quta
3094 2529 3561 2612 comparatione
3616 2527 3977 2592 futurorum

2490 2633 2826 2706 bonorum,
2881 2648 3075 2714 parva
3121 2636 3183 2690 et
3232 2647 3431 2710 pauca
3476 2635 3647 2702 sunt,
3698 2626 3981 2689 laudabi-

2491 2733 2635 2794 liter
2683 2749 2837 2794 usus
2885 2747 2953 2792 es
3000 2728 3077 2790 ad
3122 2727 3387 2808 gloriam
3437 2725 3568 2799 Dei,
3616 2723 3981 2788 aedificatio-

2494 2847 2771 2911 nemque
2830 2825 3127 2910 proximi,
3178 2832 3243 2888 et
3293 2824 3385 2886 tui
3436 2823 3637 2906 ipsius
3682 2823 3973 2898 salutem,

2490 2931 2619 2988 eris
2649 2935 3021 3005 potestatem
3064 2925 3299 2984 habens
3337 2941 3530 3000 super
3556 2924 3769 2982 decem
3808 2923 3975 2981 civi-

889 3029 1010 3091 rec,
1054 3020 1118 3082 id
1161 3028 1276 3095 est,
1321 3037 1434 3101 per
1478 3020 1915 3084 retributionis
1957 3021 2286 3098 effectum,
2321 3032 2384 3086 et
2417 3020 2461 3083 C
2494 3035 2674 3096 cates,
2703 3025 2823 3087 1106
2870 3031 2987 3095 est,
3028 3019 3555 3084 abundantiorem
3606 3018 3975 3082 felicitatem

887 3115 1254 3197 judicialem
1292 3135 1469 3178 suam
1510 3117 1910 3192 sententiam,
1943 3135 2050 3182 eos
2091 3118 2256 3181 scire
2292 3128 2385 3182 at-

890 3232 1017 3296 que
1043 3215 1184 3278 aliis
1215 3215 1364 3277 sciri
1396 3214 1631 3279 faceret
1657 3215 1865 3296 (juxta
1897 3235 2091 3297 quem
2121 3219 2381 3281 modum

892 3313 1199 3396 scriptum
1259 3321 1356 3374 est
1410 3313 1477 3376 in
1537 3312 1748 3376 Exodo
1799 3332 1812 3376 :
1866 3314 2034 3376 Dixit
2078 3316 2382 3379 Dominus

892 3413 968 3474 ad
999 3410 1169 3475 filios
1199 3410 1385 3473 lsrael
1411 3429 1424 3474 ε
1448 3411 1580 3473 Jam
1613 3431 1783 3474 nunc
1815 3412 2059 3494 depone
2088 3422 2382 3477 ornatum

893 3515 1095 3584 tuum,
1117 3516 1186 3570 ut
1213 3508 1407 3571 sciam
1437 3509 1592 3592 quid
1621 3508 1849 3571 faciam
1878 3509 2040 3590 tibi),
2062 3522 2383 3591 quantum

890 3609 1159 3688 quisque
1196 3610 1555 3685 neyotiatus
1592 3617 1768 3676 esset,
1803 3607 1866 3670 id
1912 3617 2027 3683 est,
2070 3618 2381 3690 quantum

891 3705 956 3768 in
995 3706 1180 3770 bonis
1229 3705 1529 3788 operibus
1573 3705 2043 3782 fructificasset,
2087 3709 2384 3790 spiritua·

891 3803 1079 3885 leque
1119 3804 1366 3866 lucrum
1409 3805 1487 3866 de
1526 3803 1708 3866 donis
1750 3804 1856 3866 Dei
1899 3804 2023 3867 sibi
2064 3808 2381 3870 concessis

639 3929 692 3959 ..ο
763 3931 774 3959 ι
891 3900 1166 3964 fecisset.
1219 3900 1331 3963 Cui
1381 3901 1550 3964 enim
1602 3901 1746 3983 plus
1797 3903 2015 3964 datum
2068 3911 2184 3979 est,
2238 3905 2383 3987 plus

612 4315 724 4374 Sap.
738 4330 796 4368 vi,
807 4319 850 4361 t.

619 4609 648 4653 1
648 4609 740 4654 tid.
753 4611 795 4662 ⁷,
806 4611 850 4656 ⁹.

691 4987 760 5043 16

893 3998 1253 4082 requiretur
1308 3998 1388 4060 ab
1445 4017 1561 4079 eo;
1615 4007 1677 4061 et
1733 4000 1844 4082 qui
1901 4001 1979 4062 ad
2035 4001 2261 4064 altiora
2317 4022 2386 4066 se

891 4097 1214 4178 obligavit,
1247 4098 1323 4159 ad
1368 4096 1744 4178 perfectiora
1785 4106 2054 4161 tenetur.
2089 4099 2263 4162 Unde
2307 4103 2383 4164 de

2488 3132 2680 3205 atque
2728 3122 3032 3185 honorem
3083 3119 3363 3184 sortieris
3412 3117 3475 3179 in
3518 3117 3718 3192 coelis,
3752 3123 3813 3178 et
3857 3135 3977 3199 pro

2489 3221 2809 3294 omnibus,
2865 3238 2938 3282 ac
2994 3217 3074 3280 ab
3130 3215 3449 3290 omnibus,
3504 3214 3741 3297 quibus
3796 3213 3975 3276 fuisti

2490 3326 2856 3401 cooperator
2884 3315 3263 3392 salvationis,
3291 3312 3751 3396 glorificaberis
3780 3312 3843 3374 in
3874 3332 3978 3375 su-

2490 3417 2728 3499 pernis.
2760 3415 2915 3478 Nam
2952 3421 3016 3476 et
3056 3420 3196 3496 post
3236 3411 3550 3493 judicium
3588 3410 3867 3474 manebit
3906 3411 3974 3472 in

2487 3514 2690 3578 Beatis
2737 3513 2891 3576 ordo
2940 3511 3281 3592 dignitatiS,
3315 3529 3387 3573 ac
3433 3527 3725 3588 congruas
3760 3509 3838 3571 ad
3879 3509 3978 3571 in-

2490 3614 2697 3676 vicem
2728 3608 3179 3675 honorationis.
3212 3607 3387 3671 Unde
3416 3607 3571 3670 dicit
3596 3607 3972 3689 Apostolus:

2488 3710 2635 3784 Quae
2688 3717 2785 3774 est
2842 3727 2987 3790 spes
3044 3714 3277 3780 nostra,
3328 3712 3436 3767 aut
3488 3705 3811 3786 gaudium,
3862 3713 3975 3768 aut
4022 3729 4215 3774 ιηω,

2490 3828 2719 3873 corona
2744 3807 3004 3891 gloriaet
3036 3805 3253 3868 Nonne
3283 3823 3393 3868 vos
3421 3811 3567 3865 ante
3594 3803 3971 3867 Dominum?
4000 3794 4064 3836 ¹⁹·

2567 3910 2655 3969 Ec
2701 3910 2865 3968 alter
2914 3906 3110 3975 venit,
3161 3905 3380 3963 dicens
3417 3919 3440 3962 .·
3474 3903 3771 3972 Domine,
3822 3922 3973 3963 mna

2492 4017 2628 4074 tua,
2662 4007 2780 4068 1106
2828 4010 2925 4066 est
2958 4001 3160 4084 gratia
3199 4008 3307 4062 tua
3350 3999 3506 4063 mihi
3545 3999 3790 4075 collata,
3821 4001 3975 4079 fecit

2488 4106 2777 4185 quinque
2822 4121 3031 4172 mna-3,
3077 4099 3197 4162 hoc
3244 4105 3359 4174 est,
3406 4105 3865 4179 competentem
3912 4105 3976 4159 et

895 4195 1167 4278 praelatis
1193 4203 1269 4258 ‘et
1309 4195 1824 4278 praedicatoribus
1864 4196 1998 4259 haec
2039 4197 2385 4280 spirituali·
2411 4206 2460 4270 D
2493 4201 2875 4264 mediocrem
2930 4196 3212 4259 fructum
3269 4195 3584 4278 produxit.
3642 4194 3757 4257 Per
3805 4195 3977 4258 hunc

891 4302 988 4356 ter
1026 4301 1291 4376 possunt
1337 4293 1569 4374 exponi
1615 4311 1628 4356 :
1671 4295 1748 4356 de
1787 4294 2024 4375 quibus
2072 4302 2227 4359 tunc
2271 4299 2385 4360 du-

893 4392 1218 4454 rissimum
1264 4390 1380 4453 fiet
1434 4390 1770 4472 judicium,
1822 4392 1974 4472 quia
2030 4395 2383 4460 commissae

892 4497 1041 4553 sunt
1077 4489 1170 4552 eis
1206 4488 1454 4562 animae,
1501 4507 1615 4571 pro
1652 4507 1922 4570 quarum
1967 4491 2169 4554 salute
2209 4493 2385 4556 Chri-

891 4596 1025 4652 stus
1055 4589 1346 4670 dignatus
1375 4595 1470 4649 est
1500 4586 1820 4668 crucifigi3
1854 4597 2134 4671 tuncque
2166 4600 2384 4672 poten-

891 4693 982 4749 tes
1025 4693 1314 4768 potenter
1356 4685 1676 4767 patientur
1723 4694 2054 4761 tormenta,
2099 4695 2162 4750 et
2206 4687 2385 4752 forti-

889 4786 1107 4849 oribus
1138 4784 1360 4848 fortior
1389 4784 1705 4846 cruciatus
1735 4785 2013 4861 instabit,
2051 4794 2120 4850 ut
2150 4788 2384 4851 dicitur

892 4883 957 4945 in
1000 4883 1165 4946 libro
1207 4881 1562 4965 Sapientiae.

990 4983 1171 5044 Venit
1212 4991 1430 5042 autem
1459 4983 1747 5059 primu-3,
1786 4984 2005 5044 dicens
2033 5001 2057 5045 .·
2081 4987 2381 5056 Domine,

895 5099 1048 5142 mna
1079 5089 1192 5140 tua
1220 5080 1431 5140 decem
1461 5099 1644 5140 mnas
1671 5082 2041 5160 acquisivit.
2065 5080 2183 5144 Per
2211 5083 2382 5148 hunc

895 5177 1171 5258 primum
1231 5194 1488 5239 servum
1536 5176 1754 5240 divino
1799 5178 2104 5241 tribunali
2157 5180 2220 5241 in
2280 5182 2384 5244 die

890 5273 1112 5355 judicii
1178 5275 1706 5356 praesentandum,
1769 5276 2213 5358 intelliguntur
2267 5280 2379 5361 qui

2491 4297 2955 4378 intelliguntur,
2989 4294 3101 4376 qui
3150 4293 3366 4356 divina
3412 4301 3727 4374 praecepta
3769 4311 3976 4357 serva-

2492 4415 2561 4459 re
2607 4394 2887 4459 contenti
2938 4399 3107 4454 sunt.
3142 4393 3228 4452 Et
3265 4393 3420 4452 huic
3446 4393 3595 4452 ait:
3626 4393 3713 4452 Ec
3750 4401 3821 4452 tu
3846 4401 3973 4452 esto

2488 4514 2681 4572 super
2718 4494 3009 4574 quinque
3046 4491 3365 4560 civitatem
3393 4489 3513 4552 1106
3554 4496 3667 4563 est,
3712 4507 3973 4571 propor-

2490 4595 2799 4657 tionatum
2840 4590 3087 4671 tibique
3125 4587 3409 4651 debitum
3440 4587 3691 4669 suscipe
3724 4587 3973 4670 praemi-

2491 4712 2600 4755 um
2640 4699 2704 4752 et
2744 4690 3049 4753 honorem
3087 4687 3157 4750 in
3202 4687 3385 4762 coelo,
3419 4686 3529 4748 ubi
3566 4704 3784 4750 omnes
3822 4695 3971 4748 sunt

2491 4808 2691 4871 regeS,
2742 4795 2959 4871 utpote
3012 4786 3213 4867 gloria
3258 4792 3322 4848 et
3375 4785 3613 4849 honore
3667 4785 3965 4849 coronati.

2582 4891 2668 4950 Ec
2715 4890 2879 4948 alter
2927 4887 3125 4955 venit,
3172 4887 3389 4948 dicens
3431 4905 3454 4945 .·
3496 4886 3794 4954 Domine,
3836 4903 3971 4944 ecoe

2493 5007 2647 5048 mna
2698 4995 2833 5053 tua,
2876 5004 3073 5064 quam
3120 4985 3320 5044 habui
3362 4984 3703 5060 repositam
3750 4983 3819 5044 in
3865 5001 3975 5042 su-

2485 5087 2705 5154 dario,
2744 5083 2864 5146 hoc
2904 5090 3021 5157 est,
3056 5081 3294 5144 donum
3322 5081 3494 5161 quod
3522 5100 3559 5142 a
3592 5089 3655 5142 te
3695 5079 3969 5161 suscepi,

2488 5191 2552 5245 et
2608 5200 2739 5263 quo
2796 5179 3121 5243 fructuose
3179 5196 3329 5240 usus
3396 5197 3521 5242 non
3586 5197 3751 5253 sum,
3813 5176 3971 5240 illud

2489 5279 2995 5362 multiplicandO,
3029 5277 3146 5340 tibi
3198 5284 3469 5359 reporto.
3500 5276 3687 5340 Porro
3734 5275 3977 5340 sudari-

4098 1477 4156 1536 17

4099 4397 4156 4452 19

4242 3463 4244 3563 Ι
