4300 6259
85 2169 254 2260 {Petra
281 2184 326 2220 u,

83 2863 182 2906 Aee.
203 2867 330 2914 ιι,47ς

67 2939 106 2975 v,
129 2929 193 2968 ¹3.

79 4043 180 4088 Lae.
199 4059 244 4096 ι,
269 4046 337 4090 ¹⁹.

95 4827 252 4872 loom.
265 4841 340 4880 xv,

151 3143 226 3196 22

83 4891 141 4930 ¹5.

163 5319 234 5376 23

1111 473 1462 549 mannum
1503 501 1566 546 ιΝ
1608 499 1746 546 car.
1793 499 1919 547 xvu
1960 499 2238 547 somms.
2286 520 2365 530 —
2408 502 2549 548 aar.
2596 503 2720 549 xm
3348 488 3470 552 575

361 671 652 734 nondum
691 672 982 736 conversi
1025 680 1173 734 sunt
1203 672 1742 754 quemadmodum
1785 671 1867 733 is-
1899 670 1942 732 Α
1974 670 2379 734 influentiam
2432 673 2573 736 vitae
2620 693 2693 735 ac
2749 681 2978 749 motuS,
3032 675 3183 756 quia
3231 695 3346 758 per
3392 675 3474 739 fi-

361 769 408 830 ti
447 787 463 832 :
499 788 627 833 non
667 771 840 832 enim
879 789 1100 834 omnes
1142 771 1333 832 simul
1383 770 1670 834 conversi
1717 779 1866 832 sunt

361 887 479 950 per
517 869 892 951 Apostolos3
936 871 1115 948 quia,
1162 868 1226 932 id
1275 877 1371 932 est
1417 870 1611 950 quod,
1657 879 1728 930 tu
1769 889 1866 928 me

359 968 658 1028 misisti:
691 968 810 1031 boc
856 975 973 1042 est,
1019 985 1168 1048 rogo
1215 975 1284 1030 ut
1324 968 1435 1049 qui
1482 967 1689 1050 primo
1737 985 1865 1029 cre-

360 1066 536 1139 dent,
581 1073 818 1128 tantam
863 1066 1136 1128 habeant
1182 1067 1489 1128 unitatem
1533 1073 1594 1127 et
1643 1065 1866 1128 carita-

357 1171 492 1226 tem
541 1164 608 1226 in
658 1167 835 1227 omni
886 1164 1278 1246 perfectione
1327 1172 1390 1226 ct
1428 1164 1650 1245 gratia,
1693 1165 1865 1246 quod

361 1263 559 1324 ceteri
619 1264 904 1326 nondum
960 1264 1310 1338 credenteS,
1373 1281 1450 1324 ex
1511 1263 1864 1326 considera·

359 1361 537 1424 tione
583 1362 935 1424 sanctitatis
985 1362 1243 1426 illorum
1294 1369 1744 1425 convertantur
1785 1363 1864 1424 ad

359 1459 584 1522 fidem.
628 1460 824 1524 Tanta
869 1461 1116 1544 quippe
1163 1461 1352 1523 debet
1401 1461 1466 1522 in
1518 1461 1864 1523 christiano

360 1558 646 1633 homine,
683 1559 1006 1642 praecipue
1037 1559 1331 1641 religioso
1362 1560 1520 1634 vir0,
1555 1578 1692 1622 esse
1725 1577 1866 1642 per-

360 1657 576 1732 fectio,
622 1666 694 1720 ut
739 1659 1154 1740 quicumque,
1198 1659 1334 1721 sive
1382 1657 1686 1733 infideliS,
1729 1659 1863 1721 sive

361 1757 650 1838 iniquuS,
689 1757 1234 1820 conversationem
1273 1757 1448 1819 illius
1488 1757 1858 1840 inspexerit,

1975 771 2118 831 dem
2162 778 2225 831 et
2265 772 2528 852 gratiam
2578 781 2833 841 mentes,
2872 791 3093 836 eorum
3143 776 3469 856 inhabit03

1973 878 2032 929 et
2083 879 2150 929 cu
2199 872 2267 931 in
2320 891 2417 931 me
2462 888 2575 951 per
2634 871 3352 936 consubstantialitatem
3412 882 3475 938 et

1976 967 2665 1042 circumincessionem,
2702 971 3053 1032 secundum
3092 973 3263 1053 quod
3310 972 3473 1035 Deus

1977 1084 2161 1144 sum;
2205 1067 2313 1127 sed
2354 1068 2707 1129 secundum
2749 1069 2922 1150 quod
2966 1070 3157 1133 homo
3204 1090 3371 1146 sum,
3407 1090 3475 1134 es

1978 1162 2043 1224 in
2092 1181 2194 1225 me
2243 1182 2355 1246 per
2399 1164 2666 1245 gratiam
2716 1185 3033 1229 summam
3082 1176 3144 1230 et
3194 1169 3477 1251 singula-

1979 1281 2134 1324 rem.
2194 1264 2271 1325 Uc
2318 1265 2453 1324 sint
2508 1268 2941 1327 consummati
2996 1268 3068 1328 in
3128 1287 3358 1337 unum,
3412 1269 3475 1332 id

1976 1370 2091 1435 est,
2132 1363 2211 1424 ad
2252 1359 2709 1443 perfectionem
2752 1373 2989 1427 mutuae
3032 1365 3287 1428 unionis
3329 1386 3475 1449 quae

1976 1461 2247 1523 habetur
2288 1461 2352 1523 in
2397 1461 2619 1544 patria,
2656 1464 3105 1545 perducantur,
3153 1465 3260 1528 ubi
3307 1466 3473 1528 inse-

1977 1560 2242 1640 parabili
2287 1561 2545 1623 caritate
2590 1562 2857 1625 connexi
2905 1551 3074 1638 sunt,
3109 1572 3172 1625 et
3220 1564 3328 1626 ubi
3374 1574 3473 1628 est

1975 1659 2136 1721 Deus
2199 1661 2413 1722 omnia
2478 1661 2543 1722 in
2607 1662 2962 1743 omnibus3
3022 1674 3083 1724 et
3137 1676 3468 1742 coquos-cat
3525 1687 3761 1744 leomxv,

1975 1761 2259 1820 mundus
2299 1776 2411 1840 per
2449 1757 2645 1821 fidem
2688 1760 2753 1822 in
2787 1761 2909 1835 via,
2944 1769 3134 1843 atque
3176 1781 3289 1845 per
3327 1783 3469 1846 spe-
3496 1753 3566 1796 ²⁸·

358 1855 637 1918 fateatur
674 1874 888 1919 veram
933 1874 1072 1918 esse
1119 1854 1316 1918 fidem
1361 1856 1758 1931 catholicam,
1800 1863 1864 1917 et
1903 1857 1946 1920 B
1975 1857 2136 1918 ciem
2171 1857 2235 1918 in
2268 1857 2489 1938 patria,
2514 1860 2673 1938 quia
2706 1869 2774 1920 tu
2804 1880 2903 1920 me
2932 1863 3214 1923 misisti:
3235 1879 3311 1924 ex
3342 1882 3471 1944 qua

361 1963 648 2017 sanctam
721 1955 1066 2018 consistere
1132 1954 1562 2035 evangelicam
1632 1955 1858 2036 legem,

360 2073 510 2134 quae
566 2053 756 2115 talem
816 2055 1038 2116 edocet
1097 2054 1313 2116 vitam.
1380 2053 1635 2136 Propter
1691 2055 1862 2135 quod

361 2150 584 2213 Petrus
627 2139 694 2213 in
737 2171 852 2214 sua
894 2159 1111 2214 monet
1152 2151 1420 2234 epistola
1464 2171 1479 2214 ε
1523 2151 1865 2215 Conversa—

364 2251 604 2313 tionem
633 2257 906 2314 vestram
948 2251 1114 2313 inter
1148 2259 1369 2332 gentes
1411 2251 1714 2314 habentes
1755 2251 1865 2314 bo-

362 2368 534 2421 nam,
593 2358 661 2411 ut
710 2349 776 2411 in
823 2367 900 2412 eo
945 2350 1118 2430 quod
1168 2351 1518 2412 detrectant
1562 2351 1638 2412 de
1681 2349 1862 2413 vobis

360 2455 670 2530 tanquam
698 2449 775 2510 de
806 2446 1344 2523 malefactoribus,
1380 2466 1457 2510 ex
1497 2448 1683 2512 bonis
1714 2466 1866 2530 ope-

363 2547 544 2610 ribus
579 2566 690 2612 vos
718 2548 1216 2618 consideranteS,
1245 2547 1608 2628 glorificent
1641 2548 1858 2610 Deum.

359 2646 491 2708 Hoc
530 2665 791 2728 quoque
831 2647 895 2709 in
931 2646 1249 2728 Apostolis
1287 2654 1350 2708 et
1388 2646 1713 2728 primitiva
1751 2646 1866 2708 Ec-

361 2745 557 2807 clesia
589 2747 1011 2828 adimpletum
1050 2745 1280 2826 legitur
1313 2744 1379 2806 in
1409 2744 1670 2807 Actibus
1704 2746 1865 2828 Apo-

363 2845 698 2917 stolorum,
771 2844 882 2906 ubi
951 2844 1240 2918 babetur,
1305 2845 1476 2925 quod
1544 2844 1863 2907 habebant

360 2944 632 3023 gratiam
671 2944 748 3006 ad
787 2961 1043 3006 omnem
1085 2942 1359 3025 plebem,
1393 2951 1457 3005 et
1497 2943 1866 3024 magnifica-

364 3042 475 3105 bat
516 3060 623 3106 eos
668 3043 968 3124 populus.

443 3144 533 3203 Et
579 3162 690 3218 eqo
731 3142 1098 3202 claritatem
1146 3161 1344 3220 quam
1391 3143 1632 3202 dedisci
1672 3143 1860 3211 milzi,

362 3241 520 3301 dedi
545 3241 661 3302 eis.
693 3238 960 3312 Quidam
1000 3257 1116 3320 per
1155 3239 1502 3301 claritatem
1544 3240 1730 3301 istam
1771 3240 1866 3300 in—

363 3338 666 3419 telligunt
722 3337 1283 3410 immortalitatem,
1337 3357 1530 3419 quam
1579 3338 1864 3401 Christus

359 3437 496 3517 jam
526 3436 702 3499 dedit
729 3434 1063 3517 discipulis
1095 3434 1226 3496 suis
1267 3435 1332 3496 in
1375 3454 1508 3517 spe.
1547 3435 1651 3497 Vel
1687 3436 1865 3518 ponit

365 3535 760 3618 praeteritum
821 3552 936 3616 pro
992 3531 1224 3606 futuro,
1287 3542 1546 3615 propter
1605 3534 1862 3596 certitu-

364 3635 581 3697 dinem
640 3631 1212 3715 praedestinationis
1271 3631 1524 3694 divinae.
1581 3632 1704 3694 Alii
1755 3651 1866 3696 no-

364 3733 540 3796 mine
577 3731 904 3806 claritatis,
939 3728 1303 3809 intelligunt
1335 3729 1634 3794 virtutem
1676 3732 1865 3794 mira-

363 3832 681 3906 culorum,
717 3847 832 3912 per
867 3847 1059 3910 quam
1100 3827 1487 3891 clarificatur
1529 3828 1858 3892 Divinitas,

363 3930 562 4004 Quam
604 3929 905 3992 virtutem
945 3933 1008 3988 et
1041 3926 1306 4007 gratiam
1356 3927 1528 3989 dedit
1577 3927 1862 3991 Christus

367 4027 705 4110 discipulis
769 4045 782 4089 :
844 4025 1024 4100 Ecce,
1089 4025 1412 4107 inquiens,
1472 4027 1616 4089 dedi
1683 4027 1864 4091 vobis

365 4134 740 4210 potestatem
804 4124 1087 4187 calcandi
1155 4142 1348 4206 super
1414 4134 1741 4206 serpentes
1803 4134 1867 4188 et

1973 1955 2331 2036 cognitione
2392 1956 2669 2018 maxime
2732 1957 3171 2022 inflammatur
3234 1961 3468 2026 electo-

1972 2073 2115 2116 rum
2146 2055 2401 2118 dilectio
2429 2056 2507 2117 ad
2536 2055 2781 2118 Patrem
2810 2065 2874 2118 et
2900 2057 3156 2134 Filium,
3192 2077 3267 2123 eo
3296 2062 3470 2142 quod

1973 2152 2150 2214 Pater
2196 2153 2601 2233 Unigenitum
2659 2173 2845 2217 suum
2908 2157 3152 2219 miserit
3210 2169 3471 2241 propter
3499 2181 3761 2236 mamm,

1975 2270 2087 2314 nos
2132 2252 2198 2313 in
2243 2252 2415 2314 hunc
2463 2254 2799 2329 mundum,
2845 2255 3111 2338 ipseque
3154 2257 3350 2321 Filius
3402 2259 3468 2321 in
3499 2247 3539 2288 ⁹·

1972 2350 2092 2412 hoc
2139 2357 2204 2412 et
2250 2350 2315 2412 in
2375 2350 2539 2425 aliis,
2593 2370 2799 2433 usque
2846 2355 2924 2415 ad
2985 2362 3255 2418 mortem
3307 2356 3467 2419 Patri
3496 2379 3762 2435 Philippu,

1973 2448 2294 2510 consensit
2344 2448 2441 2511 vel
2493 2449 2775 2512 obedivit
2826 2471 2940 2534 pro
2989 2454 3214 2532 nobis3
3264 2465 3325 2516 ec
3370 2458 3472 2517 di·
3500 2443 3541 2484 ⁸·

1973 2549 2193 2608 texisti
2220 2568 2319 2608 eos
2347 2547 2429 2609 ab
2468 2555 2703 2612 aeterno
2738 2558 2801 2612 et
2836 2551 3054 2630 gratiS,
3087 2553 3255 2614 sicut
3282 2563 3343 2614 et
3370 2574 3471 2615 me

1971 2647 2284 2713 dilexisti,
2338 2665 2462 2709 non
2523 2654 2734 2708 tamen
2795 2647 2859 2709 in
2919 2656 3164 2712 tantum
3218 2659 3285 2712 ut
3341 2671 3466 2728 me,

1974 2762 2169 2825 quem
2207 2746 2557 2807 secundum
2602 2753 2891 2808 naturam
2933 2747 3215 2810 divinam
3258 2749 3470 2831 diligis

1975 2862 2189 2906 amore
2250 2863 2508 2926 prorsus
2562 2845 2896 2920 immense,
2948 2849 3304 2910 secundum
3364 2868 3473 2911 na-

1973 2950 2183 3004 turam
2225 2951 2434 3005 autem
2480 2951 2893 3025 assumptam,
2936 2946 3233 3027 ampliori
3279 2967 3471 3029 quam

1903 3043 1946 3106 C
1976 3040 2452 3104 universitatem
2502 3049 2959 3105 creaturarum.
3003 3045 3138 3118 Vel,
3187 3045 3473 3110 Dilexisti

1975 3157 2082 3203 eos
2123 3139 2288 3202 sicut
2326 3147 2389 3202 et
2424 3158 2549 3216 me,
2587 3141 2650 3202 id
2689 3150 2786 3203 est
2821 3143 2897 3204 ad
2938 3146 3235 3207 eumdem
3270 3144 3471 3208 finem

1975 3256 2088 3300 seu
2146 3237 2508 3302 beatificam
2567 3240 2701 3302 Dei·
2737 3239 3104 3304 fruitionem
3151 3245 3229 3306 ad
3278 3264 3473 3327 quam

1978 3355 2079 3399 me
2120 3337 2420 3412 dilexisti,
2456 3339 2809 3401 secundum
2854 3342 3025 3421 quod
3070 3342 3257 3406 homo
3303 3363 3469 3407 sum.

1977 3435 2187 3500 Tertio
2243 3436 2335 3498 sic
2398 3455 2412 3499 :
2480 3437 2766 3499 Dilexisti
2833 3455 2940 3501 eos
2996 3438 3163 3502 sicut
3225 3459 3349 3516 me,
3408 3443 3471 3506 id

1976 3541 2091 3609 est,
2153 3535 2691 3616 quemadmodum
2753 3536 2966 3617 diligis
3023 3555 3127 3599 me
3190 3547 3261 3602 ut
3317 3540 3469 3602 Fili-

1979 3653 2086 3694 um
2146 3633 2521 3708 naturalem,
2584 3634 2676 3696 sic
2734 3634 2949 3716 diligis
3005 3653 3113 3698 eos
3172 3646 3240 3699 ut
3297 3637 3467 3703 filios

1975 3731 2326 3813 adoptivos

2053 3833 2278 3900 Pater,
2301 3851 2455 3909 quos
2472 3833 2713 3892 dedisti
2742 3834 2931 3905 mihi,
2957 3832 3077 3896 hoc
3107 3843 3203 3896 est
3233 3835 3466 3900 eleetos
3602 3849 3676 3905 24

1977 3947 2172 4005 meOS,
2224 3948 2385 4010 quos
2444 3929 2687 3991 meritis
2745 3929 2904 3992 meis
2954 3933 3291 3995 decrevisti
3345 3936 3467 3997 sal-

1979 4028 2132 4102 vari,
2194 4032 2333 4088 volo
2390 4027 2827 4110 imperialiter,
2890 4031 3243 4093 secundum
3298 4035 3469 4114 quod

1974 4126 2184 4200 Deus;
2235 4134 2297 4188 et
2348 4134 2415 4187 ut
2465 4127 2677 4204 bomo,
2721 4127 2886 4202 volo,
2926 4129 3233 4211 deprecor
3280 4139 3471 4213 atque

365 4225 756 4307 scorpiones.
791 4222 1055 4285 Videtur
1099 4230 1310 4284 autem
1355 4240 1469 4303 per
1514 4223 1862 4286 claritatem
1897 4231 1944 4292 D
1975 4225 2309 4302 desider03
2361 4235 2433 4286 ut
2472 4227 2584 4286 ubi
2622 4245 2769 4286 sum
2804 4246 2940 4303 eqo,
2988 4227 3051 4289 id
3100 4237 3196 4290 est
3246 4229 3311 4292 in
3364 4251 3473 4312 pa-

366 4325 531 4387 hanc
563 4322 811 4386 Christo
839 4321 1132 4384 collatam
1171 4319 1520 4400 significari
1558 4321 1864 4403 perfectio

366 4422 671 4495 scientiae,
717 4420 816 4483 vel
857 4419 1129 4501 dignitas
1170 4419 1387 4500 gratiae
1431 4419 1646 4483 inditae
1689 4421 1866 4484 Chri-

367 4531 486 4597 sto,
520 4539 716 4602 quam
761 4520 899 4602 ipse
942 4518 1076 4580 suis
1113 4517 1247 4598 jam
1291 4517 1624 4600 discipulis
1671 4521 1865 4602 coepit

367 4619 865 4692 communicare,
917 4626 980 4680 et
1031 4616 1287 4699 plenius
1344 4616 1467 4679 fuit
1513 4620 1865 4682 communi-

367 4727 649 4791 caturuS,
702 4717 1244 4799 quemadmodum
1292 4716 1449 4777 dixit
1499 4718 1792 4799 superius
1845 4739 1858 4782 :

367 4817 592 4880 Omnia
646 4832 1072 4898 quaecumque
1126 4813 1340 4876 audivi
1388 4833 1425 4876 a
1471 4814 1648 4877 Patre
1695 4835 1859 4893 meo,

369 4925 518 4980 nota
543 4915 668 4978 feci
702 4914 904 4978 vobis.
940 4913 1051 4976 Cui
1084 4913 1463 4994 exposit10ni
1495 4915 1693 4995 magis
1725 4934 1866 4979 con-

369 5033 594 5079 sonare
634 5013 932 5076 videntur
974 5012 1326 5093 sequentia.
1376 5015 1450 5073 Ut
1486 5015 1618 5074 sint
1658 5035 1866 5076 unum

370 5132 484 5197 per
534 5112 884 5186 caritatem,
925 5112 1092 5172 sicut
1137 5120 1196 5172 et
1239 5128 1354 5170 nos
1395 5130 1602 5172 unam
1641 5131 1866 5174 sumus

369 5231 486 5296 per
529 5218 844 5273 naturam.

449 5313 591 5388 Eyo
619 5311 696 5370 in
724 5310 840 5382 eis,
874 5307 1041 5370 sicut
1069 5313 1261 5388 caput
1288 5306 1355 5368 in
1385 5307 1712 5383 membriS,
1749 5327 1864 5390 per

1974 4324 2115 4397 tria,
2165 4324 2230 4386 in
2280 4343 2409 4405 qua
2454 4343 2626 4386 nunc
2671 4325 3002 4388 actualiter
3050 4345 3216 4402 sum,
3268 4347 3471 4409 quan-

1975 4431 2111 4486 tum
2148 4423 2228 4484 ad
2268 4429 2554 4485 naturam
2596 4430 2787 4505 atque
2827 4424 3217 4506 hypostasim
3253 4426 3463 4504 Verbi,

1975 4529 2166 4603 prout
2208 4529 2469 4584 testatus
2509 4541 2651 4584 sum
2688 4521 3029 4586 Nicodemo
3064 4542 3077 4586 ε
3112 4523 3308 4587 Filius
3356 4527 3469 4591 ho·
3526 4550 3765 4604 lomna,

1976 4618 2168 4681 minis
2208 4618 2321 4700 qui
2362 4627 2458 4681 est
2498 4619 2563 4681 in
2610 4619 2791 4684 coelo.
2824 4619 2927 4682 Sic
2966 4621 3141 4683 enim
3181 4623 3466 4688 Christus
3500 4615 3567 4656 ¹³·

1972 4717 2187 4781 omnia
2218 4735 2365 4779 vere
2401 4737 2476 4780 ac
2507 4717 3007 4781 substantialiter
3046 4720 3289 4803 implet,
3323 4723 3469 4803 jux-

1974 4825 2036 4880 ta
2084 4816 2242 4878 illud
2295 4816 2362 4878 in
2406 4816 2676 4878 Jeremia
2727 4836 2741 4880 :
2793 4817 3115 4899 Numquid
3166 4839 3290 4884 non
3342 4841 3470 4886 coe-
3540 4850 3761 4912 Jemxm,

1973 4915 2109 4977 lum
2152 4920 2215 4976 et
2252 4922 2482 4977 terram
2526 4933 2641 4996 ego
2685 4915 2965 4998 impleo?
2998 4917 3129 4992 Vel,
3162 4918 3279 4980 Ubi
3325 4939 3469 4982 sum
3498 4912 3565 4954 ²⁴·

1973 5031 2108 5094 eg0,
2146 5014 2265 5077 boc
2307 5021 2402 5075 est
2440 5015 2504 5075 in
2548 5031 2740 5094 regno
2779 5015 3042 5090 coelesti,
3085 5032 3215 5098 quo
3256 5018 3466 5080 statim

1975 5129 2089 5192 per
2135 5112 2570 5175 ascensionem
2620 5110 2875 5175 futurus
2924 5132 3067 5175 sum
3116 5117 3468 5178 secundum

1973 5217 2264 5271 naturam
2323 5210 2709 5291 humanam3
2759 5219 2869 5275 aut
2918 5221 3108 5287 certe,
3158 5213 3274 5277 Ubi
3324 5233 3467 5278 sum

1971 5325 2108 5390 ege,
2144 5308 2264 5371 hoc
2303 5315 2420 5390 est,
2454 5309 2520 5371 in
2558 5309 2855 5373 beatifica
2894 5310 3139 5376 visione
3172 5331 3285 5374 seu
3320 5331 3469 5378 vera
