<?xml version="1.0" encoding="UTF-8"?>
<!DOCTYPE html PUBLIC "-//W3C//DTD XHTML 1.0 Transitional//EN"
    "http://www.w3.org/TR/xhtml1/DTD/xhtml1-transitional.dtd">
<html xmlns="http://www.w3.org/1999/xhtml" xml:lang="en" lang="en">
 <head>
  <title>
</title>
<meta http-equiv="Content-Type" content="text/html;charset=utf-8" />
  <meta name='ocr-system' content='tesseract 3.04.00' />
  <meta name='ocr-capabilities' content='ocr_page ocr_carea ocr_par ocr_line ocrx_word'/>
</head>
<body>
  <div class='ocr_page' id='page_1' title='image "./doctorisecstati09unkngoog_0670.png"; bbox 0 0 4300 6259; ppageno 0'>
   <div class='ocr_carea' id='block_1_1' title="bbox 867 493 3244 561">
    <p class='ocr_par' dir='ltr' id='par_1_1' title="bbox 867 493 3244 561">
     <span class='ocr_line' id='line_1_1' title="bbox 867 493 3244 561; baseline 0.002 -6"><span class='ocrx_word' id='word_1_1' title='bbox 867 493 988 556; x_wconf 81' lang='lat'><strong>578</strong></span> <span class='ocrx_word' id='word_1_2' title='bbox 1597 513 1945 559; x_wconf 65' lang='lat' dir='ltr'><strong>manu-rio</strong></span> <span class='ocrx_word' id='word_1_3' title='bbox 1986 512 2050 558; x_wconf 79' lang='lat' dir='ltr'><strong>m</strong></span> <span class='ocrx_word' id='word_1_4' title='bbox 2093 512 2231 559; x_wconf 61' lang='lat' dir='ltr'><strong>car.</strong></span> <span class='ocrx_word' id='word_1_5' title='bbox 2278 511 2427 558; x_wconf 80' lang='lat' dir='ltr'><strong>xvlu</strong></span> <span class='ocrx_word' id='word_1_6' title='bbox 2468 512 2746 559; x_wconf 67' lang='lat' dir='ltr'><strong>somnis.</strong></span> <span class='ocrx_word' id='word_1_7' title='bbox 2790 532 2872 543; x_wconf 93' lang='lat'>—</span> <span class='ocrx_word' id='word_1_8' title='bbox 2913 514 3054 560; x_wconf 64' lang='grc' dir='ltr'><strong>ΛΒΤ.</strong></span> <span class='ocrx_word' id='word_1_9' title='bbox 3100 515 3244 561; x_wconf 79' lang='lat' dir='ltr'><strong>xun</strong></span> 
     </span>
    </p>
   </div>
   <div class='ocr_carea' id='block_1_2' title="bbox 861 681 4225 1540">
    <p class='ocr_par' dir='ltr' id='par_1_2' title="bbox 865 681 3962 767">
     <span class='ocr_line' id='line_1_2' title="bbox 865 681 3962 767; baseline 0.001 -23"><span class='ocrx_word' id='word_1_10' title='bbox 865 681 1081 744; x_wconf 88' lang='lat' dir='ltr'><strong>omnia</strong></span> <span class='ocrx_word' id='word_1_11' title='bbox 1127 682 1317 744; x_wconf 90' lang='lat' dir='ltr'><strong>simul</strong></span> <span class='ocrx_word' id='word_1_12' title='bbox 1362 690 1549 758; x_wconf 90' lang='lat' dir='ltr'><strong>stant,</strong></span> <span class='ocrx_word' id='word_1_13' title='bbox 1583 681 1733 764; x_wconf 90' lang='lat' dir='ltr'><strong>quia</strong></span> <span class='ocrx_word' id='word_1_14' title='bbox 1787 701 1901 765; x_wconf 86' lang='lat' dir='ltr'><strong>per</strong></span> <span class='ocrx_word' id='word_1_15' title='bbox 1943 689 2226 746; x_wconf 86' lang='lat' dir='ltr'><strong>montem</strong></span> <span class='ocrx_word' id='word_1_16' title='bbox 2275 681 2360 744; x_wconf 90' lang='lat' dir='ltr'><strong>is-</strong></span> <span class='ocrx_word' id='word_1_17' title='bbox 2386 681 2439 744; x_wconf 82' lang='lat' dir='ltr'>A</span> <span class='ocrx_word' id='word_1_18' title='bbox 2467 684 2638 746; x_wconf 91' lang='lat' dir='ltr'><strong>enim</strong></span> <span class='ocrx_word' id='word_1_19' title='bbox 2669 701 2735 746; x_wconf 87' lang='lat' dir='ltr'><strong>se</strong></span> <span class='ocrx_word' id='word_1_20' title='bbox 2774 685 3057 766; x_wconf 78' lang='lat' dir='ltr'><strong>proditor</strong></span> <span class='ocrx_word' id='word_1_21' title='bbox 3086 683 3327 747; x_wconf 82' lang='lat' dir='ltr'><strong>familia</strong></span> <span class='ocrx_word' id='word_1_22' title='bbox 3367 684 3705 767; x_wconf 87' lang='lat' dir='ltr'><strong>utriusque</strong></span> <span class='ocrx_word' id='word_1_23' title='bbox 3742 685 3962 760; x_wconf 78' lang='lat' dir='ltr'><strong>curiae,</strong></span> 
     </span>
    </p>

    <p class='ocr_par' dir='ltr' id='par_1_3' title="bbox 864 781 3973 945">
     <span class='ocr_line' id='line_1_3' title="bbox 864 781 3970 865; baseline 0.001 -25"><span class='ocrx_word' id='word_1_24' title='bbox 864 787 1000 842; x_wconf 90' lang='lat' dir='ltr'><strong>tum</strong></span> <span class='ocrx_word' id='word_1_25' title='bbox 1043 781 1218 843; x_wconf 89' lang='lat' dir='ltr'><strong>venit</strong></span> <span class='ocrx_word' id='word_1_26' title='bbox 1259 782 1336 842; x_wconf 89' lang='lat' dir='ltr'><strong>ad</strong></span> <span class='ocrx_word' id='word_1_27' title='bbox 1385 781 1664 844; x_wconf 86' lang='lat' dir='ltr'><strong>hortum.</strong></span> <span class='ocrx_word' id='word_1_28' title='bbox 2468 799 2548 843; x_wconf 92' lang='lat' dir='ltr'><strong>ne</strong></span> <span class='ocrx_word' id='word_1_29' title='bbox 2587 782 2734 864; x_wconf 88' lang='lat' dir='ltr'><strong>quis</strong></span> <span class='ocrx_word' id='word_1_30' title='bbox 2781 784 3043 845; x_wconf 90' lang='lat' dir='ltr'><strong>auderet</strong></span> <span class='ocrx_word' id='word_1_31' title='bbox 3082 783 3182 846; x_wconf 91' lang='lat' dir='ltr'><strong>vel</strong></span> <span class='ocrx_word' id='word_1_32' title='bbox 3232 791 3443 865; x_wconf 90' lang='lat' dir='ltr'><strong>posset</strong></span> <span class='ocrx_word' id='word_1_33' title='bbox 3482 782 3825 846; x_wconf 83' lang='lat' dir='ltr'><strong>defendere</strong></span> <span class='ocrx_word' id='word_1_34' title='bbox 3868 784 3970 845; x_wconf 82' lang='lat' dir='ltr'><strong>Je-</strong></span> 
     </span>
     <span class='ocr_line' id='line_1_4' title="bbox 943 877 3973 945; baseline 0 -4"><span class='ocrx_word' id='word_1_35' title='bbox 943 877 1403 941; x_wconf 89' lang='lat' dir='ltr'><strong>Convenienter</strong></span> <span class='ocrx_word' id='word_1_36' title='bbox 1431 887 1640 940; x_wconf 90' lang='lat' dir='ltr'><strong>autem</strong></span> <span class='ocrx_word' id='word_1_37' title='bbox 1684 878 1988 942; x_wconf 90' lang='lat' dir='ltr'><strong>Dominus</strong></span> <span class='ocrx_word' id='word_1_38' title='bbox 2016 878 2196 940; x_wconf 87' lang='lat' dir='ltr'><strong>Jesus</strong></span> <span class='ocrx_word' id='word_1_39' title='bbox 2226 897 2361 941; x_wconf 89' lang='lat' dir='ltr'><strong>om·</strong></span> <span class='ocrx_word' id='word_1_40' title='bbox 2468 899 2631 941; x_wconf 91' lang='lat' dir='ltr'><strong>sum.</strong></span> <span class='ocrx_word' id='word_1_41' title='bbox 2667 880 3001 944; x_wconf 79' lang='lat' dir='ltr'><strong>Cohortem</strong></span> <span class='ocrx_word' id='word_1_42' title='bbox 3038 890 3250 944; x_wconf 89' lang='lat' dir='ltr'><strong>autem</strong></span> <span class='ocrx_word' id='word_1_43' title='bbox 3294 901 3439 945; x_wconf 92' lang='lat' dir='ltr'><strong>cum</strong></span> <span class='ocrx_word' id='word_1_44' title='bbox 3480 881 3741 944; x_wconf 91' lang='lat' dir='ltr'><strong>tribuno</strong></span> <span class='ocrx_word' id='word_1_45' title='bbox 3790 882 3973 942; x_wconf 86' lang='lat' dir='ltr'><strong>misit</strong></span> 
     </span>
    </p>

    <p class='ocr_par' dir='ltr' id='par_1_4' title="bbox 863 975 3963 1060">
     <span class='ocr_line' id='line_1_5' title="bbox 863 975 3963 1060; baseline 0.001 -24"><span class='ocrx_word' id='word_1_46' title='bbox 863 975 1040 1038; x_wconf 91' lang='lat' dir='ltr'><strong>nium</strong></span> <span class='ocrx_word' id='word_1_47' title='bbox 1085 977 1391 1039; x_wconf 87' lang='lat' dir='ltr'><strong>virtutum</strong></span> <span class='ocrx_word' id='word_1_48' title='bbox 1435 975 1706 1039; x_wconf 86' lang='lat' dir='ltr'><strong>floribus</strong></span> <span class='ocrx_word' id='word_1_49' title='bbox 1743 977 2105 1050; x_wconf 78' lang='lat' dir='ltr'><strong>adornatu3‚</strong></span> <span class='ocrx_word' id='word_1_50' title='bbox 2142 977 2357 1058; x_wconf 89' lang='lat' dir='ltr'><strong>vigore</strong></span> <span class='ocrx_word' id='word_1_51' title='bbox 2466 977 2700 1039; x_wconf 82' lang='lat' dir='ltr'><strong>Pilatus</strong></span> <span class='ocrx_word' id='word_1_52' title='bbox 2753 997 2984 1060; x_wconf 82' lang='lat' dir='ltr'><strong>praeses</strong></span> <span class='ocrx_word' id='word_1_53' title='bbox 3040 980 3118 1041; x_wconf 88' lang='lat' dir='ltr'><strong>ad</strong></span> <span class='ocrx_word' id='word_1_54' title='bbox 3168 980 3529 1042; x_wconf 82' lang='lat' dir='ltr'><strong>instantiam</strong></span> <span class='ocrx_word' id='word_1_55' title='bbox 3576 979 3963 1042; x_wconf 82' lang='lat' dir='ltr'><strong>Judaeorum.</strong></span> 
     </span>
    </p>

    <p class='ocr_par' dir='ltr' id='par_1_5' title="bbox 861 1074 3966 1158">
     <span class='ocr_line' id='line_1_6' title="bbox 861 1074 3966 1158; baseline 0.001 -24"><span class='ocrx_word' id='word_1_56' title='bbox 861 1081 923 1134; x_wconf 90' lang='lat' dir='ltr'><strong>et</strong></span> <span class='ocrx_word' id='word_1_57' title='bbox 969 1074 1286 1137; x_wconf 82' lang='lat' dir='ltr'><strong>viriditate</strong></span> <span class='ocrx_word' id='word_1_58' title='bbox 1327 1075 1656 1157; x_wconf 81' lang='lat' dir='ltr'><strong>sapientiae</strong></span> <span class='ocrx_word' id='word_1_59' title='bbox 1699 1083 1890 1157; x_wconf 88' lang='lat' dir='ltr'><strong>atque</strong></span> <span class='ocrx_word' id='word_1_60' title='bbox 1930 1075 2213 1137; x_wconf 83' lang='lat' dir='ltr'><strong>scientiae</strong></span> <span class='ocrx_word' id='word_1_61' title='bbox 2253 1075 2359 1136; x_wconf 88' lang='lat' dir='ltr'><strong>de·</strong></span> <span class='ocrx_word' id='word_1_62' title='bbox 2470 1077 2650 1136; x_wconf 84' lang='lat' dir='ltr'><strong>Venit</strong></span> <span class='ocrx_word' id='word_1_63' title='bbox 2682 1079 2843 1137; x_wconf 80' lang='lat' dir='ltr'><strong>ictuc</strong></span> <span class='ocrx_word' id='word_1_64' title='bbox 2879 1097 3025 1138; x_wconf 84' lang='lat' dir='ltr'><strong>cum</strong></span> <span class='ocrx_word' id='word_1_65' title='bbox 3068 1079 3339 1138; x_wconf 81' lang='lat' dir='ltr'><strong>laternis</strong></span> <span class='ocrx_word' id='word_1_66' title='bbox 3371 1087 3431 1137; x_wconf 86' lang='lat' dir='ltr'><strong>et</strong></span> <span class='ocrx_word' id='word_1_67' title='bbox 3458 1079 3738 1158; x_wconf 71' lang='lat' dir='ltr'><strong>sacibm,</strong></span> <span class='ocrx_word' id='word_1_68' title='bbox 3766 1087 3829 1138; x_wconf 85' lang='lat' dir='ltr'><strong>et</strong></span> <span class='ocrx_word' id='word_1_69' title='bbox 3862 1099 3966 1136; x_wconf 83' lang='lat' dir='ltr'><strong>ar-</strong></span> 
     </span>
    </p>

    <p class='ocr_par' dir='ltr' id='par_1_6' title="bbox 861 1172 3961 1256">
     <span class='ocr_line' id='line_1_7' title="bbox 861 1172 3961 1256; baseline 0.001 -24"><span class='ocrx_word' id='word_1_70' title='bbox 861 1180 1132 1246; x_wconf 89' lang='lat' dir='ltr'><strong>coratus,</strong></span> <span class='ocrx_word' id='word_1_71' title='bbox 1167 1173 1352 1252; x_wconf 88' lang='lat' dir='ltr'><strong>cujus</strong></span> <span class='ocrx_word' id='word_1_72' title='bbox 1390 1173 1603 1234; x_wconf 90' lang='lat' dir='ltr'><strong>anima</strong></span> <span class='ocrx_word' id='word_1_73' title='bbox 1642 1191 1679 1234; x_wconf 90' lang='lat' dir='ltr'><strong>a</strong></span> <span class='ocrx_word' id='word_1_74' title='bbox 1719 1191 1834 1236; x_wconf 93' lang='lat' dir='ltr'><strong>suo</strong></span> <span class='ocrx_word' id='word_1_75' title='bbox 1865 1173 2079 1253; x_wconf 89' lang='lat' dir='ltr'><strong>vigore</strong></span> <span class='ocrx_word' id='word_1_76' title='bbox 2111 1181 2173 1235; x_wconf 92' lang='lat' dir='ltr'><strong>et</strong></span> <span class='ocrx_word' id='word_1_77' title='bbox 2213 1172 2359 1235; x_wconf 88' lang='lat' dir='ltr'><strong>viri·</strong></span> <span class='ocrx_word' id='word_1_78' title='bbox 2467 1174 2613 1244; x_wconf 80' lang='lat' dir='ltr'><strong>mis,</strong></span> <span class='ocrx_word' id='word_1_79' title='bbox 2663 1173 2961 1236; x_wconf 88' lang='lat' dir='ltr'><strong>videlicet</strong></span> <span class='ocrx_word' id='word_1_80' title='bbox 3008 1175 3219 1256; x_wconf 78' lang='lat' dir='ltr'><strong>ligniS,</strong></span> <span class='ocrx_word' id='word_1_81' title='bbox 3262 1175 3489 1256; x_wconf 83' lang='lat' dir='ltr'><strong>gladiis</strong></span> <span class='ocrx_word' id='word_1_82' title='bbox 3538 1184 3601 1237; x_wconf 89' lang='lat' dir='ltr'><strong>et</strong></span> <span class='ocrx_word' id='word_1_83' title='bbox 3656 1173 3961 1238; x_wconf 84' lang='lat' dir='ltr'><strong>fustibus.</strong></span> 
     </span>
    </p>

    <p class='ocr_par' dir='ltr' id='par_1_7' title="bbox 861 1255 4225 1362">
     <span class='ocr_line' id='line_1_8' title="bbox 861 1255 4225 1362; baseline 0.001 -30"><span class='ocrx_word' id='word_1_84' title='bbox 861 1269 1055 1332; x_wconf 87' lang='lat' dir='ltr'><strong>ditate</strong></span> <span class='ocrx_word' id='word_1_85' title='bbox 1101 1289 1418 1352; x_wconf 85' lang='lat' dir='ltr'><strong>nusquam</strong></span> <span class='ocrx_word' id='word_1_86' title='bbox 1466 1271 1654 1345; x_wconf 91' lang='lat' dir='ltr'><strong>aruit,</strong></span> <span class='ocrx_word' id='word_1_87' title='bbox 1699 1271 2020 1351; x_wconf 89' lang='lat' dir='ltr'><strong>ingressus</strong></span> <span class='ocrx_word' id='word_1_88' title='bbox 2069 1278 2167 1333; x_wconf 89' lang='lat' dir='ltr'><strong>est</strong></span> <span class='ocrx_word' id='word_1_89' title='bbox 2213 1271 2359 1334; x_wconf 90' lang='lat' dir='ltr'><strong>hor·</strong></span> <span class='ocrx_word' id='word_1_90' title='bbox 2470 1268 2615 1332; x_wconf 82' lang='lat' dir='ltr'><strong>Erat</strong></span> <span class='ocrx_word' id='word_1_91' title='bbox 2642 1272 2816 1333; x_wconf 89' lang='lat' dir='ltr'><strong>enim</strong></span> <span class='ocrx_word' id='word_1_92' title='bbox 2860 1271 3175 1353; x_wconf 87' lang='lat' dir='ltr'><strong>profunda</strong></span> <span class='ocrx_word' id='word_1_93' title='bbox 3208 1291 3352 1346; x_wconf 87' lang='lat' dir='ltr'><strong>nox,</strong></span> <span class='ocrx_word' id='word_1_94' title='bbox 3387 1274 3528 1336; x_wconf 91' lang='lat' dir='ltr'><strong>ideo</strong></span> <span class='ocrx_word' id='word_1_95' title='bbox 3568 1291 3649 1334; x_wconf 91' lang='lat' dir='ltr'><strong>ne</strong></span> <span class='ocrx_word' id='word_1_96' title='bbox 3678 1281 4015 1358; x_wconf 88' lang='lat' dir='ltr'><strong>errarent</strong></span> <span class='ocrx_word' id='word_1_97' title='bbox 3994 1259 4061 1304; x_wconf 58' lang='lat'><strong>4&amp;</strong></span> <span class='ocrx_word' id='word_1_98' title='bbox 4022 1255 4225 1362; x_wconf 52' lang='lat' dir='ltr'>„¹³¹me</span> 
     </span>
    </p>

    <p class='ocr_par' dir='ltr' id='par_1_8' title="bbox 861 1368 4223 1484">
     <span class='ocr_line' id='line_1_9' title="bbox 861 1368 4223 1484; baseline 0.001 -55"><span class='ocrx_word' id='word_1_99' title='bbox 861 1375 995 1430; x_wconf 91' lang='lat' dir='ltr'><strong>tum</strong></span> <span class='ocrx_word' id='word_1_100' title='bbox 1025 1368 1360 1430; x_wconf 79' lang='lat' dir='ltr'><strong>viriditatis</strong></span> <span class='ocrx_word' id='word_1_101' title='bbox 1395 1369 1828 1450; x_wconf 77' lang='lat' dir='ltr'><strong>ubertatisque</strong></span> <span class='ocrx_word' id='word_1_102' title='bbox 1861 1369 2085 1431; x_wconf 89' lang='lat' dir='ltr'><strong>locum.</strong></span> <span class='ocrx_word' id='word_1_103' title='bbox 2109 1369 2357 1431; x_wconf 90' lang='lat' dir='ltr'><strong>Utinam</strong></span> <span class='ocrx_word' id='word_1_104' title='bbox 2472 1368 2536 1429; x_wconf 92' lang='lat' dir='ltr'><strong>in</strong></span> <span class='ocrx_word' id='word_1_105' title='bbox 2586 1387 2875 1450; x_wconf 89' lang='lat' dir='ltr'><strong>persona,</strong></span> <span class='ocrx_word' id='word_1_106' title='bbox 2910 1379 2973 1432; x_wconf 91' lang='lat' dir='ltr'><strong>et</strong></span> <span class='ocrx_word' id='word_1_107' title='bbox 3020 1389 3101 1433; x_wconf 86' lang='lat' dir='ltr'><strong>ne</strong></span> <span class='ocrx_word' id='word_1_108' title='bbox 3146 1371 3323 1434; x_wconf 85' lang='lat' dir='ltr'><strong>Jesus</strong></span> <span class='ocrx_word' id='word_1_109' title='bbox 3372 1372 3639 1434; x_wconf 89' lang='lat' dir='ltr'><strong>latenter</strong></span> <span class='ocrx_word' id='word_1_110' title='bbox 3687 1371 4017 1484; x_wconf 71' lang='lat' dir='ltr'><strong>difl&#39;uge-3</strong></span> <span class='ocrx_word' id='word_1_111' title='bbox 4006 1382 4223 1422; x_wconf 67' lang='lat' dir='ltr'><strong>Jmm</strong></span> 
     </span>
    </p>

    <p class='ocr_par' dir='ltr' id='par_1_9' title="bbox 864 1465 3450 1540">
     <span class='ocr_line' id='line_1_10' title="bbox 864 1465 3450 1540; baseline 0.001 -12"><span class='ocrx_word' id='word_1_112' title='bbox 864 1473 926 1528; x_wconf 90' lang='lat' dir='ltr'><strong>et</strong></span> <span class='ocrx_word' id='word_1_113' title='bbox 970 1485 1081 1529; x_wconf 87' lang='lat' dir='ltr'><strong>cor</strong></span> <span class='ocrx_word' id='word_1_114' title='bbox 1120 1472 1408 1529; x_wconf 89' lang='lat' dir='ltr'><strong>nostrum</strong></span> <span class='ocrx_word' id='word_1_115' title='bbox 1458 1465 1540 1528; x_wconf 92' lang='lat' dir='ltr'><strong>sit</strong></span> <span class='ocrx_word' id='word_1_116' title='bbox 1578 1466 1798 1529; x_wconf 86' lang='lat' dir='ltr'><strong>hortus</strong></span> <span class='ocrx_word' id='word_1_117' title='bbox 1841 1467 2199 1540; x_wconf 80' lang='lat' dir='ltr'><strong>deliciosuS,</strong></span> <span class='ocrx_word' id='word_1_118' title='bbox 2235 1467 2361 1528; x_wconf 89' lang='lat' dir='ltr'><strong>vir·</strong></span> <span class='ocrx_word' id='word_1_119' title='bbox 2472 1473 2587 1540; x_wconf 90' lang='lat' dir='ltr'><strong>ret,</strong></span> <span class='ocrx_word' id='word_1_120' title='bbox 2634 1477 2948 1530; x_wconf 87' lang='lat' dir='ltr'><strong>venerunt</strong></span> <span class='ocrx_word' id='word_1_121' title='bbox 2990 1487 3138 1531; x_wconf 91' lang='lat' dir='ltr'><strong>cum</strong></span> <span class='ocrx_word' id='word_1_122' title='bbox 3183 1469 3450 1531; x_wconf 90' lang='lat' dir='ltr'><strong>lumine.</strong></span> 
     </span>
    </p>
   </div>
   <div class='ocr_carea' id='block_1_3' title="bbox 493 1564 4189 2139">
    <p class='ocr_par' dir='ltr' id='par_1_10' title="bbox 493 1564 4189 2139">
     <span class='ocr_line' id='line_1_11' title="bbox 865 1564 4132 1647; baseline -0 -23"><span class='ocrx_word' id='word_1_123' title='bbox 865 1572 1074 1626; x_wconf 92' lang='lat' dir='ltr'><strong>tutum</strong></span> <span class='ocrx_word' id='word_1_124' title='bbox 1147 1564 1684 1646; x_wconf 83' lang='lat' dir='ltr'><strong>scientiarumque</strong></span> <span class='ocrx_word' id='word_1_125' title='bbox 1752 1565 2148 1644; x_wconf 84' lang='lat' dir='ltr'><strong>graminibus</strong></span> <span class='ocrx_word' id='word_1_126' title='bbox 2224 1564 2358 1645; x_wconf 84' lang='lat' dir='ltr'><strong>ple·</strong></span> <span class='ocrx_word' id='word_1_127' title='bbox 2548 1569 2729 1626; x_wconf 81' lang='lat' dir='ltr'><strong>Jesus</strong></span> <span class='ocrx_word' id='word_1_128' title='bbox 2756 1569 2976 1646; x_wconf 81' lang='lat' dir='ltr'><strong>itaque</strong></span> <span class='ocrx_word' id='word_1_129' title='bbox 3008 1569 3213 1627; x_wconf 82' lang='lat' dir='ltr'><strong>sciens</strong></span> <span class='ocrx_word' id='word_1_130' title='bbox 3251 1569 3473 1628; x_wconf 80' lang='lat' dir='ltr'><strong>omnia</strong></span> <span class='ocrx_word' id='word_1_131' title='bbox 3500 1588 3645 1647; x_wconf 81' lang='lat' dir='ltr'><strong>quoe</strong></span> <span class='ocrx_word' id='word_1_132' title='bbox 3689 1579 3962 1628; x_wconf 73' lang='lat' dir='ltr'><strong>ventura</strong></span> <span class='ocrx_word' id='word_1_133' title='bbox 4098 1570 4132 1623; x_wconf 65' lang='grc'><strong>4</strong></span> 
     </span>
     <span class='ocr_line' id='line_1_12' title="bbox 605 1661 3965 1746; baseline -0.002 -13"><span class='ocrx_word' id='word_1_134' title='bbox 605 1689 640 1734; x_wconf 87' lang='grc' dir='ltr'><strong>ιι</strong></span> <span class='ocrx_word' id='word_1_135' title='bbox 661 1689 767 1732; x_wconf 76' lang='lat' dir='ltr'><strong>cor.</strong></span> <span class='ocrx_word' id='word_1_136' title='bbox 793 1701 838 1737; x_wconf 79' lang='lat' dir='ltr'><strong>n,</strong></span> <span class='ocrx_word' id='word_1_137' title='bbox 869 1682 1011 1736; x_wconf 79' lang='lat' dir='ltr'><strong>nuS,</strong></span> <span class='ocrx_word' id='word_1_138' title='bbox 1065 1662 1354 1725; x_wconf 86' lang='lat' dir='ltr'><strong>redolens</strong></span> <span class='ocrx_word' id='word_1_139' title='bbox 1402 1663 1585 1745; x_wconf 87' lang='lat' dir='ltr'><strong>quasi</strong></span> <span class='ocrx_word' id='word_1_140' title='bbox 1634 1661 1864 1726; x_wconf 88' lang='lat' dir='ltr'><strong>Christi</strong></span> <span class='ocrx_word' id='word_1_141' title='bbox 1923 1664 2078 1726; x_wconf 89' lang='lat' dir='ltr'><strong>odor</strong></span> <span class='ocrx_word' id='word_1_142' title='bbox 2127 1663 2355 1739; x_wconf 78' lang='lat' dir='ltr'><strong>bonus„</strong></span> <span class='ocrx_word' id='word_1_143' title='bbox 2468 1672 2655 1724; x_wconf 81' lang='lat' dir='ltr'><strong>erant</strong></span> <span class='ocrx_word' id='word_1_144' title='bbox 2690 1683 2883 1740; x_wconf 83' lang='lat' dir='ltr'><strong>super</strong></span> <span class='ocrx_word' id='word_1_145' title='bbox 2918 1684 3091 1734; x_wconf 87' lang='lat' dir='ltr'><strong>eum,</strong></span> <span class='ocrx_word' id='word_1_146' title='bbox 3122 1665 3241 1728; x_wconf 91' lang='lat' dir='ltr'><strong>hoc</strong></span> <span class='ocrx_word' id='word_1_147' title='bbox 3283 1673 3380 1727; x_wconf 91' lang='lat' dir='ltr'><strong>est</strong></span> <span class='ocrx_word' id='word_1_148' title='bbox 3427 1664 3695 1746; x_wconf 87' lang='lat' dir='ltr'><strong>injurias</strong></span> <span class='ocrx_word' id='word_1_149' title='bbox 3734 1672 3796 1726; x_wconf 88' lang='lat' dir='ltr'><strong>et</strong></span> <span class='ocrx_word' id='word_1_150' title='bbox 3840 1674 3965 1727; x_wconf 89' lang='lat' dir='ltr'><strong>tor-</strong></span> 
     </span>
     <span class='ocr_line' id='line_1_13' title="bbox 493 1755 3967 1843; baseline 0.001 -21"><span class='ocrx_word' id='word_1_151' title='bbox 493 1823 506 1834; x_wconf 70' lang='lat'><strong>,</strong></span> <span class='ocrx_word' id='word_1_152' title='bbox 581 1755 643 1797; x_wconf 83' lang='lat'><strong>¹⁵·</strong></span> <span class='ocrx_word' id='word_1_153' title='bbox 871 1761 935 1822; x_wconf 92' lang='lat' dir='ltr'><strong>in</strong></span> <span class='ocrx_word' id='word_1_154' title='bbox 965 1779 1157 1842; x_wconf 91' lang='lat' dir='ltr'><strong>quem</strong></span> <span class='ocrx_word' id='word_1_155' title='bbox 1189 1761 1474 1825; x_wconf 91' lang='lat' dir='ltr'><strong>Christus</strong></span> <span class='ocrx_word' id='word_1_156' title='bbox 1517 1761 1752 1822; x_wconf 87' lang='lat' dir='ltr'><strong>intrare</strong></span> <span class='ocrx_word' id='word_1_157' title='bbox 1791 1761 2108 1842; x_wconf 84' lang='lat' dir='ltr'><strong>dignetur,</strong></span> <span class='ocrx_word' id='word_1_158' title='bbox 2141 1779 2361 1843; x_wconf 90' lang='lat' dir='ltr'><strong>quem·</strong></span> <span class='ocrx_word' id='word_1_159' title='bbox 2472 1768 2685 1822; x_wconf 84' lang='lat' dir='ltr'><strong>menta</strong></span> <span class='ocrx_word' id='word_1_160' title='bbox 2732 1761 2855 1823; x_wconf 91' lang='lat' dir='ltr'><strong>sibi</strong></span> <span class='ocrx_word' id='word_1_161' title='bbox 2907 1781 3052 1825; x_wconf 89' lang='lat' dir='ltr'><strong>mox</strong></span> <span class='ocrx_word' id='word_1_162' title='bbox 3102 1762 3452 1836; x_wconf 78' lang='lat' dir='ltr'><strong>inserenda,</strong></span> <span class='ocrx_word' id='word_1_163' title='bbox 3498 1767 3805 1840; x_wconf 79' lang='lat' dir='ltr'><strong>processit</strong></span> <span class='ocrx_word' id='word_1_164' title='bbox 3851 1763 3967 1826; x_wconf 90' lang='lat' dir='ltr'><strong>ob-</strong></span> 
     </span>
     <span class='ocr_line' id='line_1_14' title="bbox 577 1858 3967 1943; baseline -0.002 -13"><span class='ocrx_word' id='word_1_165' title='bbox 577 1886 713 1930; x_wconf 77' lang='lat' dir='ltr'><strong>cane.</strong></span> <span class='ocrx_word' id='word_1_166' title='bbox 736 1898 776 1936; x_wconf 78' lang='lat' dir='ltr'><strong>v,</strong></span> <span class='ocrx_word' id='word_1_167' title='bbox 803 1887 838 1927; x_wconf 85' lang='grc' dir='ltr'><strong>ι.</strong></span> <span class='ocrx_word' id='word_1_168' title='bbox 868 1860 1209 1922; x_wconf 87' lang='lat' dir='ltr'><strong>admodum</strong></span> <span class='ocrx_word' id='word_1_169' title='bbox 1239 1859 1482 1941; x_wconf 89' lang='lat' dir='ltr'><strong>Sponsa</strong></span> <span class='ocrx_word' id='word_1_170' title='bbox 1511 1867 1645 1922; x_wconf 89' lang='lat' dir='ltr'><strong>orat</strong></span> <span class='ocrx_word' id='word_1_171' title='bbox 1676 1859 1741 1920; x_wconf 92' lang='lat' dir='ltr'><strong>in</strong></span> <span class='ocrx_word' id='word_1_172' title='bbox 1774 1859 2046 1922; x_wconf 85' lang='lat' dir='ltr'><strong>Canticis</strong></span> <span class='ocrx_word' id='word_1_173' title='bbox 2091 1879 2104 1922; x_wconf 92' lang='lat'>:</span> <span class='ocrx_word' id='word_1_174' title='bbox 2138 1860 2363 1923; x_wconf 88' lang='lat' dir='ltr'><strong>Veniat</strong></span> <span class='ocrx_word' id='word_1_175' title='bbox 2398 1859 2446 1922; x_wconf 94' lang='lat' dir='ltr'>B</span> <span class='ocrx_word' id='word_1_176' title='bbox 2476 1858 2643 1922; x_wconf 88' lang='lat' dir='ltr'><strong>viam</strong></span> <span class='ocrx_word' id='word_1_177' title='bbox 2700 1860 2791 1921; x_wconf 90' lang='lat' dir='ltr'><strong>eis</strong></span> <span class='ocrx_word' id='word_1_178' title='bbox 2856 1861 3237 1943; x_wconf 83' lang='lat' dir='ltr'><strong>intrepiduS.</strong></span> <span class='ocrx_word' id='word_1_179' title='bbox 3298 1860 3503 1923; x_wconf 86' lang='lat' dir='ltr'><strong>Finita</strong></span> <span class='ocrx_word' id='word_1_180' title='bbox 3560 1861 3734 1922; x_wconf 90' lang='lat' dir='ltr'><strong>enim</strong></span> <span class='ocrx_word' id='word_1_181' title='bbox 3799 1862 3967 1924; x_wconf 91' lang='lat' dir='ltr'><strong>trina</strong></span> 
     </span>
     <span class='ocr_line' id='line_1_15' title="bbox 869 1958 4189 2040; baseline 0 -20"><span class='ocrx_word' id='word_1_182' title='bbox 869 1959 1137 2021; x_wconf 89' lang='lat' dir='ltr'><strong>dilectus</strong></span> <span class='ocrx_word' id='word_1_183' title='bbox 1180 1975 1361 2020; x_wconf 90' lang='lat' dir='ltr'><strong>meus</strong></span> <span class='ocrx_word' id='word_1_184' title='bbox 1407 1958 1470 2019; x_wconf 91' lang='lat' dir='ltr'><strong>in</strong></span> <span class='ocrx_word' id='word_1_185' title='bbox 1515 1958 1774 2020; x_wconf 89' lang='lat' dir='ltr'><strong>hortum</strong></span> <span class='ocrx_word' id='word_1_186' title='bbox 1816 1978 2027 2021; x_wconf 92' lang='lat' dir='ltr'><strong>suum.</strong></span> <span class='ocrx_word' id='word_1_187' title='bbox 2471 1958 2775 2031; x_wconf 89' lang='lat' dir='ltr'><strong>oratione,</strong></span> <span class='ocrx_word' id='word_1_188' title='bbox 2811 1959 2969 2021; x_wconf 85' lang='lat' dir='ltr'><strong>dixit</strong></span> <span class='ocrx_word' id='word_1_189' title='bbox 2998 1959 3329 2040; x_wconf 84' lang='lat' dir='ltr'><strong>discipulis</strong></span> <span class='ocrx_word' id='word_1_190' title='bbox 3363 1977 3377 2022; x_wconf 72' lang='grc' dir='ltr'>ε</span> <span class='ocrx_word' id='word_1_191' title='bbox 3411 1958 3675 2040; x_wconf 88' lang='lat' dir='ltr'><strong>Surgite,</strong></span> <span class='ocrx_word' id='word_1_192' title='bbox 3710 1978 3963 2035; x_wconf 90' lang='lat' dir='ltr'><strong>eamus;</strong></span> <span class='ocrx_word' id='word_1_193' title='bbox 4044 1981 4189 2022; x_wconf 59' lang='lat' dir='ltr'><strong>uma</strong></span> 
     </span>
     <span class='ocr_line' id='line_1_16' title="bbox 689 2046 4177 2139; baseline -0 -21"><span class='ocrx_word' id='word_1_194' title='bbox 689 2066 726 2118; x_wconf 77' lang='lat'>2</span> <span class='ocrx_word' id='word_1_195' title='bbox 948 2059 1201 2119; x_wconf 78' lang='lat' dir='ltr'><strong>Sciebat</strong></span> <span class='ocrx_word' id='word_1_196' title='bbox 1244 2067 1460 2118; x_wconf 85' lang='lat' dir='ltr'><strong>autem</strong></span> <span class='ocrx_word' id='word_1_197' title='bbox 1514 2067 1574 2118; x_wconf 92' lang='lat' dir='ltr'><strong>et</strong></span> <span class='ocrx_word' id='word_1_198' title='bbox 1619 2060 1826 2120; x_wconf 82' lang='lat' dir='ltr'><strong>Judas</strong></span> <span class='ocrx_word' id='word_1_199' title='bbox 1874 2059 1993 2136; x_wconf 84' lang='lat' dir='ltr'><strong>qui</strong></span> <span class='ocrx_word' id='word_1_200' title='bbox 2045 2061 2359 2130; x_wconf 78' lang='lat' dir='ltr'><strong>tradebat,</strong></span> <span class='ocrx_word' id='word_1_201' title='bbox 2473 2073 2621 2118; x_wconf 88' lang='lat' dir='ltr'><strong>ecce</strong></span> <span class='ocrx_word' id='word_1_202' title='bbox 2666 2056 3141 2139; x_wconf 87' lang='lat' dir='ltr'><strong>appropinquat</strong></span> <span class='ocrx_word' id='word_1_203' title='bbox 3188 2058 3299 2139; x_wconf 92' lang='lat' dir='ltr'><strong>qui</strong></span> <span class='ocrx_word' id='word_1_204' title='bbox 3343 2075 3447 2119; x_wconf 92' lang='lat' dir='ltr'><strong>me</strong></span> <span class='ocrx_word' id='word_1_205' title='bbox 3484 2058 3706 2120; x_wconf 83' lang='lat' dir='ltr'><strong>tradet.</strong></span> <span class='ocrx_word' id='word_1_206' title='bbox 3744 2061 3829 2119; x_wconf 82' lang='lat' dir='ltr'><strong>E&#39;t</strong></span> <span class='ocrx_word' id='word_1_207' title='bbox 3864 2061 3967 2118; x_wconf 79' lang='lat' dir='ltr'><strong>di-</strong></span> <span class='ocrx_word' id='word_1_208' title='bbox 3992 2046 4177 2088; x_wconf 66' lang='lat' dir='ltr'><strong>ffl¹·⁴‘³·</strong></span> 
     </span>
    </p>
   </div>
   <div class='ocr_carea' id='block_1_4' title="bbox 573 2154 4221 5284">
    <p class='ocr_par' dir='ltr' id='par_1_11' title="bbox 573 2154 4221 5284">
     <span class='ocr_line' id='line_1_17' title="bbox 867 2154 3967 2238; baseline -0.001 -20"><span class='ocrx_word' id='word_1_209' title='bbox 867 2164 930 2218; x_wconf 90' lang='lat' dir='ltr'><strong>et</strong></span> <span class='ocrx_word' id='word_1_210' title='bbox 975 2164 1129 2217; x_wconf 88' lang='lat' dir='ltr'><strong>tunc</strong></span> <span class='ocrx_word' id='word_1_211' title='bbox 1188 2155 1533 2217; x_wconf 88' lang='lat' dir='ltr'><strong>traditurus</strong></span> <span class='ocrx_word' id='word_1_212' title='bbox 1584 2154 1729 2228; x_wconf 87' lang='lat' dir='ltr'><strong>fuit,</strong></span> <span class='ocrx_word' id='word_1_213' title='bbox 1779 2176 1948 2228; x_wconf 87' lang='lat' dir='ltr'><strong>eum,</strong></span> <span class='ocrx_word' id='word_1_214' title='bbox 2003 2165 2220 2238; x_wconf 88' lang='lat' dir='ltr'><strong>utpote</strong></span> <span class='ocrx_word' id='word_1_215' title='bbox 2265 2157 2364 2219; x_wconf 87' lang='lat' dir='ltr'><strong>Je—</strong></span> <span class='ocrx_word' id='word_1_216' title='bbox 2472 2155 2577 2214; x_wconf 74' lang='lat' dir='ltr'><strong>wit</strong></span> <span class='ocrx_word' id='word_1_217' title='bbox 2622 2158 2710 2215; x_wconf 83' lang='lat' dir='ltr'><strong>ad</strong></span> <span class='ocrx_word' id='word_1_218' title='bbox 2752 2175 2852 2216; x_wconf 80' lang='lat' dir='ltr'><strong>eos</strong></span> <span class='ocrx_word' id='word_1_219' title='bbox 2881 2176 2905 2214; x_wconf 95' lang='grc'><strong>.·</strong></span> <span class='ocrx_word' id='word_1_220' title='bbox 2938 2158 3135 2224; x_wconf 84' lang='lat' dir='ltr'><strong>Quem</strong></span> <span class='ocrx_word' id='word_1_221' title='bbox 3174 2157 3517 2235; x_wconf 61' lang='lat' dir='ltr'><strong>quaeritis?</strong></span> <span class='ocrx_word' id='word_1_222' title='bbox 3545 2154 3677 2218; x_wconf 92' lang='lat' dir='ltr'><strong>Non</strong></span> <span class='ocrx_word' id='word_1_223' title='bbox 3733 2157 3967 2237; x_wconf 78' lang='lat' dir='ltr'><strong>quaerit</strong></span> 
     </span>
     <span class='ocr_line' id='line_1_18' title="bbox 865 2253 3967 2336; baseline 0 -21"><span class='ocrx_word' id='word_1_224' title='bbox 865 2273 1032 2334; x_wconf 87' lang='lat' dir='ltr'><strong>sum,</strong></span> <span class='ocrx_word' id='word_1_225' title='bbox 1077 2257 1284 2315; x_wconf 77' lang='lat' dir='ltr'><strong>locu-m</strong></span> <span class='ocrx_word' id='word_1_226' title='bbox 1322 2253 1536 2328; x_wconf 87' lang='lat' dir='ltr'><strong>istum,</strong></span> <span class='ocrx_word' id='word_1_227' title='bbox 1577 2253 1873 2316; x_wconf 88' lang='lat' dir='ltr'><strong>videlicet</strong></span> <span class='ocrx_word' id='word_1_228' title='bbox 1921 2255 2201 2329; x_wconf 89' lang='lat' dir='ltr'><strong>hortum,</strong></span> <span class='ocrx_word' id='word_1_229' title='bbox 2244 2273 2362 2317; x_wconf 91' lang='lat' dir='ltr'><strong>nec</strong></span> <span class='ocrx_word' id='word_1_230' title='bbox 2474 2253 2657 2333; x_wconf 90' lang='lat' dir='ltr'><strong>quasi</strong></span> <span class='ocrx_word' id='word_1_231' title='bbox 2717 2253 3035 2333; x_wconf 83' lang='lat' dir='ltr'><strong>ignoranS,</strong></span> <span class='ocrx_word' id='word_1_232' title='bbox 3088 2254 3197 2316; x_wconf 91' lang='lat' dir='ltr'><strong>sed</strong></span> <span class='ocrx_word' id='word_1_233' title='bbox 3250 2261 3317 2314; x_wconf 92' lang='lat' dir='ltr'><strong>ut</strong></span> <span class='ocrx_word' id='word_1_234' title='bbox 3362 2254 3651 2316; x_wconf 88' lang='lat' dir='ltr'><strong>ostendat</strong></span> <span class='ocrx_word' id='word_1_235' title='bbox 3698 2271 3767 2315; x_wconf 86' lang='lat' dir='ltr'><strong>se</strong></span> <span class='ocrx_word' id='word_1_236' title='bbox 3824 2254 3967 2336; x_wconf 86' lang='lat' dir='ltr'><strong>capi</strong></span> 
     </span>
     <span class='ocr_line' id='line_1_19' title="bbox 865 2351 3969 2433; baseline 0 -21"><span class='ocrx_word' id='word_1_237' title='bbox 865 2351 1046 2413; x_wconf 89' lang='lat' dir='ltr'><strong>latuit</strong></span> <span class='ocrx_word' id='word_1_238' title='bbox 1081 2351 1304 2413; x_wconf 79' lang='lat' dir='ltr'><strong>Iudam</strong></span> <span class='ocrx_word' id='word_1_239' title='bbox 1342 2352 1514 2432; x_wconf 90' lang='lat' dir='ltr'><strong>quod</strong></span> <span class='ocrx_word' id='word_1_240' title='bbox 1549 2351 1728 2414; x_wconf 79' lang='lat' dir='ltr'><strong>Iesus</strong></span> <span class='ocrx_word' id='word_1_241' title='bbox 1764 2351 1898 2432; x_wconf 87' lang='lat' dir='ltr'><strong>jam</strong></span> <span class='ocrx_word' id='word_1_242' title='bbox 1941 2352 2096 2414; x_wconf 89' lang='lat' dir='ltr'><strong>illuc</strong></span> <span class='ocrx_word' id='word_1_243' title='bbox 2134 2351 2364 2415; x_wconf 84' lang='lat' dir='ltr'><strong>fuisset</strong></span> <span class='ocrx_word' id='word_1_244' title='bbox 2473 2369 2545 2412; x_wconf 91' lang='lat' dir='ltr'><strong>ac</strong></span> <span class='ocrx_word' id='word_1_245' title='bbox 2593 2351 2753 2414; x_wconf 88' lang='lat' dir='ltr'><strong>mori</strong></span> <span class='ocrx_word' id='word_1_246' title='bbox 2804 2359 3115 2433; x_wconf 88' lang='lat' dir='ltr'><strong>paratum,</strong></span> <span class='ocrx_word' id='word_1_247' title='bbox 3164 2359 3226 2413; x_wconf 93' lang='lat' dir='ltr'><strong>et</strong></span> <span class='ocrx_word' id='word_1_248' title='bbox 3272 2369 3349 2412; x_wconf 89' lang='lat' dir='ltr'><strong>ex</strong></span> <span class='ocrx_word' id='word_1_249' title='bbox 3399 2351 3655 2414; x_wconf 91' lang='lat' dir='ltr'><strong>illorum</strong></span> <span class='ocrx_word' id='word_1_250' title='bbox 3705 2369 3969 2433; x_wconf 87' lang='lat' dir='ltr'><strong>respon—</strong></span> 
     </span>
     <span class='ocr_line' id='line_1_20' title="bbox 865 2449 3969 2532; baseline 0 -22"><span class='ocrx_word' id='word_1_251' title='bbox 865 2449 1208 2532; x_wconf 80' lang='lat' dir='ltr'><strong>profectuS.</strong></span> <span class='ocrx_word' id='word_1_252' title='bbox 1243 2449 1436 2530; x_wconf 88' lang='lat' dir='ltr'><strong>Cujus</strong></span> <span class='ocrx_word' id='word_1_253' title='bbox 1482 2469 1670 2512; x_wconf 89' lang='lat' dir='ltr'><strong>causa</strong></span> <span class='ocrx_word' id='word_1_254' title='bbox 1709 2450 2121 2532; x_wconf 87' lang='lat' dir='ltr'><strong>subjungitur</strong></span> <span class='ocrx_word' id='word_1_255' title='bbox 2156 2470 2169 2514; x_wconf 75' lang='grc' dir='ltr'><strong><em>ε</em></strong></span> <span class='ocrx_word' id='word_1_256' title='bbox 2203 2454 2363 2532; x_wconf 84' lang='lat' dir='ltr'><strong>quia</strong></span> <span class='ocrx_word' id='word_1_257' title='bbox 2475 2449 2653 2511; x_wconf 90' lang='lat' dir='ltr'><strong>sione</strong></span> <span class='ocrx_word' id='word_1_258' title='bbox 2708 2449 3159 2512; x_wconf 89' lang='lat' dir='ltr'><strong>convenienter</strong></span> <span class='ocrx_word' id='word_1_259' title='bbox 3206 2450 3600 2531; x_wconf 87' lang='lat' dir='ltr'><strong>respondeat,</strong></span> <span class='ocrx_word' id='word_1_260' title='bbox 3650 2450 3969 2513; x_wconf 85' lang='lat' dir='ltr'><strong>ordinate-</strong></span> 
     </span>
     <span class='ocr_line' id='line_1_21' title="bbox 862 2546 4137 2628; baseline 0 -19"><span class='ocrx_word' id='word_1_261' title='bbox 862 2550 1236 2628; x_wconf 78' lang='lat' dir='ltr'><strong>srequenter</strong></span> <span class='ocrx_word' id='word_1_262' title='bbox 1258 2552 1440 2609; x_wconf 81' lang='lat' dir='ltr'><strong>Jesus</strong></span> <span class='ocrx_word' id='word_1_263' title='bbox 1479 2557 1862 2609; x_wconf 83' lang='lat' dir='ltr'><strong>convenerat</strong></span> <span class='ocrx_word' id='word_1_264' title='bbox 1901 2551 2064 2610; x_wconf 83' lang='lat' dir='ltr'><strong>illuc</strong></span> <span class='ocrx_word' id='word_1_265' title='bbox 2093 2570 2241 2611; x_wconf 82' lang='lat' dir='ltr'><strong>eum</strong></span> <span class='ocrx_word' id='word_1_266' title='bbox 2270 2553 2367 2610; x_wconf 84' lang='lat' dir='ltr'><strong>di·</strong></span> <span class='ocrx_word' id='word_1_267' title='bbox 2472 2565 2601 2627; x_wconf 91' lang='lat' dir='ltr'><strong>que</strong></span> <span class='ocrx_word' id='word_1_268' title='bbox 2648 2547 2859 2609; x_wconf 85' lang='lat' dir='ltr'><strong>veniat</strong></span> <span class='ocrx_word' id='word_1_269' title='bbox 2912 2548 2990 2609; x_wconf 93' lang='lat' dir='ltr'><strong>ad</strong></span> <span class='ocrx_word' id='word_1_270' title='bbox 3040 2555 3414 2628; x_wconf 87' lang='lat' dir='ltr'><strong>sequentem</strong></span> <span class='ocrx_word' id='word_1_271' title='bbox 3470 2546 3799 2609; x_wconf 76' lang='lat' dir='ltr'><strong>effectum.</strong></span> <span class='ocrx_word' id='word_1_272' title='bbox 3848 2551 3971 2610; x_wconf 84' lang='lat' dir='ltr'><strong>Re-</strong></span> <span class='ocrx_word' id='word_1_273' title='bbox 4104 2557 4137 2609; x_wconf 82' lang='lat'>5</span> 
     </span>
     <span class='ocr_line' id='line_1_22' title="bbox 865 2645 3967 2727; baseline 0.001 -21"><span class='ocrx_word' id='word_1_274' title='bbox 865 2647 1134 2723; x_wconf 81' lang='lat' dir='ltr'><strong>scipulis</strong></span> <span class='ocrx_word' id='word_1_275' title='bbox 1186 2647 1348 2713; x_wconf 73' lang='lat' dir='ltr'><strong>suis,</strong></span> <span class='ocrx_word' id='word_1_276' title='bbox 1415 2645 1603 2707; x_wconf 89' lang='lat' dir='ltr'><strong>etiam</strong></span> <span class='ocrx_word' id='word_1_277' title='bbox 1674 2652 1960 2727; x_wconf 87' lang='lat' dir='ltr'><strong>tempore</strong></span> <span class='ocrx_word' id='word_1_278' title='bbox 2028 2655 2359 2722; x_wconf 84' lang='lat' dir='ltr'><strong>nocturno,</strong></span> <span class='ocrx_word' id='word_1_279' title='bbox 2472 2649 2869 2722; x_wconf 73' lang='lat' dir='ltr'><strong>sponderant</strong></span> <span class='ocrx_word' id='word_1_280' title='bbox 2914 2647 2978 2706; x_wconf 86' lang='lat' dir='ltr'><strong>ei</strong></span> <span class='ocrx_word' id='word_1_281' title='bbox 3016 2667 3038 2705; x_wconf 94' lang='grc'><strong>.·</strong></span> <span class='ocrx_word' id='word_1_282' title='bbox 3072 2649 3292 2707; x_wconf 79' lang='lat' dir='ltr'><strong>Iesum</strong></span> <span class='ocrx_word' id='word_1_283' title='bbox 3342 2647 3789 2706; x_wconf 73' lang='lat' dir='ltr'><strong>Nazarenum.</strong></span> <span class='ocrx_word' id='word_1_284' title='bbox 3832 2645 3967 2709; x_wconf 82' lang='lat' dir='ltr'><strong>Non</strong></span> 
     </span>
     <span class='ocr_line' id='line_1_23' title="bbox 868 2742 3968 2825; baseline 0.001 -21"><span class='ocrx_word' id='word_1_285' title='bbox 868 2743 1168 2825; x_wconf 86' lang='lat' dir='ltr'><strong>quoniam</strong></span> <span class='ocrx_word' id='word_1_286' title='bbox 1211 2751 1345 2804; x_wconf 87' lang='lat' dir='ltr'><strong>erat</strong></span> <span class='ocrx_word' id='word_1_287' title='bbox 1389 2744 1562 2806; x_wconf 90' lang='lat' dir='ltr'><strong>locus</strong></span> <span class='ocrx_word' id='word_1_288' title='bbox 1612 2743 1868 2825; x_wconf 91' lang='lat' dir='ltr'><strong>quietus</strong></span> <span class='ocrx_word' id='word_1_289' title='bbox 1911 2745 2181 2808; x_wconf 89' lang='lat' dir='ltr'><strong>orationi</strong></span> <span class='ocrx_word' id='word_1_290' title='bbox 2226 2765 2367 2809; x_wconf 87' lang='lat' dir='ltr'><strong>con·</strong></span> <span class='ocrx_word' id='word_1_291' title='bbox 2474 2743 2646 2805; x_wconf 89' lang='lat' dir='ltr'><strong>enim</strong></span> <span class='ocrx_word' id='word_1_292' title='bbox 2685 2750 3117 2823; x_wconf 90' lang='lat' dir='ltr'><strong>cognoverunt</strong></span> <span class='ocrx_word' id='word_1_293' title='bbox 3147 2742 3383 2817; x_wconf 73' lang='lat' dir='ltr'><strong>lesum,</strong></span> <span class='ocrx_word' id='word_1_294' title='bbox 3415 2743 3710 2825; x_wconf 89' lang='lat' dir='ltr'><strong>quamvis</strong></span> <span class='ocrx_word' id='word_1_295' title='bbox 3750 2743 3968 2806; x_wconf 89' lang='lat' dir='ltr'><strong>lumen</strong></span> 
     </span>
     <span class='ocr_line' id='line_1_24' title="bbox 870 2840 3971 2924; baseline 0.001 -22"><span class='ocrx_word' id='word_1_296' title='bbox 870 2841 1400 2923; x_wconf 86' lang='lat' dir='ltr'><strong>templationique</strong></span> <span class='ocrx_word' id='word_1_297' title='bbox 1449 2849 1657 2924; x_wconf 90' lang='lat' dir='ltr'><strong>aptus.</strong></span> <span class='ocrx_word' id='word_1_298' title='bbox 1709 2842 1852 2905; x_wconf 93' lang='lat' dir='ltr'><strong>Ideo</strong></span> <span class='ocrx_word' id='word_1_299' title='bbox 1907 2844 2077 2924; x_wconf 90' lang='lat' dir='ltr'><strong>apud</strong></span> <span class='ocrx_word' id='word_1_300' title='bbox 2128 2843 2363 2907; x_wconf 81' lang='lat' dir='ltr'><strong>Lucam</strong></span> <span class='ocrx_word' id='word_1_301' title='bbox 2472 2842 2735 2916; x_wconf 84' lang='lat' dir='ltr'><strong>adesset,</strong></span> <span class='ocrx_word' id='word_1_302' title='bbox 2760 2849 2824 2903; x_wconf 94' lang='lat' dir='ltr'><strong>et</strong></span> <span class='ocrx_word' id='word_1_303' title='bbox 2851 2849 2996 2903; x_wconf 89' lang='lat' dir='ltr'><strong>ante</strong></span> <span class='ocrx_word' id='word_1_304' title='bbox 3026 2859 3175 2902; x_wconf 88' lang='lat' dir='ltr'><strong>eum</strong></span> <span class='ocrx_word' id='word_1_305' title='bbox 3205 2840 3543 2904; x_wconf 85' lang='lat' dir='ltr'><strong>novissent.</strong></span> <span class='ocrx_word' id='word_1_306' title='bbox 3569 2840 3701 2904; x_wconf 90' lang='lat' dir='ltr'><strong>lmo</strong></span> <span class='ocrx_word' id='word_1_307' title='bbox 3730 2861 3849 2904; x_wconf 91' lang='lat' dir='ltr'><strong>nec</strong></span> <span class='ocrx_word' id='word_1_308' title='bbox 3873 2842 3971 2904; x_wconf 87' lang='lat' dir='ltr'><strong>Ju-</strong></span> 
     </span>
     <span class='ocr_line' id='line_1_25' title="bbox 601 2939 3972 3022; baseline -0.001 -17"><span class='ocrx_word' id='word_1_309' title='bbox 601 2962 711 3006; x_wconf 75' lang='lat' dir='ltr'><strong>Luc.</strong></span> <span class='ocrx_word' id='word_1_310' title='bbox 739 2976 842 3013; x_wconf 72' lang='lat' dir='ltr'><strong>xm,</strong></span> <span class='ocrx_word' id='word_1_311' title='bbox 872 2940 1182 3022; x_wconf 87' lang='lat' dir='ltr'><strong>scriptum</strong></span> <span class='ocrx_word' id='word_1_312' title='bbox 1232 2949 1348 3018; x_wconf 92' lang='lat' dir='ltr'><strong>est,</strong></span> <span class='ocrx_word' id='word_1_313' title='bbox 1381 2941 1553 3022; x_wconf 90' lang='lat' dir='ltr'><strong>quod</strong></span> <span class='ocrx_word' id='word_1_314' title='bbox 1592 2940 1790 3002; x_wconf 84' lang='lat' dir='ltr'><strong>exivit</strong></span> <span class='ocrx_word' id='word_1_315' title='bbox 1828 2943 2180 3004; x_wconf 90' lang='lat' dir='ltr'><strong>secundum</strong></span> <span class='ocrx_word' id='word_1_316' title='bbox 2219 2962 2366 3006; x_wconf 89' lang='lat' dir='ltr'><strong>con-</strong></span> <span class='ocrx_word' id='word_1_317' title='bbox 2473 2940 2583 3001; x_wconf 89' lang='lat' dir='ltr'><strong>das</strong></span> <span class='ocrx_word' id='word_1_318' title='bbox 2612 2957 2759 3001; x_wconf 91' lang='lat' dir='ltr'><strong>eum</strong></span> <span class='ocrx_word' id='word_1_319' title='bbox 2800 2941 3117 3020; x_wconf 90' lang='lat' dir='ltr'><strong>cognovit,</strong></span> <span class='ocrx_word' id='word_1_320' title='bbox 3149 2957 3487 3021; x_wconf 88' lang='lat' dir='ltr'><strong>quousque</strong></span> <span class='ocrx_word' id='word_1_321' title='bbox 3524 2939 3767 3022; x_wconf 89' lang='lat' dir='ltr'><strong>placuit</strong></span> <span class='ocrx_word' id='word_1_322' title='bbox 3794 2940 3972 3002; x_wconf 88' lang='lat' dir='ltr'><strong>Chri-</strong></span> 
     </span>
     <span class='ocr_line' id='line_1_26' title="bbox 577 3027 3969 3111; baseline 0 -11"><span class='ocrx_word' id='word_1_323' title='bbox 577 3027 644 3070; x_wconf 76' lang='lat'><strong>³⁹⁶</strong></span> <span class='ocrx_word' id='word_1_324' title='bbox 871 3039 1274 3102; x_wconf 89' lang='lat' dir='ltr'><strong>suetudinem</strong></span> <span class='ocrx_word' id='word_1_325' title='bbox 1332 3057 1510 3100; x_wconf 88' lang='lat' dir='ltr'><strong>suam</strong></span> <span class='ocrx_word' id='word_1_326' title='bbox 1559 3038 1624 3100; x_wconf 93' lang='lat' dir='ltr'><strong>in</strong></span> <span class='ocrx_word' id='word_1_327' title='bbox 1683 3047 1964 3101; x_wconf 88' lang='lat' dir='ltr'><strong>montem</strong></span> <span class='ocrx_word' id='word_1_328' title='bbox 2014 3039 2359 3103; x_wconf 90' lang='lat' dir='ltr'><strong>Olivarum.</strong></span> <span class='ocrx_word' id='word_1_329' title='bbox 2402 3039 2445 3103; x_wconf 96' lang='lat' dir='ltr'><strong>C</strong></span> <span class='ocrx_word' id='word_1_330' title='bbox 2476 3045 2591 3101; x_wconf 90' lang='lat' dir='ltr'><strong>sto.</strong></span> <span class='ocrx_word' id='word_1_331' title='bbox 2643 3037 3185 3111; x_wconf 87' lang='lat' dir='ltr'><strong>Quemadmodum</strong></span> <span class='ocrx_word' id='word_1_332' title='bbox 3242 3037 3413 3099; x_wconf 90' lang='lat' dir='ltr'><strong>enim</strong></span> <span class='ocrx_word' id='word_1_333' title='bbox 3469 3038 3687 3099; x_wconf 91' lang='lat' dir='ltr'><strong>divina</strong></span> <span class='ocrx_word' id='word_1_334' title='bbox 3734 3038 3969 3100; x_wconf 87' lang='lat' dir='ltr'><strong>virtute</strong></span> 
     </span>
     <span class='ocr_line' id='line_1_27' title="bbox 869 3135 3961 3219; baseline 0 -21"><span class='ocrx_word' id='word_1_335' title='bbox 869 3135 959 3198; x_wconf 88' lang='lat' dir='ltr'><strong>Ex</strong></span> <span class='ocrx_word' id='word_1_336' title='bbox 1001 3155 1130 3218; x_wconf 90' lang='lat' dir='ltr'><strong>quo</strong></span> <span class='ocrx_word' id='word_1_337' title='bbox 1168 3143 1340 3218; x_wconf 89' lang='lat' dir='ltr'><strong>patet</strong></span> <span class='ocrx_word' id='word_1_338' title='bbox 1380 3137 1553 3218; x_wconf 91' lang='lat' dir='ltr'><strong>quod</strong></span> <span class='ocrx_word' id='word_1_339' title='bbox 1594 3136 1774 3198; x_wconf 86' lang='lat' dir='ltr'><strong>Jesus</strong></span> <span class='ocrx_word' id='word_1_340' title='bbox 1819 3145 2070 3219; x_wconf 91' lang='lat' dir='ltr'><strong>tempus</strong></span> <span class='ocrx_word' id='word_1_341' title='bbox 2115 3149 2365 3202; x_wconf 87' lang='lat' dir='ltr'><strong>noctur·</strong></span> <span class='ocrx_word' id='word_1_342' title='bbox 2476 3136 2625 3198; x_wconf 77' lang='lat' dir='ltr'><strong>fecit</strong></span> <span class='ocrx_word' id='word_1_343' title='bbox 2674 3155 2742 3198; x_wconf 88' lang='lat' dir='ltr'><strong>se</strong></span> <span class='ocrx_word' id='word_1_344' title='bbox 2799 3154 2965 3218; x_wconf 84' lang='lat' dir='ltr'><strong>saepe</strong></span> <span class='ocrx_word' id='word_1_345' title='bbox 3025 3136 3415 3198; x_wconf 89' lang='lat' dir='ltr'><strong>invisibilem</strong></span> <span class='ocrx_word' id='word_1_346' title='bbox 3466 3136 3757 3198; x_wconf 90' lang='lat' dir='ltr'><strong>hostibus</strong></span> <span class='ocrx_word' id='word_1_347' title='bbox 3804 3137 3961 3212; x_wconf 77' lang='grc' dir='ltr'><strong>ειιίε,</strong></span> 
     </span>
     <span class='ocr_line' id='line_1_28' title="bbox 869 3233 4157 3320; baseline 0.002 -24"><span class='ocrx_word' id='word_1_348' title='bbox 869 3253 1026 3297; x_wconf 90' lang='lat' dir='ltr'><strong>num</strong></span> <span class='ocrx_word' id='word_1_349' title='bbox 1057 3235 1123 3297; x_wconf 93' lang='lat' dir='ltr'><strong>in</strong></span> <span class='ocrx_word' id='word_1_350' title='bbox 1162 3236 1446 3299; x_wconf 87' lang='lat' dir='ltr'><strong>oratione</strong></span> <span class='ocrx_word' id='word_1_351' title='bbox 1483 3242 1545 3296; x_wconf 93' lang='lat' dir='ltr'><strong>et</strong></span> <span class='ocrx_word' id='word_1_352' title='bbox 1577 3234 1823 3298; x_wconf 89' lang='lat' dir='ltr'><strong>actibus</strong></span> <span class='ocrx_word' id='word_1_353' title='bbox 1861 3237 2096 3298; x_wconf 90' lang='lat' dir='ltr'><strong>sanctis</strong></span> <span class='ocrx_word' id='word_1_354' title='bbox 2134 3255 2366 3320; x_wconf 87' lang='lat' dir='ltr'><strong>expen-</strong></span> <span class='ocrx_word' id='word_1_355' title='bbox 2474 3236 2730 3316; x_wconf 90' lang='lat' dir='ltr'><strong>quando</strong></span> <span class='ocrx_word' id='word_1_356' title='bbox 2768 3234 3108 3297; x_wconf 89' lang='lat' dir='ltr'><strong>voluerunt</strong></span> <span class='ocrx_word' id='word_1_357' title='bbox 3144 3252 3291 3296; x_wconf 91' lang='lat' dir='ltr'><strong>eum</strong></span> <span class='ocrx_word' id='word_1_358' title='bbox 3332 3233 3730 3316; x_wconf 75' lang='lat' dir='ltr'><strong>praecipitare</strong></span> <span class='ocrx_word' id='word_1_359' title='bbox 3770 3242 3835 3296; x_wconf 87' lang='lat' dir='ltr'><strong>et</strong></span> <span class='ocrx_word' id='word_1_360' title='bbox 3878 3235 3967 3297; x_wconf 91' lang='lat' dir='ltr'><strong>la-</strong></span> <span class='ocrx_word' id='word_1_361' title='bbox 4012 3260 4157 3302; x_wconf 60' lang='lat' dir='ltr'><strong>Lam</strong></span> 
     </span>
     <span class='ocr_line' id='line_1_29' title="bbox 871 3322 4221 3434; baseline -0.001 -38"><span class='ocrx_word' id='word_1_362' title='bbox 871 3333 983 3396; x_wconf 89' lang='lat' dir='ltr'><strong>dit.</strong></span> <span class='ocrx_word' id='word_1_363' title='bbox 1035 3333 1401 3415; x_wconf 86' lang='lat' dir='ltr'><strong>Locumque</strong></span> <span class='ocrx_word' id='word_1_364' title='bbox 1457 3333 1809 3395; x_wconf 88' lang='lat' dir='ltr'><strong>solitarium</strong></span> <span class='ocrx_word' id='word_1_365' title='bbox 1859 3343 1923 3396; x_wconf 91' lang='lat' dir='ltr'><strong>et</strong></span> <span class='ocrx_word' id='word_1_366' title='bbox 1971 3335 2284 3416; x_wconf 90' lang='lat' dir='ltr'><strong>quietum,</strong></span> <span class='ocrx_word' id='word_1_367' title='bbox 2328 3357 2365 3398; x_wconf 90' lang='lat' dir='ltr'><strong>a</strong></span> <span class='ocrx_word' id='word_1_368' title='bbox 2477 3332 2716 3414; x_wconf 90' lang='lat' dir='ltr'><strong>pidare‚</strong></span> <span class='ocrx_word' id='word_1_369' title='bbox 2760 3331 2851 3393; x_wconf 90' lang='lat' dir='ltr'><strong>sic</strong></span> <span class='ocrx_word' id='word_1_370' title='bbox 2898 3349 3072 3392; x_wconf 88' lang='lat' dir='ltr'><strong>nunc</strong></span> <span class='ocrx_word' id='word_1_371' title='bbox 3120 3328 3274 3393; x_wconf 77' lang='lat' dir='ltr'><strong>fecit</strong></span> <span class='ocrx_word' id='word_1_372' title='bbox 3318 3349 3385 3392; x_wconf 90' lang='lat' dir='ltr'><strong>se</strong></span> <span class='ocrx_word' id='word_1_373' title='bbox 3432 3331 3523 3392; x_wconf 92' lang='lat' dir='ltr'><strong>eis</strong></span> <span class='ocrx_word' id='word_1_374' title='bbox 3572 3331 3967 3411; x_wconf 85' lang='lat' dir='ltr'><strong>incognosci-</strong></span> <span class='ocrx_word' id='word_1_375' title='bbox 3991 3325 4074 3434; x_wconf 54' lang='lat'><strong>³2¹·</strong></span> <span class='ocrx_word' id='word_1_376' title='bbox 4090 3322 4221 3428; x_wconf 49' lang='grc' dir='ltr'><strong>ἔξω</strong></span> 
     </span>
     <span class='ocr_line' id='line_1_30' title="bbox 869 3429 3968 3516; baseline 0.001 -23"><span class='ocrx_word' id='word_1_377' title='bbox 869 3431 1122 3494; x_wconf 86' lang='lat' dir='ltr'><strong>civitate</strong></span> <span class='ocrx_word' id='word_1_378' title='bbox 1170 3439 1602 3513; x_wconf 82' lang='lat' dir='ltr'><strong>competenter</strong></span> <span class='ocrx_word' id='word_1_379' title='bbox 1650 3433 2007 3507; x_wconf 84' lang='lat' dir='ltr'><strong>distantem,</strong></span> <span class='ocrx_word' id='word_1_380' title='bbox 2047 3435 2359 3516; x_wconf 83' lang='lat' dir='ltr'><strong>expetiit:</strong></span> <span class='ocrx_word' id='word_1_381' title='bbox 2476 3429 2693 3504; x_wconf 87' lang='lat' dir='ltr'><strong>bilem,</strong></span> <span class='ocrx_word' id='word_1_382' title='bbox 2729 3430 2929 3492; x_wconf 79' lang='lat' dir='ltr'><strong>donec</strong></span> <span class='ocrx_word' id='word_1_383' title='bbox 2978 3437 3288 3510; x_wconf 83' lang='lat' dir='ltr'><strong>punctum</strong></span> <span class='ocrx_word' id='word_1_384' title='bbox 3338 3447 3469 3491; x_wconf 83' lang='lat' dir='ltr'><strong>suae</strong></span> <span class='ocrx_word' id='word_1_385' title='bbox 3510 3429 3823 3510; x_wconf 84' lang='lat' dir='ltr'><strong>captionis</strong></span> <span class='ocrx_word' id='word_1_386' title='bbox 3872 3429 3968 3491; x_wconf 88' lang='lat' dir='ltr'><strong>in-</strong></span> 
     </span>
     <span class='ocr_line' id='line_1_31' title="bbox 870 3527 3965 3615; baseline 0.001 -24"><span class='ocrx_word' id='word_1_387' title='bbox 870 3549 996 3593; x_wconf 92' lang='lat' dir='ltr'><strong>non</strong></span> <span class='ocrx_word' id='word_1_388' title='bbox 1027 3531 1197 3611; x_wconf 92' lang='lat' dir='ltr'><strong>quod</strong></span> <span class='ocrx_word' id='word_1_389' title='bbox 1231 3530 1542 3610; x_wconf 89' lang='lat' dir='ltr'><strong>indigeret</strong></span> <span class='ocrx_word' id='word_1_390' title='bbox 1569 3531 1961 3595; x_wconf 90' lang='lat' dir='ltr'><strong>adminiculo</strong></span> <span class='ocrx_word' id='word_1_391' title='bbox 1991 3532 2135 3608; x_wconf 90' lang='lat' dir='ltr'><strong>loci,</strong></span> <span class='ocrx_word' id='word_1_392' title='bbox 2170 3552 2363 3615; x_wconf 92' lang='lat' dir='ltr'><strong>quem</strong></span> <span class='ocrx_word' id='word_1_393' title='bbox 2476 3535 2687 3589; x_wconf 75' lang='lat' dir='ltr'><strong>staret·</strong></span> <span class='ocrx_word' id='word_1_394' title='bbox 2746 3529 2922 3588; x_wconf 73' lang='lat' dir='ltr'><strong>Dicit</strong></span> <span class='ocrx_word' id='word_1_395' title='bbox 2976 3528 3068 3586; x_wconf 77' lang='lat' dir='ltr'><strong>eis</strong></span> <span class='ocrx_word' id='word_1_396' title='bbox 3113 3530 3295 3588; x_wconf 73' lang='lat' dir='ltr'><strong>lesus</strong></span> <span class='ocrx_word' id='word_1_397' title='bbox 3344 3543 3367 3586; x_wconf 91' lang='lat'><strong>-·</strong></span> <span class='ocrx_word' id='word_1_398' title='bbox 3412 3530 3549 3604; x_wconf 79' lang='lat' dir='ltr'>E&#39;90</span> <span class='ocrx_word' id='word_1_399' title='bbox 3594 3547 3741 3587; x_wconf 74' lang='lat' dir='ltr'><strong>sum</strong></span> <span class='ocrx_word' id='word_1_400' title='bbox 3787 3527 3965 3589; x_wconf 77' lang='lat' dir='ltr'><strong>Iesus</strong></span> 
     </span>
     <span class='ocr_line' id='line_1_32' title="bbox 871 3623 3965 3713; baseline 0.002 -23"><span class='ocrx_word' id='word_1_401' title='bbox 871 3629 962 3690; x_wconf 92' lang='lat' dir='ltr'><strong>nil</strong></span> <span class='ocrx_word' id='word_1_402' title='bbox 1011 3628 1090 3690; x_wconf 90' lang='lat' dir='ltr'><strong>ab</strong></span> <span class='ocrx_word' id='word_1_403' title='bbox 1139 3628 1388 3690; x_wconf 89' lang='lat' dir='ltr'><strong>actibus</strong></span> <span class='ocrx_word' id='word_1_404' title='bbox 1439 3629 1842 3692; x_wconf 83' lang='lat' dir='ltr'><strong>intellectivae</strong></span> <span class='ocrx_word' id='word_1_405' title='bbox 1892 3631 2086 3713; x_wconf 87' lang='lat' dir='ltr'><strong>partis</strong></span> <span class='ocrx_word' id='word_1_406' title='bbox 2135 3633 2365 3696; x_wconf 83' lang='lat' dir='ltr'><strong>animae</strong></span> <span class='ocrx_word' id='word_1_407' title='bbox 2474 3625 2851 3699; x_wconf 55' lang='lat' dir='ltr'><strong>Nazarenu&amp;</strong></span> <span class='ocrx_word' id='word_1_408' title='bbox 2897 3625 3025 3687; x_wconf 76' lang='lat' dir='ltr'><strong>imo</strong></span> <span class='ocrx_word' id='word_1_409' title='bbox 3072 3632 3135 3686; x_wconf 72' lang='grc' dir='ltr'><strong>θῑ</strong></span> <span class='ocrx_word' id='word_1_410' title='bbox 3179 3642 3365 3687; x_wconf 65' lang='lat' dir='ltr'>verus</span> <span class='ocrx_word' id='word_1_411' title='bbox 3412 3623 3597 3697; x_wconf 73' lang='lat' dir='ltr'><strong>Deus,</strong></span> <span class='ocrx_word' id='word_1_412' title='bbox 3647 3625 3763 3706; x_wconf 80' lang='lat' dir='ltr'><strong>qui</strong></span> <span class='ocrx_word' id='word_1_413' title='bbox 3810 3625 3965 3688; x_wconf 82' lang='lat' dir='ltr'><strong>Olim</strong></span> 
     </span>
     <span class='ocr_line' id='line_1_33' title="bbox 872 3721 4213 3808; baseline -0.001 -18"><span class='ocrx_word' id='word_1_414' title='bbox 872 3727 1079 3808; x_wconf 91' lang='lat' dir='ltr'><strong>potuit</strong></span> <span class='ocrx_word' id='word_1_415' title='bbox 1111 3727 1444 3808; x_wconf 89' lang='lat' dir='ltr'><strong>impedire,</strong></span> <span class='ocrx_word' id='word_1_416' title='bbox 1480 3727 1579 3790; x_wconf 91' lang='lat' dir='ltr'><strong>vel</strong></span> <span class='ocrx_word' id='word_1_417' title='bbox 1619 3728 1697 3788; x_wconf 87' lang='lat' dir='ltr'><strong>ad</strong></span> <span class='ocrx_word' id='word_1_418' title='bbox 1736 3746 1954 3790; x_wconf 88' lang='lat' dir='ltr'><strong>eorum</strong></span> <span class='ocrx_word' id='word_1_419' title='bbox 1987 3730 2363 3792; x_wconf 88' lang='lat' dir='ltr'><strong>exercitium</strong></span> <span class='ocrx_word' id='word_1_420' title='bbox 2476 3724 2723 3786; x_wconf 89' lang='lat' dir='ltr'><strong>locutus</strong></span> <span class='ocrx_word' id='word_1_421' title='bbox 2772 3741 2914 3784; x_wconf 90' lang='lat' dir='ltr'><strong>sum</strong></span> <span class='ocrx_word' id='word_1_422' title='bbox 2962 3721 3153 3804; x_wconf 79' lang='lat' dir='ltr'><strong>Moysi</strong></span> <span class='ocrx_word' id='word_1_423' title='bbox 3196 3741 3210 3785; x_wconf 89' lang='lat'>:</span> <span class='ocrx_word' id='word_1_424' title='bbox 3252 3721 3381 3804; x_wconf 79' lang='lat' dir='ltr'><strong>Ego</strong></span> <span class='ocrx_word' id='word_1_425' title='bbox 3428 3741 3568 3784; x_wconf 89' lang='lat' dir='ltr'><strong>sum</strong></span> <span class='ocrx_word' id='word_1_426' title='bbox 3617 3723 3733 3804; x_wconf 91' lang='lat' dir='ltr'><strong>qui</strong></span> <span class='ocrx_word' id='word_1_427' title='bbox 3782 3741 3961 3804; x_wconf 89' lang='lat' dir='ltr'><strong>sum;</strong></span> <span class='ocrx_word' id='word_1_428' title='bbox 4026 3751 4155 3794; x_wconf 65' lang='grc' dir='ltr'><strong>εωε.</strong></span> <span class='ocrx_word' id='word_1_429' title='bbox 4183 3763 4213 3788; x_wconf 82' lang='lat'><strong>1.</strong></span> 
     </span>
     <span class='ocr_line' id='line_1_34' title="bbox 873 3819 4056 3907; baseline -0.001 -22"><span class='ocrx_word' id='word_1_430' title='bbox 873 3842 1266 3907; x_wconf 89' lang='lat' dir='ltr'><strong>promovere,</strong></span> <span class='ocrx_word' id='word_1_431' title='bbox 1299 3825 1600 3906; x_wconf 89' lang='lat' dir='ltr'><strong>quoniam</strong></span> <span class='ocrx_word' id='word_1_432' title='bbox 1629 3825 1865 3906; x_wconf 85' lang='lat' dir='ltr'><strong>jugiter</strong></span> <span class='ocrx_word' id='word_1_433' title='bbox 1893 3825 2019 3887; x_wconf 80' lang='lat' dir='ltr'><strong>fuit</strong></span> <span class='ocrx_word' id='word_1_434' title='bbox 2047 3827 2113 3888; x_wconf 87' lang='lat' dir='ltr'><strong>in</strong></span> <span class='ocrx_word' id='word_1_435' title='bbox 2143 3829 2363 3890; x_wconf 76' lang='lat' dir='ltr'><strong>eadem</strong></span> <span class='ocrx_word' id='word_1_436' title='bbox 2477 3821 2611 3883; x_wconf 80' lang='lat' dir='ltr'><strong>haec</strong></span> <span class='ocrx_word' id='word_1_437' title='bbox 2656 3821 2828 3883; x_wconf 88' lang='lat' dir='ltr'><strong>dices</strong></span> <span class='ocrx_word' id='word_1_438' title='bbox 2874 3820 3031 3882; x_wconf 87' lang='lat' dir='ltr'><strong>filiis</strong></span> <span class='ocrx_word' id='word_1_439' title='bbox 3070 3819 3257 3882; x_wconf 88' lang='lat' dir='ltr'><strong>lsrael</strong></span> <span class='ocrx_word' id='word_1_440' title='bbox 3293 3839 3307 3882; x_wconf 77' lang='grc' dir='ltr'>ε</span> <span class='ocrx_word' id='word_1_441' title='bbox 3340 3819 3455 3892; x_wconf 87' lang='lat' dir='ltr'><strong>Qui</strong></span> <span class='ocrx_word' id='word_1_442' title='bbox 3498 3828 3617 3894; x_wconf 90' lang='lat' dir='ltr'><strong>est,</strong></span> <span class='ocrx_word' id='word_1_443' title='bbox 3651 3820 3829 3883; x_wconf 91' lang='lat' dir='ltr'><strong>misit</strong></span> <span class='ocrx_word' id='word_1_444' title='bbox 3863 3839 3965 3883; x_wconf 88' lang='lat' dir='ltr'><strong>me</strong></span> <span class='ocrx_word' id='word_1_445' title='bbox 3992 3821 4056 3858; x_wconf 74' lang='lat'><strong>¹⁸·</strong></span> 
     </span>
     <span class='ocr_line' id='line_1_35' title="bbox 871 3921 3964 4005; baseline -0.001 -21"><span class='ocrx_word' id='word_1_446' title='bbox 871 3922 1334 4004; x_wconf 75' lang='lat' dir='ltr'><strong>perfectissima</strong></span> <span class='ocrx_word' id='word_1_447' title='bbox 1391 3923 1621 3985; x_wconf 91' lang='lat' dir='ltr'><strong>mentis</strong></span> <span class='ocrx_word' id='word_1_448' title='bbox 1683 3923 2097 4005; x_wconf 88' lang='lat' dir='ltr'><strong>dispositione</strong></span> <span class='ocrx_word' id='word_1_449' title='bbox 2155 3927 2363 3988; x_wconf 89' lang='lat' dir='ltr'><strong>subsi-</strong></span> <span class='ocrx_word' id='word_1_450' title='bbox 2476 3921 2553 3982; x_wconf 86' lang='lat' dir='ltr'><strong>ad</strong></span> <span class='ocrx_word' id='word_1_451' title='bbox 2585 3939 2717 3983; x_wconf 90' lang='lat' dir='ltr'><strong>vos.</strong></span> <span class='ocrx_word' id='word_1_452' title='bbox 2751 3921 2977 3982; x_wconf 85' lang='lat' dir='ltr'><strong>Stabat</strong></span> <span class='ocrx_word' id='word_1_453' title='bbox 3015 3929 3231 3980; x_wconf 84' lang='lat' dir='ltr'><strong>autem</strong></span> <span class='ocrx_word' id='word_1_454' title='bbox 3268 3929 3328 3979; x_wconf 88' lang='lat' dir='ltr'><strong>et</strong></span> <span class='ocrx_word' id='word_1_455' title='bbox 3352 3921 3560 3980; x_wconf 74' lang='lat' dir='ltr'><strong>ludas</strong></span> <span class='ocrx_word' id='word_1_456' title='bbox 3596 3921 3718 3998; x_wconf 80' lang='lat' dir='ltr'><strong>qui</strong></span> <span class='ocrx_word' id='word_1_457' title='bbox 3758 3923 3964 3981; x_wconf 81' lang='lat' dir='ltr'><strong>trade-</strong></span> 
     </span>
     <span class='ocr_line' id='line_1_36' title="bbox 871 4016 3959 4103; baseline 0.004 -22"><span class='ocrx_word' id='word_1_458' title='bbox 871 4027 1080 4100; x_wconf 84' lang='lat' dir='ltr'><strong>stens3</strong></span> <span class='ocrx_word' id='word_1_459' title='bbox 1127 4021 1236 4082; x_wconf 91' lang='lat' dir='ltr'><strong>sed</strong></span> <span class='ocrx_word' id='word_1_460' title='bbox 1284 4028 1356 4082; x_wconf 92' lang='lat' dir='ltr'><strong>ut</strong></span> <span class='ocrx_word' id='word_1_461' title='bbox 1402 4022 1577 4083; x_wconf 89' lang='lat' dir='ltr'><strong>daret</strong></span> <span class='ocrx_word' id='word_1_462' title='bbox 1625 4021 1807 4083; x_wconf 92' lang='lat' dir='ltr'><strong>nobis</strong></span> <span class='ocrx_word' id='word_1_463' title='bbox 1856 4023 2221 4103; x_wconf 85' lang='lat' dir='ltr'><strong>exemplum</strong></span> <span class='ocrx_word' id='word_1_464' title='bbox 2272 4025 2363 4088; x_wconf 92' lang='lat' dir='ltr'><strong>sic</strong></span> <span class='ocrx_word' id='word_1_465' title='bbox 2476 4021 2581 4078; x_wconf 83' lang='lat' dir='ltr'><strong>bat</strong></span> <span class='ocrx_word' id='word_1_466' title='bbox 2608 4039 2781 4087; x_wconf 67' lang='lat' dir='ltr'><strong>eum,</strong></span> <span class='ocrx_word' id='word_1_467' title='bbox 2811 4039 2958 4080; x_wconf 74' lang='lat' dir='ltr'><strong>cum</strong></span> <span class='ocrx_word' id='word_1_468' title='bbox 2987 4020 3147 4094; x_wconf 65' lang='lat' dir='ltr'><strong>ipsis</strong></span> <span class='ocrx_word' id='word_1_469' title='bbox 3178 4017 3244 4079; x_wconf 76' lang='lat' dir='ltr'><strong>in</strong></span> <span class='ocrx_word' id='word_1_470' title='bbox 3282 4017 3436 4092; x_wconf 63' lang='lat'><strong>8⁰50,</strong></span> <span class='ocrx_word' id='word_1_471' title='bbox 3470 4018 3623 4098; x_wconf 68' lang='lat' dir='ltr'><strong>quia</strong></span> <span class='ocrx_word' id='word_1_472' title='bbox 3658 4018 3788 4080; x_wconf 71' lang='lat' dir='ltr'><strong>dux</strong></span> <span class='ocrx_word' id='word_1_473' title='bbox 3818 4016 3959 4093; x_wconf 71' lang='lat' dir='ltr'><strong>fuit,</strong></span> 
     </span>
     <span class='ocr_line' id='line_1_37' title="bbox 869 4115 3963 4200; baseline 0 -22"><span class='ocrx_word' id='word_1_474' title='bbox 869 4116 1167 4192; x_wconf 81' lang='lat' dir='ltr'><strong>faciendi,</strong></span> <span class='ocrx_word' id='word_1_475' title='bbox 1229 4124 1542 4199; x_wconf 86' lang='lat' dir='ltr'><strong>quatenus</strong></span> <span class='ocrx_word' id='word_1_476' title='bbox 1600 4138 1638 4180; x_wconf 91' lang='lat' dir='ltr'><strong>a</strong></span> <span class='ocrx_word' id='word_1_477' title='bbox 1694 4119 1964 4200; x_wconf 90' lang='lat' dir='ltr'><strong>strepitu</strong></span> <span class='ocrx_word' id='word_1_478' title='bbox 2028 4121 2362 4184; x_wconf 88' lang='lat' dir='ltr'><strong>hominum</strong></span> <span class='ocrx_word' id='word_1_479' title='bbox 2475 4125 2666 4198; x_wconf 90' lang='lat' dir='ltr'><strong>atque</strong></span> <span class='ocrx_word' id='word_1_480' title='bbox 2698 4116 3040 4199; x_wconf 84' lang='lat' dir='ltr'><strong>praecessit,</strong></span> <span class='ocrx_word' id='word_1_481' title='bbox 3078 4123 3145 4177; x_wconf 90' lang='lat' dir='ltr'><strong>ut</strong></span> <span class='ocrx_word' id='word_1_482' title='bbox 3184 4115 3479 4198; x_wconf 90' lang='lat' dir='ltr'><strong>primitus</strong></span> <span class='ocrx_word' id='word_1_483' title='bbox 3518 4116 3877 4180; x_wconf 88' lang='lat' dir='ltr'><strong>accedendo</strong></span> <span class='ocrx_word' id='word_1_484' title='bbox 3904 4125 3963 4178; x_wconf 91' lang='lat' dir='ltr'><strong>et</strong></span> 
     </span>
     <span class='ocr_line' id='line_1_38' title="bbox 870 4214 3965 4297; baseline 0.001 -20"><span class='ocrx_word' id='word_1_485' title='bbox 870 4215 1164 4296; x_wconf 87' lang='lat' dir='ltr'><strong>elongati,</strong></span> <span class='ocrx_word' id='word_1_486' title='bbox 1199 4214 1393 4278; x_wconf 90' lang='lat' dir='ltr'><strong>Deum</strong></span> <span class='ocrx_word' id='word_1_487' title='bbox 1437 4216 1636 4278; x_wconf 90' lang='lat' dir='ltr'><strong>libere</strong></span> <span class='ocrx_word' id='word_1_488' title='bbox 1675 4225 1736 4278; x_wconf 89' lang='lat' dir='ltr'><strong>et</strong></span> <span class='ocrx_word' id='word_1_489' title='bbox 1773 4224 2006 4280; x_wconf 81' lang='lat' dir='ltr'><strong>attente</strong></span> <span class='ocrx_word' id='word_1_490' title='bbox 2046 4238 2195 4281; x_wconf 88' lang='lat' dir='ltr'><strong>cum</strong></span> <span class='ocrx_word' id='word_1_491' title='bbox 2234 4240 2365 4284; x_wconf 91' lang='lat' dir='ltr'><strong>cor·</strong></span> <span class='ocrx_word' id='word_1_492' title='bbox 2397 4224 2442 4285; x_wconf 91' lang='lat' dir='ltr'>D</span> <span class='ocrx_word' id='word_1_493' title='bbox 2474 4216 2839 4293; x_wconf 89' lang='lat' dir='ltr'><strong>osculando,</strong></span> <span class='ocrx_word' id='word_1_494' title='bbox 2890 4215 3250 4278; x_wconf 88' lang='lat' dir='ltr'><strong>ostenderet</strong></span> <span class='ocrx_word' id='word_1_495' title='bbox 3296 4215 3504 4278; x_wconf 90' lang='lat' dir='ltr'><strong>virum</strong></span> <span class='ocrx_word' id='word_1_496' title='bbox 3549 4231 3745 4296; x_wconf 92' lang='lat' dir='ltr'><strong>quem</strong></span> <span class='ocrx_word' id='word_1_497' title='bbox 3796 4234 3965 4297; x_wconf 84' lang='lat' dir='ltr'><strong>quae-</strong></span> 
     </span>
     <span class='ocr_line' id='line_1_39' title="bbox 871 4313 2716 4397; baseline 0 -22"><span class='ocrx_word' id='word_1_498' title='bbox 871 4314 968 4375; x_wconf 91' lang='lat' dir='ltr'><strong>dis</strong></span> <span class='ocrx_word' id='word_1_499' title='bbox 1027 4314 1366 4376; x_wconf 86' lang='lat' dir='ltr'><strong>stabilitate</strong></span> <span class='ocrx_word' id='word_1_500' title='bbox 1425 4333 1782 4397; x_wconf 88' lang='lat' dir='ltr'><strong>precemur.</strong></span> <span class='ocrx_word' id='word_1_501' title='bbox 1841 4315 2052 4393; x_wconf 89' lang='lat' dir='ltr'><strong>Porro,</strong></span> <span class='ocrx_word' id='word_1_502' title='bbox 2115 4318 2181 4379; x_wconf 91' lang='lat' dir='ltr'><strong>in</strong></span> <span class='ocrx_word' id='word_1_503' title='bbox 2246 4318 2364 4382; x_wconf 90' lang='lat' dir='ltr'><strong>hoc</strong></span> <span class='ocrx_word' id='word_1_504' title='bbox 2474 4313 2716 4376; x_wconf 86' lang='lat' dir='ltr'><strong>rebant.</strong></span> 
     </span>
     <span class='ocr_line' id='line_1_40' title="bbox 631 4410 4123 4490; baseline -0.001 -12"><span class='ocrx_word' id='word_1_505' title='bbox 631 4433 801 4478; x_wconf 60' lang='lat' dir='ltr'><strong>uana.</strong></span> <span class='ocrx_word' id='word_1_506' title='bbox 871 4411 1052 4475; x_wconf 91' lang='lat' dir='ltr'><strong>horto</strong></span> <span class='ocrx_word' id='word_1_507' title='bbox 1083 4410 1234 4474; x_wconf 77' lang='lat' dir='ltr'><strong>fecit</strong></span> <span class='ocrx_word' id='word_1_508' title='bbox 1260 4412 1437 4474; x_wconf 86' lang='lat' dir='ltr'><strong>Jesus</strong></span> <span class='ocrx_word' id='word_1_509' title='bbox 1468 4413 1698 4474; x_wconf 89' lang='lat' dir='ltr'><strong>trinam</strong></span> <span class='ocrx_word' id='word_1_510' title='bbox 1730 4414 2100 4490; x_wconf 89' lang='lat' dir='ltr'><strong>orationem,</strong></span> <span class='ocrx_word' id='word_1_511' title='bbox 2136 4414 2366 4479; x_wconf 88' lang='lat' dir='ltr'><strong>factus·</strong></span> <span class='ocrx_word' id='word_1_512' title='bbox 2562 4416 2639 4474; x_wconf 87' lang='lat' dir='ltr'><strong>Ut</strong></span> <span class='ocrx_word' id='word_1_513' title='bbox 2666 4432 2815 4490; x_wconf 72' lang='lat' dir='ltr'><strong>erqo</strong></span> <span class='ocrx_word' id='word_1_514' title='bbox 2852 4413 3027 4474; x_wconf 71' lang='lat' dir='ltr'><strong>dixit</strong></span> <span class='ocrx_word' id='word_1_515' title='bbox 3067 4414 3160 4472; x_wconf 76' lang='lat' dir='ltr'><strong>eis</strong></span> <span class='ocrx_word' id='word_1_516' title='bbox 3186 4413 3387 4487; x_wconf 79' lang='lat' dir='ltr'><strong>JesuS,</strong></span> <span class='ocrx_word' id='word_1_517' title='bbox 3420 4415 3557 4489; x_wconf 68' lang='lat' dir='ltr'><strong>Eyo</strong></span> <span class='ocrx_word' id='word_1_518' title='bbox 3594 4434 3767 4482; x_wconf 85' lang='lat' dir='ltr'><strong>sum,</strong></span> <span class='ocrx_word' id='word_1_519' title='bbox 3798 4415 3963 4474; x_wconf 75' lang='lat' dir='ltr'><strong>abie-</strong></span> <span class='ocrx_word' id='word_1_520' title='bbox 4092 4429 4123 4483; x_wconf 76' lang='grc'>6</span> 
     </span>
     <span class='ocr_line' id='line_1_41' title="bbox 575 4499 3959 4610; baseline 0.001 -40"><span class='ocrx_word' id='word_1_521' title='bbox 575 4499 839 4610; x_wconf 50' lang='grc' dir='ltr'><strong>κῗὶξζζξ·</strong></span> <span class='ocrx_word' id='word_1_522' title='bbox 869 4528 998 4590; x_wconf 89' lang='lat' dir='ltr'><strong>que</strong></span> <span class='ocrx_word' id='word_1_523' title='bbox 1047 4511 1111 4572; x_wconf 91' lang='lat' dir='ltr'><strong>in</strong></span> <span class='ocrx_word' id='word_1_524' title='bbox 1154 4511 1379 4591; x_wconf 86' lang='lat' dir='ltr'><strong>agonia</strong></span> <span class='ocrx_word' id='word_1_525' title='bbox 1421 4512 1719 4574; x_wconf 90' lang='lat' dir='ltr'><strong>sudorem</strong></span> <span class='ocrx_word' id='word_1_526' title='bbox 1759 4514 2076 4577; x_wconf 88' lang='lat' dir='ltr'><strong>emanavit</strong></span> <span class='ocrx_word' id='word_1_527' title='bbox 2115 4516 2365 4596; x_wconf 89' lang='lat' dir='ltr'><strong>sangui·</strong></span> <span class='ocrx_word' id='word_1_528' title='bbox 2471 4522 2631 4572; x_wconf 84' lang='lat' dir='ltr'><strong>runt</strong></span> <span class='ocrx_word' id='word_1_529' title='bbox 2666 4521 3041 4578; x_wconf 76' lang='lat' dir='ltr'><strong>retrorsum,</strong></span> <span class='ocrx_word' id='word_1_530' title='bbox 3070 4521 3131 4571; x_wconf 85' lang='lat' dir='ltr'><strong>et</strong></span> <span class='ocrx_word' id='word_1_531' title='bbox 3168 4513 3535 4572; x_wconf 81' lang='lat' dir='ltr'><strong>ceciderunt</strong></span> <span class='ocrx_word' id='word_1_532' title='bbox 3582 4513 3656 4572; x_wconf 81' lang='lat' dir='ltr'><strong>in</strong></span> <span class='ocrx_word' id='word_1_533' title='bbox 3698 4521 3959 4582; x_wconf 82' lang='lat' dir='ltr'><strong>terram,</strong></span> 
     </span>
     <span class='ocr_line' id='line_1_42' title="bbox 573 4607 3962 4695; baseline 0.003 -32"><span class='ocrx_word' id='word_1_534' title='bbox 573 4623 735 4671; x_wconf 49' lang='lat' dir='ltr'><strong>mu.</strong></span> <span class='ocrx_word' id='word_1_535' title='bbox 870 4625 1099 4688; x_wconf 84' lang='lat' dir='ltr'><strong>neum3</strong></span> <span class='ocrx_word' id='word_1_536' title='bbox 1144 4607 1254 4670; x_wconf 93' lang='lat' dir='ltr'><strong>ubi</strong></span> <span class='ocrx_word' id='word_1_537' title='bbox 1293 4616 1357 4670; x_wconf 92' lang='lat' dir='ltr'><strong>et</strong></span> <span class='ocrx_word' id='word_1_538' title='bbox 1394 4610 1656 4690; x_wconf 88' lang='lat' dir='ltr'><strong>angelus</strong></span> <span class='ocrx_word' id='word_1_539' title='bbox 1696 4611 1754 4672; x_wconf 92' lang='lat' dir='ltr'><strong>ei</strong></span> <span class='ocrx_word' id='word_1_540' title='bbox 1794 4612 2112 4693; x_wconf 89' lang='lat' dir='ltr'><strong>apparuit,</strong></span> <span class='ocrx_word' id='word_1_541' title='bbox 2147 4613 2361 4695; x_wconf 89' lang='lat' dir='ltr'><strong>ipsum</strong></span> <span class='ocrx_word' id='word_1_542' title='bbox 2472 4628 2590 4672; x_wconf 88' lang='lat' dir='ltr'><strong>nec</strong></span> <span class='ocrx_word' id='word_1_543' title='bbox 2639 4617 3071 4684; x_wconf 87' lang='lat' dir='ltr'><strong>surrexerunt,</strong></span> <span class='ocrx_word' id='word_1_544' title='bbox 3104 4610 3227 4671; x_wconf 93' lang='lat' dir='ltr'><strong>nisi</strong></span> <span class='ocrx_word' id='word_1_545' title='bbox 3272 4609 3536 4673; x_wconf 89' lang='lat' dir='ltr'><strong>Domino</strong></span> <span class='ocrx_word' id='word_1_546' title='bbox 3571 4609 3717 4671; x_wconf 86' lang='lat' dir='ltr'><strong>Jesu</strong></span> <span class='ocrx_word' id='word_1_547' title='bbox 3764 4629 3962 4673; x_wconf 88' lang='lat' dir='ltr'><strong>annu-</strong></span> 
     </span>
     <span class='ocr_line' id='line_1_43' title="bbox 869 4705 3957 4792; baseline 0.001 -24"><span class='ocrx_word' id='word_1_548' title='bbox 869 4705 1252 4769; x_wconf 83' lang='lat' dir='ltr'><strong>cont&#39;ortans.</strong></span> <span class='ocrx_word' id='word_1_549' title='bbox 2472 4717 2637 4772; x_wconf 89' lang='lat' dir='ltr'><strong>ente.</strong></span> <span class='ocrx_word' id='word_1_550' title='bbox 2672 4708 2832 4771; x_wconf 84' lang='lat' dir='ltr'><strong>Ecce</strong></span> <span class='ocrx_word' id='word_1_551' title='bbox 2877 4715 3117 4789; x_wconf 88' lang='lat' dir='ltr'><strong>quanta</strong></span> <span class='ocrx_word' id='word_1_552' title='bbox 3162 4715 3259 4770; x_wconf 92' lang='lat' dir='ltr'><strong>est</strong></span> <span class='ocrx_word' id='word_1_553' title='bbox 3304 4708 3507 4771; x_wconf 87' lang='lat' dir='ltr'><strong>virtus</strong></span> <span class='ocrx_word' id='word_1_554' title='bbox 3554 4708 3810 4784; x_wconf 85' lang='lat' dir='ltr'><strong>Christi,</strong></span> <span class='ocrx_word' id='word_1_555' title='bbox 3851 4710 3957 4792; x_wconf 90' lang='lat' dir='ltr'><strong>qui</strong></span> 
     </span>
     <span class='ocr_line' id='line_1_44' title="bbox 691 4805 3957 4888; baseline 0.002 -23"><span class='ocrx_word' id='word_1_556' title='bbox 691 4809 726 4865; x_wconf 91' lang='grc'>3</span> <span class='ocrx_word' id='word_1_557' title='bbox 948 4806 1153 4865; x_wconf 83' lang='lat' dir='ltr'><strong>Judas</strong></span> <span class='ocrx_word' id='word_1_558' title='bbox 1199 4825 1347 4882; x_wconf 73' lang='lat' dir='ltr'><strong>erqo</strong></span> <span class='ocrx_word' id='word_1_559' title='bbox 1391 4826 1593 4884; x_wconf 85' lang='lat' dir='ltr'><strong>quum</strong></span> <span class='ocrx_word' id='word_1_560' title='bbox 1640 4810 1976 4884; x_wconf 79' lang='lat' dir='ltr'><strong>accepisset</strong></span> <span class='ocrx_word' id='word_1_561' title='bbox 2018 4812 2361 4881; x_wconf 78' lang='lat' dir='ltr'><strong>cohortem,</strong></span> <span class='ocrx_word' id='word_1_562' title='bbox 2472 4826 2599 4870; x_wconf 91' lang='lat' dir='ltr'><strong>uno</strong></span> <span class='ocrx_word' id='word_1_563' title='bbox 2632 4806 2825 4870; x_wconf 89' lang='lat' dir='ltr'><strong>verbo</strong></span> <span class='ocrx_word' id='word_1_564' title='bbox 2855 4824 3077 4870; x_wconf 90' lang='lat' dir='ltr'><strong>omnes</strong></span> <span class='ocrx_word' id='word_1_565' title='bbox 3107 4805 3250 4869; x_wconf 90' lang='lat' dir='ltr'><strong>illos</strong></span> <span class='ocrx_word' id='word_1_566' title='bbox 3281 4805 3369 4868; x_wconf 92' lang='lat' dir='ltr'><strong>ita</strong></span> <span class='ocrx_word' id='word_1_567' title='bbox 3397 4807 3760 4888; x_wconf 84' lang='lat' dir='ltr'><strong>prostravit.</strong></span> <span class='ocrx_word' id='word_1_568' title='bbox 3788 4806 3957 4880; x_wconf 83' lang='lat' dir='ltr'><strong>Quod</strong></span> 
     </span>
     <span class='ocr_line' id='line_1_45' title="bbox 869 4901 3959 4987; baseline 0.001 -23"><span class='ocrx_word' id='word_1_569' title='bbox 869 4901 990 4965; x_wconf 88' lang='lat' dir='ltr'><strong>hoc</strong></span> <span class='ocrx_word' id='word_1_570' title='bbox 1046 4909 1140 4964; x_wconf 91' lang='lat' dir='ltr'><strong>est</strong></span> <span class='ocrx_word' id='word_1_571' title='bbox 1189 4903 1667 4966; x_wconf 86' lang='lat' dir='ltr'><strong>multitudinem</strong></span> <span class='ocrx_word' id='word_1_572' title='bbox 1724 4905 2002 4967; x_wconf 89' lang='lat' dir='ltr'><strong>militum</strong></span> <span class='ocrx_word' id='word_1_573' title='bbox 2057 4906 2363 4971; x_wconf 83' lang='lat' dir='ltr'><strong>Romano-</strong></span> <span class='ocrx_word' id='word_1_574' title='bbox 2471 4907 2695 4987; x_wconf 86' lang='lat' dir='ltr'><strong>utique</strong></span> <span class='ocrx_word' id='word_1_575' title='bbox 2736 4904 3112 4968; x_wconf 89' lang='lat' dir='ltr'><strong>miraculose</strong></span> <span class='ocrx_word' id='word_1_576' title='bbox 3154 4903 3391 4966; x_wconf 88' lang='lat' dir='ltr'><strong>factum</strong></span> <span class='ocrx_word' id='word_1_577' title='bbox 3441 4911 3537 4966; x_wconf 92' lang='lat' dir='ltr'><strong>est</strong></span> <span class='ocrx_word' id='word_1_578' title='bbox 3573 4904 3791 4967; x_wconf 89' lang='lat' dir='ltr'><strong>divina</strong></span> <span class='ocrx_word' id='word_1_579' title='bbox 3840 4905 3959 4968; x_wconf 88' lang='lat' dir='ltr'><strong>vir-</strong></span> 
     </span>
     <span class='ocr_line' id='line_1_46' title="bbox 787 4993 3951 5085; baseline 0.001 -25"><span class='ocrx_word' id='word_1_580' title='bbox 787 4993 798 5000; x_wconf 83' lang='grc'><em>“</em></span> <span class='ocrx_word' id='word_1_581' title='bbox 869 5019 1010 5062; x_wconf 91' lang='lat' dir='ltr'><strong>rum</strong></span> <span class='ocrx_word' id='word_1_582' title='bbox 1048 5001 1169 5062; x_wconf 92' lang='lat' dir='ltr'><strong>sub</strong></span> <span class='ocrx_word' id='word_1_583' title='bbox 1209 5001 1468 5065; x_wconf 89' lang='lat' dir='ltr'><strong>tribuno</strong></span> <span class='ocrx_word' id='word_1_584' title='bbox 1508 5003 2014 5080; x_wconf 87' lang='lat' dir='ltr'><strong>consistentium,</strong></span> <span class='ocrx_word' id='word_1_585' title='bbox 2046 5017 2106 5066; x_wconf 82' lang='lat' dir='ltr'><strong>et</strong></span> <span class='ocrx_word' id='word_1_586' title='bbox 2135 5027 2177 5066; x_wconf 88' lang='lat' dir='ltr'><strong>a</strong></span> <span class='ocrx_word' id='word_1_587' title='bbox 2200 5026 2361 5085; x_wconf 82' lang='lat' dir='ltr'><strong>pon·</strong></span> <span class='ocrx_word' id='word_1_588' title='bbox 2470 5012 2626 5078; x_wconf 90' lang='lat' dir='ltr'><strong>tute,</strong></span> <span class='ocrx_word' id='word_1_589' title='bbox 2661 5004 2977 5066; x_wconf 88' lang='lat' dir='ltr'><strong>mediante</strong></span> <span class='ocrx_word' id='word_1_590' title='bbox 3007 5001 3201 5065; x_wconf 88' lang='lat' dir='ltr'><strong>verbo</strong></span> <span class='ocrx_word' id='word_1_591' title='bbox 3232 5003 3401 5083; x_wconf 90' lang='lat' dir='ltr'><strong>quod</strong></span> <span class='ocrx_word' id='word_1_592' title='bbox 3434 5003 3615 5076; x_wconf 87' lang='lat' dir='ltr'><strong>dixit,</strong></span> <span class='ocrx_word' id='word_1_593' title='bbox 3642 5001 3773 5083; x_wconf 81' lang='lat' dir='ltr'><strong>Ego</strong></span> <span class='ocrx_word' id='word_1_594' title='bbox 3802 5023 3951 5077; x_wconf 89' lang='lat' dir='ltr'><strong>sum,</strong></span> 
     </span>
     <span class='ocr_line' id='line_1_47' title="bbox 869 5099 3955 5186; baseline 0.001 -28"><span class='ocrx_word' id='word_1_595' title='bbox 869 5099 1175 5175; x_wconf 67' lang='lat' dir='ltr'><strong>tificibuS,</strong></span> <span class='ocrx_word' id='word_1_596' title='bbox 1225 5101 1288 5162; x_wconf 90' lang='lat' dir='ltr'><strong>id</strong></span> <span class='ocrx_word' id='word_1_597' title='bbox 1337 5108 1433 5162; x_wconf 87' lang='lat' dir='ltr'><strong>est</strong></span> <span class='ocrx_word' id='word_1_598' title='bbox 1481 5101 1883 5183; x_wconf 77' lang='lat' dir='ltr'><strong>principibus</strong></span> <span class='ocrx_word' id='word_1_599' title='bbox 1935 5105 2355 5180; x_wconf 87' lang='lat' dir='ltr'><strong>sacerdotum,</strong></span> <span class='ocrx_word' id='word_1_600' title='bbox 2471 5105 2643 5186; x_wconf 90' lang='lat' dir='ltr'><strong>quod</strong></span> <span class='ocrx_word' id='word_1_601' title='bbox 2680 5101 3052 5164; x_wconf 89' lang='lat' dir='ltr'><strong>terribiliter</strong></span> <span class='ocrx_word' id='word_1_602' title='bbox 3080 5100 3342 5162; x_wconf 87' lang='lat' dir='ltr'><strong>auribus</strong></span> <span class='ocrx_word' id='word_1_603' title='bbox 3382 5099 3637 5163; x_wconf 90' lang='lat' dir='ltr'><strong>illorum</strong></span> <span class='ocrx_word' id='word_1_604' title='bbox 3680 5099 3955 5164; x_wconf 83' lang='lat' dir='ltr'><strong>insonuit</strong></span> 
     </span>
     <span class='ocr_line' id='line_1_48' title="bbox 863 5197 3954 5284; baseline 0.001 -28"><span class='ocrx_word' id='word_1_605' title='bbox 863 5205 924 5256; x_wconf 85' lang='lat' dir='ltr'><strong>et</strong></span> <span class='ocrx_word' id='word_1_606' title='bbox 953 5199 1337 5268; x_wconf 71' lang='lat' dir='ltr'><strong>Pharis-wis,</strong></span> <span class='ocrx_word' id='word_1_607' title='bbox 1358 5198 1526 5261; x_wconf 89' lang='lat' dir='ltr'><strong>haud</strong></span> <span class='ocrx_word' id='word_1_608' title='bbox 1558 5199 1826 5264; x_wconf 91' lang='lat' dir='ltr'><strong>dubium</strong></span> <span class='ocrx_word' id='word_1_609' title='bbox 1856 5201 2014 5283; x_wconf 89' lang='lat' dir='ltr'><strong>quin</strong></span> <span class='ocrx_word' id='word_1_610' title='bbox 2047 5209 2109 5264; x_wconf 91' lang='lat' dir='ltr'><strong>et</strong></span> <span class='ocrx_word' id='word_1_611' title='bbox 2137 5221 2174 5263; x_wconf 91' lang='lat' dir='ltr'><strong>a</strong></span> <span class='ocrx_word' id='word_1_612' title='bbox 2202 5202 2361 5264; x_wconf 89' lang='lat' dir='ltr'><strong>Scri·</strong></span> <span class='ocrx_word' id='word_1_613' title='bbox 2467 5207 2666 5284; x_wconf 86' lang='lat' dir='ltr'><strong>(tanta</strong></span> <span class='ocrx_word' id='word_1_614' title='bbox 2705 5217 2981 5281; x_wconf 90' lang='lat' dir='ltr'><strong>namque</strong></span> <span class='ocrx_word' id='word_1_615' title='bbox 3018 5197 3142 5260; x_wconf 83' lang='lat' dir='ltr'><strong>fuit</strong></span> <span class='ocrx_word' id='word_1_616' title='bbox 3183 5199 3279 5262; x_wconf 87' lang='lat' dir='ltr'><strong>vis</strong></span> <span class='ocrx_word' id='word_1_617' title='bbox 3314 5198 3493 5261; x_wconf 93' lang='lat' dir='ltr'><strong>verbi</strong></span> <span class='ocrx_word' id='word_1_618' title='bbox 3534 5198 3729 5274; x_wconf 88' lang='lat' dir='ltr'><strong>illius,</strong></span> <span class='ocrx_word' id='word_1_619' title='bbox 3762 5217 3954 5281; x_wconf 87' lang='lat' dir='ltr'><strong>quan-</strong></span> 
     </span>
    </p>
   </div>
   <div class='ocr_carea' id='block_1_5' title="bbox 865 5293 3953 5378">
    <p class='ocr_par' dir='ltr' id='par_1_12' title="bbox 865 5293 3953 5378">
     <span class='ocr_line' id='line_1_49' title="bbox 865 5293 3953 5378; baseline 0.001 -22"><span class='ocrx_word' id='word_1_620' title='bbox 865 5293 987 5368; x_wconf 86' lang='lat' dir='ltr'><strong>bis,</strong></span> <span class='ocrx_word' id='word_1_621' title='bbox 1035 5297 1390 5364; x_wconf 80' lang='lat' dir='ltr'><strong>ministros,</strong></span> <span class='ocrx_word' id='word_1_622' title='bbox 1436 5297 1550 5378; x_wconf 91' lang='lat' dir='ltr'><strong>qui</strong></span> <span class='ocrx_word' id='word_1_623' title='bbox 1601 5306 1779 5360; x_wconf 92' lang='lat' dir='ltr'><strong>erant</strong></span> <span class='ocrx_word' id='word_1_624' title='bbox 1823 5300 2044 5363; x_wconf 79' lang='lat' dir='ltr'><strong>Judaei.</strong></span> <span class='ocrx_word' id='word_1_625' title='bbox 2089 5299 2357 5365; x_wconf 84' lang='lat' dir='ltr'><strong>Munivit</strong></span> <span class='ocrx_word' id='word_1_626' title='bbox 2467 5309 2596 5364; x_wconf 86' lang='lat' dir='ltr'><strong>tam</strong></span> <span class='ocrx_word' id='word_1_627' title='bbox 2636 5299 2836 5363; x_wconf 90' lang='lat' dir='ltr'><strong>voluit</strong></span> <span class='ocrx_word' id='word_1_628' title='bbox 2874 5297 3159 5362; x_wconf 89' lang='lat' dir='ltr'><strong>Christus</strong></span> <span class='ocrx_word' id='word_1_629' title='bbox 3202 5314 3341 5358; x_wconf 92' lang='lat' dir='ltr'><strong>eam</strong></span> <span class='ocrx_word' id='word_1_630' title='bbox 3382 5297 3581 5378; x_wconf 89' lang='lat' dir='ltr'><strong>esse);</strong></span> <span class='ocrx_word' id='word_1_631' title='bbox 3614 5295 3790 5371; x_wconf 91' lang='lat' dir='ltr'><strong>item,</strong></span> <span class='ocrx_word' id='word_1_632' title='bbox 3833 5314 3953 5358; x_wconf 86' lang='lat' dir='ltr'><strong>me-</strong></span> 
     </span>
    </p>
   </div>
   <div class='ocr_carea' id='block_1_6' title="bbox 4248 5531 4253 6118">
    <p class='ocr_par' dir='ltr' id='par_1_13' title="bbox 4248 5531 4253 6118">
     <span class='ocr_line' id='line_1_50' title="bbox 4248 5531 4253 6118; baseline 0 0"><span class='ocrx_word' id='word_1_633' title='bbox 4248 5531 4253 6118; x_wconf 95' lang='lat' dir='ltr'><strong> </strong></span> 
     </span>
    </p>
   </div>
  </div>
 </body>
</html>
