4300 6259
587 1274 756 1319 nauh.

539 1354 656 1391 xxiv,
677 1342 746 1384 27.

554 2271 733 2317 11Pe1r.
754 2288 798 2325 ιι,

535 2338 578 2387 ⁴,
597 2338 637 2379 9.

535 3067 601 3111 Ιε.
624 3080 708 3120 nv,
733 3070 800 3111 ¹3.

583 4643 668 4687 lob
693 4656 809 4694 xxvt,

547 4707 612 4749 ¹2.

541 4839 728 4891 Ibidav,
741 4842 806 4883 ¹8.

560 4937 680 4981 lbid.
691 4950 806 4989 xxvi,

539 5064 809 5115 Pamxvm,

593 5268 763 5312 Ezech.

831 485 870 549 8
1653 501 2002 549 numum
2044 500 2107 547 m
2148 500 2287 547 cn.
2336 500 2377 546 x
2418 499 2606 547 Luca.
2650 520 2731 531 -—
2772 501 2915 547 Am.
2962 501 3111 547 xxvi

827 676 995 735 sicut
1036 676 1298 753 fulqur,
1347 672 1468 735 hoc
1513 679 1608 734 est
1655 671 1839 735 valde
1888 670 2202 746 celeriter,
2248 673 2328 730 de
2354 670 2407 731 A
2437 677 2585 732 sunt
2633 670 2933 734 interiora
2978 680 3086 734 tua
3128 671 3502 754 iniquitate3
3552 680 3615 733 et
3658 671 3817 753 ejeci
3866 678 3927 733 te

827 776 978 833 coelo
1008 775 1365 841 cadentem,
1395 772 1650 852 quando
1679 769 1760 834 ob
1801 789 1980 831 suam
2022 769 2171 832 inde
2202 769 2329 849 eje-

831 877 970 933 ctus
1018 878 1114 932 est
1159 869 1539 949 elationem3
1585 869 1710 943 vel,
1755 867 1931 930 Sicut
1978 867 2215 948 fulgur,
2263 867 2328 928 id

830 976 926 1030 est
963 968 1355 1031 terribiliter.
1390 968 1565 1040 Quod
1603 967 1776 1029 enim
1819 984 1932 1048 per
1965 965 2331 1029 similitudi-

831 1084 978 1130 nem
1009 1068 1404 1129 emicationis
1433 1065 1729 1147 fulguriS,
1765 1065 2050 1127 celeritas
2081 1063 2331 1127 terribi-

831 1166 1102 1247 litasque
1134 1165 1476 1246 signentur,
1499 1172 1668 1246 patet
1697 1181 1812 1246 per
1841 1163 1995 1225 illud
2025 1162 2324 1225 Matthaei:

831 1264 1008 1327 Sicut
1060 1263 1277 1345 fulgur
1325 1264 1456 1326 exit
1505 1262 1585 1325 ab
1634 1263 1899 1336 oriente,
1951 1270 2015 1323 et
2065 1268 2331 1343 apparet

832 1380 1036 1444 usque
1065 1363 1143 1424 ad
1181 1362 1597 1437 occidentem,
1631 1362 1718 1423 ita
1747 1361 1869 1423 erit
1897 1362 2209 1424 adventus
2238 1358 2331 1420 Fi-

829 1460 899 1523 lii
931 1461 1230 1523 hominis.
1265 1460 1628 1523 Secundum
1660 1458 2051 1540 Gregorium,
2084 1457 2329 1539 aliquid

829 1560 1118 1623 elationis
1170 1576 1474 1641 vanaeque
1525 1558 1743 1640 gloriae
1792 1558 1996 1619 inerat
2045 1556 2329 1638 discipu-

828 1657 905 1719 lis
947 1658 1084 1720 istis
1133 1676 1210 1721 ex
1257 1664 1430 1720 tanta
1479 1663 1786 1739 potestate
1833 1656 1926 1719 eis
1975 1673 2275 1719 concessa
2312 1674 2325 1717 ε

826 1757 903 1818 ad
933 1756 1118 1838 cujus
1148 1755 1355 1839 culpae
1383 1754 1847 1838 repressionem
1879 1759 2330 1818 commemorat

2434 769 2512 830 de
2545 777 2757 831 monte
2796 779 3014 834 sancto
3052 770 3184 845 Dei,
3218 790 3256 834 o
3295 770 3569 845 Cherub,
3603 771 3680 833 de
3718 769 3926 834 medio

2434 867 2719 949 lapidum
2765 868 3133 949 ignitorum.

2514 969 2674 1027 Ecce
2702 969 2857 1028 dedi
2886 969 3061 1029 vobis
3090 977 3463 1044 potestatem
3492 968 3792 1028 calcandi
3822 988 3929 1028 su-
4061 976 4127 1030 19

2428 1084 2549 1143 per
2574 1074 2891 1143 serpentes
2918 1074 2978 1126 et
3013 1068 3392 1143 scorpiones.
3428 1066 3554 1129 Hoc
3592 1065 3931 1147 dupliciter

2434 1164 2639 1245 accipi
2690 1171 2916 1245 potest.
2970 1164 3254 1227 Christus
3302 1164 3473 1227 enim
3526 1164 3697 1226 dedit
3744 1164 3931 1226 disci-

2437 1261 2606 1342 pulis
2646 1262 2801 1336 suiS,
2837 1280 2963 1325 non
2998 1262 3205 1325 solum
3242 1270 3613 1344 potestatem
3649 1262 3927 1325 calcandi

2436 1360 2853 1440 spiritualiter
2900 1378 3093 1443 super
3140 1361 3403 1442 spiritus
3452 1360 3782 1441 malignOS,
3819 1378 3933 1442 per

2438 1466 2763 1540 serpentes
2822 1466 2885 1520 et
2936 1459 3301 1541 scorpiones
3360 1457 3715 1540 figuraliter
3764 1458 3930 1521 desi-

2434 1563 2677 1637 gnatoS,
2711 1556 2798 1617 ita
2836 1557 3008 1638 quod
3047 1556 3190 1620 illos
3236 1565 3496 1639 possent
3534 1557 3787 1638 ejicere,
3829 1576 3932 1619 su-

2437 1672 2681 1737 perare,
2728 1654 3056 1736 affligere3
3104 1656 3213 1718 sed
3262 1655 3452 1718 etiam
3502 1655 3793 1738 praestitit
3838 1656 3929 1717 eis

2438 1753 2736 1817 virtutem
2787 1755 3070 1816 calcandi
3114 1754 3545 1837 corporaliter,
3582 1763 3646 1817 et
3688 1753 3930 1835 absque

827 1854 1112 1918 Christus
1150 1855 1516 1937 exemplum
1558 1853 1865 1917 horribile
1904 1854 2104 1915 ruinae
2141 1870 2330 1933 ange-
2362 1851 2409 1913 B
2439 1852 2685 1928 laesura,
2720 1872 2913 1935 super
2950 1871 3373 1935 quaecumque
3411 1852 3711 1915 animalia
3747 1869 3931 1914 vene-

825 1953 966 2016 licae
1009 1972 1023 2016 ε
1066 1961 1372 2035 tanquam
1420 1953 1608 2027 dicat,
1650 1951 1714 2014 Si
1763 1953 1987 2034 angelo
2034 1950 2329 2034 superbi-

829 2052 958 2113 enti
1009 2051 1172 2113 Deus
1224 2059 1462 2114 tantam
1516 2070 1664 2115 mox
1716 2051 1935 2113 intulit
1991 2050 2321 2125 ultionem,

830 2158 1090 2232 pensate
1132 2170 1326 2233 quam
1368 2150 1624 2212 vitanda
1659 2149 1742 2212 sit
1780 2149 1960 2213 vobis
2000 2148 2322 2231 superbia,

830 2247 1168 2330 inanisque
1212 2248 1433 2329 gloria.
1480 2248 1656 2310 Unde
1701 2247 1920 2309 Petrus
1969 2247 2227 2329 inquit:
2260 2245 2323 2309 Si

829 2344 992 2407 Deus
1022 2345 1262 2427 angelis
1295 2346 1706 2428 peccantibus
1736 2364 1862 2409 non
1894 2345 2200 2428 pepercit,
2224 2363 2329 2407 no-

828 2444 922 2508 vit
968 2444 1225 2527 iniquos
1275 2445 1341 2517 in
1391 2445 1493 2507 die
1539 2444 1766 2525 judicii
1811 2443 2186 2507 cruciandos
2235 2462 2331 2505 re-

827 2562 1102 2607 servare.
1136 2544 1422 2625 Denique
1462 2544 1714 2605 ruinam
1750 2542 2008 2617 diaboli,
2043 2541 2328 2606 Christus

827 2643 1180 2704 secundum
1211 2643 1382 2725 quod
1413 2642 1576 2703 Deus
1606 2641 2118 2704 intellectualiter
2147 2640 2325 2717 vidit,

827 2739 1401 2823 principaliterque
1443 2740 1684 2802 effecit.

918 2838 1254 2921 Quaeritur,
1305 2841 1625 2921 quomodo
1673 2840 1752 2901 de
1802 2838 1964 2903 coelo
2014 2840 2330 2902 corruisse

831 2938 1078 3001 dicatur
1105 2939 1420 3020 diabolus,
1452 2958 1654 3020 quum
1694 2938 1760 3000 in
1791 2938 1948 3001 Isaia
1981 2938 2219 3002 dixisse
2249 2940 2330 3001 le-

2439 1959 2584 2014 nata
2616 1970 2630 2013 :
2664 1952 2834 2033 quod
2878 1960 2941 2015 et
2987 1952 3055 2013 in
3095 1950 3292 2014 veteri
3331 1951 3727 2014 Testamento
3774 1970 3930 2033 prae-

2436 2049 2782 2131 figuratum
2816 2050 3087 2125 videtur,
3112 2050 3649 2132 quemadmodum
3680 2049 3747 2112 in
3776 2048 3930 2111 Deu-
3981 2068 4206 2119 oanan.
4269 2077 4270 2143 ἶ

2438 2148 2789 2212 teronomio
2819 2149 3072 2230 legitur.
3106 2148 3327 2210 Simile
3365 2148 3517 2210 huic
3546 2155 3642 2210 est
3674 2147 3831 2210 illud
3863 2148 3926 2210 in
3958 2135 4024 2175 ¹⁵·

2438 2245 2684 2310 Psalmo
2719 2266 2731 2309 :
2767 2247 2971 2330 Super
2998 2248 3286 2330 aspidem
3315 2255 3378 2309 et
3410 2246 3775 2310 basiliscum
3804 2266 3931 2308 am·
3972 2266 4209 2318 Pa.xc,1³.

2438 2345 2712 2408 bulabiS.
2747 2346 3069 2421 Praeterea,
3107 2364 3220 2427 per
3248 2352 3574 2428 serpentes
3609 2364 3719 2409 ore
3748 2362 3934 2408 vene-

2440 2464 2595 2507 num
2634 2444 2997 2521 fundentes,
3042 2445 3373 2527 signantur
3409 2452 3539 2507 tam
3578 2445 3933 2509 invisibiles

2438 2562 2633 2625 quam
2664 2544 2952 2607 visibiles
2993 2543 3225 2619 hosteS,
3261 2543 3374 2626 qui
3413 2544 3644 2607 electos
3684 2542 3793 2605 Dei
3828 2562 3933 2625 pa-

2438 2643 2565 2704 lam
2614 2650 2860 2705 tentant
2907 2660 3021 2705 seu
3069 2649 3562 2725 persequuntur.
3606 2642 3721 2704 Per
3768 2661 3935 2705 scor-

2438 2741 2662 2824 piones
2702 2759 2874 2816 vero,
2908 2742 3020 2823 qui
3074 2741 3420 2824 punctione
3465 2742 3677 2803 caudae
3726 2740 3935 2803 insici—

2438 2847 2576 2915 unt,
2602 2840 3016 2921 designantur
3044 2840 3257 2903 aemuli
3288 2839 3534 2903 occulte
3565 2839 3933 2901 insidiantes

2438 2939 2575 3001 sive
2620 2946 2954 3002 tentantes.
2994 2942 3075 3001 Et
3112 2959 3309 3018 super
3339 2958 3590 3001 omnem
3627 2940 3930 2999 virtutem

830 3044 1036 3118 gatur,
1076 3037 1145 3100 ln
1193 3036 1428 3101 coelum
1468 3038 1888 3100 conscendam
1921 3055 1935 3099 ε
1969 3055 2100 3119 quo
2136 3056 2332 3121 appa·
2368 3035 2411 3100 C
2438 3040 2729 3109 inimici,
2760 3038 2823 3099 id
2873 3046 2969 3099 est
3016 3054 3211 3119 super
3246 3037 3697 3119 quodcumque
3732 3054 3933 3117 genus

831 3142 938 3209 ret,
971 3137 1143 3216 quod
1173 3136 1458 3199 nondum
1489 3143 1623 3198 erat
1648 3136 1716 3197 in
1747 3135 1929 3200 coelo.
1963 3134 2041 3198 Et
2070 3154 2332 3219 respon-

831 3236 1135 3311 dendum,
1188 3236 1360 3317 quod
1417 3234 1484 3297 in
1534 3235 1696 3299 coelo
1744 3240 2044 3318 empyreo
2095 3234 2221 3298 fuit
2268 3244 2331 3299 et

831 3333 1122 3397 conditus
1173 3340 1328 3407 erat,
1371 3335 1722 3397 secundum
1770 3333 2064 3397 Strabum
2113 3342 2177 3397 et
2222 3334 2332 3398 Be—

832 3434 1000 3507 dam,
1034 3432 1311 3513 indeque
1341 3432 1590 3494 cecidit.
1624 3431 1814 3496 Porro
1843 3434 2015 3515 quod
2049 3434 2229 3510 dixit,
2260 3436 2329 3497 In

833 3530 1068 3595 coelum
1116 3531 1559 3607 conscendam,
1611 3532 1690 3593 de
1738 3532 2056 3614 spirituali
2105 3552 2329 3616 super-

833 3628 1184 3692 benedictae
1222 3628 1546 3692 Trinitatis
1586 3629 1748 3693 coelo
1784 3630 2145 3712 exponitur,
2180 3632 2333 3713 quia

833 3729 913 3792 ad
959 3727 1071 3789 Dei
1117 3726 1557 3790 excellentiam
1609 3727 1992 3811 adspirabat.
2044 3728 2175 3793 Hoc
2222 3749 2331 3792 su-

835 3825 1250 3909 perficialiter
1284 3844 1360 3889 ac
1408 3826 1687 3890 breviter
1725 3827 1968 3890 dictum
2006 3828 2108 3891 sit.
2141 3828 2333 3893 Plena

833 3925 1010 3988 enim
1053 3926 1383 4008 responsio
1427 3925 1720 4008 pluribus
1762 3927 2004 4008 indiget
2045 3929 2282 3992 verbis.

914 4023 1237 4098 Praeterea,
1285 4024 1554 4087 verbum
1603 4024 1958 4101 inductum,
2003 4046 2041 4088 a
2083 4026 2333 4091 Christo

837 4121 1174 4204 prolatum,
1221 4130 1428 4204 potest
1474 4124 1705 4205 exponi
1752 4131 2055 4206 tanquam
2102 4144 2334 4209 appro-

2440 3137 2824 3212 daemonum,
2866 3144 2931 3198 et
2978 3154 3173 3218 super
3224 3135 3584 3199 universam
3632 3135 3936 3198 callidita-

2439 3243 2567 3298 tem
2617 3242 2679 3297 et
2725 3242 3096 3317 potestatem
3140 3252 3384 3298 corum.
3417 3233 3714 3307 Quamvis
3761 3234 3933 3297 enim

2440 3333 2747 3396 naturalis
2786 3334 3045 3397 illorum
3085 3340 3361 3416 potestas
3400 3332 3603 3414 maior
3640 3332 3723 3395 sit
3757 3334 3930 3396 omni
3958 3356 4043 3401 ,τοι
4060 3355 4212 3405 mu.

2441 3439 2749 3516 potestate
2792 3432 3064 3495 naturali
3103 3432 3171 3493 in
3213 3438 3380 3493 terra
3419 3431 3827 3507 versantium,
3864 3439 3933 3494 ut

2442 3538 2612 3615 patet
2659 3531 2727 3594 in
2774 3531 2911 3605 Job,
2955 3529 3457 3613 supernaturalis
3502 3537 3711 3593 tamen
3762 3538 3937 3613 pote-

2440 3638 2566 3693 stas
2599 3629 2889 3693 fidelium
2930 3648 3045 3712 per
3072 3629 3337 3711 gratiam
3377 3628 3673 3711 praestita,
3709 3630 3936 3694 daemo-

2440 3749 2596 3792 num
2627 3729 2827 3793 vincit
2856 3729 3171 3802 virtutem,
3190 3727 3481 3811 quamvis
3512 3728 3703 3792 variis
3733 3728 3933 3792 modis

2440 3836 2729 3912 quaerant
2759 3846 2988 3892 nocere
3018 3826 3403 3904 hominibuS,
3424 3833 3485 3889 et
3513 3826 3934 3892 diversimode

2443 3935 2707 4003 tentent,
2744 3934 2935 4009 atque
2972 3928 3050 3989 ad
3092 3926 3264 3990 varia
3308 3925 3618 3988 inclinent
3657 3934 3928 4008 peccata.

2508 4030 2595 4088 Ec
2624 4028 2800 4087 nihil
2830 4028 3004 4087 vobis
3032 4025 3296 4086 nocebit.
3322 4022 3495 4096 Quod
3526 4024 3934 4106 corporaliter

2441 4124 2507 4187 in
2542 4124 2771 4188 Christi
2802 4123 3135 4207 discipulis
3175 4129 3419 4186 constat
3456 4122 3813 4204 impletum,
3848 4122 3933 4185 ita

835 4220 1123 4283 bativum
1152 4220 1462 4286 sermonis
1493 4221 1954 4304 discipulorum
1989 4241 2003 4285 :
2031 4224 2214 4305 quasi
2247 4226 2333 4287 di·
2361 4228 2412 4290 D
2440 4232 2511 4286 ut
2550 4242 2668 4286 nec
2706 4240 2970 4299 venena,
3007 4240 3124 4285 nec
3156 4228 3463 4285 venenata
3500 4220 3593 4283 eis
3631 4221 3787 4303 quid
3822 4241 3931 4285 no—

837 4326 956 4394 cat,
987 4318 1123 4383 Non
1163 4319 1402 4381 mirum
1443 4320 1496 4381 si
1540 4338 1681 4383 mea
1723 4321 2039 4385 daemones
2078 4340 2333 4405 compe-

837 4425 1096 4481 scantur
1143 4418 1442 4500 potentia,
1493 4417 1607 4500 qui
1661 4418 1728 4481 in
1777 4420 2035 4483 exordio
2085 4421 2215 4484 vidi
2268 4430 2333 4484 et

839 4515 1062 4579 videns
1089 4515 1213 4579 feci
1245 4517 1604 4581 daemonum
1635 4516 2077 4599 expulsionem
2106 4520 2187 4581 de
2214 4538 2332 4584 coe-

839 4614 922 4677 lo.
965 4615 1140 4677 Unde
1187 4616 1254 4678 in
1297 4615 1464 4679 libro
1502 4615 1616 4679 Job
1657 4616 1961 4679 scribitur
1995 4636 2008 4680 :
2051 4617 2330 4682 Pruden-

837 4712 926 4776 tia
972 4713 1112 4794 ejus
1166 4714 1479 4797 percussit
1526 4715 1920 4797 superbum3
1971 4724 2035 4779 et
2081 4736 2324 4793 rursuS,

837 4811 909 4873 In
952 4812 1194 4893 angelis
1234 4811 1369 4874 suis
1414 4812 1650 4893 reperit
1693 4812 2104 4896 pravitatem3
2147 4814 2330 4878 item-

837 4929 985 4992 que,
1017 4909 1472 4973 Obstetricante
1503 4929 1698 4972 manu
1730 4910 1892 4991 ejus,
1926 4913 2193 4975 eductus
2234 4920 2331 4976 est

839 5008 1100 5073 coluber
1147 5016 1510 5085 tortuosus;
1560 5015 1753 5090 atque
1803 5010 1870 5071 in
1919 5009 2189 5092 Psalmo,
2234 5011 2327 5073 Tu

837 5107 1186 5170 humiliasti
1245 5107 1411 5170 sicut
1466 5106 1890 5184 vulneratum,
1945 5109 2321 5191 superbum.

835 5206 952 5268 Per
975 5204 1368 5268 Ezechielem
1399 5223 1657 5287 quoque
1687 5205 1974 5269 Christus
2006 5212 2273 5269 testatur
2306 5227 2321 5271 ε

2438 4322 2721 4386 cumenti
2754 4329 3099 4404 potuerunt
3128 4318 3385 4383 inferre.
3410 4320 3586 4383 Unde
3614 4328 3677 4382 et
3703 4319 3929 4383 Paulus
3958 4342 4059 4385 Aee.
4076 4353 4211 4389 mm,

2441 4422 2727 4504 viperam
2779 4420 3058 4483 excussit
3108 4420 3175 4482 in
3223 4418 3457 4499 ignem,
3502 4425 3566 4480 et
3616 4419 3932 4501 evangeli·
3958 4408 4000 4448 ⁵·

2439 4530 2534 4585 sta
2560 4522 2828 4585 Ioannes
2861 4520 3211 4603 pessimum
3242 4519 3381 4581 sine
3409 4518 3664 4582 laesione
3694 4520 3931 4601 potavit

2442 4638 2782 4683 venenum.
2842 4619 2987 4683 Ideo
3040 4619 3107 4680 in
3156 4617 3359 4681 Marco
3418 4616 3702 4699 loquitur
3750 4616 3927 4680 Chri-

2438 4726 2572 4780 stus
2609 4716 2845 4799 :Signa
2892 4734 2998 4779 eos
3046 4716 3159 4798 qui
3208 4714 3611 4790 crediderint,
3656 4714 3787 4777 haec
3836 4734 3931 4777 se—
3970 4732 4209 4781 mmm-1,

2437 4825 2717 4898 quentur
2760 4835 2773 4879 :
2816 4817 2885 4878 In
2927 4814 3183 4880 nomine
3222 4832 3364 4877 meo
3402 4813 3711 4878 daemonia
3756 4813 3931 4894 ejici·
3960 4798 4026 4847 ¹⁷*
4056 4797 4119 4839 ¹⁸·

2436 4921 2565 4989 ent,
2618 4922 2944 4998 serpentes
2992 4913 3213 4977 tollent
3252 4932 3267 4995 ;
3319 4921 3383 4975 et
3428 4913 3481 4975 si
3530 4910 3929 4976 mortiferum

2436 5012 2593 5095 quid
2647 5013 2950 5089 biberint,
3005 5032 3132 5077 non
3186 5012 3277 5074 eis
3336 5010 3610 5075 nocebit.
3664 5011 3931 5093 Insuper

2436 5111 2781 5194 corporalis
2839 5130 2950 5174 seu
3004 5110 3353 5194 spiritualis
3414 5109 3767 5192 persecutio
3817 5109 3928 5173 bo-

2433 5210 2680 5273 minum
2712 5210 3138 5291 malignorum
3179 5229 3251 5272 ac
3292 5210 3675 5281 daemonum,
3708 5206 3926 5270 electis

540 5332 809 5383 ummo,
838 5304 952 5379 Tu,
987 5304 1237 5368 Cherub
1275 5309 1566 5366 extentus
1606 5310 1668 5365 et
1697 5312 2048 5385 protegens,
2083 5306 2326 5388 repleta
2433 5308 2664 5371 Christi
2695 5309 3050 5392 discipuliS,
3084 5316 3392 5390 quantum
3425 5307 3502 5369 ad
3534 5304 3792 5368 finalem
3823 5306 3929 5368 de-
