4300 6259
139 1456 206 1511 10

141 1556 200 1611 11

1127 495 1474 543 mamurlo
1518 496 1581 541 m
1623 495 1761 543 GAP.
1808 496 1874 543 11
1913 495 2191 543 JOANNIS.
2236 515 2317 525 —
2359 498 2501 544 ΛΒΤ.
2547 497 2695 545 xxiv

3344 480 3459 547 451

344 682 566 726 caecus
607 663 724 727 iste
759 666 826 729 in
867 668 1051 731 vultu
1089 667 1454 750 aliqualiter
1492 667 1616 731 fuit
1665 675 1863 730 muta-
1889 663 1942 725 A
1975 667 2217 731 trabem
2250 668 2314 730 in
2346 687 2413 731 se
2444 668 2600 750 ipsis
2642 676 3001 751 pensanteS,
3033 676 3224 751 atque
3254 686 3331 731 ex
3362 668 3467 731 be-

347 768 484 836 tuS,
541 772 802 846 propter
858 767 1190 830 oculorum
1249 768 1666 850 apertionem,
1720 786 1862 849 par-

345 862 654 944 tiumque
683 865 886 927 oculis
928 866 1283 929 vicinarum
1328 867 1766 930 alterationem
1797 874 1860 927 et

347 960 835 1024 relaxationem.
869 966 993 1025 Ille
1021 984 1194 1035 vere,
1215 965 1368 1046 quia
1397 982 1466 1026 se
1497 966 1710 1046 ipsum
1751 982 1861 1045 op-

345 1059 514 1120 time
545 1060 722 1123 novit
760 1069 1073 1142 quantum
1103 1063 1182 1125 ad
1221 1063 1614 1125 identitatem
1657 1080 1863 1143 perso-

345 1176 477 1231 nae,
510 1161 764 1221 dicebat
804 1180 827 1219 .·
868 1163 1037 1230 Quia
1077 1182 1188 1239 eyo
1225 1182 1394 1229 sum.
1442 1161 1650 1224 Voluit
1687 1162 1857 1223 enim

347 1276 550 1319 suum
610 1265 966 1322 curatorem
1023 1259 1436 1341 magnificare
1495 1267 1686 1342 atque
1749 1260 1861 1323 ho-

349 1374 609 1419 norare.
1839 1414 1848 1419 .

441 1456 754 1515 Dicebant
782 1475 931 1533 erqo
960 1457 1024 1515 ei
1051 1476 1074 1516 .·
1115 1459 1437 1526 Quomodo
1466 1458 1682 1535 aperti
1707 1466 1860 1517 sunt

353 1555 483 1613 tibi
523 1555 698 1614 oculi
718 1555 749 1614 ἒ
775 1557 1133 1631 Respondit
1165 1576 1189 1614 .·
1225 1558 1344 1616 Ille
1381 1558 1563 1616 homo
1603 1556 1722 1635 qui
1759 1558 1860 1615 di-

349 1652 536 1711 citur
580 1653 784 1712 JesuS.
835 1650 1127 1714 Nondum
1185 1653 1443 1733 agnovit
1495 1652 1599 1714 hic
1654 1671 1859 1715 caecus

349 1748 590 1811 Christi
621 1749 1052 1829 divinitatem3
1084 1751 1194 1812 sed
1225 1750 1672 1813 humanitatem
1705 1752 1864 1832 ejus-

347 1951 610 2009 Lutum
655 1949 834 2025 fecit.
887 1946 1022 2010 Non
1065 1947 1220 2010 dicit
1259 1949 1620 2030 quomodo,'
1643 1955 1861 2030 utpote

351 2063 436 2108 ex
496 2053 686 2127 sputo
734 2053 798 2107 et
842 2053 1034 2121 terra,
1085 2046 1238 2126 quia
1284 2046 1446 2109 forte
1495 2065 1623 2110 non
1673 2047 1862 2110 scivit

353 2144 504 2217 hoc,
534 2144 688 2226 quia
732 2163 850 2206 nec
881 2144 1042 2207 vidit
1073 2144 1254 2207 illud.
1293 2148 1378 2207 Et
1413 2149 1610 2207 unxit
1649 2150 1860 2207 oculos

351 2264 543 2312 meos,
567 2242 865 2305 videlicet
894 2241 1127 2324 pellem
1161 2244 1572 2319 extrinsecuS,
1595 2254 1654 2305 et
1683 2246 1860 2305 dimit

357 2344 533 2402 mihi
561 2362 585 2402 :
615 2344 786 2404 Vade
821 2345 910 2402 ad
949 2344 1352 2403 natatoriam
1383 2345 1578 2414 Siloe,
1618 2352 1676 2403 et
1711 2346 1858 2403 lava

1972 764 2224 829 neficiis
2281 766 2389 828 Dei
2457 767 2705 849 pejores
2762 766 2975 829 effecti
3012 786 3026 830 τ
3065 770 3207 831 Non
3240 778 3329 829 est
3358 770 3466 828 hic

1972 867 2157 926 homo
2195 888 2235 925 α
2276 870 2402 927 Deo
2444 884 2557 948 per
2598 867 2741 929 vitae
2782 866 3149 940 bonitatem,
3184 866 3304 929 hoc
3344 874 3459 939 est,

1971 965 2317 1026 secundum
2348 964 2454 1027 Dei
2487 964 2957 1046 beneplacitum
2990 984 3115 1027 non
3148 971 3458 1046 operatur,

1973 1078 2184 1142 neque
2213 1081 2249 1124 a
2279 1062 2404 1125 Deo
2444 1064 2679 1125 missus
2720 1070 2835 1137 est,
2884 1080 3001 1125 nec
3038 1062 3178 1144 ejus
3217 1063 3465 1144 adjuto-

1973 1159 2088 1233 rio,
2123 1161 2233 1222 sed
2284 1161 2587 1223 daemonis
2636 1162 2764 1241 agit
2814 1161 3122 1235 subsidio,
3164 1163 3281 1241 qui
3324 1164 3466 1223 sab-

1972 1258 2193 1319 batum
2241 1280 2372 1320 non
2414 1262 2711 1321 custodit.
2736 1258 2975 1321 Mentiti
3010 1267 3161 1322 sunt
3197 1260 3464 1323 dicendo

1970 1357 2142 1436 quod
2174 1357 2458 1420 Christus
2500 1358 2834 1420 sabbatum
2874 1357 3137 1422 violavit
3173 1357 3464 1421 faciendo

1971 1473 2116 1534 quae
2146 1455 2313 1518 dicta
2355 1464 2505 1519 sunt
2536 1475 2549 1518 :
2584 1456 2886 1537 quoniam
2926 1474 3117 1539 opera
3156 1457 3466 1520 exteriora

1971 1554 2048 1614 ad
2090 1553 2323 1616 divinae
2352 1554 2697 1635 majestatis
2742 1555 3044 1618 honorem
3085 1563 3147 1617 et
3190 1555 3465 1618 declara-

1970 1651 2211 1715 tionem
2249 1652 2487 1714 directe
2526 1652 2930 1735 pertinentia,
2964 1653 3139 1715 licita
3180 1662 3359 1715 erant
3396 1653 3461 1715 in

3546 1676 3685 1719 Num.

1973 1738 2255 1824 sabbato,
2306 1758 2524 1831 utpote
2562 1751 2851 1814 occidere
2887 1758 2950 1813 et
2989 1752 3310 1813 excoriare
3358 1770 3467 1833 pe—
3494 1752 3622 1781 '‘m''

349 1866 486 1929 quc
538 1866 771 1911 nomen
819 1867 898 1910 ex
955 1849 1226 1911 aliorum
1283 1850 1482 1912 relatu
1532 1850 1857 1911 didicerat.
1897 1847 1941 1908 B
1972 1868 2116 1912 cora
2160 1849 2561 1926 immolanda,
2616 1849 2924 1933 templum
2979 1868 3224 1925 ornare,
3275 1858 3466 1931 atque

1971 1948 2226 2010 similia.
2262 1947 2525 2010 Factura
2553 1957 2766 2011 autem
2808 1949 2923 2011 luti
2967 1956 3030 2010 ct
3066 1949 3283 2012 unctio
3320 1967 3468 2012 ocu—

1971 2046 2177 2109 lorum
2230 2046 2549 2128 praedicta,
2602 2047 3058 2110 ordinabantur
3106 2047 3342 2135 directe
3388 2048 3468 2110 ad

1967 2144 2234 2226 gloriam
2276 2144 2383 2207 Dei
2430 2145 2699 2227 ejusque
2746 2146 3223 2228 omnipotentiae
3272 2146 3469 2208 subli-

1971 2244 2255 2305 mitatem
2290 2244 2757 2325 declarandam,
2803 2244 3087 2325 itemque
3124 2246 3201 2306 ad
3229 2244 3469 2325 glorifi-

1971 2341 2282 2403 cationem
2330 2341 2469 2403 Filii
2517 2342 2638 2415 sui,
2674 2349 2744 2403 ut
2779 2340 3063 2404 Christus
3098 2360 3236 2404 esse
3282 2342 3469 2405 scire-

351 2439 603 2503 oculos.
633 2443 717 2501 Et
745 2442 912 2509 abii,
942 2450 1002 2501 et
1035 2442 1189 2511 lavi,
1228 2449 1288 2500 et
1320 2442 1486 2509 vidi,
1521 2448 1856 2522 postquam
1969 2447 2085 2502 tur.
2101 2439 2421 2515 Praeterea,
2436 2440 2717 2503 Christus
2747 2459 2943 2521 quum
2974 2448 3138 2501 esset
3167 2440 3466 2503 Dominus
3514 2461 3758 2515 mutan,

147 2549 212 2604 12
355 2537 454 2600 illi
485 2538 865 2611 obediendo,
901 2538 1118 2601 oculos
1157 2538 1340 2618 aquis
1382 2538 1601 2619 rigavi.
1641 2542 1722 2599 E't
1759 2540 1860 2599 di·
1971 2538 2240 2613 sabbati,
2293 2544 2357 2600 et
2411 2537 2750 2619 legislator,
2813 2558 2939 2601 non
2998 2538 3331 2601 tenebatur
3387 2540 3463 2601 ad
3496 2525 3535 2569 ⁸·

352 2648 604 2698 merant
648 2638 712 2697 ei
740 2658 763 2696 .·
805 2638 926 2699 Ubi
961 2647 1052 2696 est
1102 2638 1266 2696 ille?
1303 2635 1430 2699 Hoc
1475 2636 1636 2699 forte
1686 2656 1860 2717 quae-
1972 2637 2307 2700 litteralem
2357 2636 2599 2699 sabbati
2650 2636 3177 2700 observationem.
3216 2636 3298 2699 De
3349 2638 3467 2700 hoc

357 2736 610 2809 rebant,
660 2743 728 2797 ut
775 2735 1097 2796 traderent
1136 2733 1349 2795 Iesum
1408 2733 1734 2797 Pharisaeis
1796 2742 1859 2797 et
1973 2735 2140 2798 dicta
2170 2743 2318 2796 sunt
2350 2735 2534 2817 plura
2562 2734 2789 2816 quinto
2832 2734 3131 2817 capitulo.
3174 2736 3320 2797 Atii
3348 2756 3467 2797 au·
3523 2755 3683 2800 lma.
3714 2770 3758 2808 v,

355 2834 624 2908 Scribis,
658 2852 736 2897 eo
764 2834 939 2915 quod
969 2832 1230 2896 sabbato
1259 2833 1394 2920 haec
1425 2834 1678 2913 egisset.
1713 2836 1855 2903 Ait,
1975 2843 2123 2903 tem,
2183 2833 2296 2913 qui
2354 2833 2555 2913 magis
2614 2832 2863 2896 veritati
2924 2832 3459 2915 propinquabant,
3496 2822 3563 2885 ’,θ’

353 2934 612 2997 Nesci0.
643 2931 824 2994 Iesus
858 2949 1134 3013 namque
1178 2932 1441 2994 recessit
1487 2951 1525 2993 a
1568 2932 1704 2995 loco
1749 2933 1858 2996 illo
1970 2931 2317 3012 minusque
2374 2930 2623 2995 Christo
2671 2930 3064 3005 invidebant,
3113 2933 3465 2993 dicebant:

353 3038 704 3113 antequam
748 3048 952 3092 caecus
983 3029 1114 3110 jam
1165 3029 1516 3091 illustratus
1564 3049 1857 3094 reversus
1896 3030 1941 3096 C
1973 3033 2297 3099 Quomodo
2324 3040 2523 3108 potest
2554 3033 2738 3091 homo
2756 3040 3068 3107 peccator.
3083 3030 3239 3110 legis
3272 3036 3467 3091 trans-

355 3129 520 3207 fuit3
571 3146 692 3191 nec
738 3128 984 3191 audivit
1029 3146 1159 3209 quo
1201 3127 1458 3203 abisset,
1507 3148 1624 3192 nec
1672 3130 1860 3192 scivit
1968 3146 2241 3209 gressor,
2274 3136 2337 3189 et
2379 3126 2621 3189 sabbati
2672 3127 2958 3201 violator,
2992 3131 3122 3189 haec
3148 3130 3337 3205 signa
3363 3130 3467 3206 fa-

355 3228 535 3310 quod
580 3226 762 3289 Iesus
811 3246 925 3309 per
974 3225 1324 3289 divinitatis
1368 3225 1857 3291 immensitatem
1971 3248 2108 3287 cere
2153 3246 2298 3308 quae
2339 3224 2493 3288 facit
2541 3226 2680 3302 istc,
2724 3228 3001 3289 sanando
3050 3226 3464 3309 paralyticum
3508 3236 3747 3288 ibid-m.

356 3334 530 3389 esset
571 3325 838 3407 ubique.
1976 3332 2323 3406 natumque
2380 3327 2660 3387 caecum?
2718 3324 2823 3387 Isti
2882 3325 3180 3387 videntur
3236 3325 3467 3386 melius

151 3436 217 3492 13
440 3427 805 3487 Adducunt
832 3444 976 3485 eum
1011 3426 1098 3485 ad
1127 3426 1490 3487 Pharisaeos
1518 3427 1636 3505 qui
1662 3446 1862 3488 coecus
1974 3420 2363 3483 intellexisse
2403 3427 2791 3502 praeceptum
2843 3421 2921 3481 de
2970 3419 3213 3481 sabbati
3264 3427 3472 3483 custo-

355 3526 612 3602 fuerat,
644 3530 716 3584 ut
766 3522 890 3603 ipsi
937 3530 1242 3608 tanquam
1288 3522 1560 3603 maj0res
1609 3542 1681 3586 ac
1723 3524 1864 3586 reli·
1975 3520 2215 3583 ditione
2243 3538 2435 3600 quam
2473 3517 2589 3593 illi,
2625 3518 2778 3599 quia
2808 3536 2933 3581 non
2969 3518 3349 3600 reputabant
3374 3517 3473 3580 Je-

353 3621 1074 3705 giosioreS‚judicarent
1102 3622 1179 3684 de
1209 3640 1400 3704 opere
1432 3622 1574 3694 isto,
1598 3636 1862 3704 remque
1977 3636 2119 3681 sum
2176 3624 2601 3699 peccatorem.
2654 3619 2742 3678 Et
2786 3619 3061 3677 schisma
3108 3626 3249 3677 erat
3298 3619 3472 3677 inter

355 3720 734 3801 diligentius
764 3720 1235 3801 examinarent3
1283 3720 1383 3783 vel
1423 3726 1492 3781 ut
1527 3720 1738 3782 Iesum
1786 3723 1862 3784 de
1974 3736 2096 3787 eos,
2130 3714 2427 3778 Videlicet
2457 3715 2624 3776 intel·
2660 3714 3027 3787 Pharisae08‚
3064 3713 3183 3776 hoc
3223 3720 3340 3787 est,
3376 3714 3471 3776 di-

357 3819 707 3883 violatione
755 3817 999 3880 sabbati
1049 3836 1262 3881 coram
1304 3817 1634 3881 Pharisaeis
1681 3838 1864 3881 accu-
1976 3813 2094 3877 visi
2126 3822 2317 3895 atque
2346 3812 2667 3875 discordes
2698 3819 2898 3885 erant,
2932 3812 3181 3874 diversa
3212 3812 3470 3893 loquen-

359 3926 613 3997 sarent3
658 3916 758 3980 vel
805 3924 875 3977 ut
918 3917 1242 3997 placerent
1274 3916 1624 3993 PharisaeiS,
1659 3937 1696 3979 a
1732 3917 1864 3999 qui·
1976 3912 2054 3974 do
2095 3930 2169 3974 ac
2213 3911 2543 3973 sentiendo
2585 3911 2663 3972 de
2702 3909 2865 3971 Iesu.

157 4030 222 4084 u
359 4017 486 4079 bus
548 4022 856 4079 noverant
912 4013 1128 4076 Iesum
1187 4014 1374 4077 odiri.
1434 4018 1600 4077 Erat
1646 4026 1860 4078 autem
2054 4009 2215 4071 Huic
2249 4010 2421 4091 quod
2454 4009 2693 4071 dictum
2744 4015 2858 4081 est,
2892 4006 3213 4080 Quomodo
3261 4014 3468 4089 potest

359 4117 725 4185 sabbatum,
768 4112 1064 4176 videlicet
1112 4114 1382 4195 septima
1430 4113 1563 4175 dies
1612 4112 1861 4190 festiva,
1974 4108 2163 4170 homo
2194 4112 2483 4189 peccator
2512 4105 2647 4168 haec
2676 4105 2854 4186 signa
2882 4104 3132 4167 facere?
3164 4113 3466 4169 consonat

363 4215 630 4293 quando
662 4214 878 4272 lutum
906 4212 1062 4288 fecit
1089 4214 1288 4282 Jesus,
1320 4222 1380 4272 et
1418 4216 1680 4289 aperuit
1722 4233 1868 4273 ocu·
1897 4216 1948 4278 D
1976 4207 2146 4287 quod
2179 4205 2425 4269 Christo
2457 4198 2704 4268 locutus
2744 4211 2839 4265 est
2874 4202 3251 4265 Nicodemus
3286 4222 3301 4266 ε
3334 4202 3469 4267 Sci·
3495 4212 3614 4257 Ιὸίᾱ-
3634 4227 3692 4266 m.
3714 4216 3757 4258 2.

362 4318 458 4373 los
485 4312 648 4389 ejus.
673 4309 803 4373 Hoc
832 4309 1059 4371 inserit
1084 4308 1503 4390 Evangelista,
1539 4316 1606 4371 ut
1639 4312 1871 4391 pandat
1979 4325 2120 4367 mus
2160 4304 2314 4386 quia
2359 4322 2395 4365 a
2446 4303 2571 4366 Deo
2620 4302 2849 4365 venisti
2900 4301 3227 4382 magister3
3280 4320 3468 4367 nemo

363 4428 624 4474 causam
667 4408 1067 4472 adductionis
1106 4408 1259 4471 caeci
1297 4409 1376 4470 ad
1411 4407 1777 4483 PharisaeOS,
1807 4417 1869 4472 et
1979 4404 2150 4467 enim
2185 4409 2391 4485 potest
2431 4403 2564 4464 haec
2603 4401 2783 4482 signa
2825 4400 3033 4462 facere
3073 4418 3220 4481 quae
3262 4408 3330 4462 tu
3380 4400 3473 4463 fa-

157 4518 225 4574 15
364 4506 792 4574 dissensionis
821 4506 1279 4571 Pharisaeorum
1311 4509 1388 4570 ad
1421 4507 1869 4570 invicem.Ite-
1980 4502 2092 4576 cis,
2145 4501 2271 4563 nisi
2320 4500 2516 4562 fuerit
2562 4498 2725 4561 Deus
2776 4518 2923 4561 cum
2975 4497 3107 4561 illo.
3159 4496 3472 4570 Quaeritur

361 4630 522 4670 rum
585 4626 734 4684 erqo
795 4608 1281 4683 interroyabant
1338 4626 1488 4667 eum
1545 4609 1871 4669 Pharisoei
1978 4620 2148 4683 ergo,
2184 4620 2260 4663 an
2305 4618 2454 4663 vera
2496 4599 2624 4661 sint
2670 4598 2826 4661 haec.
2869 4596 2944 4659 Et
2991 4605 3254 4679 apparet
3300 4599 3472 4679 quod

363 4708 684 4791 quomodo
721 4705 1010 4772 vidisset,
1045 4710 1114 4765 ut
1153 4710 1410 4786 possent
1447 4704 1726 4786 aliquam
1772 4724 1871 4767 ca-
1979 4720 2129 4774 non,
2176 4698 2482 4781 quoniam
2520 4696 2802 4779 operatio
2840 4695 3294 4759 miraculorum
3342 4714 3475 4778 per-

365 4803 727 4868 lumniandi
761 4802 1158 4865 occasionem
1188 4820 1264 4864 ex
1295 4803 1507 4865 verbis
1547 4804 1695 4866 caeci
1726 4803 1873 4865 illu·
1977 4799 2138 4862 tinet
2184 4798 2261 4858 ad
2320 4796 2551 4877 gratias
2599 4796 2793 4876 gratis
2846 4796 3043 4865 datas,
3094 4812 3240 4875 quae
3286 4794 3473 4858 bonis

365 4902 598 4967 minati
640 4902 894 4964 elicere.
927 4904 1054 4963 Ille
1089 4911 1308 4963 autem
1355 4904 1532 4962 dioeit
1569 4904 1661 4963 eis
1690 4923 1714 4962 .·
1744 4906 1872 4964 Lu-
1979 4897 2294 4977 malisque
2317 4912 2687 4958 communes
2719 4901 2883 4956 sunt.
2898 4893 3186 4957 Christus
3216 4911 3473 4975 quoquc

367 5013 516 5064 tum
561 5002 786 5079 posuit
844 5001 1015 5061 milii
1068 5020 1263 5077 super
1321 5004 1558 5071 oculos,
1617 5010 1677 5061 et
1735 5002 1872 5062 lavi
1979 4995 2262 5058 affirmat
2308 4994 2475 5075 apud
2520 4992 2879 5056 Matthaeum
2914 4992 3185 5075 septimo
3232 4992 3474 5073 capitu-

365 5099 592 5165 oculos
639 5098 706 5163 in
750 5098 1013 5181 praefata
1055 5098 1322 5180 piscina,
1374 5109 1436 5160 et
1483 5100 1687 5161 video.
1982 5096 2044 5160 lo
2091 5114 2104 5157 :
2155 5092 2328 5155 Multi
2375 5092 2733 5174 (inquiens)
2780 5092 2991 5155 dicent
3038 5090 3196 5153 mihi
3248 5090 3314 5152 in
3363 5090 3474 5153 illa
3518 5114 3770 5167 uanam.

95 5183 336 5315 ungam
451 5199 769 5260 Dicebant
795 5215 944 5274 erqo
973 5216 1054 5257 ex
1083 5197 1439 5259 pharisaeis
1473 5199 1742 5278 quidam
1777 5196 1875 5259 in-
1983 5196 2085 5259 die
2129 5212 2142 5257 ε
2187 5191 2471 5265 Domine,
2514 5191 2797 5265 Domine,
2846 5208 3057 5253 nonne
3095 5190 3161 5251 in
3211 5188 3473 5251 nomine
3499 5180 3641 5231 ²²³³·

81 5326 120 5369 ³.

369 5296 586 5363 durati
625 5303 692 5359 et
728 5294 1046 5369 excaecati,
1081 5292 1394 5358 festucam
1437 5295 1504 5357 in
1545 5294 1710 5371 aliia,
1744 5314 1872 5359 non

1979 5301 2091 5359 tuo
2133 5291 2683 5377 prophetavimus,
2717 5296 2781 5353 et
2820 5289 2887 5352 in
2932 5287 3193 5353 nomine
3230 5294 3343 5351 tuo
3391 5287 3477 5351 si-
