4300 6259
683 1392 756 1448 28

889 501 1008 569 182

1689 521 2043 569 munuum
2086 523 2150 568 m
2192 523 2331 569 GAP.
2378 523 2463 570 XX
2502 523 2692 570 LUGAE.
2738 543 2819 554 -
2860 525 3004 570 Ant.
3051 525 3197 570 XLIII

886 702 1047 771 tum,
1082 714 1200 759 nec
1246 695 1527 758 futuram
1568 695 1928 776 generalem
1979 695 2388 758 resurrectio-
2415 694 2466 756 Α
2496 702 2659 756 tura.
2684 695 2829 759 ldeo
2858 696 3192 758 subditur:
3218 699 3300 758 In
3329 697 3789 757 resurrectione
3816 715 3981 772 eryo,

889 812 1036 856 nem
1067 812 1205 856 esse
1234 794 1596 868 credebant,
1621 795 1750 856 imo
1777 793 2020 856 animas
2050 794 2387 857 hominum

889 891 1088 954 instar
1133 892 1468 955 brutorum
1513 892 1812 954 dixerunt
1857 909 1996 954 esse
2045 892 2385 972 mortales;

889 997 1397 1071 receperuntque
1435 989 1632 1051 libros
1670 989 1919 1070 MoysiS,
1953 1008 2079 1052 non
2115 988 2390 1071 Prophe-

889 1096 1118 1163 tarum,
1153 1107 1353 1170 quum
1393 1095 1605 1150 tamen
1647 1106 1724 1149 ex
1761 1086 1986 1170 Moysis
2023 1087 2205 1149 libris
2245 1088 2389 1149 luce

891 1186 1122 1249 clarius
1174 1193 1418 1250 constet
1465 1186 1721 1266 angelos
1775 1204 1934 1248 esse.
1981 1189 2068 1247 Et
2115 1188 2391 1247 interro-

881 1295 1205 1363 9averunt
1259 1305 1430 1354 eum,
1481 1285 1778 1350 videlicet
1834 1283 2159 1346 Sadducaei
2214 1284 2390 1347 Chri-

889 1393 1082 1460 stum,
1113 1386 1395 1445 dicentes
1423 1402 1446 1445 .·
1479 1387 1814 1461 Mayister,
1847 1387 2096 1461 Moyses
2127 1385 2389 1461 scripsit

622 1499 745 1542 Deua
761 1511 860 1549 xxv,
887 1484 1094 1550 nobis,
1126 1483 1191 1545 id
1236 1490 1350 1556 est,
1386 1483 1453 1545 in
1503 1482 1989 1545 Deuteronomio
2032 1482 2216 1544 nobis
2264 1481 2390 1544 Deo

891 2961 1085 3042 hujus
1119 2958 1417 3042 praecepti
1458 2956 1602 3032 fuit,
1637 2975 1718 3020 ne
1756 2976 1988 3021 nomen
2029 2966 2221 3040 atque
2260 2977 2394 3022 me-
2581 2963 2667 3021 Et
2715 2962 2813 3021 ait
2864 2963 3001 3020 illis
3034 2962 3217 3021 Jesus
3246 2981 3269 3019 .·
3300 2962 3467 3022 Filii
3508 2961 3710 3038 hujus
3748 2959 3987 3028 sceculi,
4102 2963 4155 3018 35

891 3061 1096 3125 moria
1143 3059 1264 3124 viri
1314 3058 1546 3141 prioris
1595 3058 1674 3119 de
1720 3077 1837 3119 sua
1882 3057 2057 3120 tribu
2107 3076 2392 3122 remove-
2429 3059 2474 3123 C
2503 3061 2566 3123 id
2617 3065 2733 3134 est,
2768 3059 2880 3140 qui
2928 3065 3314 3139 generantur
3355 3057 3422 3120 in
3470 3059 3712 3121 mundo
3760 3057 3901 3132 isto,
3934 3064 3993 3117 et
4221 3047 4222 3096 ἕ

891 3167 1103 3238 retur3
1134 3157 1434 3237 secunda,
1469 3163 1538 3218 ut
1574 3154 1962 3218 familiarum
1993 3174 2065 3218 ac
2103 3157 2392 3218 tribuum
2503 3158 2627 3221 filii
2658 3165 2808 3219 sunt
2834 3157 3085 3238 generis
3115 3156 3403 3230 humani,
3426 3159 3709 3225 nubunt,
3730 3156 3851 3219 hoc
3880 3163 3990 3227 est,

892 3263 1179 3321 maneret
1234 3255 1579 3318 distinctio.
1629 3289 1708 3300 —
1759 3252 2014 3336 Mystico
2071 3273 2223 3318 vero
2280 3273 2395 3336 per
2507 3273 2734 3319 uxores
2764 3255 3104 3337 accipiunt,
3124 3265 3185 3316 et
3218 3258 3575 3316 traduntur
3598 3257 3688 3315 ad
3716 3255 3996 3332 nuptias,

891 3357 1065 3419 istud
1096 3361 1488 3437 praeceptum
1528 3351 2031 3434 significabatur,
2064 3355 2239 3435 quod
2270 3352 2396 3416 fra·
2505 3354 2694 3416 etiam
2752 3361 3094 3434 antequam
3143 3352 3271 3415 sint
3328 3361 3641 3435 provectae
3686 3353 3885 3416 aetatis
3930 3369 3999 3412 ac

892 3464 988 3517 tre
1047 3459 1320 3526 mortuo,
1372 3452 1437 3514 id
1496 3459 1613 3526 est,
1667 3449 1916 3514 Christo
1973 3458 2235 3533 propter
2280 3471 2395 3515 nos
2507 3453 2605 3515 sui
2637 3452 2798 3532 juris
2835 3471 2849 3515 :
2882 3453 3055 3533 quod
3086 3468 3344 3514 necesse
3374 3459 3470 3513 est
3500 3459 3569 3513 ut
3598 3450 3841 3532 species
3874 3468 4001 3532 per-

895 3551 1226 3626 crucifixo,
1261 3549 1456 3612 frater
1494 3549 1722 3631 ipsiuS,
1757 3549 2054 3612 videlicet
2102 3549 2399 3612 ecclesia·
2509 3559 2775 3630 severet‚
2828 3550 3131 3632 quoniam
3184 3551 3311 3614 vita
3368 3550 3489 3612 ista
3544 3549 3825 3613 mortalis
3886 3555 3996 3611 est.

896 3651 1093 3716 sticus
1137 3649 1458 3731 praelatuS,
1491 3647 1681 3710 debet
1719 3647 1779 3710 ei
1824 3647 2130 3710 suscitare
2180 3665 2397 3711 semen
2508 3650 2769 3732 Propter
2814 3650 2986 3731 quod
3036 3648 3197 3710 dixit
3242 3647 3663 3730 Philosophus
3698 3647 3837 3711 :Ad
3887 3648 4001 3710 hoc

899 3748 1251 3833 spirituale,
1284 3746 1534 3828 aliquos
1574 3746 2002 3809 convertendo
2039 3747 2116 3807 ad
2157 3744 2395 3827 ipsum,
2507 3748 2829 3830 generatio
2884 3746 3269 3809 animalibus
3329 3746 3471 3808 data
3525 3753 3642 3826 est,
3692 3755 3999 3828 quatenus

900 3857 964 3912 et
1007 3849 1206 3911 bonos
1253 3847 1332 3909 ad
1392 3844 1790 3926 spiritualem
1839 3844 2199 3906 inducendo
2260 3863 2401 3926 pro-
2510 3865 2669 3920 esse,
2722 3847 2893 3928 quod
2942 3844 3305 3927 perpetuari
3358 3863 3483 3907 non
3533 3851 3742 3925 potest
3794 3843 3859 3906 in
3910 3845 3999 3906 in·

901 3946 1165 4009 fectum.
2510 3945 2791 4019 dividuo,
2844 3949 3255 4006 conservetur
3313 3941 3379 4003 in
3440 3941 3675 4024 specie,
3732 3960 3846 4024 per
3892 3959 3995 4022 ge-

696 4062 769 4118 39
996 4048 1251 4122 Septem
1304 4063 1453 4120 erqo
1501 4045 1741 4120 tratres
1798 4050 1986 4102 erant
2041 4041 2399 4105 Israeliticae
2510 4043 2906 4106 nerationum
2953 4040 3252 4104 videlicet
3292 4040 3779 4103 successionem.

904 4142 1144 4225 stirpis.
1173 4145 1256 4204 Et
1275 4142 1536 4220 primus
1565 4141 1808 4216 accepit
1834 4159 2126 4209 umorem,
2148 4149 2209 4201 et
2238 4161 2399 4202 mor·
2588 4143 2706 4204 Illi
2746 4160 2913 4212 vere,
2951 4141 3069 4218 qui
3105 4141 3299 4216 diyni
3335 4141 3739 4200 habebuntur
3774 4141 3993 4200 soeculo
4105 4140 4158 4196 35

697 4258 770 4315 30
907 4253 1057 4304 tuus
1092 4250 1183 4301 est
1219 4242 1358 4300 sine
1389 4240 1575 4317 filiis,
1609 4241 1696 4299 Et
1729 4257 2016 4318 sequena,
2048 4238 2112 4300 id
2162 4246 2259 4301 est
2306 4257 2402 4301 se-
2428 4243 2480 4306 D
2508 4242 2647 4313 illo,
2682 4241 2746 4302 id
2794 4246 2890 4301 est
2938 4237 3118 4300 electi
3172 4244 3236 4299 et
3276 4237 3454 4318 justi,
3488 4255 3649 4318 quos
3700 4236 3862 4299 Deus
3906 4235 3996 4298 di-

905 4340 1154 4404 cundus
1200 4336 1416 4412 frater,
1465 4338 1706 4414 accepit
1753 4355 1896 4397 eam
1939 4344 2082 4418 post
2129 4343 2397 4401 mortem
2507 4358 2664 4421 gnos
2696 4336 3191 4400 misericorditer
3220 4336 3543 4418 reputabit
3570 4336 3901 4399 duratione
3928 4353 3995 4397 ac

698 4455 766 4512 31
907 4437 1160 4521 prioriS‚
1194 4447 1254 4498 et
1300 4438 1436 4515 ipse
1477 4444 1768 4496 mortuus
1809 4445 1898 4495 est
1938 4437 2080 4495 sine
2115 4438 2280 4513 filio.
2313 4439 2401 4498 Et
2510 4437 2897 4501 habitatione
2947 4434 3179 4497 futurae
3225 4433 3567 4508 felicitatis,
3618 4443 3678 4494 et
3724 4454 3996 4495 resurre-

908 4538 1132 4600 tertius
1177 4535 1418 4613 accepit
1465 4535 1678 4594 illam.
1711 4533 2041 4594 Similiter
2081 4544 2140 4595 et
2186 4553 2402 4595 omnes
2508 4538 2716 4598 ctione
2742 4555 2825 4594 em
2853 4534 3149 4602 mortui-3,
3182 4532 3243 4594 id
3294 4539 3389 4594 est
3437 4531 3608 4593 felici
3656 4529 3997 4592 immutati-

903 4643 1162 4714 septem,
1195 4633 1259 4695 id
1299 4639 1394 4694 est
1432 4630 1667 4712 reliqui
1711 4649 1954 4705 omneS‚
1987 4641 2048 4692 et
2084 4652 2217 4692 non
2256 4635 2400 4693 reli·
2510 4653 2631 4698 one
2668 4653 2741 4696 ac
2780 4631 3243 4694 resurrectione
3282 4631 3359 4692 de
3398 4637 3599 4694 morte
3640 4637 3879 4693 naturae
3922 4629 3995 4690 ad

699 4742 771 4798 32
906 4741 1188 4813 querunt
1215 4749 1449 4802 semen,
1471 4739 1532 4790 et
1561 4730 1805 4790 mortui
1830 4737 2002 4788 sunt.
2031 4731 2398 4791 Novissima
2511 4733 2706 4796 vitam
2753 4731 2991 4812 gloriae,
3024 4750 3228 4810 neque
3260 4731 3528 4799 nubent,
3557 4728 3622 4791 id
3670 4735 3787 4802 est,
3822 4727 3997 4790 femi-

903 4832 1201 4891 omnium
1235 4838 1488 4890 mortua
1520 4836 1609 4887 est
1637 4836 1697 4887 et
1727 4827 1986 4888 mulier.
2018 4826 2210 4888 Istam
2240 4846 2403 4909 quae-
2512 4849 2611 4893 nae
2649 4847 2775 4892 non
2821 4827 3309 4900 maritabuntur,
3342 4846 3546 4906 neque
3572 4829 3809 4887 ducent
3848 4845 3997 4886 αωο-

905 4927 1176 4992 stionem
1235 4932 1703 5009 proposuerunt
1759 4922 2105 4999 Sadducaei,
2156 4926 2236 4987 ad
2294 4926 2401 4988 de-
2510 4950 2611 4989 res
2652 4927 2796 4991 viri.
2830 4925 3024 5007 Cujus
3074 4925 3232 4988 ratio
3276 4924 3607 4988 verissima
3654 4925 3990 4988 subditur:

905 5025 1382 5090 monstrandum
1413 5023 1580 5105 quod
1612 5022 1984 5085 resurrectio
2011 5031 2400 5086 mortuorum
2512 5029 2732 5107 Neque
2787 5027 2963 5086 enim
3014 5028 3193 5085 ultra
3250 5025 3418 5084 mori
3464 5033 3795 5101 poterunt,
3850 5023 3995 5104 quia
4102 5022 4153 5078 36

887 1581 1156 1662 jubente
1200 1581 1504 1662 praecepit
1541 1599 1554 1642 ε
1587 1582 1670 1642 Si
1696 1581 1909 1656 frater
1939 1581 2228 1657 alicujus
2268 1578 2389 1641 viri

891 1688 1185 1742 mortuus
1221 1680 1429 1755 fuerit
1469 1681 1704 1738 habens
1743 1697 2010 1738 uxorem
2059 1695 2265 1757 usque
2311 1677 2389 1739 ad

888 1786 1183 1852 mortem,
1225 1788 1285 1838 et
1333 1779 1442 1838 hic
1487 1779 1628 1838 sinc
1673 1779 1838 1854 filiis
1883 1777 2112 1854 fuerit,
2156 1777 2221 1838 id
2270 1783 2385 1850 est,

2496 795 2685 869 eujus
2715 815 2937 855 eorum
2973 798 3098 856 erit
3128 815 3297 856 uxor
3318 798 3349 856 ?
3378 797 3721 875 Siquidem
3756 804 3983 872 septem

2497 888 2723 952 fratres
2754 895 3121 955 habuerunt
3147 915 3289 955 eam
3320 893 3670 956 successive
3697 913 3985 954 umorem:

2499 988 2639 1052 ideo
2689 1009 2818 1070 qua
2861 991 3103 1055 ratione
3147 991 3493 1074 pertineret
3530 991 3597 1054 in
3636 990 3853 1053 futura
3897 1007 3987 1051 re-

2498 1089 2889 1151 surrectione
2936 1091 3015 1152 ad
3066 1108 3288 1164 unum,
3340 1089 3689 1172 pertineret
3736 1106 3984 1171 quoque

2498 1187 2576 1248 ad
2624 1187 2845 1249 alium.
2887 1186 3019 1260 Quo
3069 1189 3233 1264 dato,
3274 1186 3501 1250 fratres
3550 1188 3741 1251 simul
3788 1195 3851 1249 et
3898 1205 3987 1248 se-

2502 1285 2625 1346 mel
2666 1284 2976 1348 haberent
3013 1287 3298 1349 eamdem
3341 1305 3601 1350 uxorem
3636 1304 3650 1348 ε
3684 1287 3855 1368 quod
3898 1295 3987 1348 est

2502 1382 2624 1463 legi
2676 1384 3086 1446 contrarium.
3138 1384 3313 1446 Unde
3365 1384 3769 1447 beatissimus
3814 1384 3989 1446 Joan-

2504 1500 2615 1543 nes
2663 1481 2940 1564 Baptista
2980 1483 3141 1546 dixit
3188 1483 3547 1546 miserrimo
3587 1483 3989 1564 impiissimo-

4094 701 4147 756 33

2500 1598 2628 1661 que
2658 1580 2885 1643 Herodi
2924 1599 2937 1644 :
2971 1581 3105 1644 Non
3137 1581 3286 1643 licet
3314 1581 3430 1643 tibi
3468 1581 3703 1644 habere
3732 1599 3987 1644 uxorem
4036 1600 4207 1642 Μυωι.

2500 1677 2713 1742 fratris
2763 1680 2879 1742 tui.
2922 1678 3112 1743 Porro
3160 1678 3483 1743 Sadducaei
3532 1681 3597 1743 in
3646 1680 3987 1762 quaestione
4014 1665 4069 1704 ¹⁸·

2501 1777 2619 1840 hac
2676 1778 3257 1860 praesupponebant
3311 1797 3511 1840 unum
3569 1779 3987 1852 mendacium,

889 1878 1132 1959 absque
1170 1875 1454 1956 legitima
1492 1876 1672 1957 prole
1709 1875 1940 1939 obierit
1973 1893 1986 1936 ε
2023 1883 2094 1936 ut
2131 1876 2391 1939 nomine
2429 1876 2474 1936 B
2502 1877 2673 1957 quod
2722 1885 2934 1938 tamen
2982 1896 3019 1938 a
3065 1875 3394 1940 Pharisaeis
3445 1876 3855 1959 reputabatur
3892 1897 3992 1938 ve-

888 1976 1176 2039 filiorum
1227 1974 1666 2055 intelligantur
1705 1981 1765 2035 et
1812 1974 1990 2047 filiae,
2024 1973 2191 2036 sicut
2238 1975 2391 2037 dum

890 2082 1070 2157 pater
1102 2080 1166 2136 et
1203 2071 1381 2134 filius
1422 2073 1795 2136 correlative
1833 2072 2155 2147 dicuntur,
2189 2091 2393 2153 quum

890 2181 1071 2256 pater
1107 2171 1254 2254 quis
1294 2189 1443 2234 vere
1480 2189 1553 2233 ac
1593 2170 1854 2233 relative
1899 2171 2166 2246 dicatur,
2201 2171 2393 2232 etiam

889 2271 1030 2335 filio
1059 2288 1302 2344 carenS,
1339 2288 1464 2332 non
1504 2267 1662 2343 filia,
1697 2270 1749 2330 si
1791 2269 1966 2332 filius
2007 2269 2263 2332 denotat
2300 2287 2395 2330 se-

891 2389 1079 2450 xum3
1111 2379 1184 2430 ut
1213 2369 1495 2446 accipiat
1521 2387 1662 2429 eam
1692 2369 1905 2446 frater
1932 2369 2073 2446 ejus
2101 2387 2390 2434 uoeorem,

889 2479 949 2530 et
996 2469 1253 2528 suscitet
1299 2485 1512 2527 semen
1551 2467 1758 2543 fratri
1803 2485 1946 2536 suo,
1985 2465 2105 2528 hoc
2154 2473 2271 2539 est,
2317 2466 2395 2528 de

889 2566 1132 2630 femina
1179 2565 1288 2627 illa
1337 2571 1626 2646 procreet
1670 2564 1939 2646 prolem,
1973 2583 2117 2646 quae
2158 2564 2396 2626 adscri-

891 2666 1079 2728 batur
1127 2664 1355 2727 marito
1401 2660 1724 2734 defuncto,
1778 2669 2167 2744 voceturque
2215 2662 2393 2725 filius

890 2765 1030 2845 ejus
1088 2762 1331 2844 legaliS,
1391 2761 1685 2842 quamvis
1745 2760 1828 2822 sit
1884 2758 2064 2822 filius
2121 2760 2392 2823 carnalis

895 2862 1105 2926 mariti
1146 2861 1496 2952 sequentis.
1529 2858 1739 2922 Prima
1774 2867 1838 2921 et
1873 2859 2167 2922 litteralis
2206 2879 2395 2922 causa

907 5143 1033 5188 non
1065 5130 1230 5186 esset
1266 5121 1607 5204 possibiliS,
1642 5121 1799 5203 quia·
1826 5121 2285 5184 rationabiliter
2314 5123 2402 5184 di-

907 5224 966 5288 ci
1013 5241 1139 5286 non
1189 5228 1404 5303 posset
1438 5221 1516 5282 ad
1555 5237 1749 5302 quem
1788 5219 2236 5301 praedictorum
2278 5219 2403 5283 fra-

908 5330 1079 5386 trum
1127 5326 1438 5402 spectaret
1474 5337 1634 5382 uxor
1670 5319 1736 5381 in
1788 5317 2251 5382 resurrectione
2299 5318 2327 5381 f
2330 5339 2399 5382 u-

2504 1992 2669 2049 rum,
2700 1980 2919 2057 utpote
2948 1976 3119 2056 quod
3152 1983 3295 2056 post
3323 1976 3849 2039 resurrectionem
3878 1976 3993 2037 erit

2504 2093 2659 2134 usus
2690 2072 2981 2136 ciborum
3018 2091 3091 2135 ac
3122 2091 3561 2136 venereorum.
3594 2073 3771 2138 Unde
3806 2082 3870 2136 et
3896 2073 3995 2135 Ni-

2504 2171 2718 2234 colaus
2769 2172 2849 2233 de
2894 2170 3088 2235 Gorra
3142 2179 3429 2245 testatur,
3481 2174 3654 2253 quod
3704 2172 3991 2234 Pharisaei

2503 2277 2647 2351 post
2688 2269 3218 2333 resurrectionem
3259 2270 3600 2333 credebant
3642 2289 3711 2332 se
3752 2270 3996 2332 habitu-

2503 2386 2605 2431 ros
2664 2385 2927 2430 uxorem
2986 2386 3058 2429 ac
3117 2368 3421 2441 sobolem,
3478 2369 3993 2450 opulentiamque

2502 2474 2856 2544 terrenam3
2898 2474 2961 2528 et
2998 2483 3252 2527 auream
3293 2484 3367 2528 ac
3400 2474 3784 2546 gemmatam
3822 2467 3994 2528 Jeru-

2502 2564 2697 2626 salem
2731 2564 3003 2645 desuper
3034 2564 3502 2626 concedendam
3542 2583 3657 2646 per
3688 2565 3862 2627 mille
3890 2584 3994 2626 an-

2502 2681 2666 2740 nos;
2718 2668 2908 2744 atque
2959 2669 3101 2744 post
3152 2661 3329 2724 mille
3375 2680 3575 2726 annos
3628 2681 3697 2725 se
3744 2681 3882 2725 csse
3927 2663 3990 2724 in

2500 2763 2735 2826 coelum
2769 2762 3039 2825 feliciter
3068 2761 3559 2825 transferendos.
3594 2761 3871 2835 Quorum
3900 2782 3993 2824 er-

2500 2879 2708 2923 rorem
2750 2861 3054 2924 Dominus
3091 2861 3311 2942 pandit
3352 2861 3517 2923 sicut
3558 2860 3985 2942 subjungitur.

2510 5142 2626 5186 nec
2665 5141 2835 5186 mors
2876 5128 3130 5196 naturae,
3175 5139 3385 5202 neque
3424 5139 3593 5184 mors
3628 5121 3851 5202 culpae,
3884 5139 3993 5182 nec

2510 5240 2679 5285 mors
2709 5220 3002 5293 miseriae,
3038 5220 3249 5283 locum
3276 5219 3511 5282 habere
3550 5226 3756 5301 potest
3784 5219 3851 5281 in
3882 5219 3989 5281 eis.

2505 5322 2817 5401 AEquales
2854 5321 3032 5380 enim
3068 5321 3318 5395 anyelis
3352 5327 3531 5387 sunt,
3562 5317 3624 5379 id
3662 5324 3781 5392 est,
3812 5335 3993 5398 auge-
