4300 6259
81 1475 292 1530 Philipp.
309 1487 344 1526 ι,

103 2063 278 2107 Manli.
299 2076 344 2112 v,

77 2131 140 2172 1⁰.

167 2353 236 2408 16

171 2844 240 2898 Π

87 3017 148 3064 ¹0;
169 3029 240 3063 xv,
264 3019 306 3058 3.

85 3077 352 3128 lbidxvaaz

87 3182 194 3212 vers.
211 3173 350 3220 ΗΑΒ.

125 4543 246 4588 Rom.
267 4559 340 4588 viu

105 4839 342 4944 zhih'ppsu

109 4906 122 4943 l
155 4935 167 4944 .

121 5037 231 5081 ibid.
257 5052 288 5086 1,
307 5039 348 5081 6.

1121 501 1470 549 ΕΝΑΒΒΑΤῙΟ
1515 501 1578 571 lN
1621 500 1760 548 CAP.
1807 499 1934 546 xvu
1976 501 2252 548 JoANrus.
2298 521 2380 532 —
2420 505 2563 551 ΛΒΤ.
2608 505 2732 552 xm

3363 491 3483 554 573

373 677 518 752 post
574 673 1106 737 resurrectionem
1163 689 1392 734 meam.
1448 672 1655 735 Primo
1702 671 1876 734 enim
1906 669 1958 732 A
1987 673 2062 734 do
2097 672 2190 735 eis
2231 674 2569 756 puritatem
2608 677 2971 753 mentalem,
3013 678 3483 761 veritatemque

371 777 628 852 oportet
675 772 1082 834 christianam
1133 771 1332 834 fidem
1383 771 1711 853 praedicari
1765 789 1878 852 per

371 886 505 944 θος,
559 877 624 932 et
666 871 1088 951 gentilitatem
1143 870 1451 945 converti,
1504 869 1879 932 Ecclesiam-

370 985 504 1048 que
555 967 803 1031 firmari
840 989 854 1033 :
891 971 1059 1032 unde
1107 988 1278 1032 mors
1327 987 1546 1031 eorum
1596 976 1762 1031 esset
1811 968 1875 1030 in

371 1066 832 1130 detrimentum
865 1067 1181 1130 Ecclesiae.
1216 1067 1340 1148 Ipsi
1381 1086 1638 1149 quoque
1679 1067 1878 1130 multo

369 1167 655 1248 amplius
687 1167 1224 1248 promerebuntur
1255 1167 1570 1229 manendo
1601 1166 1666 1227 in
1699 1184 1878 1227 mun-

371 1265 479 1339 do,
542 1284 882 1347 quousque
947 1265 1270 1348 publicata
1333 1265 1414 1326 sit
1471 1264 1655 1327 fides.
1719 1264 1879 1326 Hinc

371 1363 703 1445 apostolus
750 1362 980 1426 Paulus
1029 1365 1108 1426 ad
1154 1363 1618 1445 Philippenses,
1669 1363 1877 1445 primo

375 1463 708 1544 capitulo:
743 1463 1118 1524 Permanere
1161 1463 1374 1543 (dicit)
1419 1464 1483 1525 in
1535 1480 1722 1525 carne
1772 1480 1878 1525 ne-

375 1562 727 1624 cessarium
777 1569 874 1624 est
921 1569 1182 1644 propter
1228 1581 1359 1625 VOS.
1394 1565 1525 1624 Sed
1563 1572 1636 1623 ut
1671 1582 1877 1622 serves

370 1681 475 1720 eos
500 1683 540 1722 a
573 1665 742 1722 malo
773 1660 998 1743 culpae,
1020 1662 1372 1723 secundum
1405 1661 1694 1724 ordinem
1726 1679 1876 1742 prae-

373 1759 818 1822 destinationis
861 1766 1133 1821 aeternae.
1167 1759 1303 1822 Non
1346 1761 1548 1822 oravit
1591 1759 1876 1822 Christus

1985 771 2327 852 triplicem,
2393 781 2613 856 utpote
2671 775 2837 851 vitae,
2898 776 3181 856 justitiae‚
3247 785 3310 839 et
3368 779 3482 840 do-

1987 871 2229 934 ctrinae.
2842 872 2851 880 '

2067 973 2291 1032 Sermo
2343 981 2492 1032 tuus
2541 974 2778 1034 veritas
2828 983 2936 1045 esc,
2982 973 3043 1036 id
3094 981 3210 1049 est,
3256 975 3484 1056 praedi-

1988 1068 2150 1130 catio
2198 1087 2393 1150 quam
2439 1070 2665 1151 loquor
2715 1071 2779 1133 in
2830 1071 3088 1134 nomine
3134 1080 3243 1136 tuo
3295 1081 3357 1135 et
3404 1091 3482 1134 ex

1988 1173 2068 1238 te,
2103 1168 2275 1229 omni
2310 1176 2482 1230 caret
2519 1170 2867 1244 mendacio,
2902 1178 3125 1252 estque
3154 1179 3282 1233 tam
3324 1190 3485 1253 pura

1987 1271 2049 1325 et
2104 1273 2340 1340 sancta,
2396 1273 2463 1327 ut
2523 1267 2733 1348 potius
2791 1268 3057 1331 dicenda
3114 1269 3195 1332 sit
3254 1269 3481 1334 veritas

1985 1381 2177 1443 quam
2227 1381 2395 1426 vera.
2448 1364 2622 1427 Unde
2670 1366 2825 1428 dicit
2873 1366 3199 1429 Psalmista
3245 1386 3259 1430 ε
3309 1367 3483 1430 Prin·
3536 1383 3757 1428 Pmmu

1987 1462 2229 1543 cipium
2281 1462 2620 1526 verborum
2671 1471 2925 1528 tuorum
2974 1465 3225 1528 veritas.
3278 1466 3485 1528 Incre-
3514 1449 3604 1490 ¹⁶⁰·

1985 1569 2124 1623 atus
2174 1561 2365 1623 etiam
2414 1580 2621 1626 sermo
2670 1563 2800 1635 Dei,
2852 1563 3148 1626 videlicet
3202 1564 3479 1626 Verbum

1985 1668 2314 1734 aeternum‚
2348 1669 2443 1723 est
2471 1662 2721 1737 veri'taS,
2754 1661 2935 1742 juxta
2973 1663 3144 1744 quod
3182 1663 3268 1724 ait
3303 1681 3316 1726 :
3354 1662 3481 1744 Ego
3525 1679 3773 1731 Jmnm,

1987 1777 2128 1820 sum
2181 1760 2302 1833 via,
2356 1760 2585 1823 veritas
2634 1768 2697 1822 et
2742 1761 2890 1823 vita.
2946 1760 3255 1842 Superius
3306 1761 3483 1824 Chri·
3510 1745 3550 1785 ⁰·

374 1864 446 1918 ut
493 1876 530 1918 a
577 1857 762 1919 malis
814 1857 1178 1939 poenalibus
1230 1857 1374 1920 vitae
1427 1856 1619 1936 hujus
1669 1875 1878 1920 serva·
1912 1853 2120 1917 Bstus
2180 1859 2382 1920 oravit
2433 1878 2446 1921 :
2498 1857 2839 1922 Sanctifica
2892 1878 2998 1922 eos
3056 1859 3122 1920 in
3175 1859 3479 1941 veritate;

374 1963 620 2029 rentur,
663 1974 869 2036 quum
918 1955 1038 2018 hoc
1086 1955 1274 2016 saluti
1324 1973 1544 2017 eorum
1595 1973 1722 2017 non
1772 1972 1878 2015 ex-

376 2055 654 2137 pedierit
707 2053 904 2132 (beati
963 2053 1135 2116 enim
1195 2053 1307 2134 qui
1370 2053 1876 2134 persecutionem

378 2154 712 2234 patiuntur
760 2159 1020 2234 propter
1064 2151 1425 2232 justitiam),
1478 2153 1588 2214 sed
1637 2169 1715 2213 ne
1765 2168 1878 2232 per

378 2251 869 2334 impatientiam,
904 2251 1392 2314 inconstantiam
1433 2249 1531 2312 vel
1580 2251 1876 2313 timorem

378 2349 734 2412 deficerent
799 2350 864 2412 in
929 2349 1234 2412 adversis.
1295 2352 1390 2410 De
1447 2353 1690 2410 mundo
1747 2369 1876 2409 non

375 2459 556 2521 sunt,
605 2450 774 2510 sicut
821 2459 880 2510 et
927 2469 1038 2526 eyo
1097 2469 1225 2509 non
1280 2469 1426 2510 sum
1473 2451 1553 2509 de
1609 2450 1874 2508 munde.

376 2547 506 2611 Hoc
548 2547 836 2612 Christus
885 2546 1174 2622 resumit,
1214 2554 1280 2608 ut
1331 2546 1515 2609 nobis
1564 2563 1880 2609 commen-

377 2648 483 2709 det
521 2646 788 2727 gratiam
832 2646 964 2721 Dei,
998 2646 1112 2728 qui
1162 2645 1394 2709 electos
1435 2646 1708 2727 gratiose
1757 2646 1881 2707 dis-

377 2746 605 2820 cernit,
653 2765 726 2808 ac
769 2753 1022 2826 separat
1064 2764 1101 2806 a
1145 2745 1509 2808 mundanis.

459 2846 819 2922 Sanctifica
857 2865 956 2904 eos
994 2847 1069 2905 in
1108 2846 1397 2904 veritate.
1442 2841 1748 2925 Superius
1793 2842 1880 2904 di-

109 2964 348 3002 manant,
379 2943 472 3004 xit
515 2943 802 3007 Christus
841 2941 1160 3024 Apostolis
1197 2961 1210 3005 :
1245 2942 1366 3006 Vos
1411 2941 1630 3004 mundi
1683 2942 1876 3022 estis3

1985 1974 2259 2036 moxque
2302 1946 2493 2038 quasi
2536 1958 2913 2039 expositive,
2948 1958 3181 2039 adjecit
3214 1978 3227 2022 ε
3263 1959 3483 2023 Sermo

1986 2061 2132 2115 tuus
2176 2055 2404 2117 veritas
2447 2065 2562 2118 est.
2596 2056 2922 2139 Tanquam
2963 2058 3132 2120 dicat
3164 2077 3177 2121 :
3211 2058 3342 2122 Hoc
3389 2067 3484 2122 est

1988 2152 2372 2214 sanctificari
2420 2154 2484 2217 in
2536 2155 2819 2230 veritate,
2874 2175 3126 2220 servare
3183 2165 3246 2219 et
3292 2175 3484 2240 opere

1986 2249 2333 2332 adimplere
2363 2270 2719 2316 sermonem
2748 2254 2882 2328 Dei,
2912 2273 3023 2316 scu
3055 2275 3295 2319 sacram
3328 2255 3485 2319 Scri-

1989 2356 2265 2431 pturam.
2323 2386 2405 2395 —
2464 2351 2784 2428 Praeterea,
2847 2371 3057 2417 sermo
3116 2354 3247 2428 Dei,
3309 2374 3487 2417 sacra

1987 2447 2331 2530 Scriptura,
2367 2448 2779 2531 Evangelium
2824 2451 3079 2533 Christi,
3124 2452 3188 2515 in
3233 2461 3481 2516 tantum

1988 2554 2082 2608 est
2113 2547 2367 2627 veritas,
2402 2555 2469 2608 ut
2503 2549 2581 2610 ad
2609 2547 2853 2611 Galatas
2894 2550 3060 2612 dicat
3088 2551 3428 2633 Apostolus
3465 2569 3478 2614 :

1989 2645 2161 2707 Licet
2207 2646 2467 2726 angelus
2516 2648 2593 2709 de
2642 2647 2805 2711 coelo
2862 2649 3250 2730 evangelizet
3301 2648 3483 2713 vobis
3514 2666 3774 2717 Galat.=,8.

1990 2751 2412 2826 praeterquam
2458 2747 2628 2825 quod
2686 2746 3283 2827 evangelizavimus,
3336 2767 3484 2810 ana-

1990 2843 2202 2904 thema
2247 2843 2350 2932 sit.
2396 2842 2493 2904 Nil
2549 2843 2744 2925 igitur
2788 2843 3034 2920 falsiuS,
3080 2845 3169 2907 nil
3223 2864 3499 2928 prorsus·

1989 2940 2446 3017 detestabilius,
2506 2960 2699 3024 quam
2757 2945 2927 3025 quod
2988 2942 3169 3007 fidei‘
3205 2945 3483 3008 dissonat

379 3049 464 3117 et,
498 3043 640 3124 Ipse
669 3041 847 3104 Pater
875 3049 1045 3103 amat
1073 3059 1215 3122 vos3
1250 3041 1554 3122 itemque,
1589 3041 1674 3102 De
1703 3059 1882 3102 mun·
1916 3041 1960 3106 C
1989 3039 2371 3103 christianae.

379 3142 461 3204 do
510 3160 638 3204 non
689 3147 859 3203 sunt.
913 3139 1036 3204 Cur
1084 3157 1232 3221 ergo
1277 3159 1450 3202 nunc
1502 3141 1879 3221 deprecatur

373 3239 622 3302 Patrem
655 3245 725 3300 ut
752 3255 860 3301 eos
891 3235 1268 3313 sanctificet,
1302 3236 1486 3320 quasi
1519 3238 1719 3300 sancti
1750 3255 1877 3300 non

375 3341 634 3400 essent?
685 3336 761 3398 Et
819 3338 1356 3419 respondendum,
1419 3337 1593 3417 quod
1654 3336 1878 3399 mundi

373 3444 557 3499 erant
614 3436 887 3499 carendo
950 3435 1346 3512 mortalibuS,
1398 3443 1462 3497 et
1509 3435 1586 3496 de
1637 3435 1878 3497 mundo

374 3555 502 3598 non
542 3534 808 3596 fuerunt
848 3552 964 3616 per
1000 3551 1195 3616 opera
1231 3533 1576 3614 scelerata3
1621 3552 1748 3596 non
1789 3541 1881 3594 ta-

372 3652 522 3696 men
577 3633 716 3695 sine
766 3631 1126 3696 venialibus
1185 3638 1384 3706 erant,
1439 3650 1556 3694 nec
1609 3630 1877 3714 perfecti

375 3733 442 3794 in
497 3732 702 3813 gratia
758 3751 771 3794 :
827 3731 970 3794 ideo
1027 3730 1314 3794 Christus
1364 3731 1523 3812 petit
1575 3737 1644 3791 u't
1703 3730 1881 3793 Pater

376 3830 736 3895 sanctificet
779 3848 907 3904 eOS,
947 3830 1063 3892 hoc
1106 3836 1222 3903 est,
1256 3828 1336 3890 ab
1381 3829 1554 3891 omni
1602 3828 1882 3891 immun-

378 3931 556 4004 ditia,
608 3927 860 3991 defectu
910 3937 974 3990 et
1019 3926 1504 4009 imperfectione
1550 3936 1876 4010 expurget,

381 4030 448 4092 in
492 4029 696 4110 gratia
736 4044 996 4109 quoque
1040 4025 1353 4107 perficiat.
1387 4025 1560 4098 Quod
1603 4034 1745 4107 post
1789 4045 1884 4088 re-

385 4126 845 4190 surrectionem
882 4124 1076 4206 coepit
1107 4124 1384 4205 impleri,
1420 4126 1676 4205 quando
1710 4124 1886 4187 Chri-

2067 3141 2257 3200 Sicut
2290 3149 2358 3201 tu
2400 3161 2497 3203 me
2524 3142 2763 3203 misisti
2792 3143 2866 3202 in
2906 3145 3251 3211 mundum,
3284 3142 3348 3205 id
3387 3149 3485 3204 est
3621 3147 3689 3203 18

1988 3239 2066 3300 ad
2126 3239 2436 3321 populum
2482 3239 2840 3303 Judaeorum
2895 3258 2909 3303 :
2960 3241 3113 3322 quia
3162 3260 3286 3305 non
3338 3261 3481 3304 sum
3522 3254 3775 3308 unuh-xv.

1988 3335 2223 3398 missus
2266 3336 2389 3398 nisi
2419 3338 2497 3399 ad
2528 3355 2677 3400 oves
2707 3356 2852 3419 quae
2891 3339 3220 3420 perierunt
3254 3341 3481 3404 domus
3511 3319 3579 3361 ²⁴·

1987 3433 2173 3497 lsrael
2205 3454 2221 3514 ;
2261 3445 2321 3496 et
2346 3456 2457 3513 eqo
2488 3437 2641 3497 misi
2668 3456 2793 3508 εοε,
2825 3446 2975 3519 puta
3016 3438 3369 3520 ApostOIOS,
3405 3441 3479 3500 in

1989 3537 2334 3601 mundum,
2395 3533 2457 3596 id
2516 3542 2611 3596 est
2672 3536 2749 3597 ad
2807 3536 3104 3599 eumdem
3169 3537 3481 3619 populum

1988 3631 2456 3706 instruendum,
2520 3631 2898 3715 praecipiens
2956 3635 3048 3696 eis
3111 3653 3126 3697 :
3188 3636 3257 3698 In
3313 3635 3480 3698 viam
3515 3641 3773 3715 1⁶sa21,5‚ss,

1986 3730 2274 3812 gentium
2333 3748 2412 3792 ne
2468 3730 2772 3805 abieritis,
2827 3734 2937 3795 sed
2994 3735 3072 3796 ad
3134 3752 3283 3806 oves
3340 3753 3485 3816 quae

1991 3829 2321 3911 perierunt
2379 3830 2602 3891 domus
2663 3829 2876 3893 Israel.
2937 3831 3481 3905 Quemadmodum

1992 3945 2140 4007 ergo
2170 3925 2347 3987 Pater
2384 3925 2558 3989 misit
2592 3926 2826 3990 Filium
2857 3947 2935 3992 ex
2968 3931 3225 3993 caritate
3256 3939 3320 3993 et
3360 3931 3490 4013 pie-

1993 4035 2138 4100 tate,
2182 4033 2252 4087 ut
2298 4024 2666 4088 hominibus
2715 4035 3015 4090 aeternam
3060 4029 3330 4091 salutem
3378 4049 3489 4092 an-

1993 4124 2337 4198 nuntiaret,
2390 4125 2481 4186 sic
2535 4124 2821 4188 Christus
2882 4126 2987 4208 pie
3041 4135 3106 4188 et
3161 4128 3488 4192 caritative

137 4262 160 4290 ο
221 4263 356 4300 mu,
385 4234 522 4288 stus
571 4221 932 4286 insufflavit
978 4221 1045 4283 in
1093 4239 1221 4296 eOS,
1275 4221 1491 4283 dicens
1540 4240 1553 4284 ε
1600 4221 1886 4303 Accipite
1918 4229 1966 4290 D
1995 4223 2336 4285 destinavit
2372 4222 2702 4304 Apostolos
2749 4224 2826 4285 ad
2878 4225 3348 4306 praedicandum
3400 4245 3491 4289 re·

385 4322 695 4406 Spiritum
756 4320 1078 4383 Sanctum.
1129 4320 1198 4381 In
1248 4319 1349 4381 die
1407 4327 1617 4382 autem
1668 4320 1890 4383 Pente-
1993 4340 2193 4403 gnum
2224 4321 2499 4384 coeleste.
2533 4320 2797 4393 Quidam
2836 4323 3076 4398 dicunt,
3111 4326 3285 4405 quod
3315 4325 3491 4389 Chri-

387 4429 593 4486 costes
633 4420 888 4503 penitus
929 4416 1250 4500 purificati
1291 4426 1354 4479 et
1391 4417 1750 4481 confirmati
1789 4419 1886 4482 fu-

345 4527 578 4595 ‚erunt
621 4519 686 4581 in
731 4518 921 4592 bono,
965 4517 1213 4599 adeptis
1263 4516 1564 4598 primitiis
1609 4515 1882 4600 Spiritus

387 4618 622 4681 Sancti.
668 4616 974 4698 Denique,
1019 4615 1166 4696 quis
1211 4622 1307 4676 est
1349 4615 1414 4676 in
1459 4615 1576 4677 hac
1622 4616 1750 4678 vita
1791 4617 1884 4680 sic

389 4718 691 4789 mundu5‚
747 4721 818 4776 ut
867 4732 994 4777 non
1056 4713 1285 4775 habeat
1331 4713 1609 4794 amplius
1658 4715 1887 4777 sancti-

349 4814 620 4891 ‚ficari‘f
654 4830 858 4895 quum
907 4811 1076 4874 dicat
1111 4810 1449 4892 Apostolus
1497 4830 1510 4874 :
1553 4811 1700 4884 Quae
1746 4814 1889 4895 qui-

392 4915 536 4977 dem
589 4920 756 4975 retro
805 4916 954 4972 sunt
1001 4909 1260 4983 oblituS,
1308 4909 1374 4971 in
1422 4911 1736 4974 anteriora
1783 4931 1888 4974 ex-

392 5013 582 5075 tendo
629 5028 733 5074 me
782 5009 1019 5091 ipsum.
1070 5007 1308 5071 Idcirco
1358 5016 1650 5090 precatur
1703 5029 1716 5073 :
1769 5011 1884 5084 Qui

393 5110 587 5194 coepit
632 5111 696 5172 in
737 5108 918 5172 vobis
955 5126 1118 5189 opus
1161 5107 1424 5181 bonum,
1460 5106 1753 5188 perficiet
1791 5129 1888 5172 us-

392 5229 520 5293 que
563 5209 630 5271 in
681 5209 852 5271 diem
888 5206 1034 5268 Jesu
1074 5205 1328 5269 Christi.
1371 5206 1606 5288 ltaque,
1650 5207 1889 5272 Sancti-

391 5309 518 5372 fica
553 5326 658 5372 eos
699 5307 766 5369 in
798 5305 1078 5380 veritate,
1111 5305 1232 5368 hoc
1269 5312 1365 5367 est
1395 5305 1702 5368 veraciter
1740 5309 1889 5370 dan-

1997 4427 2131 4481 stus
2164 4419 2342 4501 ponit
2372 4419 2477 4481 hic
2507 4420 2897 4500 praeteritum
2930 4440 3043 4502 pro
3074 4419 3308 4498 futuro,
3339 4442 3492 4504 quo·

1997 4518 2170 4580 niam
2208 4524 2353 4579 ante
2395 4517 2750 4598 passionem
2792 4538 2916 4582 non
2956 4519 3134 4582 misit
3160 4521 3491 4603 Apostolos
3542 4563 3549 4568 -

1998 4616 2062 4677 in
2126 4616 2459 4690 mundum,
2522 4617 2630 4678 sed
2693 4618 2770 4679 ad
2828 4617 3071 4682 Judaeos
3135 4620 3487 4682 dumtaxat.

1996 4714 2115 4778 Sed
2155 4715 2276 4778 hoc
2318 4713 2549 4777 modici
2600 4717 2899 4797 ponderis
2942 4725 3057 4780 est.
3100 4716 3277 4780 Sicut
3316 4719 3487 4782 enim

1997 4813 2282 4877 Christus
2313 4814 2467 4876 dicit
2505 4831 2573 4875 se
2603 4814 2867 4877 missum
2910 4816 2973 4878 in
3006 4818 3341 4892 mundum,
3374 4819 3491 4900 qui

1997 4919 2206 4974 tamen
2255 4911 2546 4994 perhibet
2587 4928 2655 4973 se
2692 4914 2771 4975 ad
2812 4914 3017 4976 solum
3057 4916 3371 4998 populum
3416 4919 3494 4981 Is-

1997 5011 2349 5073 raeliticum
2408 5012 2728 5090 missum3
2782 5012 2873 5074 sic
2930 5013 3196 5096 intelligi
3256 5025 3487 5099 potest,

1996 5110 2166 5192 quod
2207 5109 2430 5170 asserit
2467 5126 2535 5170 se
2565 5109 2817 5172 misisse
2846 5110 3175 5192 Apostolos
3214 5115 3278 5177 in
3310 5135 3495 5179 mun-

1998 5210 2174 5281 dum,
2226 5207 2378 5290 quia
2423 5208 2499 5269 ad
2552 5208 2863 5289 populum
2909 5209 3321 5275 Israeliticum
3374 5217 3495 5277 mi·

1999 5309 2082 5372 sit
2119 5325 2249 5372 θος.
2281 5305 2423 5370 Post
2452 5306 2810 5388 passionem
2850 5315 3063 5372 autem
3103 5309 3351 5376 locutus
3395 5321 3494 5376 est
