4300 6259
1228 513 1581 561 mannum
1622 514 1685 560 m
1728 513 1865 560 m.
1910 513 1973 560 ιν
2010 513 2288 561 somma.
2330 533 2414 546 >-
2455 515 2598 562 aar.
2643 515 2708 562 xi
3395 494 3516 560 347

406 700 517 743 sas
546 680 797 763 quievit
822 682 1005 764 juxta
1033 692 1297 766 puteum
1325 703 1339 747 :
1365 683 1911 766 Primo,quoniam
1942 683 1993 746 A
2024 687 2284 749 modum
2331 687 2712 762 Judaeorum,
2763 693 2826 748 et
2873 685 3064 748 etiam
3122 704 3198 747 ex
3247 682 3518 767 disposi-

406 780 692 853 sitiebat,
746 791 811 844 et
857 782 1080 845 bibere
1130 783 1352 846 voluit.
1407 783 1717 858 Secunde,
1761 785 1913 865 quia
2026 786 2197 848 tione
2237 786 2450 848 vultus
2488 794 2552 848 et
2590 803 2880 849 sermone
2917 804 2930 848 ε
2966 786 3136 848 unde
3167 784 3512 858 MatthaeuS,

410 897 533 961 per
574 878 815 942 fontem
859 889 923 943 et
951 900 1179 964 aquam
1223 883 1636 963 designantur
1672 881 1915 944 fluenta
2022 885 2361 966 Quotquot,
2397 885 2623 966 inquit,
2671 884 3010 966 tangebant
3051 883 3373 946 fimbriam
3415 901 3518 944 ve—
3548 905 3808 952 uanmav.

3547 971 3614 1011 36.

408 978 747 1060 sapientiai
775 980 1031 1054 Christi,
1065 1001 1257 1063 quam
1290 981 1427 1064 ipse
1458 983 1590 1044 suis
1625 981 1920 1064 propinat
2025 984 2307 1047 stimenti
2357 983 2519 1064 ejuS,
2563 984 2718 1047 salvi
2771 984 3058 1064 fiebant),
3092 985 3296 1043 bibere
3333 1005 3373 1044 a
3419 1003 3518 1042 me

182 1105 245 1133 xl!
330 1121 345 1131 .
406 1077 659 1152 electis,
690 1078 871 1159 juxta
909 1080 1069 1144 illud
1108 1081 1280 1144 lsaiae
1314 1100 1328 1144 ε
1372 1081 1683 1144 Haurietis
1721 1100 1917 1163 aquas

409 1177 481 1239 in
510 1179 745 1259 gaudio
773 1180 852 1242 de
882 1177 1169 1242 fontibus
1198 1179 1558 1244 Salvatoris.
1593 1181 1822 1254 Tertio,
1852 1188 1920 1243 ut

406 1297 491 1340 ex
523 1279 857 1341 occasione
886 1279 1007 1342 loci
1041 1279 1378 1341 mulierem
1411 1280 1773 1354 instrueret,
1791 1279 1918 1344 imo

407 1378 535 1440 sub
589 1395 861 1459 persona
906 1376 1197 1440 mulieris
1246 1377 1671 1452 Samaritanae,
1724 1385 1915 1440 totam

406 1475 765 1539 Ecclesiam
808 1495 884 1538 ex
926 1475 1281 1557 gentilitate
1320 1495 1713 1540 conversam.

500 1578 683 1636 Hora
711 1585 853 1636 erat
880 1576 1071 1655 quasi
1096 1586 1300 1636 secvta.
1334 1575 1421 1638 Ex
1449 1595 1580 1657 quo
1611 1577 1791 1658 sequi
1832 1577 1919 1638 vi-

408 1674 604 1735 detur
651 1675 823 1756 quod
870 1674 1049 1736 Jesus
1099 1673 1293 1756 coepit
1332 1692 1518 1736 mane
1566 1675 1913 1750 ambulare,

410 1783 487 1836 ut
545 1781 609 1836 et
678 1791 793 1836 nos
841 1773 1122 1836 diluculo
1166 1791 1621 1853 consurgamus
1667 1775 1744 1836 ad
1804 1775 1919 1838 Do-

2018 1087 2228 1162 poscis
2255 1104 2398 1164 quoe
2425 1105 2568 1144 sum
2600 1087 2836 1144 mulier
2863 1084 3336 1146 Samaritana?
3365 1081 3521 1144 Cau-

2027 1201 2162 1245 sam
2205 1201 2354 1245 vero
2403 1202 2516 1245 cur
2555 1183 2675 1246 boc
2723 1201 2849 1246 non
2900 1183 3083 1244 licuit
3130 1180 3375 1244 Christo
3423 1198 3520 1242 se-

2028 1283 2310 1344 cundum
2359 1281 2838 1344 aestimationem
2891 1281 3200 1354 mulieris,
3243 1279 3522 1360 Evange-

2028 1382 2173 1445 lista
2196 1381 2470 1463 subjecit
2503 1401 2516 1444 :
2555 1383 2702 1442 Non
2731 1383 2904 1442 enim
2935 1388 3287 1442 coutuntur
3303 1381 3520 1440 Judoei

2025 1483 2496 1548 Samaritanis,
2528 1479 2591 1541 id
2642 1486 2757 1552 est,
2805 1477 3318 1541 communionem
3369 1495 3516 1538 cum

2026 1580 2155 1641 illis
2205 1580 2271 1641 in
2329 1578 2490 1641 cibis
2540 1586 2603 1640 et
2659 1577 2914 1659 potibus
2964 1596 3072 1639 seu
3133 1575 3516 1638 utensilibus

2027 1678 2262 1740 habere
2309 1685 2744 1741 contemnunt.
2786 1675 2980 1739 Jussit
3026 1675 3268 1757 quippe
3314 1674 3519 1737 Domi-

2028 1797 2147 1839 nus
2205 1775 2362 1838 filiis
2418 1775 2606 1838 lsrael
2665 1775 2863 1838 vitare
2915 1774 3406 1837 familiaritatem
3456 1782 3519 1836 et
3545 1789 3811 1904 &zaga-n,

3575 1881 3608 1898 .-
3679 1865 3811 1905 xxxiv,

412 1873 691 1946 minum,
752 1872 1291 1953 quemadmodum
1354 1872 1418 1934 in
1482 1871 1917 1936 Ecclesiastico
1954 1877 2392 1947 Bsocietatem
2448 1893 2592 1937 cum
2645 1874 3040 1955 alienigenis.
3103 1872 3299 1936 Judaei
3366 1891 3516 1936 vero

274 1977 317 2018 ἰ·
414 1971 692 2034 habetur
725 1990 739 2034 ε
780 1971 994 2033 Justus
1042 1989 1151 2032 cor
1184 1989 1373 2032 suum
1404 1973 1609 2033 tradet
1643 1974 1721 2035 ad
1762 1973 1919 2052 vigi-

292 2073 307 2086 ‘
414 2071 681 2133 landum
712 2069 997 2133 diluculo
1025 2070 1104 2131 ad
1134 2069 1472 2132 Dominum
1502 2070 1613 2152 qui
1654 2069 1806 2133 fecit
1844 2070 1920 2132 il-

368 2219 381 2231 .
414 2169 575 2231 lum.
614 2167 690 2230 Et
718 2167 957 2230 Isaias‘:
992 2167 1077 2230 De
1118 2186 1326 2240 mane,
1372 2168 1603 2250 inquit,
1643 2169 1917 2250 vigilabo

410 2269 493 2329 ad
554 2275 636 2329 te.
690 2266 947 2340 Verum,
992 2273 1062 2327 ut
1098 2264 1390 2328 Salomon
1451 2266 1515 2328 in
1562 2266 1917 2330 Proverbiis

412 2373 705 2440 testatur,
741 2364 918 2427 Sicut
959 2364 1195 2427 ostium
1240 2365 1509 2428 vertitur
1554 2365 1617 2427 in
1662 2366 1918 2428 cardine

416 2487 559 2545 suo,
600 2466 693 2529 sic
739 2466 919 2548 piger
961 2467 1027 2527 in
1073 2465 1307 2528 lectulo
1349 2485 1485 2529 suo.

502 2568 687 2628 Venit
717 2567 957 2626 mulier
983 2567 1063 2625 de
1092 2567 1425 2638 Samaria,
1451 2565 1515 2628 id
1546 2573 1641 2627 cst
1670 2567 1747 2628 de
1780 2586 1918 2649 pro-

412 2666 631 2731 vincia
659 2665 789 2738 illa,
825 2682 951 2726 non
983 2665 1060 2726 de
1089 2663 1344 2726 civitate
1374 2663 1465 2726 sic
1495 2665 1661 2726 dicta
1693 2684 1707 2729 ε
1746 2667 1920 2730 venit

412 2766 589 2828 enim
641 2765 719 2827 de
768 2762 1025 2826 civitate
1064 2761 1316 2840 Sichar;
1350 2763 1621 2824 haurire
1648 2785 1909 2843 aquam.

412 2866 599 2928 Dicit
647 2865 711 2923 ei
756 2865 939 2923 Jeaus
968 2881 991 2921 .·
1020 2865 1123 2924 Da
1167 2864 1335 2922 mihi
1382 2863 1587 2922 bibere
1632 2880 1709 2924 ex
1756 2882 1914 2926 urna

412 2962 850 3027 tua.Cbristus
882 2961 1055 3023 enim
1086 2961 1164 3023 ad
1196 2961 1469 3023 litteram
1502 2962 1913 3045 corporaliter

2027 2074 2201 2136 niam
2249 2080 2481 2134 terram
2527 2089 2750 2136 eorum
2799 2071 3216 2153 occupabant,
3257 2071 3517 2134 multas-

2025 2192 2154 2256 que
2191 2173 2282 2234 eis
2313 2171 2669 2233 intulerunt
2698 2171 3017 2234 molestias
3063 2178 3199 2252 post
3243 2170 3517 2234 reditum

2024 2292 2064 2334 a
2107 2270 2444 2353 Babylone,
2500 2277 2569 2332 ut
2619 2277 2789 2352 patet
2828 2269 2892 2330 in
2939 2268 3122 2331 libris
3168 2268 3399 2332 Esdrae.
3437 2305 3518 2314 —
3549 2285 3583 2391 1ιΙ
3593 2283 3810 2392 ξ;ἕ;.1ιζ;

2026 2371 2144 2433 Sed
2188 2389 2301 2433 cur
2341 2369 2646 2441 Christus,
2682 2369 2794 2450 qui
2835 2368 3009 2432 venit
3052 2368 3255 2449 legem
3294 2368 3518 2450 imple-
3547 2424 3603 2454 „-

2028 2490 2117 2546 re‚
2156 2490 2280 2534 non
2313 2471 2580 2544 solvere,
2617 2469 2801 2553 petiit
2834 2476 3054 2551 potum
3086 2487 3123 2529 a
3149 2467 3390 2530 femina
3428 2467 3520 2529 in-

2026 2570 2240 2634 fideli?
2274 2570 2645 2643 Dicendum,
2680 2569 2850 2650 quod
2891 2568 3176 2631 Christus
3217 2586 3341 2630 non
3385 2573 3518 2628 erat

2026 2670 2147 2732 sub
2193 2671 2352 2750 lege,
2395 2669 2503 2730 sed
2552 2667 2857 2732 Dominus
2901 2666 3057 2747 legis
3100 2684 3114 2728 ε
3159 2666 3300 2729 ideo
3344 2673 3520 2747 pote-

2026 2775 2250 2831 statem
2309 2767 2533 2829 habuit
2588 2765 3024 2848 dispensandi.
3066 2765 3252 2827 Venit
3304 2771 3514 2827 autem

2024 2867 2229 2948 legem
2277 2865 2566 2948 implere,
2615 2865 2678 2927 id
2725 2871 2822 2926 est
2871 2863 3202 2946 perficere,
3252 2882 3378 2927 non
3425 2870 3518 2924 ta-

2023 2985 2168 3028 men
2227 2983 2480 3046 semper
2529 2964 2805 3027 servavit
2860 2963 3304 3026 caerimonialia
3360 2963 3515 3044 legis

416 3061 708 3142 sitiebat:
762 3059 1179 3142 spiritualiter
1226 3078 1375 3123 vero
1432 3061 1907 3125 conversionem
1949 3075 1992 3138 c
2019 3067 2095 3128 ad
2141 3065 2436 3127 litteram.

412 3162 677 3224 feminae
716 3160 913 3242 hujus
966 3159 1386 3241 omniumque
1433 3159 1789 3222 animarum
1832 3161 1914 3222 si-

416 3261 616 3324 tiebat
646 3257 1019 3322 errantium.
1042 3257 1115 3320 Et
1145 3259 1368 3340 utique
1396 3265 1542 3322 ante
1570 3260 1913 3321 adventum

412 3359 733 3434 mulieriS,
768 3358 977 3442 potuit
1016 3357 1301 3421 Christus
1339 3375 1522 3438 aquae
1568 3358 1915 3440 praecipere

418 3465 489 3521 ut
524 3476 730 3540 usque
768 3458 847 3519 ad
876 3475 947 3520 os
981 3457 1153 3538 putei
1186 3455 1525 3530 levaretur,
1558 3456 1777 3538 sicque
1808 3476 1917 3538 po-

414 3566 617 3636 taret3
650 3558 758 3619 sed
801 3555 1007 3618 noluit
1049 3573 1302 3636 semper
1350 3555 1916 3636 supernaturaliter

414 3673 627 3738 agere,
664 3654 997 3736 voluitque
1036 3653 1113 3715 ad
1154 3663 1405 3735 tempus
1446 3671 1513 3714 se
1558 3653 1767 3736 ipsum
1810 3654 1915 3716 siti

414 3755 711 3836 affligere
742 3760 1003 3836 propter
1032 3752 1437 3815 commodum
1468 3759 1776 3815 nostrum.
1810 3752 1918 3815 Pe-

418 3855 523 3917 tiit
548 3861 763 3938 autem
797 3859 1017 3934 potum
1048 3871 1085 3913 a
1113 3849 1373 3925 femina,
1412 3858 1479 3912 ut
1517 3852 1692 3913 daret
1728 3851 1785 3913 ei
1818 3871 1919 3915 oc-

418 3953 744 4017 casionem
784 3950 997 4012 meriti
1039 3949 1302 4030 copiosi.
1340 3950 1667 4028 Discipuli
1702 3961 1917 4014 autem

416 4056 561 4132 qius
590 4053 889 4113 abierant
919 4051 993 4109 in
1024 4050 1355 4109 civitatem
1384 4046 1625 4122 Sichar,
1651 4059 1725 4110 ut
1752 4052 1918 4110 cibos

414 4159 721 4212 emerent.
743 4148 815 4211 Et
846 4148 937 4210 sic
959 4147 1262 4210 Dominus
1294 4146 1638 4226 majestatis
1672 4167 1918 4210 reman-

2100 3164 2456 3241 Respondit
2494 3164 2674 3223 Jesus
2720 3171 2780 3222 et
2819 3163 2998 3222 dixit
3035 3163 3096 3222 ei
3133 3182 3156 3221 .·
3206 3162 3286 3224 Si
3325 3162 3516 3222 scires

2022 3266 2270 3324 donum
2312 3263 2454 3332 Dei,
2497 3260 2561 3323 id
2601 3268 2696 3322 est
2732 3260 3000 3341 gratiam
3048 3267 3111 3322 et
3158 3259 3516 3323 misericor-

2025 3361 2190 3423 diam
2226 3360 2356 3434 Dei,
2391 3379 2534 3441 quae
2579 3358 2692 3422 tibi
2725 3377 2896 3422 nunc
2938 3358 3208 3422 offertur
3253 3376 3366 3440 per
3396 3359 3516 3423 hoc

2026 3460 2197 3541 quod
2227 3458 2423 3521 Filius
2454 3457 2563 3520 Dei
2605 3457 2763 3540 petit
2802 3465 3022 3539 potum
3071 3477 3108 3519 a
3156 3465 3235 3518 te.
3276 3456 3517 3539 Nempe

2026 3557 2138 3639 qui
2173 3556 2419 3619 Christo
2449 3555 2691 3636 aliquid
2724 3556 2848 3630 dat,
2885 3555 3094 3637 potius
3138 3554 3366 3636 recipit
3412 3555 3520 3617 be-

2028 3655 2137 3719 nef
2140 3656 2338 3718 icium
2369 3674 2562 3736 quam
2598 3655 2922 3735 impendat
2947 3654 3517 3736 :quemadmodum

2030 3773 2327 3836 magnum
2397 3760 2564 3816 esset
2632 3752 2920 3834 pauperi,
2983 3752 3034 3813 si
3105 3770 3214 3813 rex
3278 3760 3521 3833 peteret

2026 3855 2380 3937 quidquam
2414 3869 2679 3934 parvum
2709 3850 2788 3912 ab
2820 3869 2916 3913 eo.
2951 3853 3036 3912 Et
3065 3850 3117 3912 si
3151 3850 3345 3912 scires
3374 3853 3522 3929 quis

2026 3963 2116 4014 est
2145 3953 2262 4032 qui
2289 3952 2449 4012 dicit
2496 3951 2636 4021 tibi,
2672 3952 2770 4010 Da
2809 3949 2979 4010 mihi
3022 3951 3252 4018 bibere,
3287 3949 3348 4010 id
3400 3956 3516 4024 est,

2028 4050 2078 4112 si
2116 4066 2216 4112 me
2246 4064 2639 4130 agnoscereS,
2675 4045 2726 4107 si
2761 4065 2862 4108 me
2904 4064 3045 4108 esse
3077 4045 3270 4108 Deum
3313 4055 3377 4109 et
3412 4047 3518 4110 ho-

2026 4149 2268 4210 minem
2316 4147 2548 4226 scires3
2584 4155 2654 4206 tu
2699 4147 2982 4224 forsitan
3019 4147 3279 4223 petisses
3328 4149 3408 4208 ab
3452 4167 3521 4207 eo

414 4249 521 4324 sit,
558 4247 865 4329 solusque
896 4246 1060 4308 sedit
1087 4247 1163 4307 ad
1196 4244 1434 4308 fontem
1472 4263 1486 4308 :
1522 4245 1584 4307 in
1617 4265 1745 4328 quo
1775 4246 1914 4327 ejus
1946 4259 1993 4320 D
2026 4245 2424 4330 spiritualem
2457 4244 2888 4307 refectionem.
2924 4243 3205 4307 Forsitan
3236 4245 3411 4320 dicit,
3443 4247 3520 4308 ad

416 4347 750 4412 humilitas
782 4346 1285 4409 commendatur.
1321 4343 1397 4405 Et
1425 4344 1589 4409 forte
1619 4364 1734 4427 pro
1762 4354 1915 4408 tunc

416 4446 605 4530 pauci
654 4443 957 4527 discipuli
1007 4443 1185 4505 ibant
1240 4461 1387 4505 cum
1436 4461 1531 4518 eo,
1585 4443 1736 4525 quia
1788 4464 1911 4507 non

412 4552 683 4628 apparet
718 4543 891 4625 quod
922 4541 1109 4604 multi
1156 4540 1344 4603 simul
1386 4541 1727 4604 intrassent
1772 4562 1913 4626 pro-

418 4652 559 4727 pter
588 4661 765 4705 escas
796 4640 1117 4714 emendaS,
1155 4640 1505 4722 praesertim
1548 4659 1751 4722 quum
1783 4660 1915 4703 cer-

415 4751 553 4805 tum
585 4741 670 4803 sit
697 4740 869 4823 quod
901 4757 1027 4802 non
1058 4745 1353 4800 emerunt
1382 4738 1619 4801 cibaria
1648 4738 1916 4802 delicata

414 4848 526 4902 aut
570 4839 866 4923 pretiosa.

498 4939 679 5000 Dicit
721 4956 869 5015 erqo
906 4937 970 4996 ei
1007 4937 1247 4996 mulier
1296 4938 1415 4996 illa
1457 4937 1909 5008 Samaritana,

415 5037 740 5101 admirans
784 5035 954 5116 quod
996 5034 1185 5097 homo
1221 5033 1471 5096 Judaeus
1514 5034 1775 5116 petisset
1804 5054 1916 5116 po-

418 5144 555 5198 tum
588 5134 668 5196 ab
698 5151 811 5195 ea:
850 5135 1171 5202 Quomodo
1205 5141 1275 5192 tu
1302 5134 1567 5192 Judoeus
1596 5151 1794 5212 quum
1826 5135 1915 5192 sis

410 5234 565 5314 (boc
611 5233 787 5295 enim
846 5231 1186 5314 perpendit
1241 5249 1318 5293 ex
1378 5229 1597 5292 habitu
1656 5229 1910 5306 Christi,

412 5331 723 5417 quoniam
773 5330 968 5393 vestis
1016 5329 1156 5412 ejus
1215 5328 1507 5392 fimbrias
1557 5328 1780 5391 habuit
1833 5329 1913 5393 ad

2026 4345 2480 4407 insinuandum
2510 4343 2682 4425 quod
2713 4361 2903 4405 omne
2933 4361 3092 4425 opus
3125 4343 3519 4407 meritorium

2026 4461 2102 4506 ex
2143 4442 2436 4505 libertate
2479 4441 2784 4524 procedit.
2818 4440 2928 4502 Vel
2979 4441 3120 4504 ideo
3170 4441 3344 4516 dicit,
3377 4441 3524 4504 For-

2026 4542 2213 4616 sitan,
2239 4548 2307 4602 ut
2339 4541 2445 4603 det
2473 4539 2658 4603 nobis
2688 4538 2957 4602 formam
2990 4539 3200 4602 sobrie
3231 4558 3357 4603 non
3390 4558 3524 4603 cer-

2027 4641 2241 4705 vicose
2289 4638 2616 4720 loquendi,
2671 4639 3021 4721 praesertim
3067 4657 3265 4719 quum
3316 4639 3524 4720 loqui-

2026 4757 2172 4800 mur
2217 4738 2294 4799 de
2343 4736 2590 4799 actibus
2639 4736 2933 4799 aliorum.
2971 4739 3054 4798 Et
3095 4739 3370 4798 dedisset
3403 4739 3523 4798 tibi

2025 4857 2267 4916 aquam
2297 4835 2623 4905 vivam,id
2651 4841 2746 4896 est
2774 4833 3039 4914 gratiam
3070 4833 3344 4916 Spiritus
3375 4833 3520 4898 San-

2026 4935 2132 5008 cti,
2169 4953 2280 4996 seu
2325 4933 2536 5015 ipsum
2567 4931 2874 5014 Spiritum
2906 4931 3226 5010 Sanctum,
3261 4933 3372 5015 qui
3414 4934 3521 4996 da-

2028 5035 2079 5096 ri
2123 5042 2278 5095 tunc
2318 5032 2797 5113 dicitur,quum
2837 5031 2976 5111 ejus
3022 5031 3222 5113 gratia
3267 5040 3515 5114 gratum

2026 5132 2264 5194 faciens
2297 5131 2493 5192 menti
2535 5128 2896 5192 infunditur
2929 5147 2943 5191 ε
2979 5131 3200 5211 sicque
3245 5131 3404 5192 redit
3449 5131 3514 5193 in

2024 5231 2216 5305 idem,
2251 5229 2386 5294 sive
2416 5247 2529 5311 per
2558 5247 2789 5309 aquam
2823 5228 3212 5310 intelligatur
3241 5228 3515 5311 Spiritus

2022 5328 2310 5404 SanctuS,
2345 5345 2456 5390 seu
2493 5326 2693 5408 gratia
2735 5326 2896 5408 ejus,
2930 5325 3105 5400 Quod
3143 5335 3355 5391 autem
3402 5346 3518 5410 per

3573 1918 3632 1957 5¹

2028 1963 2305 2037 maxime
2366 1973 2793 2037 abhorrebant
2851 1971 3294 2046 Samaritanos,
3356 1990 3516 2053 quo-
3547 1915 3811 2028 infigi-m

3655 3167 3722 3223 10
