4300 6259
1202 511 1554 559 amantino
1597 512 1660 559 m
1701 512 1838 561 cn.
1883 513 1926 559 x
1967 513 2157 561 Lucas.
2198 533 2281 545 -
2321 516 2465 562 aar.
2508 516 2702 563 xxvm
3418 498 3501 564 ²5

389 682 835 763 dignissimam
880 702 1060 746 suam
1107 682 1478 765 potentiam,
1522 683 1766 747 scilicet
1805 682 1901 745 in-
1928 684 1979 745 A
2009 702 2136 764 que
2185 685 2549 748 doctoribus
2598 686 2868 749 aliorum
2921 687 3224 771 competit
3272 687 3508 750 utrius-

387 781 722 843 tellectum
766 782 1256 864 speculativum,
1291 790 1354 844 et
1395 784 1602 864 quoad
1655 783 1902 864 dignio-

387 900 460 942 ra
497 880 772 962 objecta,
807 882 962 963 quia
1001 882 1169 944 circa
1209 881 1426 944 divina
1459 889 1776 963 versatur3
1811 882 1902 945 vi-

387 988 452 1041 ta
483 997 637 1042 vero
675 980 880 1042 activa
921 980 1223 1062 competit
1261 980 1506 1043 homini
1547 981 1896 1042 secundum

389 1078 752 1159 practicum
799 1078 1221 1153 intellectum,
1265 1086 1327 1140 et
1377 1079 1546 1141 circa
1591 1080 1902 1142 exteriora

387 1196 462 1238 ac
511 1176 846 1239 sensibilia
893 1185 1244 1259 occupatur
1290 1176 1560 1258 objecta.
1614 1177 1902 1240 Secunda

388 1283 509 1349 est,
545 1276 700 1358 quia
728 1276 860 1338 vita
887 1276 1386 1358 contemplativa
1416 1295 1494 1339 ex
1525 1296 1639 1339 sua
1679 1284 1902 1339 natura

389 1381 490 1437 est
533 1374 738 1455 magis
781 1375 1106 1437 continua.
1141 1374 1370 1451 Tertia,
1411 1376 1564 1457 quia
1606 1383 1702 1438 est
1739 1376 1902 1438 dele-

390 1473 691 1536 ctabilior
750 1493 910 1555 pura
958 1474 1396 1537 delectatione.
1450 1473 1697 1549 Quarta,
1751 1475 1903 1557 quia

389 1581 490 1635 est
521 1572 649 1635 sibi
679 1572 747 1634 in
779 1590 846 1634 se
878 1572 1079 1653 magis
1109 1571 1731 1649 sufficiens.Quinta,
1752 1592 1904 1655 quo-

390 1672 566 1735 niam
619 1672 822 1753 magis
873 1672 1186 1753 quaeritur
1235 1680 1494 1756 propter
1538 1691 1605 1735 se
1653 1674 1900 1755 ipsam;

389 1771 525 1834 imo
554 1771 765 1834 activa
792 1772 1122 1834 ordinatur
1151 1773 1228 1834 ad
1261 1771 1486 1853 ipsam.
1512 1770 1718 1847 Sexta,
1752 1772 1906 1853 quia

2009 801 2136 864 que
2187 784 2331 846 vitae
2389 785 2689 847 exercitia
2743 786 3031 848 ordinate
3092 787 3391 868 prosequi
3447 794 3511 849 et

2011 880 2268 943 habere.

2091 978 2375 1061 Denique
2409 982 2807 1061 evangelium
2852 984 3022 1045 istud
3062 983 3127 1044 in
3160 982 3515 1064 Assumpti-

2010 1096 2132 1140 one
2181 1077 2562 1141 bea'tissimae
2610 1080 2883 1160 Virginis
2934 1082 3164 1163 legitur
3214 1100 3228 1143 :
3281 1081 3510 1155 Prim0‚

2011 1176 2318 1257 quoniam
2358 1176 2669 1240 festivitas
2710 1179 2819 1241 illa
2857 1180 3029 1241 aliud
3074 1179 3347 1261 speciale
3388 1198 3513 1242 non

2013 1274 2205 1337 habet
2251 1276 2675 1357 evangelium.
2723 1276 3033 1353 Secundo,
3077 1279 3230 1359 quia
3277 1277 3514 1340 utrius-

2014 1392 2141 1455 que
2173 1374 2318 1437 vitae
2347 1374 2652 1457 perfectio
2684 1376 2746 1437 in
2779 1395 2852 1439 ea
2882 1377 3278 1459 resplenduit
3311 1396 3325 1440 ι
3359 1395 3514 1457 quo-

2015 1472 2185 1535 niam
2228 1473 2605 1536 humanitati
2646 1474 2786 1537 Filii
2828 1476 2923 1537 sui
2970 1475 3381 1558 corporaliter
3409 1477 3515 1538 de-

2016 1571 2299 1649 servivit,
2354 1580 2417 1634 et
2463 1573 2602 1653 ejus
2652 1573 3048 1637 divinitatem
3098 1574 3514 1656 spiritualiter

2015 1671 2567 1752 contemplabatur
2628 1672 2903 1735 lucidius
2968 1673 3217 1735 ceteris.
3279 1672 3508 1747 Tertio,

2014 1768 2317 1850 quoniam
2359 1770 2625 1852 mystica
2670 1789 2780 1832 seu
2824 1770 3161 1852 allegorica
3202 1770 3513 1853 expositio

391 1870 462 1931 in
495 1869 826 1931 vacatione
856 1878 919 1932 et
947 1870 1166 1951 quiete
1196 1870 1528 1949 consistit;
1565 1870 1769 1933 activa
1795 1890 1906 1932 au·
1942 1870 1987 1931 B
2017 1867 2211 1948 hujus
2250 1868 2561 1949 evangelii
2600 1869 2657 1931 ei
2700 1869 3021 1951 praecipue
3062 1870 3384 1951 competit.
3418 1870 3516 1950 lp-

389 1976 546 2040 tem,
583 1968 652 2029 in
692 1968 912 2030 labore
943 1976 1006 2030 et
1045 1976 1246 2030 motu.
1285 1967 1586 2050 Septima,
1621 1968 1773 2049 quia
1811 1976 1905 2031 est

389 2067 598 2148 magis
649 2066 891 2129 divina.
944 2066 1195 2141 Octava,
1249 2068 1552 2148 quoniam
1603 2067 1908 2149 competit

387 2165 644 2229 homini
676 2183 793 2247 per
823 2166 884 2227 id
919 2183 1048 2245 quo
1077 2184 1115 2227 a
1143 2164 1366 2227 bestiis
1398 2173 1765 2247 separatur3
1807 2184 1908 2227 ac-

389 2265 525 2327 tiva
566 2283 720 2327 vero
761 2264 1067 2345 competit
1107 2264 1164 2326 ei
1206 2264 1398 2325 etiam
1437 2266 1789 2327 secundum
1819 2266 1907 2327 vi-

390 2382 496 2425 res
545 2363 780 2426 animae
838 2362 1197 2425 inferiores.
1247 2361 1460 2425 Nihilo
1513 2363 1726 2425 minus
1777 2364 1907 2426 vita

388 2462 604 2524 activa
633 2460 976 2544 praefertur
1003 2460 1514 2542 contemplativae
1552 2462 1904 2523 secundum

389 2561 576 2642 quid,
613 2568 772 2643 puta
815 2560 881 2621 in
927 2578 1099 2633 casu,
1145 2566 1406 2641 propter
1447 2559 1689 2622 bonum
1736 2578 1908 2622 com-

387 2677 612 2733 mune,
662 2667 727 2720 et
773 2658 1214 2721 necessitatem
1255 2676 1328 2719 ac
1371 2657 1712 2719 utilitatem
1761 2658 1906 2720 vitae

391 2758 754 2840 praesentis.
813 2793 895 2802 —
944 2756 1274 2829 Praeterea,
1338 2762 1568 2837 praeter
1630 2756 1904 2819 rationes

389 2862 728 2939 praetactas
770 2862 921 2917 sunt
948 2854 1110 2928 aliae,
1146 2872 1262 2916 cur
1291 2853 1786 2935 contemplativa
1815 2853 1908 2915 vi-

389 2966 458 3019 ta
503 2963 604 3017 est
643 2954 918 3035 dignior.
962 2953 1241 3026 Quarum
1293 2972 1485 3015 unam
1537 2953 1740 3034 tangit
1776 2951 1906 3015 Sal-

2016 1985 2084 2028 sa
2113 1966 2286 2028 enim
2328 1966 2747 2030 invictissima
2775 1969 2963 2050 Virgo
3002 1968 3348 2033 fortissima
3377 1987 3515 2030 mu-

2014 2064 2268 2139 lierum,
2301 2063 2425 2128 fuit
2467 2066 2798 2128 castellum
2845 2068 3017 2149 quod
3061 2067 3382 2148 ingressus
3420 2074 3516 2128 est

2016 2162 2324 2237 Christus,
2360 2165 2615 2245 quando
2644 2165 2973 2228 descendit
3002 2166 3079 2227 de
3112 2164 3293 2239 eoelo‚
3330 2172 3391 2225 et
3421 2164 3517 2225 in-

2015 2269 2307 2323 carnatus
2357 2270 2451 2324 est
2499 2263 2563 2325 in
2615 2272 2795 2327 utero
2844 2264 3005 2344 ejuS,
3057 2281 3387 2326 assumens
3437 2280 3513 2324 ex

2015 2360 2361 2441 purissimo
2390 2360 2697 2442 sanguine
2728 2362 2867 2442 ejus
2898 2380 3119 2444 corpus
3150 2362 3510 2424 humanum.

2013 2456 2555 2531 Quemadmodum
2594 2468 2805 2522 autem
2839 2462 3169 2523 castellum
3201 2459 3387 2522 debet
3417 2478 3518 2521 es·-

2014 2576 2082 2619 se
2118 2558 2245 2620 alte
2289 2558 2505 2633 situm,
2541 2578 2725 2622 muro
2774 2559 3085 2634 clausum,
3120 2560 3353 2623 fossato
3396 2560 3517 2621 cir-

2014 2657 2405 2731 cumdatum,
2459 2665 2634 2718 turre
2693 2658 2992 2733 levatum,
3046 2658 3240 2721 armis
3294 2666 3357 2720 et
3402 2658 3516 2720 ali-

2013 2756 2246 2817 mentis
2282 2755 2629 2837 provisum,
2654 2756 2838 2837 aquis
2869 2775 3128 2838 quoque
3159 2756 3513 2837 munitum;

2014 2855 2106 2916 sic
2164 2854 2497 2916 benedicta
2546 2855 2724 2935 virgo
2781 2855 2971 2917 Maria
3026 2854 3151 2917 fuit
3210 2874 3323 2937 per
3371 2855 3517 2919 vitae

2015 2952 2425 3015 eminentiam
2476 2953 2601 3015 alte
2650 2954 2789 3030 sita,
2834 2955 2963 3017 imo
3014 2954 3077 3016 in
3131 2961 3295 3017 statu
3343 2953 3518 3015 altis-

391 3062 576 3117 vator
623 3071 637 3115 :
685 3052 840 3134 quia
890 3052 1188 3115 videlicet
1236 3051 1365 3114 vita
1413 3051 1906 3133 contemplativa
1942 3056 1985 3120 C
2015 3052 2178 3114 simo
2228 3050 2451 3134 posita,
2501 3058 2718 3133 utpote
2768 3052 2833 3115 in
2882 3059 3047 3115 statu
3098 3052 3516 3115 maternitatis

393 3170 522 3216 non
583 3150 879 3214 aufertur
925 3150 1172 3213 homini
1224 3168 1336 3232 per
1395 3157 1687 3224 mortem,
1741 3150 1906 3212 sicut

392 3252 625 3315 activa.
669 3249 1174 3332 contemplativa
1215 3268 1472 3330 quoque
1517 3249 1715 3330 magis
1768 3267 1906 3331 pro-

395 3351 676 3434 pinquat
723 3349 1106 3411 beatitudini
1157 3348 1398 3430 patriae,
1452 3356 1516 3410 et
1561 3356 1656 3410 est
1703 3348 1904 3429 magis

395 3448 931 3532 supernaturaliS,
976 3466 1172 3529 quam
1219 3446 1348 3509 vita
1391 3446 1617 3509 activa.

479 3547 934 3610 Verumtamen
975 3546 1378 3621 intuendum,
1413 3546 1587 3626 quod
1626 3545 1908 3627 duplicia

395 3654 550 3710 sunt
579 3645 730 3709 vitae
757 3644 981 3708 activae
1010 3662 1222 3726 opera.
1258 3642 1551 3716 Quaedam
1592 3650 1742 3705 sunt
1775 3662 1908 3706 om-

395 3746 554 3809 nino
585 3743 964 3826 corporalia,
998 3750 1069 3805 ut
1105 3742 1419 3805 exteriora
1457 3741 1908 3805 misericordiae

390 3863 612 3927 opera,
647 3861 796 3925 quae
842 3850 906 3904 et
946 3840 1300 3923 corporalia
1345 3841 1751 3923 appellantur
1784 3859 1798 3904 ε
1830 3841 1908 3901 de

391 3943 638 4025 quibus
669 3948 917 4003 certum
947 3948 1063 4015 est,
1097 3940 1269 4021 quod
1301 3939 1429 4001 vita
1467 3937 1910 4020 contemplati-

393 4062 479 4105 va
527 4040 926 4123 praeferenda
973 4038 1056 4101 sit
1103 4038 1282 4120 ipsis,
1335 4038 1476 4101 Alia
1523 4044 1672 4099 sunt
1718 4055 1910 4119 opera

397 4140 549 4204 vitae
584 4138 834 4211 activae,
867 4155 1012 4218 quae
1049 4136 1103 4198 si
1154 4136 1378 4199 idonee
1416 4134 1561 4197 fieri
1613 4135 1904 4209 debeant,

2015 3150 2145 3223 Dei,
2184 3150 2269 3212 ita
2298 3150 2469 3231 quod
2500 3149 2624 3213 fuit
2652 3158 2715 3212 et
2744 3159 2839 3212 est
2870 3152 3357 3233 comparentalis
3391 3151 3515 3214 Deo

2015 3249 2203 3323 Patri,
2256 3249 2551 3310 eumdem
2602 3268 2746 3311 cum
2804 3249 2915 3313 illo
2961 3248 3192 3312 Filium
3248 3249 3509 3312 habens.

2018 3347 2159 3409 Fuit
2196 3364 2456 3428 quoque
2495 3366 2679 3410 muro
2719 3348 2953 3423 clausa,
2991 3347 3054 3410 id
3090 3355 3184 3409 est
3222 3346 3517 3410 firmissi-

2016 3465 2120 3507 ma
2159 3445 2444 3525 virginea
2482 3445 2764 3509 castitate
2804 3454 3043 3521 ornata,
3078 3446 3361 3527 itemque
3401 3446 3517 3507 hu—

2017 3545 2284 3607 militate
2324 3544 2505 3625 quasi
2547 3543 2780 3607 fossato
2825 3544 3223 3627 profundata,
3258 3552 3321 3606 et
3359 3545 3518 3606 cari-

2016 3643 2163 3706 tatis
2221 3642 2471 3705 fervore
2527 3643 2701 3705 velut
2756 3650 2931 3705 turre
2987 3652 3215 3719 erecta,
3272 3643 3517 3705 cunctis

2019 3742 2364 3807 virtutibus
2395 3750 2698 3823 tanquam
2728 3742 2922 3805 armis
2956 3742 3229 3817 firmata,
3266 3741 3521 3824 spiritu-

2018 3841 2227 3904 alibus
2275 3839 2593 3903 alimentis
2634 3847 2697 3902 et
2732 3840 3077 3921 gratiarum
3121 3839 3383 3903 fluentis
3424 3859 3520 3903 re-

2023 3940 2212 4021 pleta.
2265 3939 2409 4003 Haec
2461 3938 2736 4020 gloriosa
2790 3940 2967 4020 virgo
3018 3939 3207 4002 Maria
3259 3948 3520 4002 vocatur

2019 4038 2276 4113 Martha,
2310 4038 2375 4099 in
2407 4044 2719 4119 quantum
2757 4037 2979 4100 activae
3012 4038 3157 4100 vitae
3186 4035 3520 4119 perfectio-

2021 4155 2169 4199 nem
2201 4136 2481 4218 possedit
2509 4154 2523 4197 :
2553 4135 2774 4217 sicque
2802 4134 3039 4197 Martha
3068 4136 3318 4217 excepit
3348 4134 3520 4198 Chri-

397 4236 918 4319 contemplativae
969 4236 1114 4298 vitae
1167 4234 1625 4317 perfectionem
1683 4252 1910 4316 quam·
1941 4242 1993 4306 D
2021 4242 2190 4296 stum
2224 4234 2290 4295 in
2331 4235 2590 4296 domum
2629 4251 2831 4308 suam,
2866 4233 3018 4315 quia
3057 4234 3121 4295 in
3166 4241 3343 4295 utero
3378 4252 3513 4295 suo.

399 4338 548 4400 dam
611 4334 1031 4418 praeexigunt‚
1088 4341 1160 4395 ut
1215 4340 1366 4395 sunt
1424 4333 1790 4415 praedicare,
1844 4334 1910 4395 in

399 4433 852 4518 spiritualibus
883 4450 1195 4516 praeesse,-
1211 4430 1568 4514 Scripturas
1600 4432 1911 4514 interpre-

399 4536 546 4609 tari,
584 4533 877 4617 publicas
927 4551 1044 4614 pro
1086 4532 1228 4594 aliis
1279 4550 1500 4614 preces
1549 4529 1905 4605 effundere,

399 4643 523 4697 etc.
575 4653 590 4697 :
642 4633 722 4695 de
776 4630 1016 4713 quibus
1065 4630 1267 4711 aliqui
1319 4630 1684 4713 opinantur,
1737 4630 1910 4711 quod

399 4730 921 4814 contemplativae
958 4727 1353 4811 praeferenda
1391 4728 1520 4791 sint
1558 4728 1725 4805 vitae,
1759 4727 1912 4809 quia

399 4831 745 4912 utriusque
787 4828 934 4891 vitae
978 4826 1434 4909 perfectionem
1481 4826 1778 4889 videntur
1820 4826 1911 4889 in-

401 4930 687 4993 cludere.
749 4927 926 4989 Unde
993 4933 1056 4988 et
1114 4925 1534 4990 nonodecimo
1599 4926 1678 4987 de
1745 4925 1911 4989 Civi-

401 5036 530 5091 tate
587 5026 699 5089 Dei
748 5024 1139 5106 Augustinus
1198 5024 1531 5106 distinguit
1588 5023 1908 5106 triplicem

406 5127 627 5201 vitam,
663 5123 965 5189 videlicet
993 5123 1283 5197 otiosam,
1328 5123 1446 5186 hoc
1489 5129 1584 5185 est
1628 5128 1911 5185 contem-

409 5226 741 5308 plativam,
788 5222 1200 5303 negotiosam,
1251 5221 1316 5284 id
1364 5228 1460 5283 est
1506 5221 1799 5298 activam,
1848 5229 1911 5283 et

413 5342 494 5385 ex
531 5330 806 5405 utraque
845 5328 1282 5403 temperatam.
1315 5319 1592 5383 Praelatis
1632 5338 1784 5383 vero
1820 5326 1910 5382 at-

2018 4332 2146 4395 Nec
2177 4331 2444 4395 dubium
2476 4331 2631 4413 quin
2676 4332 2813 4413 ipsa
2846 4332 3047 4394 multo
3087 4332 3394 4394 humilius
3426 4349 3521 4393 se-

2021 4431 2114 4493 dit
2141 4430 2221 4493 ad
2252 4431 2445 4512 pedes
2473 4429 2613 4491 Filii
2645 4430 2743 4491 sui
2777 4430 2929 4491 dum
2962 4430 3349 4511 praedicaret,
3378 4429 3517 4510 ejus

2020 4547 2280 4611 quoque
2340 4528 2849 4610 praedicationem
2906 4527 3319 4591 affectuosius
3376 4529 3521 4591 dili-

2018 4628 2403 4709 gentiusque
2448 4627 2711 4701 audivit,
2745 4645 2938 4708 quam
2987 4626 3177 4689 Maria
3216 4627 3521 4708 Magdale-

2021 4744 2102 4789 ne
2135 4746 2148 4789 :
2187 4728 2357 4788 unde
2395 4734 2459 4787 et
2498 4726 2633 4807 ipsa
2671 4725 2977 4807 optimam
3020 4733 3264 4808 partem
3313 4724 3520 4808 perse·
3634 4787 3639 4793 .

2021 4826 2305 4889 ctissime
2349 4824 2690 4907 praeelegit.

2099 4925 2444 4997 Postremo,
2480 4924 2832 4986 secundum
2863 4923 3313 5004 Augustinum‚
3345 4924 3517 5005 quod

2018 5022 2255 5085 Martha
2284 5022 2528 5103 accepit
2559 5021 2878 5084 Christum
2919 5023 2981 5083 in
3016 5023 3274 5084 domum
3311 5040 3514 5097 suam,

2021 5123 2309 5203 designat
2344 5120 2712 5194 Ecclesiam,
2747 5140 2891 5201 quae
2930 5139 3099 5181 nunc
3138 5120 3370 5201 accipit
3404 5120 3519 5183 Do-

2022 5221 2272 5283 minum
2313 5220 2377 5281 in
2421 5238 2528 5281 cor
2564 5236 2776 5279 suum.
2811 5217 2996 5279 Maria
3035 5235 3205 5292 vero,
3240 5236 3385 5298 quae
3423 5236 3520 5280 se-

2023 5319 2116 5381 dit
2143 5319 2222 5381 ad
2253 5318 2446 5400 pedes
2476 5316 2723 5379 Domini
2756 5316 3019 5379 audiens
3052 5315 3317 5378 verbum
3349 5315 3511 5397 ejuS,
