4300 6259
78 1675 112 1717 il
132 1675 259 1720 Tim.
274 1677 387 1726 nst.

1214 506 1565 554 mannum
1608 505 1671 552 m
1712 505 1851 554 CAP.
1896 507 1986 554 111
2028 505 2218 554 LucAE.
2263 527 2344 537 —
2383 508 2524 554 Aur.
2569 509 2744 556 mu

3447 490 3528 556 57

424 671 503 732 ad
540 678 800 754 tempus
838 675 1152 752 omittere,
1186 697 1391 758 quum
1420 677 1705 742 Christus
1744 677 1933 740 idcir-
1958 675 2011 738 A
2041 677 2296 741 vitando
2331 698 2344 742 :
2378 680 2530 759 quia
2561 697 2690 760 quo
2719 679 2865 761 quis
2894 680 2972 742 ad
3002 678 3373 760 temporalia
3401 697 3532 740 ma-

426 788 501 830 co
539 769 605 832 in
650 791 902 835 summa
932 776 1179 837 venerit
1221 784 1613 858 paupertate,
1650 784 1719 838 ut
1748 777 1933 840 doce-

424 876 521 930 ret
579 879 835 934 terrena
892 882 1153 956 propter
1204 875 1486 938 coelestia
1542 875 1923 958 derelinqui.

422 966 588 1030 Hinc
626 970 715 1032 ait
757 971 1133 1034 Ambrosius
1170 991 1184 1036 ε
1218 973 1353 1038 Non
1399 976 1695 1055 dignatur
1733 974 1927 1057 judex

422 1085 565 1130 esse
594 1068 809 1132 litium
845 1079 957 1133 aut
985 1072 1225 1134 arbiter
1261 1073 1659 1150 facultatum,
1693 1075 1805 1156 qui
1838 1076 1930 1138 vi-

424 1184 653 1228 vorum
686 1175 750 1229 et
786 1177 1185 1234 mortuorum
1216 1170 1407 1234 habet
1443 1172 1779 1253 judicium.
1814 1173 1929 1236 Ve-

422 1264 521 1326 nit
558 1266 736 1327 enim
774 1266 1057 1331 Salvator
1088 1269 1153 1331 in
1194 1269 1659 1351 spiritualibus,
1694 1289 1819 1334 non
1860 1272 1924 1334 in

418 1364 887 1445 temporalibus
920 1368 1345 1430 determinare
1380 1375 1572 1450 atque
1610 1369 1929 1432 discerne-

422 1481 514 1524 re.
548 1463 685 1536 Quo
725 1465 1019 1547 exemplo
1060 1467 1314 1528 realiter
1352 1467 1569 1528 docuit
1604 1474 1667 1528 et
1704 1467 1929 1549 imple-

422 1561 518 1623 vit
575 1563 750 1643 quod
814 1571 1033 1644 postea
1094 1565 1173 1626 ad
1234 1563 1634 1628 Timotheum
1696 1565 1926 1628 Paulus

418 1660 809 1742 conscripsit
850 1679 865 1723 ε
906 1661 1105 1726 Nemo
1144 1662 1425 1725 militans
1468 1663 1593 1726 Deo
1639 1663 1929 1746 implicat

418 1777 493 1821 se
542 1759 955 1822 saecularibus
1004 1762 1297 1841 negotiiS.
1332 1761 1457 1824 Nec
1500 1762 1701 1825 voluit
1750 1762 1929 1825 Chri-

2036 776 2135 856 gis
2168 777 2524 840 inordinate
2560 777 2864 852 afficitur,
2899 797 2972 840 eo
3001 796 3037 840 a
3066 777 3282 841 divino
3317 795 3532 840 amore

2038 881 2101 936 et
2159 875 2446 939 Creatore
2503 877 2810 940 altissimo
2860 876 3299 939 vehementius
3357 876 3534 938 elon-

2034 982 2242 1054 gatur,
2285 983 2348 1035 et
2390 977 2577 1039 corde
2619 976 2916 1038 deorsum
2965 975 3298 1056 premitur,
3340 981 3532 1055 atque

2038 1071 2103 1134 in
2144 1071 2390 1134 infimis
2430 1081 2798 1135 excaecatur.
2833 1109 2910 1118 —
2940 1072 3219 1136 Avaritia
3250 1091 3398 1135 vero
3437 1080 3534 1134 est

2038 1171 2488 1235 immoderatus
2545 1191 2722 1236 amor
2780 1171 3225 1253 temporalium
3283 1169 3533 1233 divitia-

2038 1289 2202 1332 rum.
2257 1270 2462 1342 Quum
2513 1271 2727 1352 itaque
2774 1271 3126 1352 corporalia
3173 1277 3235 1332 et
3281 1277 3532 1332 terrena

2038 1368 2113 1430 ad
2156 1368 2511 1449 spiritualia
2556 1368 2930 1432 ordinentur
2973 1369 3137 1431 sicut
3182 1368 3261 1430 ad
3302 1367 3525 1440 finem,

2036 1465 2103 1528 in
2134 1473 2378 1528 tantum
2412 1475 2680 1548 possunt
2709 1467 2928 1542 amari,
2961 1466 3176 1548 appeti
3217 1473 3279 1528 et
3309 1466 3532 1546 exqui-

2038 1565 2114 1637 ri,
2167 1573 2478 1646 quantum
2538 1574 2687 1628 sunt
2741 1565 2984 1628 homini
3045 1565 3398 1628 necessaria
3452 1564 3530 1625 ad

2038 1663 2382 1726 vivendum
2431 1663 2496 1725 in
2548 1663 2656 1726 Dei
2705 1663 3035 1744 obsequio,
3083 1671 3145 1725 et
3190 1664 3269 1725 ad
3318 1679 3532 1744 prose-

2035 1763 2364 1844 quendum
2399 1762 2660 1824 rationis
2696 1762 3033 1843 judicium.
3069 1761 3327 1843 Propter
3355 1762 3526 1842 quod

418 1865 561 1922 stus
604 1859 1029 1921 intermittere
1066 1859 1426 1940 spiritualia
1469 1869 1727 1943 propter
1767 1869 1926 1924 tem·
1963 1864 2007 1926 B
2035 1862 2189 1925 dicit
2230 1861 2566 1943 Apostolus
2602 1880 2615 1923 :
2649 1861 2960 1923 Habentes
3001 1861 3237 1923 victum
3282 1867 3344 1921 et
3384 1859 3527 1940 qui·
3556 1880 3814 1925 {rias-..a

418 1957 691 2038 poralia.
724 1956 899 2029 Quod
938 1958 1142 2020 secuti
1181 1965 1332 2020 sunt
1373 1957 1573 2020 sancti
1614 1958 1919 2040 Apostoli,
2034 1961 2155 2023 bus
2218 1968 2523 2041 tegamur,
2585 1959 2686 2021 his
2746 1959 3022 2021 contenti
3091 1959 3313 2020 simus.
3375 1957 3522 2021 Por-

88 2068 355 2120 Act.v1.².
414 2055 709 2118 dicentes
758 2055 919 2118 illud
967 2057 1242 2119 Actuum
1286 2075 1300 2118 :
1340 2056 1476 2119 Non
1526 2065 1623 2118 est
1667 2077 1920 2138 aequum
2035 2078 2126 2132 ro,
2178 2077 2370 2139 quam
2427 2058 2791 2121 detestanda
2840 2057 2922 2119 sit
2969 2057 3250 2130 avaritia,
3303 2056 3525 2138 pandit

412 2173 534 2217 nos
574 2155 943 2236 relinquere
981 2155 1250 2217 verbum
1294 2155 1424 2230 Dei,
1458 2164 1521 2217 et
1562 2156 1923 2219 ministrare
2033 2157 2372 2239 Apostolus
2425 2175 2439 2219 ε
2493 2157 2790 2219 Omnium
2842 2157 3153 2218 malorum
3205 2156 3382 2218 radix
3429 2161 3524 2216 est
3577 2173 3787 2218 mmo.

2034 2255 2371 2336 cupiditas·
2423 2254 2499 2316 Et
2544 2274 2787 2327 rursuS,
2830 2254 3158 2317 avaritiam
3209 2253 3522 2316 idolorum
3551 2273 3812 2329 emas-,a

2033 2354 2318 2416 nominat
2355 2353 2747 2415 servitutem.
2783 2353 3114 2434 Propterea
3151 2353 3217 2414 in
3255 2351 3526 2414 Ecclesi-

2031 2452 2228 2514 astico
2275 2452 2584 2535 scriptum
2646 2460 2740 2514 est
2793 2470 2806 2514 :
2859 2451 3064 2514 Avaro
3112 2449 3272 2512 nihil
3331 2451 3525 2512 scele-
3581 2469 3728 2513 Ecca.
3761 2482 3804 2520 x.

410 2253 683 2315 mensis.
736 2252 933 2334 Cujus
990 2253 1379 2316 contrarium
1437 2253 1681 2317 faciunt
1738 2255 1919 2317 multi

404 2350 543 2432 jam
578 2353 937 2414 sacerdotes
964 2359 1159 2433 atque
1188 2353 1497 2426 canonici,
1517 2353 1639 2440 qui·
1664 2361 1924 2435 propter

403 2448 869 2530 occupationes
920 2457 1202 2512 terrenas
1250 2450 1441 2512 etiam
1489 2451 1581 2513 eis
1630 2470 1757 2514 non
1813 2469 1925 2514 ne·-
3617 2535 3665 2575 ω

3551 2537 3592 2585 9,
3670 2564 3682 2576 .

72 3161 295 3214 {cor-m,
316 3165 369 3206 4.

74 3751 203 3795 laid.
222 3765 293 3803 m,
317 3755 371 3795 2.

80 4051 279 4101 Galata,
288 4053 367 4091 10.

404 2548 745 2620 cessarias,
788 2547 1093 2611 omittunt
1136 2548 1633 2630 praedicationes‚
1676 2558 1740 2612 et
1779 2549 1921 2612 Mis-

404 2667 539 2720 sas,
590 2665 666 2708 ac
724 2645 1040 2709 orationes
1097 2645 1399 2708 diversas.
1450 2647 1627 2709 Unde
1683 2665 1761 2709 ex
1819 2648 1917 2710 his

404 2746 632 2810 verbis
681 2744 981 2826 factoque
1028 2744 1281 2818 Christi,
1323 2744 1628 2808 deberent
1676 2747 1921 2827 praelati

404 2844 789 2926 exemplum
837 2843 1149 2925 accipere,
1193 2861 1273 2905 ne
1317 2843 1559 2924 judicia
1606 2845 1923 2907 saeculari-

407 2963 529 3006 um
570 2943 1076 3023 frequentarent,
1112 2941 1241 3004 imo
1276 2941 1517 3022 judicia
1564 2943 1925 3025 temporali-

2032 2549 2233 2630 stius3
2280 2549 2441 2612 nihil
2480 2557 2576 2611 est
2614 2549 2898 2630 iniquius
2936 2569 3129 2630 quam
3167 2567 3378 2611 amare
3417 2567 3525 2630 pe-

2034 2649 2288 2710 cuniam
2341 2667 2354 2710 :
2408 2648 2512 2709 hic
2561 2648 2733 2709 enim
2780 2648 3056 2710 animam
3105 2666 3284 2710 suam
3333 2646 3524 2709 habet

2033 2747 2344 2810 venalem.
2397 2746 2612 2827 ltaque
2671 2747 3018 2808 cavendum
3080 2753 3175 2809 est
3220 2746 3300 2809 ab
3345 2746 3520 2809 omni

2031 2844 2313 2918 avaritia,
2348 2844 2592 2907 scilicet
2625 2853 2754 2907 tam
2796 2843 3132 2907 mobilium
3170 2864 3362 2926 quam
3408 2845 3525 2907 im-

2030 2943 2383 3016 mobilium,
2407 2962 2443 3005 a
2473 2962 2666 3024 parva
2695 2950 2758 3004 et
2786 2961 3027 3023 magna,
3051 2943 3351 3024 quoniam
3385 2961 3526 3024 par-

408 3062 529 3105 um
560 3041 707 3104 aliis
737 3040 1121 3121 delegarent,
1146 3041 1681 3122 quemadmodum
1716 3039 1923 3104 Corin·
1958 3044 2001 3107 C
2033 3061 2107 3104 va
2155 3041 2436 3124 disponit
2482 3042 2560 3104 ad
2611 3059 2899 3122 magnam
2945 3060 2958 3104 :
3003 3047 3226 3122 estque
3274 3040 3527 3103 vitanda

408 3141 571 3204 thiis
616 3139 845 3203 scribit
884 3139 1223 3222 Apostolus
1258 3158 1271 3202 :
1308 3137 1645 3202 Saecularia
1684 3138 1923 3219 judicia

406 3240 465 3301 si
509 3237 784 3312 habetis,
820 3237 1336 3319 contemptibiles
1367 3236 1481 3318 qui
1520 3244 1671 3298 sunt
1711 3237 1777 3298 in
1808 3235 1923 3298 Ec-

404 3337 613 3401 clesia
655 3336 1024 3400 constituite
1063 3337 1143 3398 ad
1182 3334 1623 3417 judicandum.

494 3435 787 3516 Denique
818 3434 1105 3497 Christus
1145 3435 1435 3508 dicendo,
1468 3433 1691 3508 Home,
1726 3433 1923 3496 sumit

404 3553 651 3599 nomen
682 3532 965 3597 hominis
997 3540 1185 3614 prout
1212 3539 1395 3596 sonat
1425 3533 1491 3594 in
1524 3532 1777 3607 vitium,
1805 3552 1922 3614 pu-

408 3641 475 3695 ta
520 3634 585 3694 in
630 3631 1069 3695 terrenitatem
1112 3638 1175 3692 et
1212 3629 1669 3705 carnalitatem,
1703 3649 1919 3712 quem-

405 3732 761 3795 admodum
800 3738 865 3792 et
911 3748 1115 3811 quum
1158 3729 1247 3790 ait
1288 3729 1628 3810 Apostolus
1664 3748 1678 3792 :
1713 3728 1917 3802 Quum

408 3829 499 3891 sit
526 3830 697 3892 inter
726 3847 839 3892 vos
868 3827 1042 3890 zelus
1078 3835 1139 3889 et
1168 3827 1511 3902 contentio,
1544 3845 1755 3890 nonne
1784 3847 1922 3890 car-

410 3928 593 3991 nales
652 3927 829 4000 estiS,
881 3933 945 3988 et
993 3926 1345 3987 secundum
1403 3925 1728 3988 hominem
1784 3945 1920 3988 am-

406 4027 697 4090 bulatis?
726 4024 1013 4105 Itemque
1038 4043 1052 4086 :
1077 4022 1139 4085 Si
1175 4023 1543 4086 hominibus
1575 4023 1914 4105 placerem,

407 4123 648 4190 Christi
694 4139 917 4184 servus
962 4140 1091 4184 non
1134 4137 1361 4182 essem.

2029 3140 2312 3214 avaritia,
2347 3148 2476 3203 tam
2508 3140 2573 3202 in
2616 3140 3025 3222 acquirendo,
3059 3159 3250 3222 quam
3282 3141 3349 3201 in
3380 3159 3527 3202 con-

2030 3239 2340 3300 servando
2381 3247 2443 3300 et
2487 3239 2552 3300 in
2596 3239 2932 3319 erogando,
2965 3273 3046 3283 —-
3077 3240 3244 3308 Quia
3285 3259 3411 3298 non
3451 3239 3523 3298 in

2029 3338 2439 3398 abundantia
2495 3338 2884 3416 cujusquam
2935 3337 3074 3397 vita
3120 3337 3261 3413 ejus
3309 3345 3397 3395 esc
3445 3357 3525 3396 eoe

2029 3435 2131 3493 his
2161 3455 2306 3514 quoe
2327 3436 2630 3512 possidet.
2656 3433 2818 3496 Ordo
2849 3432 3189 3496 verborum
3231 3440 3326 3494 est
3354 3433 3472 3495 iste
3505 3451 3518 3496 :

2028 3531 2372 3594 Avaritiam
2412 3550 2689 3606 omnem,
2733 3532 2886 3614 quia
2924 3550 3051 3595 non
3093 3531 3160 3594 in
3199 3531 3525 3594 abundan-

2028 3628 2116 3690 tia
2171 3628 2575 3710 cujusquam,
2630 3628 2692 3690 id
2744 3636 2838 3690 est
2897 3646 3022 3691 non
3083 3628 3148 3689 in
3198 3627 3525 3709 opulentia

2026 3726 2299 3806 alicujus
2339 3743 2416 3788 ex
2457 3725 2555 3788 his
2594 3744 2738 3807 quae
2776 3726 3076 3807 possidet,
3113 3732 3329 3806 utpote
3367 3732 3525 3786 tem-

2029 3825 2343 3906 poralium
2391 3842 2626 3898 rerum,
2660 3824 2950 3887 consistit
2993 3823 3121 3887 vita
3161 3823 3321 3904 ejus.
3356 3821 3524 3904 Opu-

2027 3923 2223 3985 lentia
2261 3923 2434 3984 enim
2467 3922 2910 4004 temporalium
2953 3940 3164 3984 rerum
3206 3941 3331 3984 non
3373 3921 3523 3983 facit

2027 4021 2352 4083 hominem
2403 4021 2642 4083 diutius
2687 4021 2901 4084 vivere
2935 4039 2948 4084 ε
2984 4021 3112 4084 imo
3155 4019 3521 4101 frequenter

2026 4119 2272 4182 occasio
2310 4125 2405 4180 est
2453 4118 2624 4199 quod
2666 4119 2844 4180 dive-s
2885 4117 3071 4179 citius
3116 4119 3402 4192 moritur,
3445 4136 3521 4181 eo

172 4242 243 4296 15
494 4223 817 4300 Dioeitque
854 4222 943 4281 ad
980 4221 1151 4286 illos,
1186 4219 1430 4281 scilicet
1465 4220 1543 4282 ad
1588 4219 1915 4282 universos
1948 4220 1996 4281 D
2026 4217 2198 4297 quod
2245 4216 2377 4278 suis
2434 4215 2700 4278 abutens
2760 4215 3021 4290 divitiis,
3074 4217 3403 4297 crapulose
3452 4235 3520 4278 se

406 4321 527 4404 qui
560 4322 823 4382 aderant
855 4337 869 4381 :
905 4316 1209 4399 quoniam
1247 4318 1511 4380 avaritia
1539 4338 1731 4399 quam
1771 4338 1917 4400 pro-
2024 4315 2270 4390 habeat,
2326 4315 2646 4395 vitamque
2700 4313 2917 4394 gratiae
2973 4315 3213 4394 perdat,
3273 4322 3335 4376 et
3391 4315 3522 4376 exi-

402 4420 639 4483 hibere
682 4417 955 4491 volebat,
997 4434 1338 4479 commune
1386 4424 1482 4478 est
1523 4415 1749 4480 vitium
1794 4417 1917 4478 cle·
2023 4421 2210 4493 gente
2254 4413 2470 4476 divina
2507 4411 2773 4493 justitia,
2808 4417 3067 4493 propter
3111 4431 3222 4473 sua
3265 4422 3521 4494 peccata

402 4521 696 4582 ricorum
740 4535 813 4578 ac
854 4515 1187 4588 laicorum,
1221 4533 1293 4576 ac
1338 4515 1659 4577 seniorum
1698 4533 1771 4577 ac
1811 4515 1915 4596 ju·
2026 4511 2216 4573 citius
2271 4512 2349 4573 ab
2401 4511 2516 4574 hac
2567 4511 2694 4574 vita
2741 4510 3017 4573 tollatur.
3071 4509 3228 4572 Hinc
3283 4510 3522 4574 Seneca

116 4639 327 4687 aasz.
402 4619 697 4692 nicrum,
728 4613 911 4696 juxta
939 4613 1099 4675 illud
1126 4612 1301 4675 lsaiae
1334 4631 1347 4674 :
1381 4611 1610 4674 Omnes
1642 4613 1915 4693 diligunt
2025 4615 2413 4672 contestatur
2469 4628 2482 4672 :
2535 4608 2770 4680 Quaeris
2820 4608 2966 4689 quis
3023 4609 3105 4670 sit
3153 4608 3516 4672 divitiarum

400 4731 701 4788 munera,
733 4718 1093 4793 sequuntur
1124 4710 1589 4773 retributiones.
1614 4711 1913 4773 Jeremias
2026 4708 2296 4770 modus?
2335 4706 2565 4782 Primo,
2600 4706 2832 4768 habere
2874 4707 3045 4787 quod
3091 4713 3329 4768 naturae
3370 4716 3466 4769 est
3499 4728 3514 4786 ;

82 4836 171 4880 ιη.
196 4851 255 4888 τι,
282 4839 361 4881 η.
401 4829 675 4898 quoque
726 4831 741 4874 :
793 4810 842 4871 A
893 4808 1125 4872 minori
1187 4827 1389 4888 usque
1444 4809 1523 4870 ad
1581 4809 1909 4890 maJorem‚
2024 4807 2325 4879 secundo,
2359 4805 2532 4886 quod
2571 4804 2720 4866 satis
2750 4812 2864 4867 est.
2898 4803 3068 4866 Nulli
3101 4813 3306 4886 potest
3338 4823 3518 4868 secu-

400 4929 637 4978 omnes
668 4907 951 4972 avaritiae
978 4907 1253 4968 student.
1286 4905 1474 4986 Magis
1512 4914 1724 4968 tamen
1756 4907 1914 4971 solet

400 5013 533 5075 hoc
576 5008 807 5072 vitium
853 5022 1117 5086 regnare
1160 5004 1226 5066 in
1268 5003 1649 5067 senioribus.
1674 5008 1909 5079 Videte,

402 5127 527 5193 per
564 5102 1063 5169 intellectualem
1102 5103 1692 5178 considerationem,
1724 5114 1785 5164 et
1811 5125 1915 5164 ca-

398 5217 569 5277 vete,
618 5221 734 5286 per
792 5201 1097 5265 doctrinae
1152 5218 1311 5264 meae
1364 5200 1907 5283 adimpletionem,

392 5308 481 5367 ab
530 5301 716 5364 omm‘
773 5299 1095 5371 avaritia,
1145 5305 1357 5361 mente
1416 5305 1479 5360 et
1533 5306 1676 5360 actu
1738 5298 1912 5361 illam

2025 4923 2094 4966 ra
2131 4904 2262 4967 vita
2309 4903 2694 4984 contingere,
2737 4903 2850 4984 qui
2895 4903 2972 4965 de
3016 4903 3406 4984 providenda
3449 4923 3518 4966 re

2026 5002 2220 5066 nimis
2263 5001 2510 5083 cogitat.

2104 5103 2426 5174 Praeterea,
2461 5099 2614 5181 quia
2642 5099 2708 5161 in
2742 5099 3088 5163 moralibus
3119 5100 3514 5166 documentis

2024 5201 2170 5282 plus
2215 5198 2552 5262 conferunt
2591 5198 2997 5281 particularia
3033 5217 3226 5280 quam
3263 5217 3519 5280 genera-

2023 5297 2108 5360 lia
2166 5297 2352 5372 dicta,
2409 5296 2739 5378 magisque
2801 5303 3061 5361 movent
3121 5297 3516 5362 audientium
