4300 6259
657 877 805 921 Exod.
822 890 862 919 m

617 943 683 985 14.

637 1004 778 1048 Hebr.
794 1015 861 1045 ιιιι

615 1176 880 1224 Eeeli.xx1v,

701 1465 772 1520 59

655 2745 765 2792 Gen.
789 2758 873 2797 nx,

611 2810 676 2858 ¹¹:
693 2806 744 2850 lv
761 2809 872 2864 Rea.

609 2884 668 2921 vi,
691 2873 757 2914 ¹8.

910 472 1032 537 446

1679 490 2030 537 tumulo
2071 490 2137 536 m
2178 490 2316 536 cAP.
2364 489 2427 535 11
2469 489 2745 535 JOANle.
2791 508 2872 519 --
2911 490 3055 537 ART.
3099 491 3249 537 xnv

911 660 1224 737 futurum,
1286 663 1395 724 sed
1454 680 1644 724 omne
1703 668 1954 744 tempus
2021 660 2245 735 ambit,
2308 658 2481 723 in-A
2514 658 2773 741 Regum.
2816 660 3127 735 Secunde,
3172 663 3341 743 quod
3384 662 3563 724 Jesus
3613 660 3840 723 divina
3890 659 4018 721 vir-

911 760 1132 833 cludit,
1174 760 1442 823 excedit.
1485 760 1622 843 lpse
1671 768 1765 823 est
1805 761 1916 842 qui
1961 760 2114 824 olim
2154 759 2401 823 locutus

869 866 1006 927 ,est
1049 857 1240 941 Moysi
1289 877 1302 921 :
1349 858 1477 939 Ego
1525 878 1668 921 sum
1715 858 1826 940 qui
1883 878 2048 921 sum.
2100 858 2277 921 Unde
2324 860 2403 921 ad

867 1033 879 1053 ‚
912 955 1200 1019 Hebraeos
1234 956 1464 1038 legitur
1496 975 1510 1019 ε
1541 956 1720 1019 Jesus
1757 958 1892 1019 heri
1925 965 1987 1019 et
2021 957 2230 1030 hodie,
2266 957 2403 1038 ipse

909 1064 972 1117 et
1022 1056 1085 1117 in
1133 1056 1384 1119 saecula.
1426 1055 1566 1139 Ipse
1615 1074 1892 1138 namque
1937 1064 2035 1118 est
2081 1054 2405 1138 Sapientia

909 1171 1054 1234 quae
1091 1153 1156 1215 in
1201 1152 1641 1218 Ecclesiastico
1693 1160 2074 1235 protestatur
2107 1173 2120 1216 :
2157 1152 2282 1235 Ego
2325 1171 2403 1215 ex

909 1270 1020 1315 ore
1074 1250 1381 1314 Altissimi
1442 1252 1714 1334 prodivi,
1778 1252 2201 1334 primogenita
2256 1259 2403 1314 ante

909 1368 1164 1413 omnem
1210 1358 1582 1412 creaturam.

996 1452 1310 1509 Tulerunt
1357 1468 1506 1526 erqo
1561 1450 1810 1526 lapides
1867 1459 1939 1510 ut
1981 1450 2279 1526 jacerent
2329 1452 2400 1511 in

905 1567 1082 1617 eum,
1127 1547 1454 1610 obruendo
1513 1565 1661 1609 eum
1719 1546 2038 1629 lapidibus
2097 1556 2399 1630 tanquam

765 1674 878 1709 ιω.
907 1645 1375 1727 blasphemum.
1427 1644 1555 1708 Lex
1608 1646 1853 1728 quippe
1911 1646 2214 1728 prae-cepit
2268 1646 2403 1709 bla-

906 1745 1206 1827 sphemos
1257 1744 1544 1825 lapidari.
1577 1747 1758 1805 lesus
1805 1755 2021 1806 autem
2068 1747 2401 1808 abscondit

902 1864 990 1911 se,
1037 1862 1161 1905 non
1213 1850 1381 1906 retro
1433 1842 1771 1906 maceriam
1821 1861 1932 1904 seu
1981 1843 2343 1905 columnam
2380 1864 2395 1925 ;
2435 1843 2482 1906 B
2509 1844 2768 1906 modum
2812 1842 3065 1904 transiit
3104 1861 3217 1924 per
3251 1842 3531 1905 medium
3570 1843 3811 1905 civium
3857 1860 4007 1903 suo-
4032 1858 4243 1903 amma.

905 1943 1037 2011 sed,
1070 1940 1416 2003 Abscondit
1459 1958 1547 2015 se,
1583 1941 1645 2003 id
1689 1950 1804 2016 est,
1838 1942 2055 2005 divina
2094 1948 2399 2023 potestate

905 2040 1178 2123 praebuit
1219 2057 1286 2101 se
1331 2038 1722 2103 invisibilem
1761 2039 2015 2113 ludaeis,
2048 2058 2175 2103 non
2221 2040 2401 2102 disci·

903 2137 1074 2220 pulis
1125 2139 1279 2203 suis,
1325 2138 1477 2219 quia
1525 2138 1725 2199 secuti
1775 2146 1927 2199 sunt
1971 2154 2139 2200 eum.
2196 2137 2401 2201 Potest

901 2244 1114 2298 autem
1153 2235 1487 2299 absconsio
1527 2236 1646 2297 ista
1685 2235 2027 2317 dupliciter
2066 2236 2335 2317 intelligi
2380 2257 2393 2301 :

901 2334 1132 2409 Primo,
1185 2336 1357 2415 quod
1407 2334 1723 2417 percussit
1771 2352 1877 2397 eos
1927 2335 2206 2397 caecitate
2254 2354 2399 2417 quae

903 2434 1138 2496 dicitur
1185 2433 1434 2507 acrisia,
1477 2452 1604 2514 qua
1652 2433 1898 2514 aliquid
1945 2451 2072 2496 non
2121 2434 2393 2509 videtur,

903 2551 1105 2615 quum
1155 2540 1366 2594 tamen
1415 2531 1540 2593 alia
1582 2531 1938 2611 videantur,
1979 2531 2078 2595 vel
2127 2531 2180 2593 si
2226 2532 2399 2595 vide-

901 2638 1028 2702 tur,
1064 2648 1189 2692 non
1221 2638 1430 2691 tamen
1463 2628 1864 2709 cognoscitur
1899 2646 1912 2691 :
1947 2647 2073 2710 qua
2111 2629 2396 2710 percussi

902 2727 1165 2790 fuerunt
1209 2727 1566 2802 Sodomitae,
1609 2735 1672 2789 et
1716 2726 1854 2809 Syri
1903 2728 1980 2790 ad
2031 2727 2397 2790 instantiam

901 2826 1118 2901 Elisei‚
1175 2835 1244 2888 ut
1299 2826 1532 2907 legitur
1588 2826 1654 2888 in
1705 2824 1932 2888 Genesi
1979 2834 2043 2887 et
2090 2826 2157 2888 in
2216 2826 2397 2889 libris

2513 767 2645 821 tute
2674 759 2824 821 fecit
2860 778 2939 823 ne
2975 761 3148 823 color
3177 761 3459 842 corporis
3498 761 3598 821 sui
3640 760 4016 821 immutaret

2514 857 2723 921 visum
2768 859 3151 921 Judaeorum.
3203 858 3335 923 Imo
3384 860 3503 922 hoc
3552 858 3764 940 potuit
3812 857 4014 919 virtu-

2511 963 2573 1017 te
2610 957 2841 1020 animae
2880 976 3030 1031 suae,
3064 976 3208 1038 quae
3247 957 3469 1019 habuit
3506 956 3871 1039 perfectum
3908 955 4015 1017 do-

2512 1055 2785 1117 minium
2833 1074 3027 1138 supra
3074 1056 3405 1138 proprium
3456 1074 3709 1137 corpus,
3742 1054 3903 1115 Nam
3952 1060 4013 1113 et

2508 1153 2739 1215 animae
2798 1152 3127 1216 Beatorum
3196 1153 3569 1236 corporibus
3628 1150 4013 1234 glorificatis

2514 1253 2726 1325 unitae‚
2760 1251 2969 1314 facere
3008 1261 3275 1334 possunt
3313 1252 3568 1335 propria
3610 1270 3885 1333 corpora
3922 1251 4013 1312 vi-

2510 1351 2723 1413 sibilia
2772 1352 2905 1426 uni,
2956 1359 3019 1413 et
3068 1352 3417 1415 invisibilia
3470 1350 3675 1413 alteri.
3728 1349 4011 1431 Corpora

2509 1450 2682 1512 enim
2731 1450 3097 1529 hujusmodi
3142 1458 3292 1512 sunt
3328 1450 3394 1511 in
3434 1449 3809 1532 plenissima
3858 1448 4012 1511 obe—

2509 1550 2747 1611 dientia
2791 1549 3147 1611 animarum
3190 1548 3315 1612 Deo
3354 1548 3728 1633 fruentium:
3762 1551 3853 1609 Et
3900 1568 4009 1607 ea·-

2508 1651 2633 1709 ivit
2682 1652 2763 1709 de
2820 1652 3047 1725 templo
3100 1648 3467 1711 Jerusalem.
3521 1647 3733 1709 Exivit
3784 1654 4005 1708 autem

2511 1748 2829 1829 pergendo
2880 1764 2992 1827 per
3039 1747 3317 1808 medium
3366 1746 3645 1819 illorum,
3694 1744 4007 1826 quemad-

2510 1959 2654 2001 rum
2697 1956 2843 2001 eum
2896 1939 3292 2021 praecipitare
3337 1939 3709 2013 volentium,
3760 1947 3831 2000 ut
3882 1937 4007 1999 Lu-

2508 2056 2611 2101 cas
2681 2036 2920 2099 recitat.
2979 2036 3195 2101 Noluit
3254 2038 3426 2100 enim
3490 2039 3699 2099 adhuc
3764 2036 4001 2107 occidi,

2506 2138 2811 2219 quoniam
2860 2138 3141 2200 nondum
3194 2137 3367 2202 venit
3408 2138 3563 2201 hora
3609 2156 3802 2218 quam
3860 2154 4007 2218 pro-

2508 2235 2663 2316 priae
2712 2235 2989 2318 passioni
3050 2236 3361 2317 praevidit‚
3422 2234 3719 2317 praefixit,
3780 2234 3999 2315 elegit.

2506 2332 2622 2396 Per
2648 2334 2820 2415 quod
2858 2333 3032 2396 dedit
3063 2334 3426 2416 exemplum
3463 2333 3789 2407 fidelibus,
3824 2334 4003 2414 quod

2507 2450 2674 2514 saepe
2718 2440 2985 2514 possunt
3030 2450 3097 2494 se
3146 2432 3657 2515 persecutoribus
3710 2432 3851 2495 suis
3900 2450 4005 2495 oc-

2506 2530 2767 2605 cultare,
2828 2531 3083 2612 quando
3142 2530 3438 2594 videlicet
3497 2530 3660 2593 sides
3721 2531 4001 2594 aliorum

2508 2648 2633 2692 non
2694 2629 3109 2710 periclitatur,
3164 2648 3281 2691 nec
3328 2630 3567 2710 grande
3623 2629 4001 2691 scandalum

2504 2728 2709 2791 oritur
2760 2728 3163 2810 pusillorum,
3216 2746 3333 2790 nec
3386 2728 3633 2809 justitia
3689 2727 3831 2810 ipsa
3896 2747 4005 2789 ex-

2507 2826 2870 2907 stinguitur.

1949 3256 2598 3344 ARTICULUS
2673 3258 2952 3342 XXIV

955 3530 1268 3578 exposrrto
1310 3530 1587 3578 camum
1627 3530 1774 3579 Nom
1817 3531 1832 3575 :
1877 3530 1950 3576 m·
1991 3528 2385 3576 tumulans
2424 3530 2623 3587 JESUS,
2664 3530 2831 3575 vmrr
2872 3528 3152 3576 nouum!
3192 3528 3405 3577 CAEGUU
3445 3532 3488 3576 A
3530 3528 3933 3576 NA‘m'rrArss.

897 3808 1168 4008 QUIA
1213 3812 1278 3874 in
1335 3810 1647 3893 superiori
1707 3810 1987 3893 capitulo
2034 3811 2235 3873 multa
2292 3809 2390 3871 in·
2420 3806 2463 3869 C
2499 3817 2719 3890 spectu
2760 3810 2992 3873 divinae
3028 3810 3475 3885 miserationiS,
3508 3812 3837 3875 hominem
3876 3834 3997 3875 σα·-

1054 3909 1654 3993 comprehensibilia
1706 3928 1780 3972 ac
1826 3909 2044 3973 divina
2099 3909 2387 3972 Christus

890 4009 970 4071 de
1001 4027 1068 4070 se
1099 4009 1239 4090 ipso
1267 4008 1557 4081 asseruit,
1583 4026 1726 4089 quae
1750 4007 1947 4071 Judaei
1988 4026 2115 4072 non
2158 4007 2387 4069 intelli-

888 4115 1131 4187 genteS‚
1166 4106 1506 4170 voluerunt
1533 4124 1678 4168 eum
1712 4106 1894 4188 quasi
1935 4106 2383 4188 blasphemum

891 4206 1215 4288 lapidare;
1266 4206 1502 4270 idcirco
1552 4225 1724 4268 nunc
1780 4206 2231 4269 convenienter
2290 4224 2385 4267 re-

893 4306 1123 4369 citatur
1153 4306 1533 4368 miraculum
1571 4306 1833 4369 omnino
1863 4305 2176 4381 divinum,
2210 4308 2381 4387 quod

891 4404 1162 4467 naturali
1195 4405 1429 4467 virtute
1457 4403 1632 4467 effici
1665 4405 1902 4486 nequit,
1923 4414 2236 4485 quatenus
2269 4424 2383 4487 per

892 4504 1013 4568 hoc
1067 4503 1484 4567 confirmetur
1542 4503 2043 4585 supernaturalis
2095 4503 2382 4567 doctrina

887 4602 1019 4683 jam
1078 4602 1490 4683 praeinducta.
1550 4600 1894 4663 Praemissae
1949 4602 2118 4663 enim
2176 4620 2382 4665 corre·

890 4701 1203 4782 spondere
1243 4707 1306 4761 et
1343 4698 1808 4782 proportionari
1851 4698 2084 4761 debent
2126 4700 2379 4763 conclu-

891 4798 1076 4862 sioni.
1121 4797 1453 4880 Propterea
1495 4798 1996 4879 supernaturalis
2037 4798 2267 4861 veritas
2306 4798 2381 4861 fi·

892 4898 1016 4971 dei,
1077 4914 1189 4979 per
1245 4896 1750 4978 supernaturalia
1806 4904 2197 4976 argumenta,
2260 4897 2382 4961 hoc

891 5004 987 5059 est
1030 5014 1143 5077 per
1184 5012 1378 5076 opera
1419 4994 1818 5069 miraculosa,
1866 4995 2242 5057 ostenditur.

975 5097 1055 5157 Et
1077 5095 1457 5171 praeteriens
1481 5096 1679 5163 lesus,
1714 5093 1834 5156 hoc
1863 5101 1978 5165 est,
2018 5093 2229 5157 locum
2260 5094 2383 5156 cir-

891 5213 964 5257 ca
1007 5192 1319 5275 templum
1373 5192 1822 5274 pertransiens,
1875 5194 2043 5254 vidit
2092 5192 2379 5274 diligenti

893 5292 1128 5355 intuitu
1175 5289 1345 5354 oculi
1392 5289 1758 5374 corporaliS,
1811 5290 1918 5372 pio
1975 5309 2235 5375 quoque
2285 5309 2383 5355 re—

2495 3929 2643 3970 cum
2672 3931 2714 3971 a
2744 3911 3113 3978 nativitate,
3144 3910 3400 3972 nomine
3438 3909 3785 3973 Cedonium
3822 3930 3838 3973 :
3874 3914 3991 3994 qui

2496 4014 2712 4088 postea
2752 4026 2895 4069 cum
2941 4006 3129 4069 Maria
3168 4006 3547 4089 Magdalene,
3578 4008 3839 4083 Martha,
3874 4010 3995 4073 Ma-

2495 4106 2737 4169 ximino
2780 4114 2841 4167 et
2882 4105 3131 4179 Lazaro,
3176 4126 3213 4169 a
3253 4107 3465 4169 Judaea
3509 4108 3815 4189 expulsus
3868 4119 3991 4183 est,

2494 4204 2661 4267 sicut
2706 4204 2973 4267 habetur
3022 4204 3087 4267 in
3132 4206 3395 4286 legenda
3440 4205 3641 4269 Mariae
3682 4206 3995 4289 Magdale-

2495 4321 2595 4365 ne.
2639 4303 2849 4367 Caecus
2897 4311 3109 4366 autem
3153 4323 3190 4365 a
3227 4305 3549 4369 nativitate
3599 4325 3725 4369 non
3776 4315 3993 4390 potest

2494 4404 2571 4465 de
2614 4402 2931 4465 coloribus
2970 4402 3276 4483 judicare,
3310 4404 3463 4485 quia
3500 4404 3759 4467 orbatus
3796 4424 3837 4467 a
3880 4426 3993 4469 na-

2494 4500 2735 4563 tivitate
2781 4500 2996 4582 aliquo
3042 4518 3257 4577 sensu,
3300 4509 3468 4563 caret
3516 4502 3738 4565 notitia
3783 4505 3993 4568 sensi-

2492 4600 2721 4663 bilium
2777 4600 2950 4662 illius
3012 4618 3258 4663 sensus.
3320 4600 3411 4663 Ex
3465 4621 3596 4683 quo
3656 4604 3989 4669 concludit

2492 4700 2878 4774 AristoteleS,
2912 4701 3083 4781 quod
3128 4708 3340 4762 nostra
3382 4701 3602 4763 notitia
3646 4702 3989 4767 intellecti-

2494 4817 2571 4861 va
2620 4817 2743 4861 non
2794 4807 2889 4860 est
2937 4806 3285 4871 concreata,
3330 4801 3437 4861 sed
3481 4818 3518 4860 a
3560 4818 3749 4862 sensu
3793 4802 3987 4883 origi-

2493 4902 2658 4970 nata,
2689 4903 2880 4977 atque
2910 4914 2986 4957 ex
3026 4896 3261 4978 praevia
3288 4896 3645 4977 cognitione
3674 4901 3985 4963 sensitiva

2412 4994 2461 5055 D
2492 5002 2763 5057 causata.
2796 5030 2876 5039 —
2902 4993 3177 5077 Mystice,
3229 4996 3483 5076 quando
3525 4995 3721 5059 Judaei
3774 4998 3985 5061 incre-

2492 5093 2625 5156 duli
2665 5092 2983 5156 Christum
3025 5093 3415 5175 repulerunt,
3448 5094 3590 5176 ejus
3628 5096 3983 5179 discipulos

2491 5200 2683 5273 atque
2727 5190 3056 5273 Apostolos
3103 5210 3139 5253 a
3186 5190 3318 5254 suis
3360 5192 3607 5255 sinibus
3654 5196 3983 5277 expellen-

2492 5293 2593 5366 do,
2628 5308 2971 5355 conversus
3014 5297 3110 5353 est
3146 5290 3347 5367 JesuS,
3388 5299 3452 5354 et
3490 5292 3676 5357 oculo
3717 5294 3979 5376 pietatis
