4300 6259
793 460 876 526 24
1593 481 3093 530 mmmmmxmcz—mmm

797 650 1118 716 inchoatio
1172 654 1724 735 contemplationis
1781 653 2116 718 Beatorum
2175 673 2291 736 per
2318 654 2372 715 A
2398 654 2547 727 lius,
2606 673 2897 716 asserens
2958 674 3108 717 cum
3168 654 3566 715 Psalmista:
3620 650 3883 712 Audiam
3912 667 4185 771 9..η-...ιη

527 766 668 809 ιο...
681 780 770 810 ιιι.
798 751 1100 832 speciem.
1113 752 1378 834 Propter
1400 755 1572 835 quod
1601 754 1690 815 ait
1719 754 2090 836 Apostolus:
2107 753 2291 815 Nunc
2397 754 2557 834 quid
2596 753 2949 834 loquatur
2932 773 2999 814 ιιι
3040 771 3145 814 me
3180 752 3485 815 Dominus
3523 750 3710 811 Deus.
3739 734 3954 810 Ani-⁹·

797 867 1108 929 cognosco
1133 870 1212 912 ex
1243 860 1452 933 parte;
1485 862 1636 914 tunc
1671 862 1884 915 autem
1913 871 2287 933 cognoscam
2398 870 2503 911 ma
2537 852 2784 933 quippe
2820 853 3211 932 quiescendo
3244 850 3323 912 fit
3370 851 3671 932 prudens,
3698 856 3763 909 et
3796 847 3891 908 di-

542 960 734 1006 nsa-1.
799 946 964 1008 sicut
1001 958 1066 1009 et
1103 950 1393 1029 cognitus
1435 969 1622 1029 sum;
1663 959 1748 1023 ει,
1772 950 2074 1011 Videmus
2117 969 2289 1012 nunc
2398 951 2613 1012 vinam
2656 952 3139 1032 inspirationem
3182 950 3453 1031 suscipit
3487 968 3561 1010 ac
3594 946 3885 1009 adsertit.

801 1065 916 1127 per
973 1049 1304 1129 speculum
1357 1050 1422 1111 in
1469 1050 1826 1130 aenigmate,
1875 1058 2028 1112 tunc
2073 1059 2289 1111 autem
2396 1049 2661 1131 Propter
2686 1050 2907 1131 quod
2890 1070 2955 1111 ιιι
2986 1049 3425 1111 Ecclesiastico
3454 1047 3756 1109 habetur:
3775 1044 3889 1117 Qui
3972 1057 4123 1100 Boeti-

797 1143 964 1207 facie
1001 1148 1080 1209 ad
1122 1145 1374 1209 faciem.
2398 1149 2755 1212 minoratur
2779 1156 2950 1221 actu,
2974 1148 3349 1229 sapientiam
3386 1145 3717 1227 percipiet.
3738 1135 3973 1205 Prae-¹¹

875 1244 1094 1326 ltaque
1129 1245 1416 1309 Christus
1452 1246 1754 1309 Hartham
1793 1249 1873 1309 de
1909 1266 2028 1310 suo
2063 1248 2293 1311 devoto
2398 1257 2587 1321 terea,
2616 1248 2683 1309 in
2712 1247 2933 1329 quiete
2968 1246 3337 1327 hujusmodi
3374 1246 3551 1306 audit
3580 1243 3773 1305 verba
3808 1242 3897 1303 di-

795 1352 860 1405 et
887 1344 1214 1407 caritativo
1239 1345 1550 1427 obsequio
1577 1365 1704 1409 non
1737 1346 2291 1428 reprehenditsed
2402 1347 2553 1408 vina
2608 1364 2762 1407 aure
2818 1344 3103 1417 mentali,
3163 1343 3295 1405 illis
3348 1342 3701 1406 obediendo
3752 1358 3897 1421 quae

799 1450 1046 1523 partem
1079 1440 1285 1505 lariae
1332 1444 1666 1525 praeponit,
1707 1445 2011 1527 quoniam
2053 1444 2297 1507 exerci·
2406 1446 2559 1525 legit
2597 1454 2708 1507 aut
2750 1445 3115 1505 meditatur.

797 1538 888 1601 tia
935 1540 1080 1604 vitae
1125 1542 1632 1624 contemplativae
1689 1543 2089 1624 praeclariora
2143 1550 2295 1604 sunt
2484 1543 2723 1605 Martha
2766 1552 2979 1605 autem
3028 1540 3351 1622 satagebat
3382 1540 3553 1601 cirea
3597 1537 3899 1619 frequens

797 1639 1118 1701 exercitiis
1149 1640 1294 1702 ritae
1321 1641 1566 1703 activae.
1589 1640 2036 1704 Verumtamen
2067 1643 2146 1703 de
2176 1641 2297 1704 hoc
2407 1642 2859 1704 ministerium.
2894 1641 3021 1704 Hoc
3059 1640 3365 1721 competit
3404 1638 3507 1700 his
3540 1636 3653 1719 qui
3694 1636 3902 1718 operi-

797 1736 1048 1799 videtur
1067 1736 1302 1799 Martha
1323 1738 1685 1820 aliqualiter
1707 1740 2108 1821 reprehensa,
2123 1740 2296 1820 quod
2408 1741 2529 1803 bus
2586 1739 3041 1803 misericordiae
3086 1747 3149 1800 et
3196 1738 3425 1799 ceteris
3480 1734 3901 1797 exterioribus

797 1854 1080 1899 sororem
1123 1855 1304 1897 suam
1343 1838 1546 1900 voluit
1582 1857 1621 1899 a
1657 1838 1974 1920 spirituali
2019 1846 2165 1900 actu
2206 1838 2300 1899 vi-
2332 1841 2382 1903 B
2410 1841 2719 1901 virtutum
2748 1838 2997 1901 actibus
3028 1837 3467 1920 corporalibus
3494 1842 3903 1915 occupantur.

797 1942 880 1997 ¹ae
919 1934 1426 2017 contemplativae
1464 1936 1852 2010 abstrahere,
1895 1944 1968 1998 ut
2005 1956 2299 2019 corpora-
2408 1937 2485 2000 Et
2524 1938 2691 1999 sicut
2728 1936 2965 1999 Martha
3004 1942 3351 2017 conquesta
3388 1942 3487 1996 est
3528 1932 3775 1995 Christo
3810 1931 3905 1991 di-

799 2032 972 2095 libus
1017 2042 1458 2115 occuparetur,
1501 2054 1704 2116 quum
1749 2045 1960 2097 tamen
2009 2054 2301 2099 necessa·
2409 2055 2591 2109 cens,
2650 2035 2939 2109 Domine,
2998 2052 3125 2097 non
3182 2040 3281 2094 est
3332 2032 3451 2094 tibi
3508 2050 3679 2094 curae
3730 2029 3901 2111 quod

801 2132 968 2194 rium
1009 2151 1136 2195 non
1178 2131 1428 2207 luisset,
1459 2142 1526 2195 et
1559 2135 1714 2216 quia
1751 2134 2007 2197 Mariam
2053 2138 2299 2217 putavit
2409 2153 2590 2197 soror
2624 2152 2767 2196 mea
2807 2133 3069 2214 reliquit
3104 2149 3209 2193 me
3254 2130 3453 2194 solam
3492 2129 3901 2191 ministrare?

801 2230 1196 2311 negligenter
1231 2248 1302 2293 se
1341 2231 1664 2307 habuisse,
1697 2252 1822 2296 non
1869 2234 2299 2316 impendendo
2410 2233 2503 2294 sic
2544 2233 2866 2294 interdum
2906 2250 3195 2313 personae
3230 2231 3493 2301 devotae,
3523 2246 3669 2309 quae
3698 2225 3907 2308 operi-

797 2328 1108 2391 auxilium
1151 2329 1216 2391 in
1259 2330 1570 2411 corporali
1611 2331 1944 2413 obsequio.
2410 2331 2533 2393 bus
2572 2332 2719 2393 vitae
2763 2331 2986 2393 activae
3034 2329 3365 2392 intendere
3410 2325 3903 2408 compelluntur,

880 2426 1166 2509 Denique
1201 2428 1372 2490 circa
1413 2428 1596 2502 illud,
1637 2428 1922 2493 Sollicita
1957 2450 2026 2492 es
2063 2440 2130 2493 et
2166 2440 2301 2493 tur·
2410 2438 2473 2491 et
2530 2430 3090 2511 contemplativam
3148 2428 3343 2490 vitam
3410 2424 3609 2505 magis
3666 2422 3909 2485 deside-

4078 1120 4192 1167 ,..5.

799 2525 972 2588 baris
1037 2542 1185 2606 erga
1251 2526 1549 2608 plurima,
1611 2528 1834 2590 dicunt
1899 2528 2171 2612 Cyrillus
2237 2538 2301 2592 et
2412 2538 2567 2603 rant,
2588 2536 3070 2610 conqueruntur
3098 2527 3349 2590 Christo
3376 2543 3489 2587 seu
3517 2524 3659 2604 ejus
3690 2521 3909 2605 praela-

799 2622 1067 2686 Basilius
1117 2643 1134 2687 :
1185 2623 1391 2697 Quum
1439 2626 1640 2707 aliqui
1695 2628 2098 2710 susceperint
2141 2629 2299 2691 alios
2412 2629 2508 2702 tis,
2532 2629 2705 2710 quod
2736 2629 2893 2711 ipsae
2924 2646 3055 2709 prae
3086 2626 3315 2689 ceteris
3342 2624 3467 2687 sibi
3498 2630 3683 2695 statu,
3706 2621 3905 2702 gradu

802 2722 1104 2804 hospitio,
1157 2742 1284 2785 non
1333 2724 1762 2787 sollicitentur
1805 2726 1976 2789 circa
2024 2726 2301 2789 multum
2410 2745 2523 2789 seu
2568 2727 2963 2809 professione
3010 2724 3351 2797 similibuS,
3380 2724 3449 2785 in
3486 2719 3905 2784 exterioribus

801 2821 1208 2903 obsequium,
1245 2825 1656 2904 praeparando
1693 2824 1944 2887 diversa
1971 2834 2034 2887 et
2071 2826 2304 2889 delica-
2410 2826 2652 2888 servire
2699 2832 3033 2907 eoguntur.
3074 2824 3153 2885 Et
3196 2823 3366 2885 sicut
3408 2822 3499 2883 ait
3543 2819 3607 2881 S.
3650 2818 3908 2879 Bernar-

803 2928 868 2983 ta
903 2919 1164 2995 cibaria,
1195 2938 1316 2983 nec
1351 2931 1611 3003 poseant
1649 2942 1796 3004 quae
1835 2942 1966 3005 prae
2003 2926 2301 2987 manibus
2410 2926 2530 2987 dus
2582 2944 2599 2986 :
2647 2923 2835 2986 Beata
2886 2931 2984 2985 est
3032 2920 3454 3003 congregatio,
3506 2918 3617 2980 ubi
3672 2916 3909 2979 hias-tha

803 3036 933 3081 non
975 3027 1146 3093 sunt,
1187 3026 1252 3081 et
1291 3020 1730 3083 necessitatem
1779 3023 2114 3084 excedunt.
2156 3022 2305 3086 Gra·
2338 3026 2385 3091 G
2412 3024 2623 3085 taliter
2672 3023 3089 3104 conqueritur
3137 3023 3217 3083 de
3260 3019 3471 3082 Maria.
3520 3016 3666 3092 Sed,
3715 3015 3841 3078 heu
3884 3020 3901 3075 Ξ

805 3124 912 3182 vat
948 3118 1122 3180 enim
1171 3120 1408 3201 passim
1444 3119 1511 3180 in
1550 3119 1841 3202 qualibet
1876 3138 1946 3183 re
1983 3124 2153 3204 quod
2198 3142 2305 3185 su-
2409 3122 2541 3203 jam
2588 3121 2795 3195 multi,
2828 3122 3029 3183 instar
3066 3118 3460 3203 perfidorum
3500 3114 3789 3178 liliorum
3820 3112 3907 3174 Is-

805 3215 1074 3299 perfluit
1123 3235 1138 3279 :
1191 3216 1664 3299 hospitantibus
1721 3238 2001 3302 namque
2044 3228 2305 3301 generat
2415 3220 2543 3282 rael
2583 3220 2905 3283 coelestem
2946 3218 3388 3282 nauseantium
3432 3232 3684 3298 panem,
3715 3213 3901 3274 etiam
3930 3225 4039 3332 am
4040 3238 4101 3265 m.
4114 3236 4199 3275 m.

802 3315 1098 3396 tedium3
1129 3316 1418 3379 convivis
1445 3324 1661 3378 autem
1689 3317 1942 3380 videtur
1969 3320 2141 3400 quod
2172 3320 2307 3381 sint
2414 3320 2492 3382 ad
2532 3318 2873 3401 AEgyptiaS‚
2908 3320 2972 3381 id
3000 3326 3098 3379 est
3126 3317 3502 3390 mundanaS,
3536 3292 3975 3376 consolatio-⁵·

805 3413 950 3476 aliis
989 3432 1180 3477 causa
1215 3413 1476 3477 laboris.
2416 3436 2530 3480 nes
2578 3418 2927 3500 adspirant,
2976 3416 3216 3499 quibus
3264 3412 3772 3495 contemplativae
3819 3409 3911 3473 vi-

887 3512 1008 3575 Sed
1042 3513 1348 3595 quoniam
1379 3531 1604 3575 sensus
1634 3513 1922 3577 litteralis
1955 3515 2184 3597 planus
2212 3524 2309 3579 est
2416 3524 2497 3579 ιω
2534 3535 2659 3580 ιιοιι
2706 3516 2874 3598 sapit
2914 3515 3197 3578 refectio.
3229 3511 3771 3585 Quemadmodum
3810 3527 3915 3572 ve-

809 3611 983 3687 sati8‚
1027 3613 1382 3692 tangendus
1429 3620 1528 3673 est
1567 3612 1871 3694 mysticus
1919 3613 2305 3677 intellectus.
2418 3634 2491 3678 ro
2528 3614 2815 3678 Christus
2854 3614 3156 3676 Martham
3194 3612 3515 3685 instruxit,
3548 3627 3629 3671 ne
3663 3608 3915 3670 Mariam

807 3709 993 3772 Juxta
1040 3728 1258 3792 quem,
1311 3728 1427 3792 per
1472 3709 1864 3786 Bethaniam,
1915 3730 2060 3794 quae
2117 3714 2313 3776 inter·
2416 3716 2497 3776 ad
2550 3714 2863 3777 exteriora
2908 3732 2946 3775 a
2993 3709 3551 3793 contemplationis
3600 3706 3918 3769 exercitiis

812 3814 1097 3891 pretatur
1123 3810 1350 3873 domus
1379 3809 1779 3884 obedientiae,
1807 3812 2175 3893 designatur
2202 3832 2311 3876 cor
2420 3821 2731 3887 evocaret,
2783 3813 2877 3874 sic
2926 3811 3169 3894 praelati
3218 3816 3369 3871 sunt
3416 3806 3798 3886 instruendi,
3839 3822 3919 3866 ne

809 3906 1042 3970 bonam
1083 3907 1538 3971 conscientiam
1587 3908 1848 3985 habenS,
1892 3927 1967 3972 eo
2005 3912 2176 3992 quod
2218 3912 2313 3974 di-
2419 3912 2663 3993 absque
2720 3912 3094 3974 necessitate
3144 3919 3255 3973 aut
3310 3908 3591 3972 evidenti
3652 3905 3920 3967 utilitate

813 4004 982 4068 vinis
1038 4004 1324 4067 obedivit
1381 4006 1714 4087 praeceptis
1765 4026 1781 4071 :
1833 4008 1976 4071 ideo
2025 4009 2311 4072 Christus
2422 4010 2745 4093 postulent
2802 4011 3085 4092 aliquem
3134 4029 3172 4071 a
3220 4006 3729 4089 contemplativae
3774 4003 3920 4067 vitae

813 4101 972 4166 illud
1019 4103 1298 4166 libenter
1344 4104 1701 4185 ingreditur
1749 4124 1864 4188 per
1897 4107 2114 4187 gratim
2160 4127 2315 4190 aug·
2419 4110 2668 4172 actibus
2710 4109 3015 4171 abstrahi.

815 4201 1289 4277 mentationem,
1339 4210 1642 4285 tanquam
1697 4223 1916 4267 carum
1971 4205 2313 4270 familiare-
2340 4208 2395 4272 D
2502 4208 2680 4273 Circa
2735 4209 2909 4270 hunc
2966 4208 3179 4271 locum
3224 4204 3663 4285 evangelicum
3722 4203 3921 4265 multa

812 4320 942 4384 que
979 4300 1128 4364 sibi.
1163 4300 1374 4375 Porro,
1411 4320 1526 4384 per
1559 4301 1884 4377 martham,
1917 4304 2130 4367 anima
2168 4308 2314 4371 vitae
2423 4314 2682 4390 possent
2710 4308 2789 4369 de
2818 4306 2948 4370 vita
2976 4303 3469 4387 contemplativa
3496 4310 3559 4365 et
3586 4302 3803 4377 activa,
3828 4319 3922 4363 ea-

814 4400 1040 4464 activae
1085 4399 1406 4463 exercitiis
1455 4400 1666 4463 dedita
1711 4402 2067 4484 explicatur
2109 4423 2122 4467 ε
2168 4425 2315 4487 quae
2424 4426 2696 4489 rumque
2726 4407 3133 4471 distinctione
3172 4404 3413 4479 induci,
3446 4410 3511 4465 et
3536 4420 3682 4485 quae
3719 4401 3800 4463 sit
3830 4400 3921 4463 di-

813 4498 1138 4563 Christum
1177 4497 1242 4561 in
1283 4517 1398 4561 sua
1443 4499 1670 4581 recipit
1705 4500 1915 4576 domo,
1948 4501 2070 4565 hoc
2107 4512 2205 4566 est
2246 4504 2310 4567 in
2420 4506 2606 4588 gnior
2661 4505 3029 4588 investigari
3082 4525 3097 4568 :
3150 4506 3230 4567 de
3285 4503 3524 4585 quibus
3580 4500 3919 4583 specialem

813 4597 1063 4661 arcanis
1103 4597 1510 4661 conscientia
1547 4616 1716 4679 suae3
1757 4599 1944 4681 cujus
1983 4620 2161 4666 soror
2198 4603 2315 4665 Ma·
2422 4613 2759 4669 tractatum
2790 4604 3144 4687 composui.
3170 4602 3245 4665 Et
3274 4621 3447 4665 nunc
3472 4599 3751 4663 breviter
3784 4606 3922 4659 tan-

815 4694 932 4771 ria,
965 4694 1086 4759 hoc
1121 4702 1219 4757 est
1255 4713 1680 4778 quacumque
1719 4696 1932 4761 anima
1971 4698 2064 4761 illi
2107 4708 2179 4762 ut
2214 4720 2313 4765 so·
2420 4706 2483 4787 gi
2544 4713 2771 4787 potest,
2822 4705 2994 4786 quod
3050 4703 3340 4766 absolute
3398 4698 3737 4782 loquendo,
3791 4696 3920 4760 vita

817 4811 922 4858 ror
961 4792 1213 4869 dilecta,
1255 4794 1762 4877 contemplativae
1801 4798 1945 4861 vitae
1985 4798 2309 4877 insistens,
2424 4804 2915 4886 contemplativa
2958 4802 3041 4864 sit
3080 4800 3332 4882 dignior
3373 4817 3569 4881 quam
3604 4796 3827 4871 activa,
3862 4794 3915 4856 si

817 4893 993 4955 sedet
1021 4910 1204 4955 secus
1235 4892 1428 4975 pedes
1453 4892 1622 4969 lesu,
1657 4894 1721 4956 id
1749 4904 1867 4971 est,
1893 4896 1950 4958 ei
1983 4900 2314 4962 humiliter
2424 4904 2489 4965 in
2540 4902 2668 4965 vita
2718 4902 2923 4965 activa
2980 4900 3187 4963 solum
3246 4906 3551 4981 pensetur
3594 4895 3765 4978 quod
3820 4900 3914 4955 est

815 5008 886 5053 se
919 4989 1246 5073 supponit,
1277 4989 1548 5073 ejusque
1585 4993 2008 5058 humilitatem
2051 5015 2315 5079 perpen-
2424 5002 2569 5065 vitae
2608 5001 2849 5063 activae.
2893 4999 2987 5062 Ad
3030 4998 3201 5080 quod
3240 4994 3625 5068 AristoteleS,
3668 4992 3912 5056 decimo

817 5088 930 5163 dit,
959 5106 1033 5151 ac
1073 5088 1336 5171 vestigia
1375 5089 1676 5165 imitatur,
1707 5091 1888 5173 juxta
1927 5093 2086 5157 illud
2119 5086 2314 5159 Thre-
2422 5100 2812 5177 Enniam-um,
2864 5105 3004 5161 octo
3054 5096 3353 5179 pulchras
3404 5102 3597 5175 atque
3648 5090 3911 5154 subtiles

547 5204 787 5255 riman,
819 5206 1071 5265 norum,
1111 5186 1366 5251 Sedebit
1409 5188 1728 5253 solitarius
1771 5198 1834 5254 et
1873 5192 2128 5269 tacebit,
2162 5195 2317 5276 quia
2424 5198 2697 5261 rationes
2734 5196 3012 5260 adducit.
3048 5194 3257 5256 Prima
3295 5200 3411 5267 est,
3444 5190 3745 5273 quoniam
3786 5188 3912 5251 vita

524 5270 592 5311 ²⁸·
821 5286 1058 5351 levabit
1097 5306 1164 5349 se
1211 5306 1405 5370 super
1449 5306 1556 5369 se3
1601 5297 1665 5351 et
1710 5290 1886 5353 audit
1929 5293 2198 5356 verbum
2245 5294 2316 5356 il·
2423 5294 2914 5375 contemplativa
2948 5292 3253 5374 competit
3282 5288 3525 5355 homini
3562 5286 3912 5350 secundum
