4300 6259
38 790 263 894 ‘fault
276 806 379 844 xv,

160 1677 249 1731 18

62 2080 81 2123 Ι
100 2080 235 2124 Cor.
254 2093 327 2126 ιτ,
344 2079 401 2120 4.

60 2181 227 2234 Apoe-
250 2178 399 2229 usto.

68 2570 241 2614 icor.
260 2568 403 2620 *0¹³-

132 3945 291 3988 Rom-
320 3953 419 3990 xiv.

100 4011 185 4052 22.

121 5125 429 5172 Νικαιαν.

123 5195 205 5235 41.

1238 510 1595 559 fflfflA'l'lo
1636 510 1701 558 m
1740 510 1880 559 GAP.
1928 511 1995 558 111
2035 511 2315 560 JOANNIS.
2363 532 2442 544 --
2481 514 2623 561 ART-
2669 513 2734 560 11

424 679 727 753 serendo,
779 680 891 761 qui
942 700 1068 744 non
1118 690 1299 744 erant
1344 701 1424 746 ex
1470 682 1699 746 ovibus
1740 682 1874 746 suis
1918 701 1933 746 τ
1966 683 2019 745 Α
2048 702 2175 747 non
2206 701 2426 747 omnes
2455 685 2762 767 aequalem
2801 684 3156 748 sortiuntur
3193 683 3537 757 miseriam,

428 776 517 838 de
548 777 787 858 quibus
824 787 887 840 et
925 779 1105 854 dixit,
1139 779 1339 844 Sinite
1379 781 1543 856 illos,
1575 781 1725 844 caeci
1766 789 1934 855 sunt,

428 881 499 935 et
530 875 723 938 duces
754 895 1081 940 eaecorum.
1099 878 1291 941 Aliud
1322 897 1472 943 vero
1501 887 1597 942 est
1622 879 1937 960 judicium

430 975 969 1040 remunerationis
998 985 1063 1039 et
1090 978 1637 1041 condemnationis
1670 997 1783 1060 per
1813 995 1942 1060 poe-

430 1089 539 1134 nae
580 1071 953 1136 illationem.
994 1074 1125 1138 Hoc
1171 1075 1457 1138 Christus
1508 1095 1634 1140 non
1677 1075 1828 1138 fecit
1871 1076 1938 1137 in

430 1171 650 1252 primo
708 1190 825 1235 suo
880 1174 1209 1253 adventu3
1262 1175 1373 1236 sed
1430 1175 1495 1238 in
1554 1175 1657 1238 die
1712 1174 1937 1256 judicii

428 1268 627 1332 faciet
674 1270 741 1333 id
789 1272 1236 1347 communiter,
1278 1282 1343 1335 et
1379 1273 1447 1336 in
1485 1281 1687 1338 morte
1726 1273 1941 1354 singu-

431 1368 647 1431 lorum
688 1367 841 1431 facit
880 1370 1095 1452 ipsum
1146 1371 1633 1453 particulariter.
1674 1372 1790 1435 Per
1826 1372 1939 1434 has

430 1465 881 1529 distinctiones
917 1466 1193 1532 faciliter
1230 1471 1693 1532 concordantur
1729 1477 1941 1533 aucto-

432 1565 659 1626 ritates
699 1583 845 1646 quae
886 1582 1241 1648 repugnare
1282 1567 1599 1630 videntur.

528 1664 653 1732 Qui
680 1663 885 1724 credit
915 1665 989 1725 in
1016 1685 1163 1724 eum
1205 1673 1704 1747 perseveranter,
1734 1683 1940 1746 usque

432 1761 523 1823 ad
566 1759 767 1822 finem
825 1760 957 1824 fide
1012 1769 1077 1824 et
1132 1781 1323 1846 opere
1380 1783 1644 1826 manens
1700 1763 1934 1839 fidelis,

2048 783 2158 844 sed
2199 782 2642 864 unusquisque
2678 783 2858 863 juxta
2895 801 3260 846 mensuram
3301 781 3399 844 sui
3441 782 3546 843 de-

2048 879 2205 953 licti,
2250 881 2457 963 poenis
2497 881 2847 962 maj0ribus
2899 882 2997 945 vel
3045 879 3403 945 minoribus
3445 880 3546 941 de-

2054 985 2338 1058 putetur.

2131 1075 2328 1138 Causa
2373 1084 2586 1139 autem
2635 1095 2751 1140 cur
2793 1076 3114 1158 judicatus
3151 1075 3281 1157 jam
3327 1074 3410 1137 sit
3451 1074 3548 1137 in-

2050 1173 2285 1248 fidelis,
2329 1174 2742 1256 subjungitur
2785 1194 2799 1238 :
2845 1177 3006 1255 quia
3051 1195 3182 1236 non
3232 1175 3436 1234 credit
3469 1175 3544 1234 in

2050 1274 2312 1334 nomine
2359 1275 2692 1351 uniqeniti
2743 1276 2907 1336 F‘izii
2953 1275 3096 1346 Dei,
3147 1273 3264 1336 hoc
3321 1279 3418 1334 est
3475 1271 3540 1334 in

2050 1371 2192 1452 ipso
2241 1371 2398 1435 Filio
2445 1372 2552 1434 Dei
2604 1373 2873 1435 naturali
2925 1381 2988 1435 et
3038 1371 3224 1436 unico
3264 1391 3278 1434 :
3324 1381 3389 1435 et
3431 1389 3546 1452 per

2050 1487 2445 1551 consequens
2476 1471 2844 1533 mendacem
2871 1470 3026 1533 facit
3056 1471 3248 1532 Deum
3279 1469 3538 1545 Patrem,

2050 1569 2401 1630 secundum
2450 1569 2623 1649 quod
2667 1568 2934 1632 Ioannes
2975 1568 3163 1631 habet
3197 1586 3210 1630 :
3253 1566 3370 1641 Qui
3411 1586 3538 1632 non
3567 1586 3830 1694 ¹1⁰1mm,

2050 1665 2254 1728 credit
2299 1665 2364 1726 in
2411 1664 2666 1740 Filium,
2701 1666 3068 1728 mendaeem
3117 1665 3270 1728 facit
3314 1665 3535 1740 Deum,

2048 1763 2202 1845 quia
2239 1782 2366 1827 non
2412 1763 2612 1827 credit
2658 1763 2724 1825 in
2765 1763 3198 1828 testimonium
3237 1765 3408 1846 quod
3457 1771 3542 1826 te-

430 1879 572 1920 non
606 1861 967 1937 judicatur
1001 1859 1244 1940 judicio
1292 1862 1775 1944 reprobationiS,
1829 1863 1937 1924 sed
1975 1865 2023 1928 B
2051 1861 2364 1924 stificatus
2405 1869 2501 1924 est
2541 1862 2704 1925 Deus
2748 1863 2826 1925 de
2867 1861 3026 1926 Filio
3067 1880 3204 1925 suo.

432 1957 944 2039 approbationis,
1004 1960 1083 2021 de
1138 1978 1268 2041 quo
1324 1960 1478 2024 dicit
1531 1960 1867 2043 Apostolus
1920 1979 1934 2024 :

432 2055 559 2129 Qui
587 2056 833 2137 judicat
862 2077 986 2132 me,
1006 2057 1311 2122 Dominus
1343 2067 1459 2122 est.
1482 2061 1657 2124 Unde
1686 2061 1751 2123 in
1782 2061 1941 2143 Apo·

434 2154 683 2237 calypsi
742 2155 975 2237 legitur
1036 2175 1050 2218 ε
1112 2155 1259 2220 Esto
1322 2157 1535 2221 fidelis
1600 2177 1803 2241 usque
1861 2159 1938 2221 ad

434 2262 730 2329 mortem,
778 2264 842 2318 et
888 2255 1051 2319 dabo
1099 2256 1217 2318 tibi
1268 2275 1565 2321 coronam
1610 2258 1775 2322 vitae.
1813 2260 1942 2329 Qui

434 2363 661 2414 autem
698 2373 829 2414 non
870 2356 1095 2427 credit,
1114 2356 1269 2433 jam
1291 2357 1639 2432 judicatus
1676 2367 1789 2428 est,
1822 2357 1942 2420 hoc

434 2459 541 2514 est
595 2451 909 2514 divinitus
966 2452 1363 2534 reprobatus.
1420 2452 1503 2515 De
1549 2473 1679 2535 quo
1728 2471 1945 2536 repro-

434 2550 719 2614 bationis
755 2550 1000 2631 judicio
1038 2550 1267 2613 Paulus
1305 2559 1571 2615 testatur
1611 2571 1626 2614 ε
1668 2551 1787 2616 Εοε
1829 2553 1943 2636 qui

435 2649 597 2713 foris
641 2658 793 2712 sunt
835 2649 1139 2714 Dominus
1178 2650 1511 2730 judicabit.

519 2748 856 2822 Quaeritur,
898 2750 1219 2830 quomodo
1267 2749 1553 2813 infidelis
1598 2749 1729 2830 jam
1776 2750 1946 2831 judi-

436 2855 619 2910 catus
648 2847 918 2922 dicatur,
951 2866 1154 2929 quum
1184 2849 1393 2911 adhuc
1423 2849 1625 2912 viator
1661 2849 1940 2925 exsistat,

2131 1961 2303 2025 Istud
2351 1960 2405 2023 si
2450 1961 2892 2024 universaliter
2931 1968 3122 2042 atque
3167 1960 3547 2042 simpliciter

2051 2059 2464 2141 intelligatur,
2502 2077 2898 2142 consequens
2935 2067 3103 2122 esset
3140 2061 3313 2142 quod
3357 2077 3546 2123 nemo

2054 2177 2339 2240 unquam
2397 2159 2674 2221 salvatus
2733 2167 2830 2222 est
2884 2158 3022 2222 sine
3069 2158 3368 2242 explicita
3415 2157 3547 2222 fide

2053 2257 2284 2320 Christi
2325 2256 2549 2330 futuri,
2592 2258 2920 2339 praesentis
2965 2257 3066 2322 vel
3108 2257 3310 2320 missi.
3352 2257 3546 2340 Cujus

2054 2355 2443 2420 contrarium
2517 2361 2737 2417 tenent
2811 2356 3120 2430 doctores,
3193 2363 3546 2418 asserentes

2052 2455 2226 2536 quod
2272 2462 2418 2517 ante
2465 2453 2695 2517 Christi
2738 2454 3106 2528 adventum,
3141 2452 3546 2536 simplicibus

2054 2552 2421 2615 sufficiebat
2451 2551 2765 2633 implicita
2790 2550 2957 2614 fides
2988 2551 3066 2614 de
3095 2551 3363 2626 Christo,
3399 2571 3548 2614 cum

2053 2650 2456 2714 observantia
2487 2650 2642 2731 legis
2672 2649 2976 2712 naturalis
3005 2651 3215 2731 quoad
3250 2651 3543 2731 gentileS‚

2055 2749 2158 2811 vel
2197 2748 2451 2830 scriptae
2487 2749 2698 2830 quoad
2735 2747 3002 2820 JudaeOS‚
3037 2747 3150 2828 qui
3195 2748 3544 2811 secundum

2055 2849 2387 2928 quosdam,
2419 2846 2803 2910 tenebantur
2837 2847 2916 2908 ad
2953 2845 3318 2928 explicitam
3349 2846 3547 2908 fidem

438 2946 850 3026 necdumque
907 2945 1157 3008 oblatus
1214 2947 1299 3009 sit
1354 2946 1659 3009 tribunali
1706 2947 1944 3028 judicis
2058 2949 2135 3010 de
2175 2947 2422 3010 Christo
2462 2946 2527 3009 in
2568 2945 2849 3027 generali
2886 2963 2900 3007 :
2935 2945 3022 3007 ita
3056 2946 3230 3026 quod
3267 2945 3551 3010 sufficie-

438 3043 699 3107 Christi.
760 3041 833 3105 Et
890 3044 1427 3125 respondendum,
1481 3046 1653 3126 quod
1712 3045 1947 3109 dicitur
1984 3047 2027 3111 C
2058 3043 2166 3106 bat
2210 3046 2466 3107 credere
2513 3061 2653 3106 esse
2705 3043 2896 3106 vitam
2943 3051 3087 3126 post
3124 3042 3289 3106 hanc
3330 3044 3546 3120 vitam,

438 3141 569 3222 jam
618 3141 943 3222 judicatus
988 3141 1331 3224 tripliciter
1381 3163 1397 3207 :
1448 3141 1679 3218 Primo,
1718 3145 1949 3226 quoni-
2058 3151 2120 3204 et
2157 3143 2328 3224 quod
2359 3141 2522 3204 Deus
2561 3140 2819 3204 haberet
2861 3141 3323 3223 providentiam
3359 3149 3552 3224 atque

438 3257 547 3301 am
606 3257 725 3321 pro
780 3239 1061 3320 judicato
1125 3247 1189 3302 et
1248 3241 1583 3323 reprobato
1651 3242 1942 3305 habetur.

440 3335 760 3411 Secundo,
820 3337 1125 3419 quoniam
1184 3338 1377 3401 habet
1440 3339 1506 3401 in
1564 3357 1633 3402 se
1692 3359 1947 3404 causam

442 3435 871 3499 damnationis
928 3436 1084 3500 adeo
1132 3436 1517 3513 evidentem,
1570 3446 1641 3500 ut
1688 3458 1815 3502 nen
1867 3439 1949 3501 sit

443 3533 711 3614 dignum
772 3533 1237 3597 discussionem
1297 3536 1375 3598 de
1434 3535 1573 3617 ipso
1621 3555 1944 3619 peragere.

442 3630 652 3705 Quum
695 3632 868 3695 enim
910 3640 1120 3695 careat
1158 3632 1311 3711 fide,
1356 3643 1601 3698 certum
1640 3643 1736 3698 est
1776 3638 1951 3718 quod

444 3728 539 3791 nil
587 3728 991 3792 meritorium
1040 3728 1289 3804 habeat,
1344 3731 1453 3792 sed
1500 3733 1750 3795 mortali
1802 3734 1952 3796 sub-

446 3827 652 3909 jaceat
693 3827 923 3910 culpae,
967 3827 1313 3892 dummodo
1356 3829 1440 3890 sit
1478 3829 1755 3904 adultuS,
1792 3849 1953 3913 proe-

450 3927 673 3990 sertim
724 3944 927 4008 quum
981 3925 1149 3988 dicat
1191 3925 1530 4008 Apostolus
1574 3946 1587 3990 :
1630 3926 1951 4010 Quidquid

450 4045 578 4089 non
610 4033 710 4087 est
744 4041 822 4087 ex
862 4023 1015 4098 side,
1049 4033 1378 4106 peceatum
1410 4033 1525 4088 est.
1556 4025 1741 4088 Juxta
1777 4026 1951 4092 hunc

448 4125 712 4187 modum
741 4122 1049 4204 loquendi
1090 4123 1364 4185 dicimus
1404 4125 1482 4186 de
1522 4124 1780 4188 homine
1812 4144 1951 4207 ago·

2054 3239 2370 3320 judicium
2425 3248 2686 3302 actuum
2745 3239 3191 3311 humanorum,
3243 3246 3305 3302 et
3361 3239 3550 3303 saluti

2057 3337 2393 3400 hominum
2456 3338 2818 3420 provideret
2877 3339 3226 3400 secundum
3289 3339 3548 3400 modum

2058 3436 2181 3500 sibi
2223 3437 2576 3519 placentem
2621 3444 2685 3499 et
2726 3436 2805 3499 ab
2851 3436 2990 3518 ipso
3031 3435 3544 3518 praeordinatum.

2058 3536 2234 3598 Unde
2271 3533 2599 3598 Cornelius
2649 3534 2938 3597 centurio
2986 3533 3094 3595 tali
3136 3532 3268 3597 fide
3310 3533 3551 3616 placuit

2058 3633 2205 3696 Deo.
2257 3631 2404 3694 Erat
2459 3631 2632 3695 enim
2681 3632 2778 3696 vir
2828 3631 3162 3712 religiosus
3209 3639 3272 3693 et
3318 3631 3544 3708 bonuS‚
3604 3658 3838 3712 neam,

2060 3731 2246 3812 cujus
2273 3731 2587 3794 orationes
2626 3738 2688 3792 et
2725 3730 3142 3812 eleemosynas
3170 3747 3553 3794 commemo·
3577 3723 3705 3774 ²²2⁴·

2060 3838 2210 3894 ratae
2254 3828 2517 3892 fuerunt
2564 3846 2776 3892 coram
2817 3828 2942 3890 Deo
2986 3845 3000 3889 :
3043 3834 3106 3889 et
3146 3835 3354 3889 tamen
3395 3846 3554 3891 non-

2060 3929 2215 3991 dum
2263 3929 2450 3992 scivit
2497 3926 2912 3993 determinate
2960 3925 3206 4007 aliquid
3253 3924 3429 4008 loqui
3475 3927 3552 3988 de

2060 4026 2329 4090 Christo.
2352 4061 2432 4072 —
2459 4025 2535 4087 Et
2559 4024 3097 4106 respondendum,
3129 4023 3301 4105 quod
3331 4023 3386 4086 si
3417 4041 3556 4088 ver-

2060 4123 2141 4186 ba
2186 4123 2600 4205 Evangelistae
2650 4121 3084 4203 intelligantur
3131 4123 3210 4185 de
3256 4121 3557 4203 explicita

444 4221 699 4283 nizante
736 4220 837 4282 vel
879 4237 1127 4284 veneno
1166 4219 1423 4295 infecto,
1454 4223 1628 4303 quod
1666 4223 1749 4285 sit
1786 4242 1953 4287 mor·
1980 4229 2029 4291 D
2060 4222 2191 4286 side
2236 4223 2377 4285 Filii
2421 4222 2553 4297 Dei,
2589 4241 2713 4284 non
2755 4228 2944 4283 erunt
2990 4220 3068 4283 de
3106 4219 3405 4284 omnibus
3444 4220 3557 4283 ho-

442 4328 595 4383 tuus
635 4318 851 4383 homo.
895 4316 1127 4394 Tertio,
1170 4319 1325 4400 quia
1371 4320 1585 4383 sutura
1632 4330 1782 4385 sunt
1828 4322 1950 4387 Deo

441 4417 627 4500 quasi
680 4416 1041 4498 praesentia,
1084 4416 1198 4498 qui
1248 4418 1463 4480 omnia
1510 4421 1823 4503 conspicit
1863 4428 1951 4484 at-

441 4534 573 4598 que
622 4514 1107 4598 praesentialiter
1154 4515 1357 4579 cernit
1405 4516 1470 4578 in
1518 4517 1660 4599 ipso
1706 4520 1949 4583 aeterni·

442 4615 591 4678 tatis
620 4622 962 4678 momento.
978 4612 1419 4677 Verumtamen
1452 4615 1516 4677 in
1550 4616 1705 4680 hora
1732 4617 1949 4681 mortis

440 4711 840 4794 judicabitur
881 4721 1193 4794 quantum
1244 4714 1323 4776 ad
1373 4715 1945 4779 remunerationem

444 4829 559 4874 seu
622 4828 831 4894 poenae
888 4811 1261 4884 illationem,
1313 4821 1625 4893 quantum
1681 4815 1757 4877 ad
1816 4816 1952 4878 ani-

448 4928 645 4984 mam,
696 4917 764 4972 et
818 4909 885 4971 in
943 4909 1045 4972 die
1096 4911 1463 4984 novissimo,
1514 4921 1825 4992 quantum
1872 4916 1949 4978 ad

450 5027 688 5090 corpus
734 5016 801 5070 et
846 5007 1148 5083 animam,
1189 5010 1447 5090 quando
1484 5010 1605 5072 erit
1647 5030 1813 5074 unus
1849 5031 1954 5076 eo-

456 5125 603 5168 rum
660 5104 901 5187 quibus
958 5105 1205 5168 dicetur
1255 5125 1269 5168 :
1330 5106 1440 5187 lte,
1490 5108 1831 5184 maledicti,
1886 5109 1950 5173 in

456 5203 673 5284 ignem
717 5211 1051 5266 aeternum.
1089 5202 1462 5266 Judieantur
1503 5205 1767 5287 insuper
1806 5207 1954 5270 infi-

458 5303 635 5365 deles
684 5309 828 5386 post
876 5301 1039 5366 hanc
1090 5301 1285 5366 vitam
1332 5304 1541 5384 quoad
1588 5303 1729 5380 hoc,
1782 5307 1952 5387 quod

2061 4320 2344 4383 minibus
2398 4320 2830 4400 intelligenda,
2886 4319 2996 4382 sed
3046 4319 3124 4382 de
3180 4318 3552 4401 maJ'oribuS,

2062 4427 2218 4502 puta
2261 4418 2590 4501 Prophetis
2637 4426 2704 4480 et
2746 4417 3144 4492 PatriarchiS,
3179 4425 3241 4479 et
3288 4415 3554 4479 eruditis

2058 4516 2137 4579 ab
2179 4517 2332 4592 illis,
2375 4535 2492 4598 pro
2527 4522 2816 4597 tempore
2859 4515 3015 4596 legis
3057 4514 3331 4598 scriptae.
3375 4513 3556 4578 Tem-

2060 4633 2214 4696 pore
2271 4622 2483 4676 autem
2540 4613 2920 4694 evangelicae
2976 4612 3132 4693 legis
3189 4631 3410 4676 omnes
3465 4620 3556 4676 te-

2060 4721 2296 4777 nentur
2329 4714 2407 4776 ad
2446 4711 2810 4794 explicitam
2851 4711 3047 4774 sidem
3088 4712 3166 4774 de
3205 4711 3454 4774 Christo
3490 4720 3554 4775 et

2060 4812 2385 4874 Trinitate.
2445 4811 2684 4874 Idcirco
2745 4809 2876 4890 jam
2945 4827 3133 4873 nemo
3199 4809 3367 4874 valet
3431 4810 3552 4872 sal-

2060 4909 2196 4973 vari
2235 4909 2358 4971 nisi
2397 4907 2700 4990 explicita
2736 4908 2868 4969 fide
2911 4908 2990 4970 de
3029 4907 3356 4988 unigenito
3393 4906 3552 4971 Filio

2060 5009 2192 5072 Dei.

2142 5113 2280 5172 Hoc
2305 5117 2395 5168 est
2423 5116 2640 5168 autem
2653 5105 3027 5183 judicium,
3059 5103 3179 5166 hoe
3221 5111 3336 5178 est,
3379 5103 3550 5167 istud

2061 5208 2232 5290 quod
2271 5205 2586 5279 subditur,
2619 5210 2714 5266 est
2751 5221 2938 5265 causa
2977 5201 3300 5265 meritoria
3323 5201 3548 5283 judicii

2062 5303 2524 5387 reprobationis
2564 5301 2926 5365 infidelium
2961 5300 3382 5382 omniumque
3415 5317 3554 5384 per-

3685 5113 3752 5170 19
