<?xml version="1.0" encoding="UTF-8"?>
<!DOCTYPE html PUBLIC "-//W3C//DTD XHTML 1.0 Transitional//EN"
    "http://www.w3.org/TR/xhtml1/DTD/xhtml1-transitional.dtd">
<html xmlns="http://www.w3.org/1999/xhtml" xml:lang="en" lang="en">
 <head>
  <title>
</title>
<meta http-equiv="Content-Type" content="text/html;charset=utf-8" />
  <meta name='ocr-system' content='tesseract 3.04.00' />
  <meta name='ocr-capabilities' content='ocr_page ocr_carea ocr_par ocr_line ocrx_word'/>
</head>
<body>
  <div class='ocr_page' id='page_1' title='image "./doctorisecstati09unkngoog_0049.png"; bbox 0 0 4300 6259; ppageno 0'>
   <div class='ocr_carea' id='block_1_1' title="bbox 101 2684 332 2737">
    <p class='ocr_par' dir='ltr' id='par_1_1' title="bbox 101 2684 332 2737">
     <span class='ocr_line' id='line_1_1' title="bbox 101 2684 332 2737; baseline 0 -10"><span class='ocrx_word' id='word_1_1' title='bbox 101 2684 256 2727; x_wconf 66' lang='lat' dir='ltr'><strong>Hatita.</strong></span> <span class='ocrx_word' id='word_1_2' title='bbox 275 2698 332 2737; x_wconf 74' lang='lat' dir='ltr'><strong>vn,</strong></span> 
     </span>
    </p>
   </div>
   <div class='ocr_carea' id='block_1_2' title="bbox 89 2880 334 2931">
    <p class='ocr_par' dir='ltr' id='par_1_2' title="bbox 89 2880 334 2931">
     <span class='ocr_line' id='line_1_2' title="bbox 89 2880 334 2931; baseline 0.02 -10"><span class='ocrx_word' id='word_1_3' title='bbox 89 2880 334 2931; x_wconf 52' lang='lat' dir='ltr'><strong>malon.</strong></span> 
     </span>
    </p>
   </div>
   <div class='ocr_carea' id='block_1_3' title="bbox 91 3573 334 3625">
    <p class='ocr_par' dir='ltr' id='par_1_3' title="bbox 91 3573 334 3625">
     <span class='ocr_line' id='line_1_3' title="bbox 91 3573 334 3625; baseline 0.008 -10"><span class='ocrx_word' id='word_1_4' title='bbox 91 3573 227 3618; x_wconf 66' lang='lat' dir='ltr'><strong>Jacob.</strong></span> <span class='ocrx_word' id='word_1_5' title='bbox 248 3588 278 3625; x_wconf 83' lang='grc' dir='ltr'><strong>ι,</strong></span> <span class='ocrx_word' id='word_1_6' title='bbox 294 3578 334 3617; x_wconf 75' lang='lat'><strong>⁶.</strong></span> 
     </span>
    </p>
   </div>
   <div class='ocr_carea' id='block_1_4' title="bbox 1171 518 2662 571">
    <p class='ocr_par' dir='ltr' id='par_1_4' title="bbox 1171 518 2662 571">
     <span class='ocr_line' id='line_1_4' title="bbox 1171 518 2662 571; baseline 0.004 -6"><span class='ocrx_word' id='word_1_7' title='bbox 1171 518 1522 567; x_wconf 65' lang='lat' dir='ltr'><strong>RNARRATIO</strong></span> <span class='ocrx_word' id='word_1_8' title='bbox 1565 519 1630 565; x_wconf 78' lang='lat' dir='ltr'><strong>IN</strong></span> <span class='ocrx_word' id='word_1_9' title='bbox 1674 520 1812 567; x_wconf 72' lang='lat' dir='ltr'><strong>CAP.</strong></span> <span class='ocrx_word' id='word_1_10' title='bbox 1858 522 1924 568; x_wconf 83' lang='lat' dir='ltr'><strong>xl</strong></span> <span class='ocrx_word' id='word_1_11' title='bbox 1965 522 2155 569; x_wconf 74' lang='lat' dir='ltr'><strong>LUCAE.</strong></span> <span class='ocrx_word' id='word_1_12' title='bbox 2202 542 2282 553; x_wconf 85' lang='lat'><strong>—-·</strong></span> <span class='ocrx_word' id='word_1_13' title='bbox 2321 525 2465 570; x_wconf 75' lang='lat' dir='ltr'><strong>Am·-</strong></span> <span class='ocrx_word' id='word_1_14' title='bbox 2511 525 2662 571; x_wconf 70' lang='lat' dir='ltr'><strong>xxix</strong></span> 
     </span>
    </p>
   </div>
   <div class='ocr_carea' id='block_1_5' title="bbox 3388 506 3467 571">
    <p class='ocr_par' dir='ltr' id='par_1_5' title="bbox 3388 506 3467 571">
     <span class='ocr_line' id='line_1_5' title="bbox 3388 506 3467 571; baseline 0 0"><span class='ocrx_word' id='word_1_15' title='bbox 3388 506 3467 571; x_wconf 79' lang='lat'><strong>27</strong></span> 
     </span>
    </p>
   </div>
   <div class='ocr_carea' id='block_1_6' title="bbox 355 691 3763 877">
    <p class='ocr_par' dir='ltr' id='par_1_6' title="bbox 355 691 3763 877">
     <span class='ocr_line' id='line_1_6' title="bbox 357 691 3465 777; baseline 0.001 -24"><span class='ocrx_word' id='word_1_16' title='bbox 357 691 480 753; x_wconf 91' lang='lat' dir='ltr'><strong>ritu</strong></span> <span class='ocrx_word' id='word_1_17' title='bbox 529 710 606 755; x_wconf 90' lang='lat' dir='ltr'><strong>ac</strong></span> <span class='ocrx_word' id='word_1_18' title='bbox 654 692 906 755; x_wconf 84' lang='lat' dir='ltr'><strong>fervore</strong></span> <span class='ocrx_word' id='word_1_19' title='bbox 953 692 1200 754; x_wconf 82' lang='lat' dir='ltr'><strong>discant</strong></span> <span class='ocrx_word' id='word_1_20' title='bbox 1246 699 1310 754; x_wconf 92' lang='lat' dir='ltr'><strong>et</strong></span> <span class='ocrx_word' id='word_1_21' title='bbox 1357 700 1724 755; x_wconf 83' lang='lat' dir='ltr'><strong>assuescant</strong></span> <span class='ocrx_word' id='word_1_22' title='bbox 1767 692 1866 755; x_wconf 82' lang='lat' dir='ltr'><strong>Al·</strong></span> <span class='ocrx_word' id='word_1_23' title='bbox 1895 692 1945 753; x_wconf 90' lang='lat' dir='ltr'><strong>A</strong></span> <span class='ocrx_word' id='word_1_24' title='bbox 1975 695 2373 760; x_wconf 77' lang='lat' dir='ltr'><strong>condemnat.</strong></span> <span class='ocrx_word' id='word_1_25' title='bbox 2410 695 2567 757; x_wconf 86' lang='lat' dir='ltr'><strong>Hinc</strong></span> <span class='ocrx_word' id='word_1_26' title='bbox 2606 714 2721 777; x_wconf 92' lang='lat' dir='ltr'><strong>per</strong></span> <span class='ocrx_word' id='word_1_27' title='bbox 2748 696 3111 759; x_wconf 81' lang='lat' dir='ltr'><strong>Malachiam</strong></span> <span class='ocrx_word' id='word_1_28' title='bbox 3152 702 3417 757; x_wconf 89' lang='lat' dir='ltr'><strong>testatur</strong></span> <span class='ocrx_word' id='word_1_29' title='bbox 3451 713 3465 757; x_wconf 90' lang='lat'><strong>:</strong></span> 
     </span>
     <span class='ocr_line' id='line_1_7' title="bbox 355 791 3763 877; baseline 0 -23"><span class='ocrx_word' id='word_1_30' title='bbox 355 792 682 854; x_wconf 87' lang='lat' dir='ltr'><strong>tissimum</strong></span> <span class='ocrx_word' id='word_1_31' title='bbox 733 791 1052 865; x_wconf 89' lang='lat' dir='ltr'><strong>invocare,</strong></span> <span class='ocrx_word' id='word_1_32' title='bbox 1096 809 1228 873; x_wconf 93' lang='lat' dir='ltr'><strong>quo</strong></span> <span class='ocrx_word' id='word_1_33' title='bbox 1277 798 1487 873; x_wconf 91' lang='lat' dir='ltr'><strong>patres</strong></span> <span class='ocrx_word' id='word_1_34' title='bbox 1536 809 1756 854; x_wconf 87' lang='lat' dir='ltr'><strong>eorum</strong></span> <span class='ocrx_word' id='word_1_35' title='bbox 1803 792 1866 854; x_wconf 92' lang='lat' dir='ltr'><strong>id</strong></span> <span class='ocrx_word' id='word_1_36' title='bbox 1973 792 2172 877; x_wconf 86' lang='lat' dir='ltr'><strong>Filius</strong></span> <span class='ocrx_word' id='word_1_37' title='bbox 2203 793 2469 856; x_wconf 89' lang='lat' dir='ltr'><strong>honorat</strong></span> <span class='ocrx_word' id='word_1_38' title='bbox 2508 803 2751 877; x_wconf 86' lang='lat' dir='ltr'><strong>patrem</strong></span> <span class='ocrx_word' id='word_1_39' title='bbox 2792 815 3002 871; x_wconf 91' lang='lat' dir='ltr'><strong>suum,</strong></span> <span class='ocrx_word' id='word_1_40' title='bbox 3036 803 3099 858; x_wconf 90' lang='lat' dir='ltr'><strong>et</strong></span> <span class='ocrx_word' id='word_1_41' title='bbox 3137 814 3357 858; x_wconf 86' lang='lat' dir='ltr'><strong>servus</strong></span> <span class='ocrx_word' id='word_1_42' title='bbox 3395 794 3473 857; x_wconf 84' lang='lat' dir='ltr'><strong>ti-</strong></span> <span class='ocrx_word' id='word_1_43' title='bbox 3522 813 3763 864; x_wconf 67' lang='grc' dir='ltr'><strong>Μαιαειιι,</strong></span> 
     </span>
    </p>
   </div>
   <div class='ocr_carea' id='block_1_7' title="bbox 356 890 1868 1250">
    <p class='ocr_par' dir='ltr' id='par_1_7' title="bbox 356 890 1868 1250">
     <span class='ocr_line' id='line_1_8' title="bbox 356 890 1868 973; baseline 0 -21"><span class='ocrx_word' id='word_1_44' title='bbox 356 898 573 973; x_wconf 85' lang='lat' dir='ltr'><strong>agunt.</strong></span> <span class='ocrx_word' id='word_1_45' title='bbox 612 890 809 953; x_wconf 86' lang='lat' dir='ltr'><strong>Tanta</strong></span> <span class='ocrx_word' id='word_1_46' title='bbox 856 907 1116 971; x_wconf 91' lang='lat' dir='ltr'><strong>quoque</strong></span> <span class='ocrx_word' id='word_1_47' title='bbox 1165 897 1260 951; x_wconf 93' lang='lat' dir='ltr'><strong>est</strong></span> <span class='ocrx_word' id='word_1_48' title='bbox 1309 890 1611 953; x_wconf 88' lang='lat' dir='ltr'><strong>orationis</strong></span> <span class='ocrx_word' id='word_1_49' title='bbox 1661 891 1868 972; x_wconf 87' lang='lat' dir='ltr'><strong>digni-</strong></span> 
     </span>
     <span class='ocr_line' id='line_1_9' title="bbox 358 988 1868 1071; baseline -0.001 -19"><span class='ocrx_word' id='word_1_50' title='bbox 358 998 472 1063; x_wconf 82' lang='lat' dir='ltr'><strong>taS,</strong></span> <span class='ocrx_word' id='word_1_51' title='bbox 509 988 778 1063; x_wconf 85' lang='lat' dir='ltr'><strong>utilitas,</strong></span> <span class='ocrx_word' id='word_1_52' title='bbox 809 997 1002 1071; x_wconf 86' lang='lat' dir='ltr'><strong>atquc</strong></span> <span class='ocrx_word' id='word_1_53' title='bbox 1034 989 1399 1065; x_wconf 83' lang='lat' dir='ltr'><strong>necessitaS,</strong></span> <span class='ocrx_word' id='word_1_54' title='bbox 1435 998 1505 1052; x_wconf 92' lang='lat' dir='ltr'><strong>ut</strong></span> <span class='ocrx_word' id='word_1_55' title='bbox 1533 990 1760 1052; x_wconf 90' lang='lat' dir='ltr'><strong>merito</strong></span> <span class='ocrx_word' id='word_1_56' title='bbox 1791 990 1868 1051; x_wconf 92' lang='lat' dir='ltr'><strong>de</strong></span> 
     </span>
     <span class='ocr_line' id='line_1_10' title="bbox 360 1087 1868 1169; baseline -0.001 -18"><span class='ocrx_word' id='word_1_57' title='bbox 360 1089 549 1152; x_wconf 91' lang='lat' dir='ltr'><strong>modo</strong></span> <span class='ocrx_word' id='word_1_58' title='bbox 597 1088 822 1151; x_wconf 87' lang='lat' dir='ltr'><strong>orandi</strong></span> <span class='ocrx_word' id='word_1_59' title='bbox 877 1087 1362 1151; x_wconf 81' lang='lat' dir='ltr'><strong>instructionem</strong></span> <span class='ocrx_word' id='word_1_60' title='bbox 1414 1104 1702 1169; x_wconf 80' lang='lat' dir='ltr'><strong>quaerere</strong></span> <span class='ocrx_word' id='word_1_61' title='bbox 1757 1088 1868 1149; x_wconf 89' lang='lat' dir='ltr'><strong>de-</strong></span> 
     </span>
     <span class='ocr_line' id='line_1_11' title="bbox 361 1187 650 1250; baseline -0.007 0"><span class='ocrx_word' id='word_1_62' title='bbox 361 1187 650 1250; x_wconf 83' lang='lat' dir='ltr'><strong>beamuS.</strong></span> 
     </span>
    </p>
   </div>
   <div class='ocr_carea' id='block_1_8' title="bbox 439 1269 1924 1359">
    <p class='ocr_par' dir='ltr' id='par_1_8' title="bbox 439 1269 1924 1359">
     <span class='ocr_line' id='line_1_12' title="bbox 439 1269 1924 1359; baseline 0 -12"><span class='ocrx_word' id='word_1_63' title='bbox 439 1288 528 1347; x_wconf 75' lang='grc' dir='ltr'><strong>Ει</strong></span> <span class='ocrx_word' id='word_1_64' title='bbox 556 1288 658 1347; x_wconf 66' lang='lat' dir='ltr'><strong>ait</strong></span> <span class='ocrx_word' id='word_1_65' title='bbox 686 1287 828 1345; x_wconf 67' lang='lat' dir='ltr'><strong>mis</strong></span> <span class='ocrx_word' id='word_1_66' title='bbox 856 1306 880 1345; x_wconf 94' lang='lat'><strong>.·</strong></span> <span class='ocrx_word' id='word_1_67' title='bbox 913 1288 1128 1355; x_wconf 79' lang='lat' dir='ltr'><strong>Quum</strong></span> <span class='ocrx_word' id='word_1_68' title='bbox 1160 1287 1387 1358; x_wconf 76' lang='lat' dir='ltr'><strong>oratis,</strong></span> <span class='ocrx_word' id='word_1_69' title='bbox 1421 1284 1541 1348; x_wconf 78' lang='lat'>1100</span> <span class='ocrx_word' id='word_1_70' title='bbox 1583 1293 1699 1359; x_wconf 79' lang='lat' dir='ltr'><strong>est,</strong></span> <span class='ocrx_word' id='word_1_71' title='bbox 1734 1303 1870 1348; x_wconf 79' lang='lat' dir='ltr'><strong>ora-</strong></span> <span class='ocrx_word' id='word_1_72' title='bbox 1916 1269 1924 1277; x_wconf 87' lang='lat'>&#39;</span> 
     </span>
    </p>
   </div>
   <div class='ocr_carea' id='block_1_9' title="bbox 353 1382 1872 1862">
    <p class='ocr_par' dir='ltr' id='par_1_9' title="bbox 353 1382 1872 1862">
     <span class='ocr_line' id='line_1_13' title="bbox 361 1382 1867 1465; baseline -0.001 -19"><span class='ocrx_word' id='word_1_73' title='bbox 361 1404 428 1447; x_wconf 89' lang='lat' dir='ltr'><strong>re</strong></span> <span class='ocrx_word' id='word_1_74' title='bbox 478 1383 835 1458; x_wconf 79' lang='lat' dir='ltr'><strong>intenditiS,</strong></span> <span class='ocrx_word' id='word_1_75' title='bbox 889 1382 1025 1446; x_wconf 90' lang='lat' dir='ltr'><strong>sive</strong></span> <span class='ocrx_word' id='word_1_76' title='bbox 1074 1382 1384 1465; x_wconf 82' lang='lat' dir='ltr'><strong>incipitiS‚</strong></span> <span class='ocrx_word' id='word_1_77' title='bbox 1437 1401 1549 1445; x_wconf 90' lang='lat' dir='ltr'><strong>seu</strong></span> <span class='ocrx_word' id='word_1_78' title='bbox 1598 1383 1867 1446; x_wconf 88' lang='lat' dir='ltr'><strong>orationi</strong></span> 
     </span>
     <span class='ocr_line' id='line_1_14' title="bbox 357 1482 1872 1564; baseline -0.001 -19"><span class='ocrx_word' id='word_1_79' title='bbox 357 1483 678 1558; x_wconf 84' lang='lat' dir='ltr'><strong>insistitis,</strong></span> <span class='ocrx_word' id='word_1_80' title='bbox 727 1482 896 1545; x_wconf 89' lang='lat' dir='ltr'><strong>inter</strong></span> <span class='ocrx_word' id='word_1_81' title='bbox 942 1490 1152 1545; x_wconf 89' lang='lat' dir='ltr'><strong>cetera</strong></span> <span class='ocrx_word' id='word_1_82' title='bbox 1192 1484 1392 1543; x_wconf 83' lang='lat' dir='ltr'><strong>dicite</strong></span> <span class='ocrx_word' id='word_1_83' title='bbox 1433 1501 1580 1544; x_wconf 91' lang='lat' dir='ltr'><strong>cum</strong></span> <span class='ocrx_word' id='word_1_84' title='bbox 1631 1482 1872 1564; x_wconf 90' lang='lat' dir='ltr'><strong>specia-</strong></span> 
     </span>
     <span class='ocr_line' id='line_1_15' title="bbox 356 1580 1871 1663; baseline -0.001 -19"><span class='ocrx_word' id='word_1_85' title='bbox 356 1582 606 1644; x_wconf 89' lang='lat' dir='ltr'><strong>lissima</strong></span> <span class='ocrx_word' id='word_1_86' title='bbox 643 1580 1002 1644; x_wconf 86' lang='lat' dir='ltr'><strong>devotione.</strong></span> <span class='ocrx_word' id='word_1_87' title='bbox 1045 1580 1218 1642; x_wconf 89' lang='lat' dir='ltr'><strong>Unus</strong></span> <span class='ocrx_word' id='word_1_88' title='bbox 1259 1580 1723 1663; x_wconf 91' lang='lat' dir='ltr'><strong>discipulorum</strong></span> <span class='ocrx_word' id='word_1_89' title='bbox 1772 1599 1871 1643; x_wconf 90' lang='lat' dir='ltr'><strong>ro-</strong></span> 
     </span>
     <span class='ocr_line' id='line_1_16' title="bbox 353 1679 1868 1762; baseline -0.001 -20"><span class='ocrx_word' id='word_1_90' title='bbox 353 1681 552 1762; x_wconf 83' lang='lat' dir='ltr'><strong>gavit,</strong></span> <span class='ocrx_word' id='word_1_91' title='bbox 595 1681 708 1742; x_wconf 93' lang='lat' dir='ltr'><strong>sed</strong></span> <span class='ocrx_word' id='word_1_92' title='bbox 760 1679 1239 1761; x_wconf 81' lang='lat' dir='ltr'><strong>responsionem</strong></span> <span class='ocrx_word' id='word_1_93' title='bbox 1285 1679 1570 1742; x_wconf 89' lang='lat' dir='ltr'><strong>Christus</strong></span> <span class='ocrx_word' id='word_1_94' title='bbox 1621 1680 1868 1741; x_wconf 90' lang='lat' dir='ltr'><strong>cunctis</strong></span> 
     </span>
     <span class='ocr_line' id='line_1_17' title="bbox 357 1777 1868 1862; baseline -0.001 -22"><span class='ocrx_word' id='word_1_95' title='bbox 357 1780 471 1862; x_wconf 92' lang='lat' dir='ltr'><strong>qui</strong></span> <span class='ocrx_word' id='word_1_96' title='bbox 501 1780 770 1841; x_wconf 87' lang='lat' dir='ltr'><strong>aderant</strong></span> <span class='ocrx_word' id='word_1_97' title='bbox 798 1777 1132 1860; x_wconf 86' lang='lat' dir='ltr'><strong>discipulis</strong></span> <span class='ocrx_word' id='word_1_98' title='bbox 1165 1777 1402 1858; x_wconf 84' lang='lat' dir='ltr'><strong>dirigit,</strong></span> <span class='ocrx_word' id='word_1_99' title='bbox 1426 1777 1579 1859; x_wconf 90' lang='lat' dir='ltr'><strong>quia</strong></span> <span class='ocrx_word' id='word_1_100' title='bbox 1610 1786 1674 1839; x_wconf 93' lang='lat' dir='ltr'><strong>et</strong></span> <span class='ocrx_word' id='word_1_101' title='bbox 1703 1796 1868 1839; x_wconf 92' lang='lat' dir='ltr'><strong>unus</strong></span> 
     </span>
    </p>
   </div>
   <div class='ocr_carea' id='block_1_10' title="bbox 1976 878 3767 1858">
    <p class='ocr_par' dir='ltr' id='par_1_10' title="bbox 1977 878 3543 1169">
     <span class='ocr_line' id='line_1_18' title="bbox 1977 878 3543 975; baseline 0.002 -22"><span class='ocrx_word' id='word_1_102' title='bbox 1977 899 2107 953; x_wconf 90' lang='lat' dir='ltr'><strong>met</strong></span> <span class='ocrx_word' id='word_1_103' title='bbox 2156 878 2483 954; x_wconf 80' lang='lat' dir='ltr'><strong>dominum</strong></span> <span class='ocrx_word' id='word_1_104' title='bbox 2544 913 2755 955; x_wconf 90' lang='lat' dir='ltr'><strong>suum.</strong></span> <span class='ocrx_word' id='word_1_105' title='bbox 2808 893 2870 955; x_wconf 91' lang='lat' dir='ltr'><strong>Si</strong></span> <span class='ocrx_word' id='word_1_106' title='bbox 2930 912 3079 975; x_wconf 87' lang='lat' dir='ltr'><strong>ergo</strong></span> <span class='ocrx_word' id='word_1_107' title='bbox 3132 902 3310 975; x_wconf 89' lang='lat' dir='ltr'><strong>pater</strong></span> <span class='ocrx_word' id='word_1_108' title='bbox 3358 911 3472 973; x_wconf 85' lang='lat' dir='ltr'><strong>ego</strong></span> <span class='ocrx_word' id='word_1_109' title='bbox 3502 879 3543 920; x_wconf 57' lang='grc' dir='ltr'><strong>ὃ·</strong></span> 
     </span>
     <span class='ocr_line' id='line_1_19' title="bbox 1978 989 3472 1064; baseline 0.001 -13"><span class='ocrx_word' id='word_1_110' title='bbox 1978 1008 2143 1064; x_wconf 89' lang='lat' dir='ltr'><strong>sum,</strong></span> <span class='ocrx_word' id='word_1_111' title='bbox 2181 989 2291 1051; x_wconf 91' lang='lat' dir='ltr'><strong>ubi</strong></span> <span class='ocrx_word' id='word_1_112' title='bbox 2336 999 2430 1052; x_wconf 91' lang='lat' dir='ltr'><strong>est</strong></span> <span class='ocrx_word' id='word_1_113' title='bbox 2473 989 2689 1054; x_wconf 89' lang='lat' dir='ltr'><strong>honor·</strong></span> <span class='ocrx_word' id='word_1_114' title='bbox 2715 994 2935 1053; x_wconf 72' lang='lat' dir='ltr'><strong>meus?</strong></span> <span class='ocrx_word' id='word_1_115' title='bbox 2979 999 3043 1054; x_wconf 90' lang='lat' dir='ltr'><strong>et</strong></span> <span class='ocrx_word' id='word_1_116' title='bbox 3080 992 3133 1053; x_wconf 93' lang='lat' dir='ltr'><strong>si</strong></span> <span class='ocrx_word' id='word_1_117' title='bbox 3176 990 3472 1054; x_wconf 89' lang='lat' dir='ltr'><strong>dominus</strong></span> 
     </span>
     <span class='ocr_line' id='line_1_20' title="bbox 1977 1087 3101 1169; baseline 0.002 -20"><span class='ocrx_word' id='word_1_118' title='bbox 1977 1106 2092 1169; x_wconf 86' lang='lat' dir='ltr'><strong>ego</strong></span> <span class='ocrx_word' id='word_1_119' title='bbox 2136 1107 2304 1163; x_wconf 89' lang='lat' dir='ltr'><strong>sum,</strong></span> <span class='ocrx_word' id='word_1_120' title='bbox 2353 1087 2464 1150; x_wconf 90' lang='lat' dir='ltr'><strong>ubi</strong></span> <span class='ocrx_word' id='word_1_121' title='bbox 2506 1096 2603 1151; x_wconf 90' lang='lat' dir='ltr'><strong>est</strong></span> <span class='ocrx_word' id='word_1_122' title='bbox 2643 1089 2833 1153; x_wconf 89' lang='lat' dir='ltr'><strong>timor</strong></span> <span class='ocrx_word' id='word_1_123' title='bbox 2874 1093 3101 1153; x_wconf 67' lang='lat' dir='ltr'><strong>meus?</strong></span> 
     </span>
    </p>

    <p class='ocr_par' dir='ltr' id='par_1_11' title="bbox 1976 1185 3767 1858">
     <span class='ocr_line' id='line_1_21' title="bbox 2072 1185 3473 1269; baseline 0 -22"><span class='ocrx_word' id='word_1_124' title='bbox 2072 1185 2378 1249; x_wconf 82' lang='lat' dir='ltr'><strong>Praeterea</strong></span> <span class='ocrx_word' id='word_1_125' title='bbox 2434 1188 2889 1262; x_wconf 90' lang='lat' dir='ltr'><strong>contuendum,</strong></span> <span class='ocrx_word' id='word_1_126' title='bbox 2940 1188 3114 1269; x_wconf 90' lang='lat' dir='ltr'><strong>quod</strong></span> <span class='ocrx_word' id='word_1_127' title='bbox 3172 1194 3350 1269; x_wconf 88' lang='lat' dir='ltr'><strong>pater</strong></span> <span class='ocrx_word' id='word_1_128' title='bbox 3409 1186 3473 1248; x_wconf 90' lang='lat' dir='ltr'><strong>in</strong></span> 
     </span>
     <span class='ocr_line' id='line_1_22' title="bbox 1976 1282 3471 1367; baseline 0.001 -22"><span class='ocrx_word' id='word_1_129' title='bbox 1976 1282 2323 1367; x_wconf 91' lang='lat' dir='ltr'><strong>Scripturis</strong></span> <span class='ocrx_word' id='word_1_130' title='bbox 2382 1285 2826 1367; x_wconf 89' lang='lat' dir='ltr'><strong>multipliciter</strong></span> <span class='ocrx_word' id='word_1_131' title='bbox 2883 1286 3116 1348; x_wconf 91' lang='lat' dir='ltr'><strong>dicitur</strong></span> <span class='ocrx_word' id='word_1_132' title='bbox 3170 1304 3183 1347; x_wconf 91' lang='lat'>:</span> <span class='ocrx_word' id='word_1_133' title='bbox 3238 1284 3471 1359; x_wconf 78' lang='lat' dir='ltr'><strong>Primo,</strong></span> 
     </span>
     <span class='ocr_line' id='line_1_23' title="bbox 1977 1381 3753 1464; baseline 0.005 -20"><span class='ocrx_word' id='word_1_134' title='bbox 1977 1389 2211 1444; x_wconf 84' lang='lat' dir='ltr'><strong>aeterna</strong></span> <span class='ocrx_word' id='word_1_135' title='bbox 2255 1384 2682 1464; x_wconf 80' lang='lat' dir='ltr'><strong>generatione,</strong></span> <span class='ocrx_word' id='word_1_136' title='bbox 2724 1384 2890 1446; x_wconf 89' lang='lat' dir='ltr'><strong>sicut</strong></span> <span class='ocrx_word' id='word_1_137' title='bbox 2933 1384 2999 1445; x_wconf 93' lang='lat' dir='ltr'><strong>in</strong></span> <span class='ocrx_word' id='word_1_138' title='bbox 3039 1382 3285 1446; x_wconf 83' lang='lat' dir='ltr'><strong>Psalmo</strong></span> <span class='ocrx_word' id='word_1_139' title='bbox 3327 1402 3341 1445; x_wconf 92' lang='lat'>:</span> <span class='ocrx_word' id='word_1_140' title='bbox 3384 1381 3473 1444; x_wconf 82' lang='lat' dir='ltr'><strong>Ex</strong></span> <span class='ocrx_word' id='word_1_141' title='bbox 3524 1408 3753 1460; x_wconf 43' lang='lat' dir='ltr'><strong>Panna.</strong></span> 
     </span>
     <span class='ocr_line' id='line_1_24' title="bbox 1979 1478 3477 1562; baseline 0 -22"><span class='ocrx_word' id='word_1_142' title='bbox 1979 1486 2161 1544; x_wconf 91' lang='lat' dir='ltr'><strong>utero</strong></span> <span class='ocrx_word' id='word_1_143' title='bbox 2208 1488 2353 1542; x_wconf 90' lang='lat' dir='ltr'><strong>ante</strong></span> <span class='ocrx_word' id='word_1_144' title='bbox 2403 1480 2746 1542; x_wconf 86' lang='lat' dir='ltr'><strong>luciferum</strong></span> <span class='ocrx_word' id='word_1_145' title='bbox 2794 1480 2988 1562; x_wconf 90' lang='lat' dir='ltr'><strong>genui</strong></span> <span class='ocrx_word' id='word_1_146' title='bbox 3039 1488 3119 1543; x_wconf 89' lang='lat' dir='ltr'><strong>te.</strong></span> <span class='ocrx_word' id='word_1_147' title='bbox 3174 1478 3275 1542; x_wconf 90' lang='lat' dir='ltr'><strong>Sic</strong></span> <span class='ocrx_word' id='word_1_148' title='bbox 3322 1480 3477 1541; x_wconf 90' lang='lat' dir='ltr'><strong>Pau-</strong></span> 
     </span>
     <span class='ocr_line' id='line_1_25' title="bbox 1979 1578 3767 1657; baseline 0.001 -18"><span class='ocrx_word' id='word_1_149' title='bbox 1979 1578 2079 1639; x_wconf 92' lang='lat' dir='ltr'><strong>lus</strong></span> <span class='ocrx_word' id='word_1_150' title='bbox 2119 1580 2197 1640; x_wconf 89' lang='lat' dir='ltr'><strong>ad</strong></span> <span class='ocrx_word' id='word_1_151' title='bbox 2238 1578 2593 1641; x_wconf 79' lang='lat' dir='ltr'><strong>Corinthios</strong></span> <span class='ocrx_word' id='word_1_152' title='bbox 2632 1580 2764 1641; x_wconf 91' lang='lat' dir='ltr'><strong>ait:</strong></span> <span class='ocrx_word' id='word_1_153' title='bbox 2801 1579 3172 1642; x_wconf 89' lang='lat' dir='ltr'><strong>Benedictus</strong></span> <span class='ocrx_word' id='word_1_154' title='bbox 3210 1578 3373 1641; x_wconf 91' lang='lat' dir='ltr'><strong>Deus</strong></span> <span class='ocrx_word' id='word_1_155' title='bbox 3414 1585 3478 1640; x_wconf 91' lang='lat' dir='ltr'><strong>et</strong></span> <span class='ocrx_word' id='word_1_156' title='bbox 3506 1604 3767 1657; x_wconf 43' lang='lat' dir='ltr'><strong>nem-,w</strong></span> 
     </span>
     <span class='ocr_line' id='line_1_26' title="bbox 1979 1676 3476 1759; baseline 0.001 -21"><span class='ocrx_word' id='word_1_157' title='bbox 1979 1676 2159 1739; x_wconf 89' lang='lat' dir='ltr'><strong>Pater</strong></span> <span class='ocrx_word' id='word_1_158' title='bbox 2208 1677 2456 1739; x_wconf 91' lang='lat' dir='ltr'><strong>Domini</strong></span> <span class='ocrx_word' id='word_1_159' title='bbox 2507 1678 2705 1741; x_wconf 88' lang='lat' dir='ltr'><strong>nostri</strong></span> <span class='ocrx_word' id='word_1_160' title='bbox 2747 1678 2892 1741; x_wconf 84' lang='lat' dir='ltr'><strong>Jesu</strong></span> <span class='ocrx_word' id='word_1_161' title='bbox 2941 1678 3193 1741; x_wconf 84' lang='lat' dir='ltr'><strong>Christi.</strong></span> <span class='ocrx_word' id='word_1_162' title='bbox 3243 1677 3476 1759; x_wconf 88' lang='lat' dir='ltr'><strong>Sicque</strong></span> 
     </span>
     <span class='ocr_line' id='line_1_27' title="bbox 1981 1774 3479 1858; baseline 0.001 -22"><span class='ocrx_word' id='word_1_163' title='bbox 1981 1774 2045 1836; x_wconf 90' lang='lat' dir='ltr'><strong>in</strong></span> <span class='ocrx_word' id='word_1_164' title='bbox 2097 1776 2356 1851; x_wconf 82' lang='lat' dir='ltr'><strong>diviniS,</strong></span> <span class='ocrx_word' id='word_1_165' title='bbox 2400 1784 2579 1857; x_wconf 88' lang='lat' dir='ltr'><strong>pater</strong></span> <span class='ocrx_word' id='word_1_166' title='bbox 2622 1776 3040 1858; x_wconf 85' lang='lat' dir='ltr'><strong>personaliter</strong></span> <span class='ocrx_word' id='word_1_167' title='bbox 3083 1776 3379 1851; x_wconf 90' lang='lat' dir='ltr'><strong>sumitur,</strong></span> <span class='ocrx_word' id='word_1_168' title='bbox 3415 1783 3479 1837; x_wconf 91' lang='lat' dir='ltr'><strong>et</strong></span> 
     </span>
    </p>
   </div>
   <div class='ocr_carea' id='block_1_11' title="bbox 358 1872 3482 1959">
    <p class='ocr_par' dir='ltr' id='par_1_12' title="bbox 358 1872 3482 1959">
     <span class='ocr_line' id='line_1_28' title="bbox 358 1872 3482 1959; baseline -0.002 -18"><span class='ocrx_word' id='word_1_169' title='bbox 358 1878 468 1941; x_wconf 92' lang='lat' dir='ltr'><strong>ille</strong></span> <span class='ocrx_word' id='word_1_170' title='bbox 520 1894 638 1959; x_wconf 92' lang='lat' dir='ltr'><strong>pro</strong></span> <span class='ocrx_word' id='word_1_171' title='bbox 687 1876 976 1938; x_wconf 90' lang='lat' dir='ltr'><strong>omnium</strong></span> <span class='ocrx_word' id='word_1_172' title='bbox 1039 1874 1488 1939; x_wconf 81' lang='lat' dir='ltr'><strong>informatione</strong></span> <span class='ocrx_word' id='word_1_173' title='bbox 1545 1875 1864 1957; x_wconf 72' lang='lat' dir='ltr'><strong>quaesivit.</strong></span> <span class='ocrx_word' id='word_1_174' title='bbox 1905 1876 1954 1938; x_wconf 93' lang='lat' dir='ltr'>B</span> <span class='ocrx_word' id='word_1_175' title='bbox 1981 1874 2099 1937; x_wconf 91' lang='lat' dir='ltr'><strong>soli</strong></span> <span class='ocrx_word' id='word_1_176' title='bbox 2146 1892 2433 1956; x_wconf 82' lang='lat' dir='ltr'><strong>personae</strong></span> <span class='ocrx_word' id='word_1_177' title='bbox 2475 1873 2671 1937; x_wconf 86' lang='lat' dir='ltr'><strong>Patris</strong></span> <span class='ocrx_word' id='word_1_178' title='bbox 2713 1883 3073 1957; x_wconf 87' lang='lat' dir='ltr'><strong>competere</strong></span> <span class='ocrx_word' id='word_1_179' title='bbox 3117 1874 3370 1936; x_wconf 91' lang='lat' dir='ltr'><strong>dicitur.</strong></span> <span class='ocrx_word' id='word_1_180' title='bbox 3404 1872 3482 1935; x_wconf 91' lang='lat' dir='ltr'><strong>Et</strong></span> 
     </span>
    </p>
   </div>
   <div class='ocr_carea' id='block_1_12' title="bbox 356 1974 1877 4222">
    <p class='ocr_par' dir='ltr' id='par_1_13' title="bbox 356 1974 1877 4222">
     <span class='ocr_line' id='line_1_29' title="bbox 357 1974 1868 2052; baseline -0.003 -13"><span class='ocrx_word' id='word_1_181' title='bbox 357 1980 588 2045; x_wconf 82' lang='lat' dir='ltr'><strong>Pater,</strong></span> <span class='ocrx_word' id='word_1_182' title='bbox 629 1978 1075 2052; x_wconf 71' lang='lat' dir='ltr'><strong>sanctificetur</strong></span> <span class='ocrx_word' id='word_1_183' title='bbox 1121 1994 1356 2035; x_wconf 77' lang='lat' dir='ltr'><strong>nomen</strong></span> <span class='ocrx_word' id='word_1_184' title='bbox 1409 1984 1616 2035; x_wconf 77' lang='lat' dir='ltr'><strong>tuum.</strong></span> <span class='ocrx_word' id='word_1_185' title='bbox 1670 1974 1868 2036; x_wconf 83' lang='lat' dir='ltr'><strong>Lucas</strong></span> 
     </span>
     <span class='ocr_line' id='line_1_30' title="bbox 360 2072 1870 2154; baseline -0.003 -16"><span class='ocrx_word' id='word_1_186' title='bbox 360 2074 662 2137; x_wconf 85' lang='lat' dir='ltr'><strong>brevitati</strong></span> <span class='ocrx_word' id='word_1_187' title='bbox 721 2074 1008 2147; x_wconf 83' lang='lat' dir='ltr'><strong>studenS,</strong></span> <span class='ocrx_word' id='word_1_188' title='bbox 1062 2073 1127 2135; x_wconf 92' lang='lat' dir='ltr'><strong>in</strong></span> <span class='ocrx_word' id='word_1_189' title='bbox 1190 2072 1382 2153; x_wconf 90' lang='lat' dir='ltr'><strong>hujus</strong></span> <span class='ocrx_word' id='word_1_190' title='bbox 1440 2072 1870 2154; x_wconf 86' lang='lat' dir='ltr'><strong>descriptione</strong></span> 
     </span>
     <span class='ocr_line' id='line_1_31' title="bbox 359 2171 1873 2254; baseline -0.003 -17"><span class='ocrx_word' id='word_1_191' title='bbox 359 2174 667 2237; x_wconf 89' lang='lat' dir='ltr'><strong>orationis</strong></span> <span class='ocrx_word' id='word_1_192' title='bbox 700 2172 896 2235; x_wconf 86' lang='lat' dir='ltr'><strong>verba</strong></span> <span class='ocrx_word' id='word_1_193' title='bbox 932 2172 1148 2253; x_wconf 89' lang='lat' dir='ltr'><strong>aliqua</strong></span> <span class='ocrx_word' id='word_1_194' title='bbox 1183 2171 1610 2254; x_wconf 83' lang='lat' dir='ltr'><strong>praetermisit,</strong></span> <span class='ocrx_word' id='word_1_195' title='bbox 1644 2172 1873 2253; x_wconf 84' lang='lat' dir='ltr'><strong>quoni-</strong></span> 
     </span>
     <span class='ocr_line' id='line_1_32' title="bbox 356 2269 1866 2351; baseline -0.002 -17"><span class='ocrx_word' id='word_1_196' title='bbox 356 2291 461 2334; x_wconf 88' lang='lat' dir='ltr'><strong>am</strong></span> <span class='ocrx_word' id='word_1_197' title='bbox 492 2291 529 2334; x_wconf 87' lang='lat' dir='ltr'><strong>a</strong></span> <span class='ocrx_word' id='word_1_198' title='bbox 561 2270 849 2333; x_wconf 78' lang='lat' dir='ltr'><strong>Matthaeo</strong></span> <span class='ocrx_word' id='word_1_199' title='bbox 888 2288 962 2332; x_wconf 90' lang='lat' dir='ltr'><strong>ea</strong></span> <span class='ocrx_word' id='word_1_200' title='bbox 1001 2270 1152 2331; x_wconf 83' lang='lat' dir='ltr'><strong>satis</strong></span> <span class='ocrx_word' id='word_1_201' title='bbox 1195 2269 1512 2351; x_wconf 85' lang='lat' dir='ltr'><strong>descripta</strong></span> <span class='ocrx_word' id='word_1_202' title='bbox 1551 2270 1866 2350; x_wconf 80' lang='lat' dir='ltr'><strong>cognovit,</strong></span> 
     </span>
     <span class='ocr_line' id='line_1_33' title="bbox 358 2367 1871 2451; baseline -0.002 -19"><span class='ocrx_word' id='word_1_203' title='bbox 358 2378 468 2432; x_wconf 88' lang='lat' dir='ltr'><strong>aut</strong></span> <span class='ocrx_word' id='word_1_204' title='bbox 505 2370 663 2451; x_wconf 89' lang='lat' dir='ltr'><strong>quia</strong></span> <span class='ocrx_word' id='word_1_205' title='bbox 704 2368 824 2430; x_wconf 88' lang='lat' dir='ltr'><strong>sub</strong></span> <span class='ocrx_word' id='word_1_206' title='bbox 857 2368 1071 2431; x_wconf 88' lang='lat' dir='ltr'><strong>verbis</strong></span> <span class='ocrx_word' id='word_1_207' title='bbox 1111 2368 1218 2430; x_wconf 89' lang='lat' dir='ltr'><strong>hic</strong></span> <span class='ocrx_word' id='word_1_208' title='bbox 1253 2367 1474 2450; x_wconf 89' lang='lat' dir='ltr'><strong>positis</strong></span> <span class='ocrx_word' id='word_1_209' title='bbox 1515 2368 1871 2430; x_wconf 86' lang='lat' dir='ltr'><strong>virtualiter</strong></span> 
     </span>
     <span class='ocr_line' id='line_1_34' title="bbox 360 2466 1872 2549; baseline -0.001 -19"><span class='ocrx_word' id='word_1_210' title='bbox 360 2467 806 2541; x_wconf 90' lang='lat' dir='ltr'><strong>includuntur,</strong></span> <span class='ocrx_word' id='word_1_211' title='bbox 841 2475 950 2529; x_wconf 85' lang='lat' dir='ltr'><strong>aut</strong></span> <span class='ocrx_word' id='word_1_212' title='bbox 987 2468 1142 2549; x_wconf 90' lang='lat' dir='ltr'><strong>quia</strong></span> <span class='ocrx_word' id='word_1_213' title='bbox 1183 2468 1262 2529; x_wconf 90' lang='lat' dir='ltr'><strong>ad</strong></span> <span class='ocrx_word' id='word_1_214' title='bbox 1302 2466 1722 2529; x_wconf 88' lang='lat' dir='ltr'><strong>substantiam</strong></span> <span class='ocrx_word' id='word_1_215' title='bbox 1771 2486 1872 2548; x_wconf 90' lang='lat' dir='ltr'><strong>pe-</strong></span> 
     </span>
     <span class='ocr_line' id='line_1_35' title="bbox 361 2564 1870 2646; baseline -0.003 -17"><span class='ocrx_word' id='word_1_216' title='bbox 361 2567 664 2631; x_wconf 90' lang='lat' dir='ltr'><strong>titionum</strong></span> <span class='ocrx_word' id='word_1_217' title='bbox 717 2566 822 2628; x_wconf 90' lang='lat' dir='ltr'><strong>hic</strong></span> <span class='ocrx_word' id='word_1_218' title='bbox 871 2574 1179 2628; x_wconf 88' lang='lat' dir='ltr'><strong>tactarum</strong></span> <span class='ocrx_word' id='word_1_219' title='bbox 1221 2584 1346 2629; x_wconf 93' lang='lat' dir='ltr'><strong>non</strong></span> <span class='ocrx_word' id='word_1_220' title='bbox 1399 2564 1766 2646; x_wconf 88' lang='lat' dir='ltr'><strong>pertinent:</strong></span> <span class='ocrx_word' id='word_1_221' title='bbox 1804 2573 1870 2625; x_wconf 91' lang='lat' dir='ltr'><strong>ut</strong></span> 
     </span>
     <span class='ocr_line' id='line_1_36' title="bbox 359 2662 1868 2749; baseline -0.001 -22"><span class='ocrx_word' id='word_1_222' title='bbox 359 2668 534 2749; x_wconf 92' lang='lat' dir='ltr'><strong>quod</strong></span> <span class='ocrx_word' id='word_1_223' title='bbox 579 2665 776 2727; x_wconf 86' lang='lat' dir='ltr'><strong>refert</strong></span> <span class='ocrx_word' id='word_1_224' title='bbox 801 2664 1150 2736; x_wconf 60' lang='lat' dir='ltr'><strong>Matthaeus,</strong></span> <span class='ocrx_word' id='word_1_225' title='bbox 1185 2662 1300 2737; x_wconf 87' lang='lat' dir='ltr'><strong>Qui</strong></span> <span class='ocrx_word' id='word_1_226' title='bbox 1342 2682 1408 2725; x_wconf 92' lang='lat' dir='ltr'><strong>es</strong></span> <span class='ocrx_word' id='word_1_227' title='bbox 1449 2664 1516 2725; x_wconf 91' lang='lat' dir='ltr'><strong>in</strong></span> <span class='ocrx_word' id='word_1_228' title='bbox 1558 2663 1757 2738; x_wconf 83' lang='lat' dir='ltr'><strong>coeliS‚</strong></span> <span class='ocrx_word' id='word_1_229' title='bbox 1792 2664 1868 2725; x_wconf 92' lang='lat' dir='ltr'><strong>ad</strong></span> 
     </span>
     <span class='ocr_line' id='line_1_37' title="bbox 363 2762 1868 2847; baseline -0.002 -21"><span class='ocrx_word' id='word_1_230' title='bbox 363 2766 592 2847; x_wconf 81' lang='lat' dir='ltr'><strong>primae</strong></span> <span class='ocrx_word' id='word_1_231' title='bbox 643 2764 969 2846; x_wconf 87' lang='lat' dir='ltr'><strong>petitionis</strong></span> <span class='ocrx_word' id='word_1_232' title='bbox 1020 2782 1145 2825; x_wconf 92' lang='lat' dir='ltr'><strong>non</strong></span> <span class='ocrx_word' id='word_1_233' title='bbox 1197 2770 1438 2844; x_wconf 87' lang='lat' dir='ltr'><strong>spectat</strong></span> <span class='ocrx_word' id='word_1_234' title='bbox 1486 2762 1868 2841; x_wconf 88' lang='lat' dir='ltr'><strong>essentiam;</strong></span> 
     </span>
     <span class='ocr_line' id='line_1_38' title="bbox 364 2860 1868 2945; baseline -0.002 -19"><span class='ocrx_word' id='word_1_235' title='bbox 364 2865 508 2927; x_wconf 81' lang='lat' dir='ltr'><strong>duae</strong></span> <span class='ocrx_word' id='word_1_236' title='bbox 555 2882 818 2945; x_wconf 90' lang='lat' dir='ltr'><strong>quoque</strong></span> <span class='ocrx_word' id='word_1_237' title='bbox 869 2862 1207 2945; x_wconf 90' lang='lat' dir='ltr'><strong>petitiones</strong></span> <span class='ocrx_word' id='word_1_238' title='bbox 1251 2881 1288 2923; x_wconf 89' lang='lat' dir='ltr'><strong>a</strong></span> <span class='ocrx_word' id='word_1_239' title='bbox 1333 2860 1618 2924; x_wconf 82' lang='lat' dir='ltr'><strong>Matthaeo</strong></span> <span class='ocrx_word' id='word_1_240' title='bbox 1667 2869 1868 2934; x_wconf 85' lang='lat' dir='ltr'><strong>tactae,</strong></span> 
     </span>
     <span class='ocr_line' id='line_1_39' title="bbox 361 2959 1872 3044; baseline -0.003 -19"><span class='ocrx_word' id='word_1_241' title='bbox 361 2973 556 3044; x_wconf 86' lang='lat' dir='ltr'><strong>atque</strong></span> <span class='ocrx_word' id='word_1_242' title='bbox 603 2982 640 3024; x_wconf 88' lang='lat' dir='ltr'><strong>a</strong></span> <span class='ocrx_word' id='word_1_243' title='bbox 683 2962 850 3023; x_wconf 89' lang='lat' dir='ltr'><strong>Luca</strong></span> <span class='ocrx_word' id='word_1_244' title='bbox 896 2960 1168 3034; x_wconf 88' lang='lat' dir='ltr'><strong>omissae,</strong></span> <span class='ocrx_word' id='word_1_245' title='bbox 1204 2960 1269 3021; x_wconf 91' lang='lat' dir='ltr'><strong>in</strong></span> <span class='ocrx_word' id='word_1_246' title='bbox 1313 2959 1729 3041; x_wconf 89' lang='lat' dir='ltr'><strong>petitionibus</strong></span> <span class='ocrx_word' id='word_1_247' title='bbox 1770 2959 1872 3021; x_wconf 90' lang='lat' dir='ltr'><strong>hic</strong></span> 
     </span>
     <span class='ocr_line' id='line_1_40' title="bbox 365 3058 1810 3144; baseline -0.005 -19"><span class='ocrx_word' id='word_1_248' title='bbox 365 3060 592 3144; x_wconf 90' lang='lat' dir='ltr'><strong>positis</strong></span> <span class='ocrx_word' id='word_1_249' title='bbox 635 3060 1290 3141; x_wconf 89' lang='lat' dir='ltr'><strong>comprehenduntur,</strong></span> <span class='ocrx_word' id='word_1_250' title='bbox 1339 3060 1505 3119; x_wconf 89' lang='lat' dir='ltr'><strong>sicut</strong></span> <span class='ocrx_word' id='word_1_251' title='bbox 1549 3058 1810 3139; x_wconf 91' lang='lat' dir='ltr'><strong>patebit.</strong></span> 
     </span>
     <span class='ocr_line' id='line_1_41' title="bbox 441 3156 1877 3241; baseline -0.003 -21"><span class='ocrx_word' id='word_1_252' title='bbox 441 3160 665 3241; x_wconf 87' lang='lat' dir='ltr'><strong>ltaque</strong></span> <span class='ocrx_word' id='word_1_253' title='bbox 707 3158 992 3221; x_wconf 90' lang='lat' dir='ltr'><strong>Christus</strong></span> <span class='ocrx_word' id='word_1_254' title='bbox 1034 3158 1386 3221; x_wconf 88' lang='lat' dir='ltr'><strong>orationem</strong></span> <span class='ocrx_word' id='word_1_255' title='bbox 1427 3156 1518 3219; x_wconf 92' lang='lat' dir='ltr'><strong>sic</strong></span> <span class='ocrx_word' id='word_1_256' title='bbox 1563 3156 1877 3238; x_wconf 86' lang='lat' dir='ltr'><strong>incipien-</strong></span> 
     </span>
     <span class='ocr_line' id='line_1_42' title="bbox 363 3254 1876 3337; baseline -0.004 -17"><span class='ocrx_word' id='word_1_257' title='bbox 363 3260 510 3321; x_wconf 89' lang='lat' dir='ltr'><strong>dam</strong></span> <span class='ocrx_word' id='word_1_258' title='bbox 562 3257 854 3320; x_wconf 87' lang='lat' dir='ltr'><strong>hortatur</strong></span> <span class='ocrx_word' id='word_1_259' title='bbox 898 3274 912 3319; x_wconf 77' lang='grc' dir='ltr'>ε</span> <span class='ocrx_word' id='word_1_260' title='bbox 954 3258 1176 3317; x_wconf 84' lang='lat' dir='ltr'><strong>Pater.</strong></span> <span class='ocrx_word' id='word_1_261' title='bbox 1223 3254 1464 3337; x_wconf 90' lang='lat' dir='ltr'><strong>Nempe</strong></span> <span class='ocrx_word' id='word_1_262' title='bbox 1514 3254 1626 3336; x_wconf 91' lang='lat' dir='ltr'><strong>qui</strong></span> <span class='ocrx_word' id='word_1_263' title='bbox 1677 3254 1876 3315; x_wconf 91' lang='lat' dir='ltr'><strong>Deum</strong></span> 
     </span>
     <span class='ocr_line' id='line_1_43' title="bbox 364 3353 1876 3437; baseline -0.004 -18"><span class='ocrx_word' id='word_1_264' title='bbox 364 3364 606 3430; x_wconf 88' lang='lat' dir='ltr'><strong>exorat,</strong></span> <span class='ocrx_word' id='word_1_265' title='bbox 641 3374 792 3419; x_wconf 88' lang='lat' dir='ltr'><strong>cum</strong></span> <span class='ocrx_word' id='word_1_266' title='bbox 835 3355 1021 3437; x_wconf 88' lang='lat' dir='ltr'><strong>plena</strong></span> <span class='ocrx_word' id='word_1_267' title='bbox 1048 3353 1290 3416; x_wconf 88' lang='lat' dir='ltr'><strong>fiducia</strong></span> <span class='ocrx_word' id='word_1_268' title='bbox 1326 3362 1518 3435; x_wconf 89' lang='lat' dir='ltr'><strong>atque</strong></span> <span class='ocrx_word' id='word_1_269' title='bbox 1555 3354 1876 3435; x_wconf 83' lang='lat' dir='ltr'><strong>praecipua</strong></span> 
     </span>
     <span class='ocr_line' id='line_1_44' title="bbox 362 3452 1875 3533; baseline -0.005 -15"><span class='ocrx_word' id='word_1_270' title='bbox 362 3455 710 3518; x_wconf 88' lang='lat' dir='ltr'><strong>dilectione</strong></span> <span class='ocrx_word' id='word_1_271' title='bbox 739 3453 860 3515; x_wconf 90' lang='lat' dir='ltr'><strong>hoc</strong></span> <span class='ocrx_word' id='word_1_272' title='bbox 889 3470 1074 3533; x_wconf 86' lang='lat' dir='ltr'><strong>agere</strong></span> <span class='ocrx_word' id='word_1_273' title='bbox 1103 3452 1307 3527; x_wconf 90' lang='lat' dir='ltr'><strong>debet,</strong></span> <span class='ocrx_word' id='word_1_274' title='bbox 1335 3452 1875 3533; x_wconf 86' lang='lat' dir='ltr'><strong>quemadmodum</strong></span> 
     </span>
     <span class='ocr_line' id='line_1_45' title="bbox 361 3548 1874 3633; baseline -0.006 -15"><span class='ocrx_word' id='word_1_275' title='bbox 361 3553 636 3617; x_wconf 75' lang='lat' dir='ltr'><strong>lacobus</strong></span> <span class='ocrx_word' id='word_1_276' title='bbox 674 3550 998 3633; x_wconf 89' lang='lat' dir='ltr'><strong>apostolus</strong></span> <span class='ocrx_word' id='word_1_277' title='bbox 1029 3550 1117 3611; x_wconf 88' lang='lat' dir='ltr'><strong>ait</strong></span> <span class='ocrx_word' id='word_1_278' title='bbox 1151 3569 1164 3611; x_wconf 90' lang='lat'>:</span> <span class='ocrx_word' id='word_1_279' title='bbox 1199 3548 1476 3612; x_wconf 90' lang='lat' dir='ltr'><strong>Postulet</strong></span> <span class='ocrx_word' id='word_1_280' title='bbox 1513 3549 1578 3610; x_wconf 91' lang='lat' dir='ltr'><strong>in</strong></span> <span class='ocrx_word' id='word_1_281' title='bbox 1620 3548 1752 3611; x_wconf 87' lang='lat' dir='ltr'><strong>fide</strong></span> <span class='ocrx_word' id='word_1_282' title='bbox 1783 3548 1874 3609; x_wconf 90' lang='lat' dir='ltr'><strong>ni—</strong></span> 
     </span>
     <span class='ocr_line' id='line_1_46' title="bbox 365 3647 1874 3730; baseline -0.004 -15"><span class='ocrx_word' id='word_1_283' title='bbox 365 3654 458 3715; x_wconf 87' lang='lat' dir='ltr'><strong>hil</strong></span> <span class='ocrx_word' id='word_1_284' title='bbox 511 3651 834 3715; x_wconf 75' lang='lat' dir='ltr'><strong>haesitans.</strong></span> <span class='ocrx_word' id='word_1_285' title='bbox 891 3648 1008 3711; x_wconf 90' lang='lat' dir='ltr'><strong>Sed</strong></span> <span class='ocrx_word' id='word_1_286' title='bbox 1059 3648 1320 3710; x_wconf 91' lang='lat' dir='ltr'><strong>nomine</strong></span> <span class='ocrx_word' id='word_1_287' title='bbox 1374 3649 1590 3730; x_wconf 83' lang='lat' dir='ltr'><strong>patriS,</strong></span> <span class='ocrx_word' id='word_1_288' title='bbox 1645 3647 1874 3710; x_wconf 90' lang='lat' dir='ltr'><strong>horum</strong></span> 
     </span>
     <span class='ocr_line' id='line_1_47' title="bbox 367 3746 1876 3830; baseline -0.005 -16"><span class='ocrx_word' id='word_1_289' title='bbox 367 3760 720 3830; x_wconf 88' lang='lat' dir='ltr'><strong>utrumque</strong></span> <span class='ocrx_word' id='word_1_290' title='bbox 762 3747 1164 3830; x_wconf 87' lang='lat' dir='ltr'><strong>potissimum</strong></span> <span class='ocrx_word' id='word_1_291' title='bbox 1208 3746 1587 3827; x_wconf 88' lang='lat' dir='ltr'><strong>concipitur,</strong></span> <span class='ocrx_word' id='word_1_292' title='bbox 1623 3746 1876 3808; x_wconf 83' lang='lat' dir='ltr'><strong>inflam-</strong></span> 
     </span>
     <span class='ocr_line' id='line_1_48' title="bbox 365 3845 1873 3928; baseline -0.005 -14"><span class='ocrx_word' id='word_1_293' title='bbox 365 3858 604 3923; x_wconf 86' lang='lat' dir='ltr'><strong>matur,</strong></span> <span class='ocrx_word' id='word_1_294' title='bbox 647 3854 915 3928; x_wconf 86' lang='lat' dir='ltr'><strong>augetur</strong></span> <span class='ocrx_word' id='word_1_295' title='bbox 953 3866 968 3909; x_wconf 77' lang='lat' dir='ltr'><em>z</em></span> <span class='ocrx_word' id='word_1_296' title='bbox 1010 3845 1190 3908; x_wconf 84' lang='lat' dir='ltr'><strong>filius</strong></span> <span class='ocrx_word' id='word_1_297' title='bbox 1234 3862 1512 3926; x_wconf 89' lang='lat' dir='ltr'><strong>namque</strong></span> <span class='ocrx_word' id='word_1_298' title='bbox 1555 3847 1632 3907; x_wconf 90' lang='lat' dir='ltr'><strong>de</strong></span> <span class='ocrx_word' id='word_1_299' title='bbox 1677 3845 1873 3926; x_wconf 88' lang='lat' dir='ltr'><strong>patris</strong></span> 
     </span>
     <span class='ocr_line' id='line_1_49' title="bbox 365 3942 1873 4026; baseline -0.005 -14"><span class='ocrx_word' id='word_1_300' title='bbox 365 3949 465 4012; x_wconf 92' lang='lat' dir='ltr'><strong>sui</strong></span> <span class='ocrx_word' id='word_1_301' title='bbox 517 3946 804 4010; x_wconf 88' lang='lat' dir='ltr'><strong>bonitate</strong></span> <span class='ocrx_word' id='word_1_302' title='bbox 863 3944 1214 4026; x_wconf 80' lang='lat' dir='ltr'><strong>praesertim</strong></span> <span class='ocrx_word' id='word_1_303' title='bbox 1266 3942 1552 4016; x_wconf 82' lang='lat' dir='ltr'><strong>confidit,</strong></span> <span class='ocrx_word' id='word_1_304' title='bbox 1605 3950 1669 4004; x_wconf 91' lang='lat' dir='ltr'><strong>et</strong></span> <span class='ocrx_word' id='word_1_305' title='bbox 1726 3961 1873 4005; x_wconf 90' lang='lat' dir='ltr'><strong>eum</strong></span> 
     </span>
     <span class='ocr_line' id='line_1_50' title="bbox 363 4040 1877 4131; baseline -0.005 -21"><span class='ocrx_word' id='word_1_306' title='bbox 363 4046 767 4131; x_wconf 89' lang='lat' dir='ltr'><strong>permaxime</strong></span> <span class='ocrx_word' id='word_1_307' title='bbox 811 4042 1039 4123; x_wconf 86' lang='lat' dir='ltr'><strong>diligit.</strong></span> <span class='ocrx_word' id='word_1_308' title='bbox 1073 4041 1150 4103; x_wconf 91' lang='lat' dir='ltr'><strong>Ut</strong></span> <span class='ocrx_word' id='word_1_309' title='bbox 1199 4056 1348 4121; x_wconf 85' lang='lat' dir='ltr'><strong>ergo</strong></span> <span class='ocrx_word' id='word_1_310' title='bbox 1391 4059 1537 4102; x_wconf 91' lang='lat' dir='ltr'><strong>cum</strong></span> <span class='ocrx_word' id='word_1_311' title='bbox 1583 4042 1759 4103; x_wconf 93' lang='lat' dir='ltr'><strong>omni</strong></span> <span class='ocrx_word' id='word_1_312' title='bbox 1797 4040 1877 4103; x_wconf 83' lang='lat' dir='ltr'><strong>fi-</strong></span> 
     </span>
     <span class='ocr_line' id='line_1_51' title="bbox 363 4138 1870 4222; baseline -0.007 -13"><span class='ocrx_word' id='word_1_313' title='bbox 363 4145 560 4209; x_wconf 91' lang='lat' dir='ltr'><strong>ducia</strong></span> <span class='ocrx_word' id='word_1_314' title='bbox 597 4142 977 4222; x_wconf 83' lang='lat' dir='ltr'><strong>fervidoque</strong></span> <span class='ocrx_word' id='word_1_315' title='bbox 1017 4157 1234 4201; x_wconf 89' lang='lat' dir='ltr'><strong>amore</strong></span> <span class='ocrx_word' id='word_1_316' title='bbox 1272 4138 1470 4199; x_wconf 92' lang='lat' dir='ltr'><strong>Deum</strong></span> <span class='ocrx_word' id='word_1_317' title='bbox 1513 4157 1870 4221; x_wconf 90' lang='lat' dir='ltr'><strong>precemur,</strong></span> 
     </span>
    </p>
   </div>
   <div class='ocr_carea' id='block_1_13' title="bbox 1979 1971 3771 3037">
    <p class='ocr_par' dir='ltr' id='par_1_14' title="bbox 1979 1971 3771 3037">
     <span class='ocr_line' id='line_1_52' title="bbox 1980 1971 3483 2053; baseline 0 -20"><span class='ocrx_word' id='word_1_318' title='bbox 1980 1973 2275 2053; x_wconf 88' lang='lat' dir='ltr'><strong>quamvis</strong></span> <span class='ocrx_word' id='word_1_319' title='bbox 2320 1973 2439 2035; x_wconf 88' lang='lat' dir='ltr'><strong>hoc</strong></span> <span class='ocrx_word' id='word_1_320' title='bbox 2490 1974 2677 2036; x_wconf 92' lang='lat' dir='ltr'><strong>modo</strong></span> <span class='ocrx_word' id='word_1_321' title='bbox 2718 1973 2781 2034; x_wconf 91' lang='lat' dir='ltr'><strong>in</strong></span> <span class='ocrx_word' id='word_1_322' title='bbox 2825 1972 3117 2035; x_wconf 87' lang='lat' dir='ltr'><strong>Oratione</strong></span> <span class='ocrx_word' id='word_1_323' title='bbox 3165 1971 3483 2035; x_wconf 89' lang='lat' dir='ltr'><strong>dominica</strong></span> 
     </span>
     <span class='ocr_line' id='line_1_53' title="bbox 1979 2070 3484 2153; baseline 0 -22"><span class='ocrx_word' id='word_1_324' title='bbox 1979 2070 2183 2152; x_wconf 87' lang='lat' dir='ltr'><strong>accipi</strong></span> <span class='ocrx_word' id='word_1_325' title='bbox 2216 2071 2431 2153; x_wconf 87' lang='lat' dir='ltr'><strong>possit,</strong></span> <span class='ocrx_word' id='word_1_326' title='bbox 2459 2072 2910 2151; x_wconf 84' lang='lat' dir='ltr'><strong>congruentius</strong></span> <span class='ocrx_word' id='word_1_327' title='bbox 2942 2080 3151 2133; x_wconf 88' lang='lat' dir='ltr'><strong>tamen</strong></span> <span class='ocrx_word' id='word_1_328' title='bbox 3184 2070 3325 2132; x_wconf 89' lang='lat' dir='ltr'><strong>aliis</strong></span> <span class='ocrx_word' id='word_1_329' title='bbox 3358 2088 3484 2132; x_wconf 90' lang='lat' dir='ltr'><strong>mo-</strong></span> 
     </span>
     <span class='ocr_line' id='line_1_54' title="bbox 1981 2169 3485 2251; baseline -0.001 -20"><span class='ocrx_word' id='word_1_330' title='bbox 1981 2170 2078 2231; x_wconf 91' lang='lat' dir='ltr'><strong>dis</strong></span> <span class='ocrx_word' id='word_1_331' title='bbox 2111 2171 2174 2231; x_wconf 92' lang='lat' dir='ltr'><strong>in</strong></span> <span class='ocrx_word' id='word_1_332' title='bbox 2217 2188 2289 2231; x_wconf 88' lang='lat' dir='ltr'><strong>ea</strong></span> <span class='ocrx_word' id='word_1_333' title='bbox 2320 2170 2688 2251; x_wconf 88' lang='lat' dir='ltr'><strong>suscipitur,</strong></span> <span class='ocrx_word' id='word_1_334' title='bbox 2724 2171 2889 2232; x_wconf 90' lang='lat' dir='ltr'><strong>sicut</strong></span> <span class='ocrx_word' id='word_1_335' title='bbox 2923 2170 3189 2231; x_wconf 89' lang='lat' dir='ltr'><strong>dicetur.</strong></span> <span class='ocrx_word' id='word_1_336' title='bbox 3225 2169 3485 2230; x_wconf 88' lang='lat' dir='ltr'><strong>Verum-</strong></span> 
     </span>
     <span class='ocr_line' id='line_1_55' title="bbox 1983 2266 3483 2349; baseline -0.001 -20"><span class='ocrx_word' id='word_1_337' title='bbox 1983 2276 2215 2341; x_wconf 90' lang='lat' dir='ltr'><strong>tamen,</strong></span> <span class='ocrx_word' id='word_1_338' title='bbox 2251 2268 2404 2349; x_wconf 89' lang='lat' dir='ltr'><strong>quia</strong></span> <span class='ocrx_word' id='word_1_339' title='bbox 2444 2269 2507 2329; x_wconf 91' lang='lat' dir='ltr'><strong>in</strong></span> <span class='ocrx_word' id='word_1_340' title='bbox 2548 2268 2749 2331; x_wconf 60' lang='lat' dir='ltr'><strong>Missa»</strong></span> <span class='ocrx_word' id='word_1_341' title='bbox 2785 2266 3004 2331; x_wconf 82' lang='lat' dir='ltr'><strong>officio</strong></span> <span class='ocrx_word' id='word_1_342' title='bbox 3048 2268 3362 2330; x_wconf 87' lang='lat' dir='ltr'><strong>orationes</strong></span> <span class='ocrx_word' id='word_1_343' title='bbox 3406 2266 3483 2327; x_wconf 89' lang='lat' dir='ltr'><strong>ad</strong></span> 
     </span>
     <span class='ocr_line' id='line_1_56' title="bbox 1983 2365 3479 2447; baseline -0.002 -20"><span class='ocrx_word' id='word_1_344' title='bbox 1983 2384 2317 2447; x_wconf 89' lang='lat' dir='ltr'><strong>personam</strong></span> <span class='ocrx_word' id='word_1_345' title='bbox 2372 2366 2569 2428; x_wconf 92' lang='lat' dir='ltr'><strong>Patris</strong></span> <span class='ocrx_word' id='word_1_346' title='bbox 2620 2366 3045 2429; x_wconf 86' lang='lat' dir='ltr'><strong>communiter</strong></span> <span class='ocrx_word' id='word_1_347' title='bbox 3094 2365 3479 2445; x_wconf 85' lang='lat' dir='ltr'><strong>diriguntur,</strong></span> 
     </span>
     <span class='ocr_line' id='line_1_57' title="bbox 1982 2462 3484 2543; baseline -0.002 -18"><span class='ocrx_word' id='word_1_348' title='bbox 1982 2465 2134 2526; x_wconf 90' lang='lat' dir='ltr'><strong>dum</strong></span> <span class='ocrx_word' id='word_1_349' title='bbox 2177 2462 2385 2527; x_wconf 88' lang='lat' dir='ltr'><strong>Oratio</strong></span> <span class='ocrx_word' id='word_1_350' title='bbox 2432 2465 2751 2527; x_wconf 88' lang='lat' dir='ltr'><strong>dominica</strong></span> <span class='ocrx_word' id='word_1_351' title='bbox 2796 2466 2861 2526; x_wconf 91' lang='lat' dir='ltr'><strong>in</strong></span> <span class='ocrx_word' id='word_1_352' title='bbox 2914 2465 3033 2527; x_wconf 91' lang='lat' dir='ltr'><strong>hoc</strong></span> <span class='ocrx_word' id='word_1_353' title='bbox 3076 2462 3293 2526; x_wconf 82' lang='lat' dir='ltr'><strong>officio</strong></span> <span class='ocrx_word' id='word_1_354' title='bbox 3346 2480 3484 2543; x_wconf 91' lang='lat' dir='ltr'><strong>pro-</strong></span> 
     </span>
     <span class='ocr_line' id='line_1_58' title="bbox 1982 2562 3477 2645; baseline -0.003 -19"><span class='ocrx_word' id='word_1_355' title='bbox 1982 2563 2333 2637; x_wconf 87' lang='lat' dir='ltr'><strong>nuntiatur,</strong></span> <span class='ocrx_word' id='word_1_356' title='bbox 2382 2582 2613 2626; x_wconf 89' lang='lat' dir='ltr'><strong>nomen</strong></span> <span class='ocrx_word' id='word_1_357' title='bbox 2673 2563 2867 2644; x_wconf 89' lang='lat' dir='ltr'><strong>patris</strong></span> <span class='ocrx_word' id='word_1_358' title='bbox 2916 2562 3331 2645; x_wconf 88' lang='lat' dir='ltr'><strong>personaliter</strong></span> <span class='ocrx_word' id='word_1_359' title='bbox 3379 2580 3477 2621; x_wconf 88' lang='lat' dir='ltr'><strong>su-</strong></span> 
     </span>
     <span class='ocr_line' id='line_1_59' title="bbox 1983 2660 3475 2744; baseline -0.001 -21"><span class='ocrx_word' id='word_1_360' title='bbox 1983 2662 2192 2724; x_wconf 89' lang='lat' dir='ltr'><strong>mitur.</strong></span> <span class='ocrx_word' id='word_1_361' title='bbox 2219 2660 2524 2735; x_wconf 90' lang='lat' dir='ltr'><strong>Secund0‚</strong></span> <span class='ocrx_word' id='word_1_362' title='bbox 2554 2670 2731 2744; x_wconf 86' lang='lat' dir='ltr'><strong>pater</strong></span> <span class='ocrx_word' id='word_1_363' title='bbox 2761 2662 2995 2723; x_wconf 90' lang='lat' dir='ltr'><strong>dicitur</strong></span> <span class='ocrx_word' id='word_1_364' title='bbox 3025 2660 3475 2742; x_wconf 89' lang='lat' dir='ltr'><strong>redemptione,</strong></span> 
     </span>
     <span class='ocr_line' id='line_1_60' title="bbox 1982 2757 3771 2842; baseline 0.003 -22"><span class='ocrx_word' id='word_1_365' title='bbox 1982 2760 2162 2840; x_wconf 84' lang='lat' dir='ltr'><strong>juxta</strong></span> <span class='ocrx_word' id='word_1_366' title='bbox 2205 2760 2362 2821; x_wconf 83' lang='lat' dir='ltr'><strong>illud</strong></span> <span class='ocrx_word' id='word_1_367' title='bbox 2403 2760 2577 2821; x_wconf 84' lang='lat' dir='ltr'><strong>Isaiae</strong></span> <span class='ocrx_word' id='word_1_368' title='bbox 2624 2760 2950 2842; x_wconf 60' lang='lat' dir='ltr'><strong>prophetae</strong></span> <span class='ocrx_word' id='word_1_369' title='bbox 2984 2777 2997 2821; x_wconf 77' lang='grc' dir='ltr'>ε</span> <span class='ocrx_word' id='word_1_370' title='bbox 3036 2759 3147 2833; x_wconf 84' lang='lat' dir='ltr'><strong>Tu,</strong></span> <span class='ocrx_word' id='word_1_371' title='bbox 3192 2757 3477 2832; x_wconf 90' lang='lat' dir='ltr'><strong>Domine,</strong></span> <span class='ocrx_word' id='word_1_372' title='bbox 3512 2782 3771 2831; x_wconf 52' lang='lat' dir='ltr'><strong>amnas.</strong></span> 
     </span>
     <span class='ocr_line' id='line_1_61' title="bbox 1985 2856 3483 2940; baseline -0.002 -21"><span class='ocrx_word' id='word_1_373' title='bbox 1985 2866 2162 2940; x_wconf 90' lang='lat' dir='ltr'><strong>pater</strong></span> <span class='ocrx_word' id='word_1_374' title='bbox 2193 2866 2405 2921; x_wconf 89' lang='lat' dir='ltr'><strong>noster</strong></span> <span class='ocrx_word' id='word_1_375' title='bbox 2434 2867 2495 2920; x_wconf 91' lang='lat' dir='ltr'><strong>et</strong></span> <span class='ocrx_word' id='word_1_376' title='bbox 2529 2860 2891 2940; x_wconf 88' lang='lat' dir='ltr'><strong>redemptor</strong></span> <span class='ocrx_word' id='word_1_377' title='bbox 2920 2866 3152 2931; x_wconf 92' lang='lat' dir='ltr'><strong>noster,</strong></span> <span class='ocrx_word' id='word_1_378' title='bbox 3186 2876 3222 2917; x_wconf 90' lang='lat' dir='ltr'><strong>a</strong></span> <span class='ocrx_word' id='word_1_379' title='bbox 3252 2856 3483 2919; x_wconf 82' lang='lat' dir='ltr'><strong>saeculo</strong></span> 
     </span>
     <span class='ocr_line' id='line_1_62' title="bbox 1985 2956 3485 3037; baseline -0.001 -18"><span class='ocrx_word' id='word_1_380' title='bbox 1985 2974 2215 3019; x_wconf 91' lang='lat' dir='ltr'><strong>nomen</strong></span> <span class='ocrx_word' id='word_1_381' title='bbox 2270 2965 2471 3017; x_wconf 88' lang='lat' dir='ltr'><strong>tuum.</strong></span> <span class='ocrx_word' id='word_1_382' title='bbox 2508 2956 2585 3018; x_wconf 87' lang='lat' dir='ltr'><strong>Et</strong></span> <span class='ocrx_word' id='word_1_383' title='bbox 2632 2956 2723 3018; x_wconf 89' lang='lat' dir='ltr'><strong>sic</strong></span> <span class='ocrx_word' id='word_1_384' title='bbox 2774 2976 2994 3017; x_wconf 89' lang='lat' dir='ltr'><strong>rursus</strong></span> <span class='ocrx_word' id='word_1_385' title='bbox 3042 2964 3218 3037; x_wconf 89' lang='lat' dir='ltr'><strong>pater</strong></span> <span class='ocrx_word' id='word_1_386' title='bbox 3268 2973 3485 3036; x_wconf 90' lang='lat' dir='ltr'><strong>perso-</strong></span> 
     </span>
    </p>
   </div>
   <div class='ocr_carea' id='block_1_14' title="bbox 1911 3054 3485 3136">
    <p class='ocr_par' dir='ltr' id='par_1_15' title="bbox 1911 3054 3485 3136">
     <span class='ocr_line' id='line_1_63' title="bbox 1911 3054 3485 3136; baseline -0.004 -14"><span class='ocrx_word' id='word_1_387' title='bbox 1911 3060 1954 3122; x_wconf 93' lang='lat' dir='ltr'><strong>C</strong></span> <span class='ocrx_word' id='word_1_388' title='bbox 1985 3056 2213 3117; x_wconf 91' lang='lat' dir='ltr'><strong>naliter</strong></span> <span class='ocrx_word' id='word_1_389' title='bbox 2253 3055 2508 3127; x_wconf 91' lang='lat' dir='ltr'><strong>dicitur,</strong></span> <span class='ocrx_word' id='word_1_390' title='bbox 2553 3056 2870 3136; x_wconf 90' lang='lat' dir='ltr'><strong>loquendo</strong></span> <span class='ocrx_word' id='word_1_391' title='bbox 2921 3056 2997 3117; x_wconf 90' lang='lat' dir='ltr'><strong>de</strong></span> <span class='ocrx_word' id='word_1_392' title='bbox 3048 3054 3485 3135; x_wconf 84' lang='lat' dir='ltr'><strong>redemptione</strong></span> 
     </span>
    </p>
   </div>
   <div class='ocr_carea' id='block_1_15' title="bbox 1981 3152 3774 4218">
    <p class='ocr_par' dir='ltr' id='par_1_16' title="bbox 1985 3152 3487 3227">
     <span class='ocr_line' id='line_1_64' title="bbox 1985 3152 3487 3227; baseline -0.001 -12"><span class='ocrx_word' id='word_1_393' title='bbox 1985 3173 2110 3217; x_wconf 89' lang='lat' dir='ltr'><strong>non</strong></span> <span class='ocrx_word' id='word_1_394' title='bbox 2153 3154 2358 3216; x_wconf 86' lang='lat' dir='ltr'><strong>solum</strong></span> <span class='ocrx_word' id='word_1_395' title='bbox 2392 3152 2687 3215; x_wconf 79' lang='lat' dir='ltr'><strong>effective</strong></span> <span class='ocrx_word' id='word_1_396' title='bbox 2728 3154 2915 3227; x_wconf 88' lang='lat' dir='ltr'><strong>dicta,</strong></span> <span class='ocrx_word' id='word_1_397' title='bbox 2952 3154 3064 3215; x_wconf 90' lang='lat' dir='ltr'><strong>sed</strong></span> <span class='ocrx_word' id='word_1_398' title='bbox 3102 3161 3165 3215; x_wconf 90' lang='lat' dir='ltr'><strong>et</strong></span> <span class='ocrx_word' id='word_1_399' title='bbox 3198 3152 3487 3215; x_wconf 88' lang='lat' dir='ltr'><strong>ministe-</strong></span> 
     </span>
    </p>

    <p class='ocr_par' dir='ltr' id='par_1_17' title="bbox 1985 3252 3488 3512">
     <span class='ocr_line' id='line_1_65' title="bbox 1985 3252 3484 3333; baseline -0.001 -19"><span class='ocrx_word' id='word_1_400' title='bbox 1985 3252 2226 3315; x_wconf 88' lang='lat' dir='ltr'><strong>rialiter</strong></span> <span class='ocrx_word' id='word_1_401' title='bbox 2273 3252 2576 3326; x_wconf 87' lang='lat' dir='ltr'><strong>exhibita,</strong></span> <span class='ocrx_word' id='word_1_402' title='bbox 2632 3253 2982 3314; x_wconf 88' lang='lat' dir='ltr'><strong>secundum</strong></span> <span class='ocrx_word' id='word_1_403' title='bbox 3035 3252 3203 3333; x_wconf 93' lang='lat' dir='ltr'><strong>quod</strong></span> <span class='ocrx_word' id='word_1_404' title='bbox 3260 3252 3484 3314; x_wconf 88' lang='lat' dir='ltr'><strong>modus</strong></span> 
     </span>
     <span class='ocr_line' id='line_1_66' title="bbox 1986 3350 3488 3433; baseline -0.001 -20"><span class='ocrx_word' id='word_1_405' title='bbox 1986 3350 2442 3433; x_wconf 88' lang='lat' dir='ltr'><strong>redemptionis</strong></span> <span class='ocrx_word' id='word_1_406' title='bbox 2486 3350 2606 3412; x_wconf 83' lang='lat' dir='ltr'><strong>suit</strong></span> <span class='ocrx_word' id='word_1_407' title='bbox 2648 3368 2761 3432; x_wconf 92' lang='lat' dir='ltr'><strong>per</strong></span> <span class='ocrx_word' id='word_1_408' title='bbox 2798 3350 2939 3412; x_wconf 90' lang='lat' dir='ltr'><strong>Filii</strong></span> <span class='ocrx_word' id='word_1_409' title='bbox 2984 3350 3339 3432; x_wconf 88' lang='lat' dir='ltr'><strong>passionem</strong></span> <span class='ocrx_word' id='word_1_410' title='bbox 3382 3368 3488 3411; x_wconf 89' lang='lat' dir='ltr'><strong>cx-</strong></span> 
     </span>
     <span class='ocr_line' id='line_1_67' title="bbox 1986 3449 3482 3512; baseline -0.001 -1"><span class='ocrx_word' id='word_1_411' title='bbox 1986 3450 2228 3511; x_wconf 90' lang='lat' dir='ltr'><strong>hibitus</strong></span> <span class='ocrx_word' id='word_1_412' title='bbox 2263 3467 2276 3511; x_wconf 91' lang='lat'><strong>:</strong></span> <span class='ocrx_word' id='word_1_413' title='bbox 2311 3458 2373 3510; x_wconf 91' lang='lat' dir='ltr'><strong>et</strong></span> <span class='ocrx_word' id='word_1_414' title='bbox 2416 3449 2508 3511; x_wconf 89' lang='lat' dir='ltr'><strong>sic</strong></span> <span class='ocrx_word' id='word_1_415' title='bbox 2550 3450 2666 3512; x_wconf 91' lang='lat' dir='ltr'><strong>soli</strong></span> <span class='ocrx_word' id='word_1_416' title='bbox 2710 3449 2866 3512; x_wconf 85' lang='lat' dir='ltr'><strong>Filio</strong></span> <span class='ocrx_word' id='word_1_417' title='bbox 2908 3449 3204 3512; x_wconf 89' lang='lat' dir='ltr'><strong>convenit</strong></span> <span class='ocrx_word' id='word_1_418' title='bbox 3252 3467 3482 3511; x_wconf 89' lang='lat' dir='ltr'><strong>nomon</strong></span> 
     </span>
    </p>

    <p class='ocr_par' dir='ltr' id='par_1_18' title="bbox 1986 3547 3486 3629">
     <span class='ocr_line' id='line_1_68' title="bbox 1986 3547 3486 3629; baseline -0.002 -19"><span class='ocrx_word' id='word_1_419' title='bbox 1986 3548 2205 3629; x_wconf 87' lang='lat' dir='ltr'><strong>patris.</strong></span> <span class='ocrx_word' id='word_1_420' title='bbox 2249 3547 2476 3622; x_wconf 85' lang='lat' dir='ltr'><strong>Terti0‚</strong></span> <span class='ocrx_word' id='word_1_421' title='bbox 2523 3554 2701 3629; x_wconf 90' lang='lat' dir='ltr'><strong>pater</strong></span> <span class='ocrx_word' id='word_1_422' title='bbox 2742 3548 2975 3610; x_wconf 90' lang='lat' dir='ltr'><strong>dicitur</strong></span> <span class='ocrx_word' id='word_1_423' title='bbox 3026 3547 3486 3628; x_wconf 82' lang='lat' dir='ltr'><strong>praedestinati-</strong></span> 
     </span>
    </p>

    <p class='ocr_par' dir='ltr' id='par_1_19' title="bbox 1983 3645 3475 3727">
     <span class='ocr_line' id='line_1_69' title="bbox 1983 3645 3475 3727; baseline -0.001 -17"><span class='ocrx_word' id='word_1_424' title='bbox 1983 3665 2124 3720; x_wconf 92' lang='lat' dir='ltr'><strong>one,</strong></span> <span class='ocrx_word' id='word_1_425' title='bbox 2162 3654 2231 3708; x_wconf 92' lang='lat' dir='ltr'><strong>ut</strong></span> <span class='ocrx_word' id='word_1_426' title='bbox 2269 3665 2469 3727; x_wconf 89' lang='lat' dir='ltr'><strong>quum</strong></span> <span class='ocrx_word' id='word_1_427' title='bbox 2512 3646 2598 3707; x_wconf 86' lang='lat' dir='ltr'><strong>ait</strong></span> <span class='ocrx_word' id='word_1_428' title='bbox 2626 3646 2963 3727; x_wconf 90' lang='lat' dir='ltr'><strong>Apostolus</strong></span> <span class='ocrx_word' id='word_1_429' title='bbox 3002 3647 3077 3707; x_wconf 92' lang='lat' dir='ltr'><strong>ad</strong></span> <span class='ocrx_word' id='word_1_430' title='bbox 3120 3645 3426 3727; x_wconf 88' lang='lat' dir='ltr'><strong>Ephesios</strong></span> <span class='ocrx_word' id='word_1_431' title='bbox 3462 3664 3475 3708; x_wconf 90' lang='lat'><strong>:</strong></span> 
     </span>
    </p>

    <p class='ocr_par' dir='ltr' id='par_1_20' title="bbox 1982 3743 3773 3925">
     <span class='ocr_line' id='line_1_70' title="bbox 1982 3743 3773 3825; baseline -0.001 -18"><span class='ocrx_word' id='word_1_432' title='bbox 1982 3744 2191 3807; x_wconf 89' lang='lat' dir='ltr'><strong>Gratia</strong></span> <span class='ocrx_word' id='word_1_433' title='bbox 2220 3744 2399 3807; x_wconf 88' lang='lat' dir='ltr'><strong>vobis</strong></span> <span class='ocrx_word' id='word_1_434' title='bbox 2430 3752 2491 3805; x_wconf 89' lang='lat' dir='ltr'><strong>et</strong></span> <span class='ocrx_word' id='word_1_435' title='bbox 2525 3762 2643 3825; x_wconf 84' lang='lat' dir='ltr'><strong>pax</strong></span> <span class='ocrx_word' id='word_1_436' title='bbox 2674 3763 2711 3805; x_wconf 91' lang='lat' dir='ltr'><strong>a</strong></span> <span class='ocrx_word' id='word_1_437' title='bbox 2740 3743 2863 3807; x_wconf 91' lang='lat' dir='ltr'><strong>Deo</strong></span> <span class='ocrx_word' id='word_1_438' title='bbox 2894 3743 3070 3804; x_wconf 88' lang='lat' dir='ltr'><strong>Patre</strong></span> <span class='ocrx_word' id='word_1_439' title='bbox 3101 3750 3333 3816; x_wconf 92' lang='lat' dir='ltr'><strong>nostro,</strong></span> <span class='ocrx_word' id='word_1_440' title='bbox 3365 3744 3476 3824; x_wconf 92' lang='lat' dir='ltr'><strong>qui</strong></span> <span class='ocrx_word' id='word_1_441' title='bbox 3522 3764 3773 3819; x_wconf 55' lang='lat' dir='ltr'><strong>&amp;plicant</strong></span> 
     </span>
     <span class='ocr_line' id='line_1_71' title="bbox 1984 3828 3549 3925; baseline -0.001 -21"><span class='ocrx_word' id='word_1_442' title='bbox 1984 3842 2457 3925; x_wconf 70' lang='lat' dir='ltr'><strong>praedestinavit</strong></span> <span class='ocrx_word' id='word_1_443' title='bbox 2496 3862 2608 3905; x_wconf 93' lang='lat' dir='ltr'><strong>nos</strong></span> <span class='ocrx_word' id='word_1_444' title='bbox 2644 3842 2710 3903; x_wconf 93' lang='lat' dir='ltr'><strong>in</strong></span> <span class='ocrx_word' id='word_1_445' title='bbox 2750 3842 3151 3922; x_wconf 87' lang='lat' dir='ltr'><strong>adoptionem</strong></span> <span class='ocrx_word' id='word_1_446' title='bbox 3194 3840 3478 3904; x_wconf 84' lang='lat' dir='ltr'><strong>filiorum</strong></span> <span class='ocrx_word' id='word_1_447' title='bbox 3509 3828 3549 3868; x_wconf 77' lang='lat'><strong>⁵·</strong></span> 
     </span>
    </p>

    <p class='ocr_par' dir='ltr' id='par_1_21' title="bbox 1981 3938 3774 4218">
     <span class='ocr_line' id='line_1_72' title="bbox 1984 3938 3482 4023; baseline -0.001 -21"><span class='ocrx_word' id='word_1_448' title='bbox 1984 3960 2098 4023; x_wconf 90' lang='lat' dir='ltr'><strong>per</strong></span> <span class='ocrx_word' id='word_1_449' title='bbox 2125 3941 2340 4003; x_wconf 89' lang='lat' dir='ltr'><strong>Jesum</strong></span> <span class='ocrx_word' id='word_1_450' title='bbox 2373 3940 2715 4002; x_wconf 89' lang='lat' dir='ltr'><strong>Christum.</strong></span> <span class='ocrx_word' id='word_1_451' title='bbox 2750 3938 3000 4013; x_wconf 86' lang='lat' dir='ltr'><strong>Quarto,</strong></span> <span class='ocrx_word' id='word_1_452' title='bbox 3037 3947 3215 4021; x_wconf 89' lang='lat' dir='ltr'><strong>pater</strong></span> <span class='ocrx_word' id='word_1_453' title='bbox 3249 3940 3482 4001; x_wconf 90' lang='lat' dir='ltr'><strong>dicitur</strong></span> 
     </span>
     <span class='ocr_line' id='line_1_73' title="bbox 1984 4036 3477 4108; baseline -0.002 -7"><span class='ocrx_word' id='word_1_454' title='bbox 1984 4038 2322 4108; x_wconf 88' lang='lat' dir='ltr'><strong>creatione,</strong></span> <span class='ocrx_word' id='word_1_455' title='bbox 2368 4038 2717 4100; x_wconf 90' lang='lat' dir='ltr'><strong>secundum</strong></span> <span class='ocrx_word' id='word_1_456' title='bbox 2759 4036 2915 4099; x_wconf 92' lang='lat' dir='ltr'><strong>illud</strong></span> <span class='ocrx_word' id='word_1_457' title='bbox 2957 4036 3425 4100; x_wconf 90' lang='lat' dir='ltr'><strong>Deuteronomii</strong></span> <span class='ocrx_word' id='word_1_458' title='bbox 3463 4056 3477 4099; x_wconf 92' lang='lat'>:</span> 
     </span>
     <span class='ocr_line' id='line_1_74' title="bbox 1981 4135 3774 4218; baseline -0.001 -19"><span class='ocrx_word' id='word_1_459' title='bbox 1981 4136 2306 4218; x_wconf 88' lang='lat' dir='ltr'><strong>Numquid</strong></span> <span class='ocrx_word' id='word_1_460' title='bbox 2340 4154 2465 4199; x_wconf 93' lang='lat' dir='ltr'><strong>non</strong></span> <span class='ocrx_word' id='word_1_461' title='bbox 2498 4135 2633 4217; x_wconf 89' lang='lat' dir='ltr'><strong>ipse</strong></span> <span class='ocrx_word' id='word_1_462' title='bbox 2664 4143 2760 4196; x_wconf 89' lang='lat' dir='ltr'><strong>est</strong></span> <span class='ocrx_word' id='word_1_463' title='bbox 2792 4142 2967 4217; x_wconf 90' lang='lat' dir='ltr'><strong>pater</strong></span> <span class='ocrx_word' id='word_1_464' title='bbox 2996 4142 3165 4210; x_wconf 79' lang='lat' dir='ltr'><strong>tuuS,</strong></span> <span class='ocrx_word' id='word_1_465' title='bbox 3200 4136 3311 4217; x_wconf 91' lang='lat' dir='ltr'><strong>qui</strong></span> <span class='ocrx_word' id='word_1_466' title='bbox 3344 4154 3482 4216; x_wconf 89' lang='lat' dir='ltr'><strong>pos·</strong></span> <span class='ocrx_word' id='word_1_467' title='bbox 3512 4162 3624 4205; x_wconf 63' lang='lat' dir='ltr'><strong>Dm</strong></span> <span class='ocrx_word' id='word_1_468' title='bbox 3630 4172 3774 4211; x_wconf 64' lang='lat'><strong>.......</strong></span> 
     </span>
    </p>
   </div>
   <div class='ocr_carea' id='block_1_16' title="bbox 363 4226 3551 4309">
    <p class='ocr_par' dir='ltr' id='par_1_22' title="bbox 363 4226 3551 4309">
     <span class='ocr_line' id='line_1_75' title="bbox 363 4226 3551 4309; baseline -0.004 -2"><span class='ocrx_word' id='word_1_469' title='bbox 363 4244 660 4309; x_wconf 91' lang='lat' dir='ltr'><strong>Christus</strong></span> <span class='ocrx_word' id='word_1_470' title='bbox 708 4241 802 4303; x_wconf 88' lang='lat' dir='ltr'><strong>sic</strong></span> <span class='ocrx_word' id='word_1_471' title='bbox 852 4238 1284 4301; x_wconf 88' lang='lat' dir='ltr'><strong>inchoandum</strong></span> <span class='ocrx_word' id='word_1_472' title='bbox 1327 4238 1580 4300; x_wconf 86' lang='lat' dir='ltr'><strong>edocuit</strong></span> <span class='ocrx_word' id='word_1_473' title='bbox 1618 4256 1632 4299; x_wconf 91' lang='lat'>:</span> <span class='ocrx_word' id='word_1_474' title='bbox 1671 4237 1869 4299; x_wconf 90' lang='lat' dir='ltr'><strong>Pater.</strong></span> <span class='ocrx_word' id='word_1_475' title='bbox 1906 4240 1955 4301; x_wconf 87' lang='lat' dir='ltr'>D</span> <span class='ocrx_word' id='word_1_476' title='bbox 1985 4234 2146 4298; x_wconf 91' lang='lat' dir='ltr'><strong>sedit</strong></span> <span class='ocrx_word' id='word_1_477' title='bbox 2195 4242 2277 4309; x_wconf 90' lang='lat' dir='ltr'><strong>tc,</strong></span> <span class='ocrx_word' id='word_1_478' title='bbox 2313 4241 2375 4295; x_wconf 90' lang='lat' dir='ltr'><strong>et</strong></span> <span class='ocrx_word' id='word_1_479' title='bbox 2425 4233 2595 4306; x_wconf 83' lang='lat' dir='ltr'><strong>fecit,</strong></span> <span class='ocrx_word' id='word_1_480' title='bbox 2631 4241 2693 4295; x_wconf 91' lang='lat' dir='ltr'><strong>et</strong></span> <span class='ocrx_word' id='word_1_481' title='bbox 2732 4234 2969 4296; x_wconf 89' lang='lat' dir='ltr'><strong>creavit</strong></span> <span class='ocrx_word' id='word_1_482' title='bbox 3011 4237 3110 4295; x_wconf 67' lang='lat' dir='ltr'><strong>te?</strong></span> <span class='ocrx_word' id='word_1_483' title='bbox 3141 4233 3313 4295; x_wconf 88' lang='lat' dir='ltr'><strong>Fecit</strong></span> <span class='ocrx_word' id='word_1_484' title='bbox 3362 4235 3483 4296; x_wconf 89' lang='lat' dir='ltr'><strong>uti·</strong></span> <span class='ocrx_word' id='word_1_485' title='bbox 3511 4226 3551 4267; x_wconf 83' lang='lat'><strong>⁰·</strong></span> 
     </span>
    </p>
   </div>
   <div class='ocr_carea' id='block_1_17' title="bbox 362 4334 1878 5400">
    <p class='ocr_par' dir='ltr' id='par_1_23' title="bbox 362 4334 1878 5400">
     <span class='ocr_line' id='line_1_76' title="bbox 362 4334 1878 4417; baseline -0.006 -12"><span class='ocrx_word' id='word_1_486' title='bbox 362 4344 504 4417; x_wconf 86' lang='lat' dir='ltr'><strong>Quo</strong></span> <span class='ocrx_word' id='word_1_487' title='bbox 543 4339 804 4404; x_wconf 89' lang='lat' dir='ltr'><strong>nomine</strong></span> <span class='ocrx_word' id='word_1_488' title='bbox 843 4338 1033 4399; x_wconf 88' lang='lat' dir='ltr'><strong>etiam</strong></span> <span class='ocrx_word' id='word_1_489' title='bbox 1075 4334 1582 4399; x_wconf 88' lang='lat' dir='ltr'><strong>benevolentiam</strong></span> <span class='ocrx_word' id='word_1_490' title='bbox 1624 4335 1730 4397; x_wconf 91' lang='lat' dir='ltr'><strong>Dei</strong></span> <span class='ocrx_word' id='word_1_491' title='bbox 1777 4356 1878 4397; x_wconf 91' lang='lat' dir='ltr'><strong>ca-</strong></span> 
     </span>
     <span class='ocr_line' id='line_1_77' title="bbox 363 4434 1878 4525; baseline -0.006 -21"><span class='ocrx_word' id='word_1_492' title='bbox 363 4449 649 4525; x_wconf 83' lang='lat' dir='ltr'><strong>ptamus.</strong></span> <span class='ocrx_word' id='word_1_493' title='bbox 685 4436 805 4499; x_wconf 88' lang='lat' dir='ltr'><strong>Sed</strong></span> <span class='ocrx_word' id='word_1_494' title='bbox 846 4452 1182 4498; x_wconf 86' lang='lat' dir='ltr'><strong>caveamus</strong></span> <span class='ocrx_word' id='word_1_495' title='bbox 1226 4452 1304 4496; x_wconf 91' lang='lat' dir='ltr'><strong>ne</strong></span> <span class='ocrx_word' id='word_1_496' title='bbox 1345 4434 1748 4497; x_wconf 88' lang='lat' dir='ltr'><strong>inveniamur</strong></span> <span class='ocrx_word' id='word_1_497' title='bbox 1782 4434 1878 4495; x_wconf 88' lang='lat' dir='ltr'><strong>in-</strong></span> 
     </span>
     <span class='ocr_line' id='line_1_78' title="bbox 362 4531 1874 4621; baseline -0.006 -19"><span class='ocrx_word' id='word_1_498' title='bbox 362 4538 544 4621; x_wconf 84' lang='lat' dir='ltr'><strong>digni</strong></span> <span class='ocrx_word' id='word_1_499' title='bbox 585 4536 786 4598; x_wconf 91' lang='lat' dir='ltr'><strong>Deum</strong></span> <span class='ocrx_word' id='word_1_500' title='bbox 826 4532 1211 4595; x_wconf 88' lang='lat' dir='ltr'><strong>altissimum</strong></span> <span class='ocrx_word' id='word_1_501' title='bbox 1255 4542 1496 4614; x_wconf 87' lang='lat' dir='ltr'><strong>patrem</strong></span> <span class='ocrx_word' id='word_1_502' title='bbox 1530 4550 1775 4595; x_wconf 83' lang='lat' dir='ltr'><strong>vocare.</strong></span> <span class='ocrx_word' id='word_1_503' title='bbox 1811 4531 1874 4594; x_wconf 91' lang='lat' dir='ltr'><strong>Si</strong></span> 
     </span>
     <span class='ocr_line' id='line_1_79' title="bbox 362 4629 1874 4711; baseline -0.007 -10"><span class='ocrx_word' id='word_1_504' title='bbox 362 4638 542 4700; x_wconf 89' lang='lat' dir='ltr'><strong>enim</strong></span> <span class='ocrx_word' id='word_1_505' title='bbox 577 4634 771 4697; x_wconf 89' lang='lat' dir='ltr'><strong>rebus</strong></span> <span class='ocrx_word' id='word_1_506' title='bbox 809 4632 1060 4705; x_wconf 81' lang='lat' dir='ltr'><strong>creatiS,</strong></span> <span class='ocrx_word' id='word_1_507' title='bbox 1098 4630 1275 4693; x_wconf 87' lang='lat' dir='ltr'><strong>vanis</strong></span> <span class='ocrx_word' id='word_1_508' title='bbox 1315 4638 1377 4691; x_wconf 88' lang='lat' dir='ltr'><strong>et</strong></span> <span class='ocrx_word' id='word_1_509' title='bbox 1407 4629 1644 4693; x_wconf 89' lang='lat' dir='ltr'><strong>vilibus</strong></span> <span class='ocrx_word' id='word_1_510' title='bbox 1675 4630 1874 4711; x_wconf 88' lang='lat' dir='ltr'><strong>magis</strong></span> 
     </span>
     <span class='ocr_line' id='line_1_80' title="bbox 362 4728 1876 4818; baseline -0.006 -20"><span class='ocrx_word' id='word_1_511' title='bbox 362 4754 566 4818; x_wconf 89' lang='lat' dir='ltr'><strong>quam</strong></span> <span class='ocrx_word' id='word_1_512' title='bbox 615 4732 741 4795; x_wconf 92' lang='lat' dir='ltr'><strong>sibi</strong></span> <span class='ocrx_word' id='word_1_513' title='bbox 791 4729 1200 4803; x_wconf 79' lang='lat' dir='ltr'><strong>inhaeremuS,</strong></span> <span class='ocrx_word' id='word_1_514' title='bbox 1252 4729 1301 4790; x_wconf 90' lang='lat' dir='ltr'><strong>si</strong></span> <span class='ocrx_word' id='word_1_515' title='bbox 1355 4728 1876 4809; x_wconf 88' lang='lat' dir='ltr'><strong>transgrediendo</strong></span> 
     </span>
     <span class='ocr_line' id='line_1_81' title="bbox 363 4826 1871 4912; baseline -0.007 -14"><span class='ocrx_word' id='word_1_516' title='bbox 363 4835 590 4898; x_wconf 88' lang='lat' dir='ltr'><strong>divina</strong></span> <span class='ocrx_word' id='word_1_517' title='bbox 637 4834 979 4912; x_wconf 82' lang='lat' dir='ltr'><strong>praecepta,</strong></span> <span class='ocrx_word' id='word_1_518' title='bbox 1033 4827 1244 4909; x_wconf 90' lang='lat' dir='ltr'><strong>ipsum</strong></span> <span class='ocrx_word' id='word_1_519' title='bbox 1295 4826 1774 4900; x_wconf 84' lang='lat' dir='ltr'><strong>inhonoramuS,</strong></span> <span class='ocrx_word' id='word_1_520' title='bbox 1823 4827 1871 4887; x_wconf 91' lang='lat' dir='ltr'><strong>si</strong></span> 
     </span>
     <span class='ocr_line' id='line_1_82' title="bbox 362 4924 1874 5009; baseline -0.007 -13"><span class='ocrx_word' id='word_1_521' title='bbox 362 4938 577 4997; x_wconf 87' lang='lat' dir='ltr'><strong>creata</strong></span> <span class='ocrx_word' id='word_1_522' title='bbox 605 4927 888 5009; x_wconf 88' lang='lat' dir='ltr'><strong>amplius</strong></span> <span class='ocrx_word' id='word_1_523' title='bbox 918 4944 1110 5007; x_wconf 89' lang='lat' dir='ltr'><strong>quam</strong></span> <span class='ocrx_word' id='word_1_524' title='bbox 1143 4925 1494 4987; x_wconf 89' lang='lat' dir='ltr'><strong>Creatorem</strong></span> <span class='ocrx_word' id='word_1_525' title='bbox 1528 4924 1874 5006; x_wconf 81' lang='lat' dir='ltr'><strong>quaerimus</strong></span> 
     </span>
     <span class='ocr_line' id='line_1_83' title="bbox 362 5022 1875 5106; baseline -0.007 -13"><span class='ocrx_word' id='word_1_526' title='bbox 362 5040 426 5093; x_wconf 91' lang='lat' dir='ltr'><strong>et</strong></span> <span class='ocrx_word' id='word_1_527' title='bbox 459 5044 778 5097; x_wconf 78' lang='lat' dir='ltr'><strong>amamuS,</strong></span> <span class='ocrx_word' id='word_1_528' title='bbox 815 5042 1074 5106; x_wconf 87' lang='lat' dir='ltr'><strong>prorsus</strong></span> <span class='ocrx_word' id='word_1_529' title='bbox 1115 5022 1359 5103; x_wconf 84' lang='lat' dir='ltr'><strong>indigni</strong></span> <span class='ocrx_word' id='word_1_530' title='bbox 1401 5043 1621 5085; x_wconf 91' lang='lat' dir='ltr'><strong>sumus</strong></span> <span class='ocrx_word' id='word_1_531' title='bbox 1660 5022 1875 5104; x_wconf 90' lang='lat' dir='ltr'><strong>ipsum</strong></span> 
     </span>
     <span class='ocr_line' id='line_1_84' title="bbox 363 5120 1876 5213; baseline -0.006 -22"><span class='ocrx_word' id='word_1_532' title='bbox 363 5138 616 5213; x_wconf 84' lang='lat' dir='ltr'><strong>patrem</strong></span> <span class='ocrx_word' id='word_1_533' title='bbox 663 5140 930 5191; x_wconf 80' lang='lat' dir='ltr'><strong>vocare:</strong></span> <span class='ocrx_word' id='word_1_534' title='bbox 966 5140 1082 5183; x_wconf 89' lang='lat' dir='ltr'><strong>nec</strong></span> <span class='ocrx_word' id='word_1_535' title='bbox 1130 5120 1295 5183; x_wconf 88' lang='lat' dir='ltr'><strong>inter</strong></span> <span class='ocrx_word' id='word_1_536' title='bbox 1335 5121 1504 5183; x_wconf 81' lang='lat' dir='ltr'><strong>filios</strong></span> <span class='ocrx_word' id='word_1_537' title='bbox 1555 5140 1700 5183; x_wconf 91' lang='lat' dir='ltr'><strong>suos</strong></span> <span class='ocrx_word' id='word_1_538' title='bbox 1751 5121 1876 5182; x_wconf 89' lang='lat' dir='ltr'><strong>ele-</strong></span> 
     </span>
     <span class='ocr_line' id='line_1_85' title="bbox 364 5220 1872 5302; baseline -0.007 -11"><span class='ocrx_word' id='word_1_539' title='bbox 364 5235 500 5291; x_wconf 88' lang='lat' dir='ltr'><strong>ctos</strong></span> <span class='ocrx_word' id='word_1_540' title='bbox 530 5243 648 5287; x_wconf 92' lang='lat' dir='ltr'><strong>nos</strong></span> <span class='ocrx_word' id='word_1_541' title='bbox 681 5226 1030 5302; x_wconf 87' lang='lat' dir='ltr'><strong>computat,</strong></span> <span class='ocrx_word' id='word_1_542' title='bbox 1056 5221 1164 5282; x_wconf 92' lang='lat' dir='ltr'><strong>sed</strong></span> <span class='ocrx_word' id='word_1_543' title='bbox 1196 5226 1498 5300; x_wconf 87' lang='lat' dir='ltr'><strong>tanquam</strong></span> <span class='ocrx_word' id='word_1_544' title='bbox 1531 5220 1872 5300; x_wconf 84' lang='lat' dir='ltr'><strong>degeneres</strong></span> 
     </span>
     <span class='ocr_line' id='line_1_86' title="bbox 363 5317 1870 5400; baseline -0.007 -11"><span class='ocrx_word' id='word_1_545' title='bbox 363 5345 438 5389; x_wconf 89' lang='lat' dir='ltr'><strong>ac</strong></span> <span class='ocrx_word' id='word_1_546' title='bbox 493 5320 790 5394; x_wconf 86' lang='lat' dir='ltr'><strong>rebelles,</strong></span> <span class='ocrx_word' id='word_1_547' title='bbox 839 5325 1142 5399; x_wconf 89' lang='lat' dir='ltr'><strong>tanquam</strong></span> <span class='ocrx_word' id='word_1_548' title='bbox 1193 5317 1425 5400; x_wconf 91' lang='lat' dir='ltr'><strong>impios</strong></span> <span class='ocrx_word' id='word_1_549' title='bbox 1481 5326 1544 5379; x_wconf 91' lang='lat' dir='ltr'><strong>et</strong></span> <span class='ocrx_word' id='word_1_550' title='bbox 1595 5318 1870 5398; x_wconf 85' lang='lat' dir='ltr'><strong>ingratos</strong></span> 
     </span>
    </p>
   </div>
   <div class='ocr_carea' id='block_1_18' title="bbox 1982 4332 3779 5399">
    <p class='ocr_par' dir='ltr' id='par_1_24' title="bbox 1983 4332 3777 4904">
     <span class='ocr_line' id='line_1_87' title="bbox 1985 4332 3480 4415; baseline 0 -21"><span class='ocrx_word' id='word_1_551' title='bbox 1985 4352 2111 4415; x_wconf 90' lang='lat' dir='ltr'><strong>que</strong></span> <span class='ocrx_word' id='word_1_552' title='bbox 2140 4342 2453 4414; x_wconf 87' lang='lat' dir='ltr'><strong>quantum</strong></span> <span class='ocrx_word' id='word_1_553' title='bbox 2496 4332 2573 4394; x_wconf 92' lang='lat' dir='ltr'><strong>ad</strong></span> <span class='ocrx_word' id='word_1_554' title='bbox 2607 4351 2859 4413; x_wconf 89' lang='lat' dir='ltr'><strong>corpus,</strong></span> <span class='ocrx_word' id='word_1_555' title='bbox 2896 4333 3133 4394; x_wconf 84' lang='lat' dir='ltr'><strong>creavit</strong></span> <span class='ocrx_word' id='word_1_556' title='bbox 3170 4339 3480 4413; x_wconf 87' lang='lat' dir='ltr'><strong>quantum</strong></span> 
     </span>
     <span class='ocr_line' id='line_1_88' title="bbox 1985 4430 3489 4512; baseline -0.001 -19"><span class='ocrx_word' id='word_1_557' title='bbox 1985 4433 2062 4493; x_wconf 88' lang='lat' dir='ltr'><strong>ad</strong></span> <span class='ocrx_word' id='word_1_558' title='bbox 2091 4432 2393 4505; x_wconf 88' lang='lat' dir='ltr'><strong>animam,</strong></span> <span class='ocrx_word' id='word_1_559' title='bbox 2429 4438 2491 4492; x_wconf 87' lang='lat' dir='ltr'><strong>et</strong></span> <span class='ocrx_word' id='word_1_560' title='bbox 2532 4430 2812 4512; x_wconf 90' lang='lat' dir='ltr'><strong>possedit</strong></span> <span class='ocrx_word' id='word_1_561' title='bbox 2852 4432 3199 4493; x_wconf 90' lang='lat' dir='ltr'><strong>secundum</strong></span> <span class='ocrx_word' id='word_1_562' title='bbox 3244 4438 3489 4492; x_wconf 87' lang='lat' dir='ltr'><strong>utrum-</strong></span> 
     </span>
     <span class='ocr_line' id='line_1_89' title="bbox 1986 4527 3487 4611; baseline -0.001 -20"><span class='ocrx_word' id='word_1_563' title='bbox 1986 4548 2133 4611; x_wconf 91' lang='lat' dir='ltr'><strong>que.</strong></span> <span class='ocrx_word' id='word_1_564' title='bbox 2160 4527 2411 4604; x_wconf 86' lang='lat' dir='ltr'><strong>Quinto,</strong></span> <span class='ocrx_word' id='word_1_565' title='bbox 2447 4529 2681 4591; x_wconf 87' lang='lat' dir='ltr'><strong>dicitur</strong></span> <span class='ocrx_word' id='word_1_566' title='bbox 2713 4536 2890 4609; x_wconf 86' lang='lat' dir='ltr'><strong>pater</strong></span> <span class='ocrx_word' id='word_1_567' title='bbox 2920 4528 3355 4590; x_wconf 90' lang='lat' dir='ltr'><strong>sacramentali</strong></span> <span class='ocrx_word' id='word_1_568' title='bbox 3390 4547 3487 4590; x_wconf 88' lang='lat' dir='ltr'><strong>re-</strong></span> 
     </span>
     <span class='ocr_line' id='line_1_90' title="bbox 1983 4627 3487 4710; baseline -0.001 -20"><span class='ocrx_word' id='word_1_569' title='bbox 1983 4629 2411 4709; x_wconf 83' lang='lat' dir='ltr'><strong>generatione,</strong></span> <span class='ocrx_word' id='word_1_570' title='bbox 2448 4635 2638 4710; x_wconf 88' lang='lat' dir='ltr'><strong>prout</strong></span> <span class='ocrx_word' id='word_1_571' title='bbox 2678 4627 2742 4688; x_wconf 89' lang='lat' dir='ltr'><strong>in</strong></span> <span class='ocrx_word' id='word_1_572' title='bbox 2788 4628 2994 4709; x_wconf 91' lang='lat' dir='ltr'><strong>prima</strong></span> <span class='ocrx_word' id='word_1_573' title='bbox 3032 4646 3145 4688; x_wconf 88' lang='lat' dir='ltr'><strong>sua</strong></span> <span class='ocrx_word' id='word_1_574' title='bbox 3174 4627 3487 4690; x_wconf 89' lang='lat' dir='ltr'><strong>Canonica</strong></span> 
     </span>
     <span class='ocr_line' id='line_1_91' title="bbox 1985 4725 3777 4809; baseline 0 -19"><span class='ocrx_word' id='word_1_575' title='bbox 1985 4727 2270 4809; x_wconf 93' lang='lat' dir='ltr'><strong>loquitur</strong></span> <span class='ocrx_word' id='word_1_576' title='bbox 2298 4726 2516 4789; x_wconf 89' lang='lat' dir='ltr'><strong>Petrus</strong></span> <span class='ocrx_word' id='word_1_577' title='bbox 2553 4745 2567 4787; x_wconf 91' lang='lat'>:</span> <span class='ocrx_word' id='word_1_578' title='bbox 2602 4726 2976 4788; x_wconf 87' lang='lat' dir='ltr'><strong>Benedictus</strong></span> <span class='ocrx_word' id='word_1_579' title='bbox 3016 4725 3178 4787; x_wconf 90' lang='lat' dir='ltr'><strong>Deus</strong></span> <span class='ocrx_word' id='word_1_580' title='bbox 3218 4733 3279 4787; x_wconf 89' lang='lat' dir='ltr'><strong>et</strong></span> <span class='ocrx_word' id='word_1_581' title='bbox 3308 4726 3486 4787; x_wconf 85' lang='lat' dir='ltr'><strong>Pater</strong></span> <span class='ocrx_word' id='word_1_582' title='bbox 3516 4749 3777 4799; x_wconf 53' lang='lat' dir='ltr'><strong>wama.</strong></span> 
     </span>
     <span class='ocr_line' id='line_1_92' title="bbox 1983 4822 3487 4904; baseline -0.001 -18"><span class='ocrx_word' id='word_1_583' title='bbox 1983 4823 2232 4886; x_wconf 86' lang='lat' dir='ltr'><strong>Domini</strong></span> <span class='ocrx_word' id='word_1_584' title='bbox 2280 4824 2477 4885; x_wconf 90' lang='lat' dir='ltr'><strong>nostri</strong></span> <span class='ocrx_word' id='word_1_585' title='bbox 2514 4823 2659 4885; x_wconf 88' lang='lat' dir='ltr'><strong>Jesu</strong></span> <span class='ocrx_word' id='word_1_586' title='bbox 2701 4822 2952 4895; x_wconf 89' lang='lat' dir='ltr'><strong>Christi,</strong></span> <span class='ocrx_word' id='word_1_587' title='bbox 2996 4823 3105 4904; x_wconf 91' lang='lat' dir='ltr'><strong>qui</strong></span> <span class='ocrx_word' id='word_1_588' title='bbox 3158 4841 3487 4903; x_wconf 84' lang='lat' dir='ltr'><strong>regenera-</strong></span> 
     </span>
    </p>

    <p class='ocr_par' dir='ltr' id='par_1_25' title="bbox 1986 4920 3487 5004">
     <span class='ocr_line' id='line_1_93' title="bbox 1986 4920 3487 5004; baseline -0.001 -19"><span class='ocrx_word' id='word_1_589' title='bbox 1986 4923 2079 4985; x_wconf 89' lang='lat' dir='ltr'><strong>vit</strong></span> <span class='ocrx_word' id='word_1_590' title='bbox 2116 4941 2230 4985; x_wconf 91' lang='lat' dir='ltr'><strong>nos</strong></span> <span class='ocrx_word' id='word_1_591' title='bbox 2272 4922 2334 4983; x_wconf 95' lang='lat' dir='ltr'><strong>in</strong></span> <span class='ocrx_word' id='word_1_592' title='bbox 2377 4940 2553 5003; x_wconf 89' lang='lat' dir='ltr'><strong>spem</strong></span> <span class='ocrx_word' id='word_1_593' title='bbox 2598 4921 2830 4984; x_wconf 90' lang='lat' dir='ltr'><strong>vivam.</strong></span> <span class='ocrx_word' id='word_1_594' title='bbox 2864 4920 3071 4997; x_wconf 82' lang='lat' dir='ltr'><strong>Sexto,</strong></span> <span class='ocrx_word' id='word_1_595' title='bbox 3107 4922 3340 4983; x_wconf 90' lang='lat' dir='ltr'><strong>dicitur</strong></span> <span class='ocrx_word' id='word_1_596' title='bbox 3379 4941 3487 5004; x_wconf 87' lang='lat' dir='ltr'><strong>pa-</strong></span> 
     </span>
    </p>

    <p class='ocr_par' dir='ltr' id='par_1_26' title="bbox 1985 5019 3479 5099">
     <span class='ocr_line' id='line_1_94' title="bbox 1985 5019 3479 5099; baseline 0 -16"><span class='ocrx_word' id='word_1_597' title='bbox 1985 5030 2080 5083; x_wconf 90' lang='lat' dir='ltr'><strong>ter</strong></span> <span class='ocrx_word' id='word_1_598' title='bbox 2108 5020 2265 5083; x_wconf 87' lang='lat' dir='ltr'><strong>fidei</strong></span> <span class='ocrx_word' id='word_1_599' title='bbox 2297 5019 2735 5093; x_wconf 87' lang='lat' dir='ltr'><strong>instructione,</strong></span> <span class='ocrx_word' id='word_1_600' title='bbox 2767 5019 2949 5099; x_wconf 88' lang='lat' dir='ltr'><strong>juxta</strong></span> <span class='ocrx_word' id='word_1_601' title='bbox 2986 5019 3144 5082; x_wconf 93' lang='lat' dir='ltr'><strong>illud</strong></span> <span class='ocrx_word' id='word_1_602' title='bbox 3173 5020 3429 5082; x_wconf 88' lang='lat' dir='ltr'><strong>Joannis</strong></span> <span class='ocrx_word' id='word_1_603' title='bbox 3466 5039 3479 5083; x_wconf 90' lang='lat'>:</span> 
     </span>
    </p>

    <p class='ocr_par' dir='ltr' id='par_1_27' title="bbox 1982 5117 3779 5399">
     <span class='ocr_line' id='line_1_95' title="bbox 1984 5117 3779 5199; baseline 0 -20"><span class='ocrx_word' id='word_1_604' title='bbox 1984 5117 2302 5199; x_wconf 87' lang='lat' dir='ltr'><strong>Quotquot</strong></span> <span class='ocrx_word' id='word_1_605' title='bbox 2326 5124 2537 5179; x_wconf 85' lang='lat' dir='ltr'><strong>autem</strong></span> <span class='ocrx_word' id='word_1_606' title='bbox 2572 5125 2949 5199; x_wconf 85' lang='lat' dir='ltr'><strong>receperunt</strong></span> <span class='ocrx_word' id='word_1_607' title='bbox 2977 5135 3146 5191; x_wconf 89' lang='lat' dir='ltr'><strong>eum,</strong></span> <span class='ocrx_word' id='word_1_608' title='bbox 3182 5118 3352 5180; x_wconf 89' lang='lat' dir='ltr'><strong>dedit</strong></span> <span class='ocrx_word' id='word_1_609' title='bbox 3393 5119 3484 5180; x_wconf 92' lang='lat' dir='ltr'><strong>eis</strong></span> <span class='ocrx_word' id='word_1_610' title='bbox 3513 5144 3779 5193; x_wconf 44' lang='lat' dir='ltr'><strong>amam».</strong></span> 
     </span>
     <span class='ocr_line' id='line_1_96' title="bbox 1985 5214 3761 5322; baseline -0.001 -43"><span class='ocrx_word' id='word_1_611' title='bbox 1985 5224 2355 5299; x_wconf 90' lang='lat' dir='ltr'><strong>potestatem</strong></span> <span class='ocrx_word' id='word_1_612' title='bbox 2410 5215 2579 5278; x_wconf 83' lang='lat' dir='ltr'><strong>filios</strong></span> <span class='ocrx_word' id='word_1_613' title='bbox 2633 5215 2737 5276; x_wconf 91' lang='lat' dir='ltr'><strong>Dei</strong></span> <span class='ocrx_word' id='word_1_614' title='bbox 2790 5214 2958 5277; x_wconf 82' lang='lat' dir='ltr'><strong>sieri.</strong></span> <span class='ocrx_word' id='word_1_615' title='bbox 3004 5214 3307 5297; x_wconf 88' lang='lat' dir='ltr'><strong>Septimo,</strong></span> <span class='ocrx_word' id='word_1_616' title='bbox 3345 5236 3485 5298; x_wconf 88' lang='lat' dir='ltr'><strong>gra-</strong></span> <span class='ocrx_word' id='word_1_617' title='bbox 3540 5278 3653 5322; x_wconf 62' lang='lat' dir='ltr'><strong>Rom</strong></span> <span class='ocrx_word' id='word_1_618' title='bbox 3690 5289 3761 5317; x_wconf 52' lang='lat' dir='ltr'><strong>vm</strong></span> 
     </span>
     <span class='ocr_line' id='line_1_97' title="bbox 1982 5306 3779 5399; baseline 0.003 -21"><span class='ocrx_word' id='word_1_619' title='bbox 1982 5316 2086 5379; x_wconf 78' lang='lat' dir='ltr'><strong>tiae</strong></span> <span class='ocrx_word' id='word_1_620' title='bbox 2131 5315 2491 5397; x_wconf 87' lang='lat' dir='ltr'><strong>adoptione,</strong></span> <span class='ocrx_word' id='word_1_621' title='bbox 2541 5313 2789 5377; x_wconf 89' lang='lat' dir='ltr'><strong>dicente</strong></span> <span class='ocrx_word' id='word_1_622' title='bbox 2837 5314 3139 5396; x_wconf 88' lang='lat' dir='ltr'><strong>Apostolo</strong></span> <span class='ocrx_word' id='word_1_623' title='bbox 3174 5333 3187 5377; x_wconf 91' lang='lat'>:</span> <span class='ocrx_word' id='word_1_624' title='bbox 3220 5315 3484 5399; x_wconf 87' lang='lat' dir='ltr'><strong>Accepi-</strong></span> <span class='ocrx_word' id='word_1_625' title='bbox 3515 5342 3581 5385; x_wconf 71' lang='grc' dir='ltr'><strong>ιε.</strong></span> <span class='ocrx_word' id='word_1_626' title='bbox 3658 5306 3669 5317; x_wconf 76' lang='grc'><strong>’</strong></span> <span class='ocrx_word' id='word_1_627' title='bbox 3767 5307 3779 5325; x_wconf 84' lang='lat'>&#39;</span> 
     </span>
    </p>
   </div>
  </div>
 </body>
</html>
