4300 6259
1222 532 1572 578 mantnano
1614 531 1679 579 IN
1720 531 1859 579 CAP.
1906 533 1927 579 1
1968 532 2249 580 JOANNIS.
2295 554 2376 564 —
2418 536 2558 581 ΛΒΤ.
2605 496 2686 583 ῪῙ.

3369 520 3489 585 309

362 718 557 781 agere
610 702 995 777 immediate,
1045 702 1221 765 illam
1272 722 1388 784 pro
1437 702 1627 766 libitu
1674 702 1880 765 affici·
1909 701 1960 762 A
1992 704 2369 768 nedicentur
2399 725 2619 770 omnes
2655 716 2896 789 gentes.
2933 708 3242 785 Secundo,
3275 710 3352 772 de
3391 709 3489 791 ip-

362 800 535 863 endo
582 820 659 863 ac
707 801 1127 865 immutando.
1173 801 1333 864 Hinc
1381 809 1475 865 est
1518 803 1687 883 quod
1738 802 1879 883 qui-

362 899 515 961 dam
545 899 997 981 Apostolorum
1037 901 1116 963 ad
1159 919 1350 962 unam
1386 918 1606 964 vocem
1647 900 1877 964 Christi

366 999 589 1081 ipsum
633 1000 835 1062 secuti
876 1006 1046 1062 sunt.
1081 997 1171 1061 Ex
1211 998 1449 1081 quibus
1500 1006 1670 1081 patet
1716 1000 1880 1063 insa-

368 1098 477 1160 nia
542 1097 873 1181 Porphyrii
932 1117 1005 1161 ac
1060 1097 1295 1159 Iuliani
1361 1098 1877 1178 redarguentium

364 1195 707 1278 Apostolos
746 1198 823 1260 de
862 1196 1063 1259 animi
1102 1197 1380 1271 levitate,
1414 1197 1586 1278 quod
1630 1196 1877 1261 Christo

369 1303 641 1357 vocante
701 1312 849 1357 eum
914 1294 1117 1357 secuti
1180 1301 1351 1369 sunt,
1412 1294 1596 1375 quasi
1659 1293 1877 1356 liceret

166 1399 233 1453 u
367 1392 731 1474 quemlibet
777 1400 1109 1456 vocantem
1158 1392 1417 1455 imitari.
1463 1395 1627 1454 E‘rat
1661 1402 1878 1453 autem

370 1492 733 1571 Philippus
772 1492 1084 1555 oriundus
1126 1514 1166 1553 a
1206 1493 1587 1561 Bethsaida,
1613 1492 1879 1552 civitate

366 1592 657 1653 Andreoe
703 1600 761 1651 et
810 1594 1013 1663 Petri,
1066 1591 1129 1654 id
1188 1599 1282 1654 est
1333 1592 1411 1653 de
1458 1609 1586 1672 qua
1635 1589 1700 1651 hi
1752 1591 1877 1653 duo

372 1688 504 1750 nati
564 1688 848 1752 fuerunt.
902 1690 1232 1753 Bethsaida
1286 1697 1499 1752 autem
1550 1688 1674 1751 fuit
1723 1688 1875 1751 urbs

367 1785 663 1850 Galilaeae.

1989 820 2059 865 so
2104 803 2351 867 Christo
2401 807 2888 887 prophetando:
2925 816 2994 870 ut
3040 827 3241 889 quum
3289 808 3378 870 ait
3420 808 3486 870 in

1988 902 2475 969 Deuteronomio
2519 926 2533 969 :
2583 906 2956 989 Prophetam
3005 906 3335 969 suscitabit
3383 924 3490 971 vo-
3527 932 3645 975 Dm
3648 946 3778 983 ·······

1988 1001 2086 1064 bis
2128 1001 2432 1066 Dominus
2474 1005 2551 1066 de
2581 1004 2886 1068 fratribus
2919 1005 3145 1067 vestris
3183 1011 3485 1086 tanquam
3515 994 3780 1101 ;{{‘⁴⁶‘·¹¹¹·

1989 1118 2131 1176 me;
2167 1100 2379 1182 ipsum
2423 1103 2714 1166 audietis.
2748 1103 2924 1177 Quod
2967 1111 3178 1165 autem
3216 1103 3491 1186 Prophe-

1989 1205 2066 1261 tae
2122 1199 2521 1281 scripserunt
2580 1203 2658 1263 de
2721 1202 2989 1277 Christo,
3052 1220 3177 1265 non
3240 1210 3489 1283 oportet

1988 1296 2248 1377 speciali
2282 1298 2645 1363 testimonio
2677 1300 3106 1382 comprobare,
3130 1319 3333 1381 quum
3363 1318 3491 1362 cer-

1987 1401 2123 1456 tum
2172 1395 2275 1470 sit,
2319 1398 2510 1458 etiam
2561 1399 2912 1460 secundum
2955 1398 3314 1461 Judaeorum
3358 1417 3490 1460 ma-

1984 1491 2236 1573 gistrOS,
2272 1495 2443 1575 quod
2487 1514 2709 1559 omnes
2752 1495 3078 1578 Prophetae
3119 1496 3314 1560 locuti
3359 1497 3489 1559 sint

1989 1608 2184 1673 super
2220 1591 2355 1654 dies
2394 1592 2652 1656 Messiae.
2697 1594 2958 1676 Propter
2997 1595 3169 1676 quod
3214 1595 3281 1657 in
3320 1594 3490 1658 Acti-

1987 1689 2107 1751 bus
2146 1691 2594 1772 Apostolorum
2641 1691 2858 1754 Petrus
2906 1700 3174 1755 testatur
3209 1712 3222 1756 ι
3255 1692 3485 1756 Omnes
3515 1716 3778 1770 Acunum.

1988 1788 2314 1871 Prophetae
2350 1809 2387 1851 a
2424 1789 2677 1853 Samuel
2722 1799 2784 1852 et
2828 1791 3150 1873 deinceps,
3195 1792 3489 1854 annunti-

166 1882 235 1937 ⁴5
459 1887 729 1947 Invenit
782 1888 1138 1963 Philippus
1194 1886 1570 1946 Nathanael
1615 1884 1874 1947 fratrem
1914 1883 2255 1949 Baverunt
2303 1888 2436 1949 dies
2489 1888 2664 1963 istm,
2713 1888 3009 1951 videlicet
3056 1897 3308 1971 tempus
3349 1908 3490 1971 gra-

368 2002 561 2045 suum
630 1983 971 2046 carnalem.
1034 1981 1577 2055 Quemadmodum
1634 1983 1875 2045 dictum

367 2086 462 2143 est
492 2083 573 2143 de
602 2081 875 2155 Andrea,
911 2081 1082 2163 quod
1110 2080 1356 2144 Christo
1383 2081 1619 2156 audit0‚
1654 2098 1877 2143 accen—

364 2190 475 2242 sus
521 2180 657 2244 zelo
699 2180 923 2242 salutis
971 2179 1287 2255 fraternae,
1331 2180 1629 2261 quaesivit
1672 2187 1735 2241 et
1780 2197 1877 2241 re-

366 2279 537 2360 perit
578 2277 854 2354 Petrum,
889 2295 1171 2359 eumque
1213 2279 1477 2341 adduxit
1518 2280 1595 2342 ad
1636 2279 1871 2353 Jesum,

365 2377 453 2439 ita
483 2396 659 2439 nunc
698 2377 931 2458 legitur
968 2378 1046 2439 de
1080 2376 1399 2459 Philippo.
1434 2414 1515 2425 —
1540 2376 1872 2451 Quaeritur,

364 2476 417 2539 si
460 2474 802 2558 Philippus
851 2475 1155 2538 continuo
1202 2474 1587 2556 sequebatur
1632 2475 1871 2548 lesum,

364 2575 473 2637 ubi
520 2576 623 2638 vel
662 2574 984 2656 quomodo
1022 2572 1325 2654 quaesivit
1362 2592 1435 2635 ac
1477 2573 1719 2654 reperit
1752 2572 1877 2635 fra-

363 2683 529 2736 trem
566 2691 781 2735 suum.
815 2671 909 2734 Ad
950 2672 1071 2735 hoc
1107 2671 1293 2734 facile
1333 2679 1427 2733 est
1468 2673 1872 2753 respondere.

364 2772 551 2837 Forte
595 2770 768 2834 enim
820 2772 1061 2854 reperit
1105 2789 1255 2833 eum
1306 2789 1431 2834 non
1477 2770 1662 2851 longe
1698 2789 1735 2832 a
1777 2771 1877 2834 via

366 2891 498 2954 qua
542 2871 663 2935 ivit
705 2889 853 2933 cum
897 2870 1067 2944 Iesu,
1112 2869 1214 2932 vel
1257 2868 1384 2931 alio
1430 2868 1555 2932 die.

448 2974 537 3033 Et
583 2970 750 3031 dicit
796 2968 1131 3050 Philippus
1178 2969 1264 3037 ei,
1310 2968 1608 3030 videlicet
1654 2966 1878 3029 Natha-

1984 1984 2089 2047 tiae
2133 1985 2388 2049 Christi.
2424 1986 2585 2049 Hinc
2631 1985 2915 2050 Christus
2961 1988 3114 2051 dicit
3157 1988 3222 2051 in
3265 1988 3480 2053 Luca:

1984 2081 2242 2165 Oportet
2292 2085 2548 2167 impleri
2599 2086 2814 2149 omnia
2855 2105 2998 2168 quae
3055 2087 3290 2169 scripta
3336 2095 3485 2149 sunt
3539 2110 3650 2154 Luc.
3668 2123 3780 2161 xxxxx

1985 2182 2063 2244 de
2101 2200 2205 2245 me
2248 2183 2312 2245 in
2353 2184 2512 2265 lege,
2558 2192 2620 2246 et
2663 2184 3014 2267 ProphetiS,
3049 2194 3113 2248 et
3153 2185 3438 2248 Psalmis.
3507 2174 3581 2218 ⁴⁴·

2066 2279 2390 2359 Praeterea,
2443 2283 2496 2344 si
2555 2282 2891 2365 Philippus
2948 2283 3072 2346 fuit
3130 2284 3484 2366 discipulus

1981 2379 2260 2456 Joannis,
2297 2381 2396 2443 vel
2428 2382 2716 2444 eruditus
2757 2382 2822 2444 in
2865 2381 3215 2464 Prophetis,
3249 2383 3349 2447 vel
3393 2402 3488 2445 sa-

1985 2477 2065 2539 tis
2104 2477 2460 2542 illustratus
2489 2499 2526 2541 a
2557 2478 2799 2561 Spiritu
2839 2480 3086 2556 Sancto,
3119 2488 3273 2543 tunc
3311 2480 3489 2545 novit

1982 2577 2221 2651 Jesum‚
2255 2596 2446 2659 quem
2489 2579 2761 2641 credidit
2799 2579 3143 2655 Christum,
3180 2599 3305 2644 non
3349 2598 3488 2643 esse

1984 2674 2202 2737 filium
2247 2676 2480 2758 Joseph
2540 2677 2757 2759 sponsi
2808 2676 3050 2758 Mariae;
3103 2679 3212 2741 sed
3269 2678 3490 2760 loque-

1986 2773 2174 2836 batur
2224 2776 2576 2837 secundum
2625 2774 2993 2857 opinionem
3036 2776 3231 2857 vulgi.
3265 2776 3489 2840 Proba-

1984 2872 2114 2935 bile
2144 2874 2320 2935 enim
2350 2881 2464 2949 est,
2501 2874 2671 2955 quod
2715 2873 3067 2953 Praecursor
3097 2875 3312 2938 docuit
3340 2894 3487 2940 suos

1985 2971 2358 3053 discipuIOS,
2399 2972 2611 3034 ‚lesum
2664 2972 2983 3035 Christum
3030 2992 3170 3035 esse
3212 2974 3488 3056 Virginis

367 3069 537 3132 naeli
578 3087 593 3131 :
643 3070 843 3137 Quem
888 3068 1149 3145 scripsit
1198 3070 1449 3145 Moyses
1492 3069 1563 3127 in
1614 3070 1767 3144 leye,
1819 3078 1877 3127 et
1914 3068 2220 3132 Cfilium.
2268 3069 2332 3131 Si
2384 3088 2535 3134 vero
2585 3071 2870 3133 nondum
2919 3070 3319 3135 illuminatus
3366 3072 3491 3135 fuit

365 3171 734 3246 Prophetae,
756 3167 1129 3227 invenimus
1157 3168 1373 3227 Jesum
1400 3167 1621 3243 filium
1648 3169 1878 3245 Joseplz

368 3266 757 3349 putativum,
810 3270 1031 3326 natum
1078 3284 1117 3323 a
1169 3264 1531 3333 Nazareth,
1573 3281 1650 3326 ex
1703 3271 1878 3345 parte

365 3364 603 3437 MatriS,
640 3371 703 3425 et
729 3362 885 3444 quia
922 3368 1268 3442 conceptus
1299 3359 1422 3422 fuit
1451 3361 1517 3423 in
1546 3360 1873 3434 Nazareth,

368 3462 669 3545 quamvis
714 3460 797 3523 sit
841 3466 1025 3522 natus
1065 3459 1136 3521 >in
1181 3458 1573 3521 Bethlehem.

447 3560 595 3624 Haec
646 3559 838 3625 verba
888 3558 1169 3641 Philippi
1220 3557 1409 3639 plena
1456 3564 1604 3619 sunt
1661 3576 1874 3619 sensu.

368 3662 590 3743 ltaque
638 3658 729 3721 ait
768 3676 782 3721 ε
820 3660 1017 3727 Quem
1064 3658 1324 3733 scripsit
1372 3659 1622 3734 Moyses
1668 3657 1743 3717 in
1795 3660 1881 3716 le-

359 3782 463 3841 ye,
499 3761 565 3822 id
618 3766 716 3820 est
758 3775 909 3819 eum
948 3757 1027 3819 de
1068 3774 1198 3837 quo
1236 3754 1477 3838 Moyses
1518 3754 1775 3838 scripsit
1813 3756 1879 3817 in

367 3858 821 3931 Pentateucho,
861 3866 921 3918 et
970 3857 1048 3918 de
1096 3874 1226 3937 quo
1271 3856 1667 3937 scripserunt
1721 3859 1881 3918 Pro-

362 3964 601 4042 phetoe,
661 3958 1037 4017 invenimus
1094 3971 1211 4035 ego
1270 3954 1510 4036 aliique
1575 3954 1876 4038 discipuli

368 4057 631 4124 ‚loannis
666 4054 962 4138 Baptistae
988 4052 1221 4135 (fertur
1248 4053 1421 4115 enim
1451 4055 1621 4135 quod
1661 4054 1879 4117 Petrus

372 4175 637 4241 quoque
685 4164 749 4219 et
793 4154 1131 4235 Philippus
1177 4151 1442 4215 fuerunt
1484 4153 1739 4216 ‚loannis
1791 4154 1883 4216 di-

1984 3168 2201 3249 aliquo
2252 3168 2478 3231 horum
2529 3169 2886 3246 modorum,
2931 3170 3179 3251 putavit
3218 3171 3384 3234 sicut
3429 3180 3493 3236 et

1988 3266 2204 3341 ceteri,
2251 3268 2422 3348 quod
2457 3267 2636 3329 lesus
2680 3270 2846 3329 esset
2888 3275 3233 3350 conceptus
3279 3271 3358 3332 de
3398 3270 3493 3333 vi-

1990 3383 2079 3427 ro.
2112 3362 2240 3426 Nec
2281 3364 2516 3426 mirum
2559 3364 2612 3426 si
2653 3365 3004 3446 ignorasset
3033 3366 3354 3429 Christum
3392 3385 3489 3429 es-

1989 3480 2056 3525 se
2112 3462 2326 3525 filium
2374 3462 2675 3543 VirginiS,
2728 3482 2929 3545 quum
2977 3463 3244 3527 loannes
3302 3484 3491 3528 evan·

1985 3561 2212 3642 gelista
2251 3579 2455 3643 usque
2495 3569 2638 3643 post
2686 3563 3218 3627 resurrectionem
3257 3563 3489 3627 Christi

1988 3659 2288 3722 nescierit
2327 3661 2499 3741 quod
2531 3659 2814 3723 Christus
2855 3668 3328 3724 resurrecturus
3363 3661 3489 3725 fuit
3536 3690 3783 3741 namn,

1987 3779 2025 3822 a
2052 3759 2344 3822 mortuis.
2377 3759 2511 3821 Imo
2541 3758 2826 3841 Apostoli
2858 3761 3283 3823 communiter
3312 3762 3487 3843 igno—
3515 3755 3636 3859 ⁹22⁰
3667 3828 3766 3859 xm·

1989 3865 2290 3920 raverunt
2349 3858 2520 3939 quod
2578 3857 2962 3920 occidendus
3021 3866 3189 3921 esset
3234 3860 3313 3923 ab
3364 3860 3484 3922 im·
3513 3850 3654 3921 ιιι-κζ
3769 3846 3782 3868 ’

1989 3957 2135 4039 piiS,
2181 3976 2382 4037 quum
2433 3962 2642 4018 tamen
2691 3955 3018 4038 Prophetae
3057 3958 3177 4022 hoc
3223 3960 3488 4041 apertis-

1990 4056 2150 4119 sime
2196 4054 2788 4137 praenuntiaverint.

2056 4157 2142 4216 Et
2173 4154 2352 4213 dimit
2380 4154 2441 4213 ei
2475 4155 2848 4215 Nathanael
2876 4174 2899 4213 .·
2928 4156 2984 4215 Α
3021 4156 3354 4218 Nazareth
3376 4175 3490 4233 po-
3622 4168 3694 4225 46

372 4256 661 4340 scipuli),
680 4258 925 4317 lesum.
954 4252 1131 4315 Hunc
1163 4250 1566 4326 invenerunt,
1604 4271 1729 4315 non
1762 4251 1881 4313 uti-
1913 4253 1964 4314 D
1992 4263 2104 4315 test
2132 4252 2395 4331 aliquid
2423 4253 2575 4312 boni
2601 4254 2778 4313 esse?
2817 4252 2952 4315 Non
2992 4259 3086 4315 est
3125 4261 3370 4316 certum
3405 4274 3487 4317 an

372 4374 503 4439 que
542 4374 579 4417 a
616 4372 791 4427 casu,
824 4369 942 4413 nec
985 4349 1244 4433 propria
1284 4348 1597 4412 industria
1626 4350 1725 4412 vel
1758 4350 1883 4413 vir-

372 4462 534 4527 tute,
585 4453 699 4516 sed
745 4452 983 4514 Joanne
1032 4448 1307 4531 Baptista
1357 4456 1769 4525 monstrante,
1821 4457 1884 4510 et

375 4554 631 4618 Christo
687 4568 756 4613 se
810 4550 902 4612 eis
952 4548 1343 4612 ostendente.
1398 4546 1587 4611 Porro
1644 4546 1881 4630 Moyses

377 4652 645 4735 scripsit
680 4652 759 4713 de
789 4646 1037 4712 Christo
1076 4645 1419 4728 dupliciter
1452 4664 1466 4708 :
1500 4644 1634 4709 Uno
1674 4647 1877 4721 mod0,

378 4750 578 4814 verba
626 4749 899 4812 aliorum
946 4745 1261 4807 narrando
1294 4761 1309 4806 τ
1342 4745 1882 4825 quemadmodum

122 4862 343 4915 cenam.
378 4850 445 4912 in
495 4847 726 4913 Genesi
776 4843 1071 4927 praedixit
1114 4842 1323 4918 Jacob,
1374 4840 1508 4906 Non
1560 4840 1883 4904 auferetur

108 4928 163 4967 ¹⁰·
374 4948 651 5031 (inquit)
694 4951 1018 5027 sceptrum
1067 4943 1145 5004 de
1192 4941 1369 5014 Juda,
1423 4941 1624 5004 donec
1672 4941 1884 5004 veniat

376 5048 493 5131 qui
528 5045 879 5109 mittendus
918 5050 1035 5116 est,
1070 5047 1131 5103 et
1161 5040 1300 5122 ipse
1338 5040 1459 5102 erit
1499 5039 1883 5122 exspectatio

130 5165 237 5213 ma.
266 5172 329 5213 ιε.
376 5146 704 5229 gentium3
738 5150 802 5204 et
837 5142 1093 5214 iterum,
1128 5138 1409 5201 Salutare
1449 5145 1632 5201 tuum
1663 5156 1885 5221 exspe-

127 5293 221 5337 ΠΜ
252 5312 335 5341 uu
380 5246 591 5319 ctab0,
624 5242 912 5305 Domine.
946 5237 1112 5301 Alibi
1145 5255 1403 5319 quoque
1433 5237 1657 5299 scribit
1687 5238 1882 5300 Deum

111 5358 167 5401 ¹⁸·
222 5330 233 5339 ’
338 5331 353 5350 ’
381 5343 623 5409 dixisse
668 5341 749 5404 ad
791 5338 1107 5401 Abraham
1153 5354 1166 5398 :
1209 5336 1278 5397 In
1328 5336 1571 5398 semine
1618 5343 1728 5400 tuo
1776 5336 1887 5399 bc-

1992 4349 2186 4413 verba
2230 4350 2348 4411 ista
2390 4350 2640 4411 locutus
2687 4350 2769 4412 sit
2809 4349 3172 4427 Nathanael,
3205 4371 3489 4415 asseren-

1993 4449 2093 4523 do,
2137 4448 2238 4511 vel
2289 4447 2657 4523 dubitando,
2704 4449 2803 4511 vel
2851 4449 3241 4530 abnegando.
3283 4450 3490 4532 Augu-

1994 4546 2201 4608 stinus
2245 4545 2414 4608 enim
2464 4545 2675 4619 sentit,
2711 4547 2881 4627 quod
2925 4546 3085 4608 dixit
3127 4542 3492 4611 haec'verba

1992 4645 2318 4719 assertive,
2362 4651 2665 4725 tanquam
2712 4645 2949 4707 diceret
2982 4665 2995 4708 :
3029 4645 3260 4728 Utique
3301 4666 3338 4709 a
3375 4647 3492 4710 Na-

1993 4744 2207 4807 zareth
2236 4742 2553 4807 Christum
2588 4743 2851 4817 venisse,
2882 4762 3006 4806 non
3038 4754 3132 4807 est
3160 4744 3494 4809 incredibi.

1992 4842 2066 4904 le.
2094 4840 2313 4916 Aliter,
2348 4843 2700 4904 secundum
2729 4841 3170 4923 Augustinum,
3206 4843 3489 4908 Christus

1994 4960 2119 5004 non
2178 4941 2686 5005 commendasset
2741 4938 3210 5019 Nathanaelem,
3269 4944 3485 5007 dicen-

1991 5040 2072 5102 do
2107 5058 2121 5102 ε
2155 5038 2315 5101 Ecce
2355 5056 2502 5102 vere
2545 5039 2820 5101 Israelita
2865 5039 2930 5101 in
2968 5059 3096 5121 quo
3135 5042 3316 5105 dolus
3359 5061 3482 5107 non
3538 5080 3650 5113 vm.
3671 5068 3740 5113 ιτ.

1992 5145 2108 5200 est.
2141 5137 2218 5200 Et
2249 5138 2328 5199 ad
2369 5138 2488 5201 hoc
2528 5144 2732 5219 potest
2768 5138 3017 5213 adduci,
3051 5140 3222 5220 quod
3259 5140 3486 5205 Natha-

1995 5237 2135 5300 nael
2178 5237 2300 5319 fuit
2329 5237 2643 5300 excellens
2676 5238 2890 5299 doctor
2920 5236 2986 5298 in
3028 5237 3163 5319 lege
3196 5258 3210 5302 :
3244 5248 3308 5303 ct
3335 5259 3484 5323 ergo

1995 5335 2172 5399 novit
2224 5335 2445 5399 Isaiam
2505 5336 2760 5411 dixisse,
2813 5334 3116 5417 quoniam
3161 5336 3485 5405 Nazaraeus
3513 5304 3778 5411 zffmh'n'
