4300 6259
1122 493 1479 539 umanum
1523 491 1586 538 m
1630 491 1767 538 cAr.
1815 491 1920 537 xv1
1963 491 2149 537 Luca-3.
2199 511 2279 520 —
2319 491 2460 538 aar.
2507 491 2700 537 xxxix
3343 473 3462 538 129

342 662 553 724 rentia
610 661 927 725 beatificae
974 661 1301 726 fruitionis
1361 663 1491 738 Dei,
1544 670 1735 744 atque
1786 662 1850 724 in
1886 660 1935 722 A
1964 661 2280 736 laetantur,
2327 662 2438 724 sed
2486 661 2959 736 contristantur,
3011 667 3142 723 tam
3187 679 3266 723 ex
3311 661 3464 724 alie-

340 759 767 822 sensibilibus
810 760 1151 842 suppliciis
1190 760 1432 823 tartari.
1464 759 1573 822 Est
1612 760 1855 843 quippe

341 858 411 920 in
444 858 577 920 illis
607 858 991 920 aeternaliter
1021 859 1457 922 condemnatis
1490 858 1671 922 valde
1700 857 1859 920 mul-

341 956 549 1038 tiplex
600 956 801 1032 dolor,
846 963 1065 1038 utpote
1112 975 1191 1019 ex
1241 958 1602 1020 daemonum
1652 957 1858 1020 horri-

338 1054 463 1116 bili
504 1054 777 1130 visione,
820 1073 898 1117 ex
938 1055 1201 1136 majoris
1251 1055 1400 1118 mali
1448 1055 1719 1138 poenalis
1756 1054 1859 1116 fu-

336 1153 475 1214 turi
526 1154 777 1228 timore,
830 1171 909 1215 ex
960 1172 1249 1218 remorsu
1299 1155 1725 1228 conscientiae,
1778 1171 1855 1214 ex

340 1259 519 1313 certa
559 1252 923 1332 cognitione
961 1252 1479 1334 irrecuperabilis
1514 1272 1645 1315 suae
1684 1253 1859 1314 dam-

340 1350 649 1424 nationiS,
711 1359 776 1412 et
830 1351 1272 1433 desperatione
1334 1351 1542 1414 omnis
1608 1350 1851 1412 salutis.

334 1447 473 1510 Nec
510 1455 763 1510 tantum
810 1447 1195 1530 affliguntur
1234 1449 1314 1520 ab
1366 1450 1513 1531 igne
1563 1456 1853 1524 tartare0,

339 1554 665 1628 quantum
708 1547 1069 1629 puniuntur
1099 1547 1166 1608 in
1206 1555 1441 1622 mente,
1474 1565 1551 1609 ex
1581 1565 1656 1610 eo
1685 1547 1857 1628 quod

340 1645 565 1706 sciunt
592 1663 929 1725 nunquam
957 1663 1025 1706 se
1056 1644 1439 1720 liberandOS,
1476 1651 1545 1706 ut
1575 1644 1729 1706 dicit
1758 1645 1861 1706 Al-

340 1743 595 1804 bertus.
654 1745 831 1804 Vidit
880 1745 1219 1804 Abraham
1266 1765 1305 1804 α
1357 1747 1567 1821 Zonye,
1616 1744 1681 1805 id
1737 1751 1854 1818 est,

1966 780 2063 822 nae
2100 758 2423 822 felicitatis
2465 759 2724 834 invidia,
2759 779 2950 842 quam
2992 777 3070 821 ex
3113 759 3287 822 illius
3325 761 3468 843 qui-

1965 860 2083 921 etis
2132 859 2430 922 carentia.
2485 859 2627 922 Post
2674 859 2842 921 diem
2891 875 3042 921 vero
3087 858 3336 938 judicii,
3387 860 3466 921 ad

1967 957 2257 1040 proprias
2300 975 2520 1039 poenas
2551 956 2971 1019 consideratio
3001 973 3222 1020 eorum
3263 956 3464 1036 magis

1967 1055 2357 1130 reflectetur,
2392 1055 2478 1117 ita
2516 1055 2687 1137 quod
2727 1055 2807 1116 de
2844 1053 3216 1116 Sanctorum
3264 1054 3468 1135 gloria

1968 1174 2092 1218 non
2135 1154 2521 1236 cogitabunt.
2556 1152 2676 1215 Sed
2709 1161 2927 1216 contra
2963 1153 3100 1216 haec
3130 1153 3325 1216 verba
3358 1153 3470 1216 ob-

1964 1255 2075 1335 jici
2129 1261 2362 1336 posset,
2405 1253 2558 1334 quia
2600 1253 2666 1314 in
2707 1251 2996 1334 reprobis
3041 1251 3107 1313 in
3158 1260 3468 1315 aeternum

1968 1352 2252 1414 manebit
2303 1369 2491 1433 poena
2529 1350 2765 1425 damni,
2808 1368 2952 1431 quae
2999 1358 3095 1412 est
3142 1368 3221 1412 ex
3264 1350 3470 1413 consi-

1968 1451 2290 1513 deratione
2333 1449 2655 1512 felicitatis
2698 1448 2948 1510 amissae
2981 1467 2994 1510 :
3030 1466 3180 1529 ergo
3223 1454 3285 1510 et
3328 1455 3473 1530 post

1966 1550 2283 1631 judicium
2342 1548 2710 1628 cogitabunt
2767 1547 2974 1628 iniqui
3035 1547 3112 1609 de
3167 1547 3470 1609 felicitate

1969 1648 2234 1722 coelesti,
2286 1666 2480 1728 quam
2535 1647 2741 1709 scient
2792 1664 2860 1708 se
2905 1646 3195 1708 amisisse
3243 1652 3305 1708 et
3351 1647 3474 1708 ele-

1970 1754 2102 1809 ctos
2147 1746 2525 1810 obtinuisse.
2557 1744 3005 1806 Verumtamen
3051 1743 3202 1806 satis
3249 1744 3476 1827 proba-

341 1841 783 1904 consideravit
828 1859 975 1904 eum
1022 1859 1162 1904 esse
1201 1841 1267 1903 in
1316 1841 1455 1906 loco
1493 1842 1617 1904 alte
1666 1859 1861 1923 super
1895 1843 1943 1906 B
1970 1845 2101 1908 bile
2132 1862 2294 1919 reor,
2329 1843 2499 1927 quod
2530 1849 2770 1924 quanto
2805 1850 2957 1904 tunc
2988 1841 3245 1905 illorum
3285 1860 3475 1924 poena

340 1959 413 2002 se
467 1939 680 2022 posito
714 1959 727 2003 :
761 1941 915 2022 quia
958 1959 1087 2004 non
1138 1941 1348 2004 solum
1390 1940 1861 2003 dissimilitudi-

340 2057 451 2113 ne,
488 2039 601 2100 sed
652 2047 717 2102 et
765 2039 950 2102 locali
1001 2039 1299 2102 distantia
1350 2039 1516 2101 inter
1555 2057 1623 2100 se
1672 2039 1863 2100 dista-

340 2138 505 2199 bant
535 2139 677 2200 loca
704 2136 987 2218 praefata,
1022 2138 1269 2200 scilicet
1306 2138 1547 2200 limbus
1580 2145 1855 2219 patrum,

340 2235 779 2317 infernusque
818 2236 1287 2298 damnatorum.
1321 2235 1540 2317 Itaque
1580 2235 1732 2297 huic
1768 2234 1862 2296 di-

90 2353 309 2405 uum,
340 2335 463 2397 viti
497 2335 921 2397 condemnato
954 2333 1351 2397 intellectum
1382 2335 1558 2396 dedit
1586 2333 1855 2397 vexatio.

58 2416 118 2457 19.

338 2432 615 2515 Propter
655 2432 829 2513 quod
871 2432 960 2494 ait
997 2430 1335 2513 Gregorius
1372 2451 1385 2494 :
1421 2431 1647 2495 Oculos
1696 2450 1858 2512 quos

335 2531 581 2593 clausit
610 2529 716 2592 hic
746 2529 959 2612 culpa,
992 2529 1084 2591 ibi
1114 2530 1367 2612 aperuit
1395 2549 1605 2612 poena.
1638 2531 1707 2591 In
1739 2530 1858 2591 hac

331 2630 587 2692 etenim
632 2628 763 2692 vita
812 2629 1031 2711 impiis
1072 2629 1600 2692 delectationibus
1644 2636 1857 2690 mente

332 2735 641 2802 caecatuS,
693 2745 819 2790 non
880 2726 1307 2790 consideravit
1362 2745 1583 2809 poenas
1633 2746 1859 2809 pravo-

330 2846 487 2890 rum
526 2834 595 2888 et
634 2825 869 2906 gaudia
906 2825 1265 2888 Beatorum.
1298 2828 1387 2887 Εε
1416 2829 1747 2888 Lazarum
1782 2827 1857 2886 in

326 2929 497 2987 sinu
525 2926 697 3003 ejus,
728 2924 794 2986 id
832 2931 949 2999 est,
983 2925 1048 2985 in
1092 2923 1581 3007 participatione
1619 2923 1856 3005 quietis

1970 1943 2328 2024 augebitur,
2381 1949 2628 2004 tantum
2687 1959 2904 2004 eorum
2957 1941 3034 2002 de
3080 1941 3282 2022 gloria
3329 1941 3476 2003 Bea-

1971 2049 2181 2105 torum
2245 2038 2667 2104 consideratio
2725 2039 3074 2100 minuetur.
3125 2038 3244 2101 Sed
3304 2039 3474 2102 circa

1970 2140 2105 2203 haec
2144 2139 2345 2201 multa
2383 2138 2678 2200 difficilia
2723 2145 2984 2219 possent
3020 2137 3286 2213 moveri,
3327 2155 3472 2218 quae

1972 2239 2183 2320 potius
2223 2236 2723 2320 pertranseunda
2761 2235 3076 2310 existimo,
3111 2253 3192 2298 ne
3230 2237 3472 2298 incerta

1972 2355 2086 2419 pro
2129 2336 2319 2398 certis
2362 2336 2685 2397 inducam.

2048 2438 2134 2496 Ec
2166 2437 2302 2513 ipse
2329 2437 2622 2494 clamans
2649 2453 2673 2492 .·
2700 2431 2883 2512 juxta
2920 2431 3080 2494 illud
3108 2431 3303 2508 Isaiae,
3339 2431 3472 2496 Cla·

1970 2533 2225 2595 mabitis
2272 2551 2402 2614 prae
2440 2531 2656 2594 dolore
2701 2530 2930 2605 cordiS,
2965 2538 3028 2592 et
3069 2549 3200 2612 prae
3241 2532 3474 2595 contri-

1967 2631 2141 2694 tione
2172 2631 2436 2713 spiritus
2465 2628 2815 2691 ululabitis.
2839 2627 2962 2690 Iste
2991 2636 3200 2690 tamen
3233 2629 3474 2693 clamor

1969 2729 2320 2812 spiritualis
2363 2728 2488 2790 fuit
2527 2734 2719 2809 atque
2763 2727 3048 2802 interior,
3093 2728 3338 2790 scilicet
3383 2727 3474 2790 af-

1966 2827 2160 2892 fectio
2188 2828 2554 2900 vehemenS,
2589 2825 2886 2906 quamvis
2919 2824 3199 2906 indigna.
3225 2829 3416 2888 Dim-it
3447 2847 3471 2888 .-

1968 2931 2168 2990 Pater
2203 2927 2558 2988 Abraham.
2595 2923 2838 2985 Patrem
2882 2932 3085 2998 vocat,
3119 2923 3305 3004 cujus
3346 2925 3474 2987 vir-—

330 3033 399 3086 et
448 3031 645 3086 certae
692 3022 1187 3104 exspectationis
1248 3022 1524 3085 coelestis
1585 3022 1857 3084 beatitu-
1895 3021 1938 3086 C
1970 3032 2133 3087 tutes
2181 3023 2415 3086 imitari
2463 3021 2744 3102 neglexit
2792 3041 2805 3084 :
2851 3029 3110 3103 propter
3153 3024 3322 3103 quod
3375 3023 3471 3085 in-

330 3123 513 3186 dinis
557 3123 627 3183 in
671 3140 803 3203 qua
840 3121 1161 3183 Abraham
1202 3120 1349 3182 fuit.

417 3220 735 3294 Quocirca
783 3218 1008 3282 scribit
1053 3218 1416 3299 GregoriuS,
1459 3220 1633 3300 quod
1681 3220 1856 3281 dam-

334 3319 475 3381 nati
518 3335 728 3400 usque
764 3319 844 3380 ad
881 3317 1055 3380 diem
1090 3317 1316 3397 judicii
1357 3316 1616 3380 Sanctos
1660 3335 1855 3398 super

331 3435 405 3479 se
436 3417 785 3479 attendunt
820 3433 933 3477 seu
966 3415 1185 3478 vident
1212 3415 1279 3476 in
1317 3414 1539 3495 gloria,
1576 3433 1707 3478 non
1744 3433 1855 3476 au-

332 3523 473 3577 tem
516 3521 665 3597 post
692 3513 863 3576 diem
902 3512 1153 3593 judicii.
1187 3511 1364 3586 Quod
1402 3514 1723 3594 quomodo
1753 3513 1852 3574 in·

330 3613 766 3694 telligendum
805 3612 908 3686 sit,
950 3611 1110 3694 Lyra
1147 3612 1462 3691 maj0rum
1503 3610 1748 3691 judicio
1787 3629 1855 3673 se

329 3712 745 3778 committere
776 3710 1095 3793 perhibet,
1129 3718 1193 3772 et
1219 3710 1395 3772 addit
1427 3728 1441 3772 ε
1474 3709 1651 3783 Quod
1682 3711 1857 3773 dam-

330 3812 473 3874 nati
534 3827 747 3891 usque
792 3810 874 3872 ad
918 3808 1090 3871 diem
1145 3808 1373 3888 judicii
1424 3809 1679 3871 videant
1722 3809 1857 3890 glo-

330 3910 503 3970 riam
544 3907 907 3982 Beatorum‚
944 3915 1014 3968 ut
1055 3925 1280 3970 sonare
1319 3907 1623 3970 videntur
1661 3907 1857 3970 verba

330 4006 653 4088 Gregorii,
698 4024 825 4069 non
874 4005 1147 4068 habetur
1197 4022 1276 4067 ex
1316 4005 1436 4069 hoc
1484 4005 1624 4069 loco
1672 4006 1857 4068 suffi-

332 4107 521 4169 ciens
566 4112 1043 4185 argumentum,
1097 4104 1254 4184 quia
1310 4102 1597 4167 Salvator
1642 4112 1857 4166 narrat

1969 3123 2199 3204 dignus
2239 3121 2364 3183 fuit
2405 3138 2554 3182 eum
2599 3126 2845 3201 patrem
2883 3137 3130 3194 vocare,
3173 3121 3468 3202 quamvis

1967 3220 2286 3283 carnalem
2327 3218 2407 3280 ab
2445 3235 2521 3281 eo
2564 3217 2942 3299 sumpsisset
2977 3217 3312 3298 originem.
3345 3219 3469 3282 Un-

1968 3320 2046 3381 de
2084 3319 2254 3401 apud
2289 3317 2592 3380 Ioannem
2635 3315 2919 3378 Christus
2963 3316 3050 3378 ait
3085 3317 3317 3380 Judaeis
3353 3336 3366 3380 ε
3401 3317 3463 3380 Si
3493 3330 3758 3448 -ggaxsnn

1967 3417 2092 3480 filii
2139 3416 2407 3478 Abrahae
2456 3414 2628 3490 estiS,
2681 3431 2874 3496 opera
2919 3413 3187 3478 Abrahae
3232 3414 3462 3498 facite3

1969 3535 2081 3579 vos
2118 3534 2197 3578 ex
2237 3521 2414 3596 patre
2442 3512 2694 3576 diabolo
2731 3513 2904 3574 estis.
2936 3511 3155 3594 Itaque
3194 3513 3245 3576 si
3287 3513 3465 3577 dives

1969 3615 2087 3676 iste
2136 3614 2201 3675 in
2253 3629 2563 3694 pauperes
2613 3610 2758 3693 pius
2806 3629 2883 3672 ac
2923 3610 3206 3674 liberalis
3249 3621 3313 3674 et
3355 3613 3466 3676 ho-

1967 3712 2214 3794 spitalis
2254 3710 2503 3784 fuisset,
2534 3709 2851 3771 Abraham
2897 3709 3017 3770 rite
3063 3718 3307 3791 patrem
3358 3728 3468 3774 vo—

1967 3817 2190 3873 casset.
2225 3811 2528 3872 Mserere
2566 3809 2716 3870 mei.
2758 3805 2966 3880 Quum
3008 3807 3287 3870 damnati
3338 3809 3468 3870 sint

1968 3909 2033 3971 in
2066 3908 2240 3972 vitiis
2267 3907 2588 3982 obstinati,
2623 3923 2740 3968 nec
2772 3925 3054 3987 unquam
3091 3907 3462 3989 poeniteant,

1966 4008 2288 4089 quomodo
2337 4005 2461 4068 sibi
2503 4011 2729 4087 petunt
2776 4011 2838 4067 et
2884 4005 3156 4087 cupiunt
3204 4005 3465 4068 misere-

1968 4106 2067 4167 ri?
2106 4104 2476 4178 Dicendum,
2510 4104 2682 4184 quod
2721 4104 2800 4165 de
2843 4103 3118 4185 peccatis
3163 4103 3296 4166 suis
3335 4122 3464 4167 non

331 4205 447 4268 hic
508 4221 649 4266 rem
708 4209 953 4284 gestam
1010 4208 1157 4264 ante
1224 4220 1405 4264 suam
1465 4203 1850 4285 passionem,
1887 4209 1939 4274 D
1969 4203 2280 4286 poenitent
2321 4201 2387 4263 in
2427 4209 2740 4282 quantum
2781 4208 2930 4262 sunt
2977 4201 3084 4264 Dei
3124 4200 3460 4277 offensiva,

330 4303 604 4385 quando
644 4301 965 4362 Abraham
1013 4301 1301 4363 nondum
1348 4298 1473 4362 fuit
1514 4301 1582 4362 in
1628 4302 1852 4382 gloria.

330 4401 463 4464 Sed
493 4399 695 4464 Gorra
722 4399 941 4480 aliquo
972 4399 1159 4462 modo
1189 4398 1467 4462 elucidat
1498 4399 1693 4462 verba
1719 4398 1859 4462 Gre-

326 4500 500 4582 gorii
544 4499 771 4560 dicens
806 4515 821 4560 :
854 4497 1084 4560 Videre
1122 4496 1411 4578 requiem
1442 4506 1553 4560 aut
1587 4498 1857 4579 gloriam

328 4599 683 4662 Beatorum
722 4596 1036 4677 contingit
1086 4596 1431 4678 dupliciter
1473 4614 1487 4658 ε
1533 4597 1743 4680 primo
1789 4597 1856 4660 in

326 4696 649 4778 generali,
692 4694 783 4757 ita
826 4696 999 4776 quod
1048 4695 1331 4757 damnati
1380 4695 1658 4776 cogitent
1705 4695 1859 4758 San-

330 4805 475 4860 ctos
517 4812 663 4858 esse
700 4793 771 4856 in
808 4793 1027 4875 quiete
1064 4801 1129 4856 et
1165 4793 1389 4874 gloria,
1426 4795 1536 4856 sed
1578 4793 1644 4856 in
1680 4794 1857 4876 quali

334 4913 469 4957 non
502 4892 769 4971 vident3
810 4891 1091 4954 secundo
1130 4891 1195 4952 in
1239 4891 1630 4974 particulari,
1664 4892 1751 4955 ita
1790 4901 1860 4955 ut

336 4993 609 5055 videant
646 4989 859 5071 qualis
898 4989 979 5051 sit
1009 4989 1212 5070 gloria
1245 4990 1613 5053 electorum.
1650 4989 1858 5054 Primo

340 5091 539 5153 modo
578 5085 839 5170 reprobi
881 5105 1089 5168 usque
1116 5088 1194 5150 ad
1231 5087 1550 5168 judicium
1590 5097 1863 5152 cernunt

342 5188 643 5270 requiem
676 5185 1032 5261 Beatorum,
1060 5188 1172 5249 sed
1202 5188 1483 5249 secundo
1512 5189 1701 5251 modo
1731 5207 1858 5251 non

342 5287 593 5350 vident.
632 5283 765 5348 Nec
809 5292 1023 5348 tamen
1066 5286 1146 5347 de
1192 5284 1568 5367 hujusmodi
1614 5287 1860 5350 visione

602 5419 671 5473 Τ.
707 5419 789 5472 12.

1968 4301 2181 4382 turpia
2226 4306 2288 4362 et
2344 4299 2603 4379 injusta,
2656 4300 2765 4361 sed
2824 4306 2892 4360 ut
2939 4308 3090 4361 sunt
3136 4300 3228 4363 eis
3277 4319 3466 4364 causa

1968 4401 2124 4462 tanti
2165 4398 2490 4481 supplicii.
2523 4396 2642 4460 Sed
2674 4405 2739 4459 et
2766 4397 2943 4461 dives
2984 4398 3102 4460 iste
3132 4400 3466 4462 damnatus

1970 4497 2152 4581 petiit
2209 4497 2332 4559 sibi
2389 4495 2702 4571 misereri,
2754 4504 3069 4577 quantum
3126 4499 3205 4560 ad
3259 4517 3465 4580 poenae

1968 4595 2449 4677 mitigationem,
2501 4613 2628 4658 non
2673 4596 2885 4676 quoad
2944 4595 3150 4678 culpas
3195 4596 3463 4660 ablatio-

1968 4713 2137 4756 nem.
2171 4693 2327 4755 Nam
2368 4693 2544 4754 addit
2577 4711 2591 4755 ε

2050 4796 2133 4855 Et
2177 4793 2357 4854 mitte
2392 4794 2752 4860 Lazarum,
2794 4791 2860 4853 id
2907 4799 3025 4867 est,
3068 4791 3270 4873 dirige
3315 4810 3464 4855 eum

1968 4886 2055 4954 ad'
2096 4910 2222 4967 me,
2262 4901 2337 4953 ut
2374 4892 2665 4968 intinqat
2708 4900 3068 4952 eoetremum
3109 4893 3312 4970 digiti
3355 4894 3465 4953 sui

1968 4993 2043 5053 in
2089 5009 2357 5070 aquam,
2407 4989 2472 5051 id
2518 4996 2634 5064 est,
2679 4988 2944 5070 aliquid,
2991 4989 3211 5053 saltem
3264 4991 3463 5054 modi-

1971 5108 2118 5152 cum
2170 5088 2327 5170 quid
2385 5087 2846 5162 subventioniS,
2890 5087 3050 5150 mihi
3107 5089 3456 5171 impendat.

1971 5187 2256 5252 Christus
2301 5191 2512 5248 autem
2570 5185 2692 5248 hoc
2737 5185 2896 5261 1000,
2951 5204 3064 5269 per
3111 5189 3464 5270 corporalia

1971 5284 2328 5369 spiritualia
2362 5284 2795 5367 metaphorice
2832 5285 3156 5367 exprimit,
3189 5293 3260 5349 ut
3297 5306 3463 5352 com-

3181 5422 3215 5476 9

3604 2429 3677 2484 24

3498 2508 3563 2552 Is.
3584 2521 3677 2560 axv,
3695 2510 3761 2552 ss.
