4300 6259
848 491 970 556 510

1591 507 1942 556 mannum
1982 507 2048 554 m
2089 507 2229 554 cn.
2275 506 2365 554 111
2404 506 2683 554 mamus·
2722 525 2805 536 --
2844 508 2988 554 ΛΒΤ.
3034 508 3211 556 1111!

851 679 1129 753 credere,
1164 697 1292 742 non
1331 687 1427 742 est
1465 680 1949 761 intelligendum
1993 681 2070 742 de
2112 679 2351 760 impos·
2373 677 2424 738 A
2457 678 2606 740 daeis
2642 698 2656 742 :
2689 678 2806 742 Per
2840 679 3054 742 Jesum
3098 679 3279 743 vobis
3324 678 3617 740 remissio
3662 686 4223 760 peccato-Aa-ma

849 777 1153 839 sibilitate
1190 775 1498 852 absoluta,
1533 779 1837 860 quoniam
1869 777 2054 840 liberi
2096 777 2345 839 arbitrii

851 885 1358 958 permanserunt,
1391 895 1510 939 nec
1548 877 1946 959 praescientia
1988 876 2091 938 Dei
2133 894 2349 939 neces-

850 974 1063 1038 sitavit
1090 992 1196 1037 eos
1228 975 1306 1036 ad
1336 975 1542 1056 mala3
1577 977 1688 1038 sed
1719 977 1796 1038 de
1831 975 2347 1057 impossibilitate

850 1092 927 1135 ex
972 1074 1432 1156 suppositione,
1487 1075 1574 1137 ita
1627 1076 1800 1157 quod
1861 1073 2345 1156 impossibilitas

851 1173 986 1236 haec
1037 1191 1161 1236 non
1221 1171 1494 1234 refertur
1550 1173 1628 1234 ad
1685 1191 1906 1236 eorum
1953 1173 2344 1237 voluntatem

851 1273 1202 1334 secundum
1270 1289 1339 1333 se
1404 1279 1724 1353 sumptam
1789 1290 1898 1333 seu
1964 1271 2347 1353 simpliciter

853 1371 1334 1445 consideratam,
1386 1371 1495 1433 sed
1547 1379 1617 1432 ut
1667 1370 1876 1444 talem,
1931 1370 2229 1434 videlicet
2278 1377 2348 1432 ut

852 1469 1210 1532 induratam
1268 1474 1330 1530 et
1386 1468 1778 1530 habituatam
1840 1469 1904 1531 in
1966 1468 2263 1550 pessimis
2327 1487 2342 1530 :

573 1581 819 1632 maman.
848 1568 1029 1649 juxta
1070 1585 1264 1649 quem
1312 1584 1594 1640 sensum,
1627 1566 1816 1630 arbor
1859 1566 2022 1629 mala
2067 1585 2191 1630 non
2239 1586 2349 1648 po-

563 1647 626 1688 ¹⁸·
852 1673 972 1728 test
1020 1664 1266 1727 fructus
1315 1665 1666 1746 producere
1704 1665 1927 1739 bonOS,
1965 1683 2080 1727 nec
2124 1682 2349 1747 super-

851 1765 971 1827 bus
1003 1770 1211 1845 potest
1238 1763 1494 1835 salvari,
1527 1781 1644 1826 nec
1671 1762 1882 1844 justus
1915 1763 2223 1826 damnari.
2262 1762 2347 1825 De

2456 797 2596 840 rum
2655 780 3071 841 annuntiatur
3124 778 3204 840 ab
3260 778 3560 841 omnibus
3615 797 3653 838 a
3710 777 3955 858 quibus

2456 897 2583 940 non
2634 878 2929 960 potuistis
2989 879 3056 940 in
3116 878 3253 959 lege
3302 877 3523 960 Moysis
3577 875 3948 957 justificari.

2454 977 2672 1059 Itaque
2705 976 2863 1039 Deus
2904 977 3139 1039 dicitur
3176 994 3489 1039 excaecare
3525 983 3589 1037 et
3628 976 3946 1047 indurare,

2454 1094 2581 1137 non
2641 1074 2973 1139 influendo
3022 1075 3351 1145 malitiam,
3404 1075 3513 1137 sed
3564 1093 3691 1137 non
3744 1075 3951 1136 dando

2456 1172 2838 1237 subsidium.
2878 1174 3063 1236 Juxta
3098 1191 3293 1255 quem
3334 1175 3595 1236 modum
3634 1172 3947 1255 scriptum

2454 1280 2550 1334 est
2598 1273 2663 1334 in
2716 1272 3199 1336 Deuteronomio
3250 1292 3263 1335 :
3314 1271 3529 1334 Noluit
3574 1270 3783 1334 Sehon
3834 1289 3947 1332 rex
3976 1292 4215 1338 aaran.

2455 1371 2741 1435 Hesebon
2787 1374 2935 1434 dare
2977 1373 3313 1435 transitum
3355 1371 3509 1434 filiis
3548 1371 3759 1445 lsrael,
3794 1370 3949 1451 quia

2458 1471 2780 1535 induravit
2820 1471 3121 1535 Dominus
3162 1471 3323 1533 Deus
3360 1471 3659 1553 spiritum
3690 1470 3853 1550 ejus,
3884 1477 3949 1530 et

2456 1569 2908 1633 obfirmaverat
2956 1589 3066 1632 cor
3112 1570 3309 1644 illius,
3360 1579 3432 1631 ut
3476 1570 3831 1631 traderetur
3878 1569 3945 1630 in

2458 1687 2683 1731 manus
2725 1668 2937 1730 lsrael.

2536 1771 2691 1828 Hoec
2728 1766 2923 1829 verba
2962 1785 3133 1828 nunc
3170 1766 3483 1829 elucidata
3507 1768 3685 1826 dixit
3716 1768 3947 1835 Isaiae,
4074 1779 4137 1833 ss

851 1863 971 1927 hoc
1011 1862 1307 1944 superius
1346 1861 1514 1924 dicta
1553 1869 1702 1924 sunt
1744 1862 2053 1943 plurima3
2088 1870 2349 1944 propter
2384 1865 2429 1926 B
2459 1865 2521 1926 id
2552 1872 2668 1938 est,
2692 1864 2959 1927 dicenda
2996 1871 3059 1926 et
3096 1865 3431 1926 scribenda
3456 1865 3705 1946 accepit
3731 1883 3769 1926 a
3798 1863 3944 1935 Deo,

850 1963 1021 2044 quod
1089 1971 1359 2023 transeo.
1423 1959 1870 2022 Verumtamen
1927 1960 2344 2041 AugustinuS,

852 2080 966 2144 per
993 2061 1126 2125 Non
1165 2079 1371 2143 posse,
1407 2060 1726 2142 intelligit,
1751 2060 1883 2124 Non
1919 2060 2102 2122 velle.
2126 2059 2351 2132 Quem-

851 2162 1192 2224 admodum
1235 2159 1574 2242 Apostolus
1617 2159 1707 2222 ait
1751 2161 1829 2222 de
1876 2159 2024 2234 Deo,
2064 2160 2237 2242 quod
2282 2178 2350 2222 se

587 2269 620 2316 ΙΙ
646 2269 758 2314 Τίνι·
779 2283 821 2318 ¹1·
853 2260 1066 2342 ipsum
1099 2277 1326 2340 negare
1357 2278 1482 2322 non
1517 2267 1744 2340 potest,
1780 2259 1845 2320 id
1874 2266 1990 2330 est,
2025 2277 2153 2322 non
2186 2259 2345 2322 vult.

563 2335 626 2378 η·
647 2395 718 2452 40
934 2360 1304 2420 E'oecaecavit
1353 2361 1564 2418 oculos
1607 2377 1852 2428 eorum,
1906 2357 1968 2420 id
2017 2363 2132 2430 est,
2188 2357 2349 2418 Deus

558 2476 822 2528 12.v=.⁹,m.
853 2455 1254 2538 exigentibus
1281 2455 1640 2518 Judaeorum
1681 2455 1978 2537 peccam,
2011 2455 2345 2530 subtraxit,

854 2575 966 2618 seu
1013 2573 1139 2617 non
1185 2552 1440 2626 infudit,
1475 2553 1825 2615 intellectui
1868 2571 2087 2616 eorum
2130 2553 2349 2615 lumen

854 2653 1005 2717 fidei
1058 2660 1121 2714 et
1168 2651 1497 2733 sapientiae
1545 2651 1862 2726 salutariS,
1894 2661 1954 2712 et
2001 2653 2350 2713 induravit

852 2772 960 2812 cor
996 2771 1244 2820 eoram,
1284 2750 1346 2812 id
1396 2757 1512 2825 est,
1548 2749 1937 2813 voluntatem
1988 2768 2209 2813 eorum
2256 2751 2351 2812 in-

854 2849 1070 2912 durari
1112 2848 1426 2931 permisit,
1458 2847 1723 2929 gratiam
1765 2847 2245 2911 mollificantem
2289 2855 2352 2910 et

853 2947 1082 3010 animai
1113 2947 1549 3010 conversivam
1577 2945 1746 3026 juste
1775 2946 2244 3026 subtrahend03
2280 2957 2352 3008 ut

2456 1963 2569 2045 qui
2620 1963 2743 2024 sihi
2797 1981 2912 2045 per
2971 1963 3418 2026 revelationem
3472 1963 3827 2043 angelicam
3874 1981 3951 2024 ea

2459 2062 2855 2136 monstravit,
2888 2065 3149 2142 quando
3179 2062 3349 2122 vidie
3370 2063 3653 2138 ylen-iam
3682 2062 3851 2140 qim,
3885 2061 3951 2122 id

2457 2167 2573 2234 est,
2607 2160 2863 2241 quando
2912 2161 2977 2221 in
3016 2159 3249 2241 spiritu
3292 2159 3535 2222 visione
3578 2159 3953 2241 imaginaria

2460 2258 2848 2340 praeagnovit
2894 2258 3333 2321 excellentiam
3384 2258 3637 2332 Christi,
3689 2259 3803 2340 qui
3854 2265 3953 2321 est

2462 2375 2647 2421 verus
2686 2357 2849 2419 Deus
2888 2367 2951 2418 et
2992 2357 3319 2430 DominuS‚
3358 2367 3419 2418 et
3458 2361 3706 2418 locutus
3740 2367 3833 2418 est
3870 2361 3953 2418 de

2456 2477 2549 2525 eo,
2583 2456 2647 2518 id
2676 2463 2792 2529 est,
2828 2456 2905 2517 de
2944 2454 3191 2518 Christo
3231 2455 3634 2536 prophetavit
3669 2457 3841 2536 quod
3880 2456 3948 2518 in

2460 2555 2599 2636 ejus
2646 2555 2920 2616 adventu
2964 2562 3430 2616 excaecarentur
3471 2563 3535 2616 et
3575 2555 3951 2616 induraren-

2459 2662 2564 2715 tur
2600 2653 2819 2715 Judaei.
2852 2651 3007 2713 Nam
3052 2651 3164 2713 ubi
3207 2652 3395 2714 isaias
3434 2653 3522 2714 ait
3560 2652 3757 2714 verba
3795 2671 3953 2734 prae-

2457 2751 2742 2834 allegata,
2778 2750 3085 2832 praemisit
3118 2768 3131 2812 :
3168 2750 3307 2812 Vidi
3346 2750 3681 2813 Dominum
3728 2751 3949 2813 seden-
4020 2769 4217 2814 1⁸.v1,l.

2457 2858 2587 2912 tem
2629 2867 2824 2931 super
2864 2848 3094 2912 solium
3139 2849 3458 2911 excelsum
3498 2857 3560 2910 et
3606 2849 3944 2923 elevatum,
3970 2833 4091 2886 ³⁰¹⁸
4115 2831 4217 2873 ¹⁴¹¹·

2459 2957 2520 3010 et
2561 2948 2747 3030 plena
2789 2955 2923 3010 erat
2963 2948 3189 3011 domus
3230 2967 3269 3010 a
3305 2947 3631 3028 majestate
3670 2948 3833 3029 ejus.
3875 2948 3953 3010 Et

853 3046 1002 3127 (hoc
1044 3064 1158 3128 per
1197 3046 1458 3108 modum
1495 3045 1793 3126 sequelae,
1830 3064 1952 3109 non
1991 3065 2215 3120 causae,
2250 3066 2352 3108 su-
2380 3049 2423 3110 C
2461 3048 2629 3128 quod
2672 3046 2763 3108 ihi
2804 3065 2917 3128 per
2956 3046 3315 3120 Dominum,
3348 3048 3425 3108 ad
3461 3046 3737 3108 litteram
3768 3047 3956 3109 intel-

855 3145 1160 3208 mendum
1207 3145 1328 3224 est)
1373 3163 1500 3204 non
1546 3146 1808 3204 videant
1849 3146 2052 3204 oculis
2096 3144 2355 3207 interio-

856 3243 1057 3316 ribuS,
1109 3261 1184 3304 ea
1240 3261 1384 3323 quae
1440 3240 1596 3304 fidei
1653 3249 1822 3316 sunt,
1873 3252 1934 3302 et
1983 3243 2355 3320 intelliyant

855 3347 1066 3412 corde,
1099 3351 1158 3402 et
1197 3352 1685 3412 convertantur,
1715 3351 1774 3402 ec
1811 3363 2034 3404 sanem
2072 3363 2194 3404 eos.
2240 3342 2357 3405 Ne-

853 3440 1022 3522 gatio
1053 3440 1162 3503 illa
1192 3440 1528 3523 praeposita
1559 3439 1774 3513 verbo,
1809 3439 2092 3515 Videant,
2126 3442 2205 3503 ad
2233 3441 2356 3503 alia

855 3540 976 3602 tria
1031 3539 1362 3601 referenda
1412 3547 1508 3600 est
1559 3537 1772 3613 verba,
1817 3546 1885 3600 ut
1935 3538 2018 3600 sit
2065 3557 2289 3601 sensus
2335 3557 2349 3602 :

856 3637 1205 3700 Excaecavit
1251 3637 1416 3710 illos,
1461 3643 1530 3698 ut
1574 3654 1698 3699 non
1741 3637 2097 3717 intelligant
2139 3638 2351 3712 corde,

859 3755 972 3818 per
1001 3736 1238 3798 donum
1271 3734 1633 3797 intellectus
1667 3735 2057 3817 penetrando
2095 3742 2159 3797 et
2188 3735 2355 3798 clare

858 3834 1346 3916 contemplando
1395 3850 1471 3895 ea
1519 3852 1663 3914 quae
1707 3840 1995 3915 spectant
2035 3835 2112 3896 ad
2158 3833 2353 3897 fidem

857 3932 1256 4006 catholicam,
1319 3931 1671 3994 secundum
1729 3931 1902 4012 quod
1961 3933 2201 3994 dictum
2260 3940 2355 3994 est

578 4047 826 4100 statana,
860 4049 972 4112 per
1016 4029 1390 4112 Prophetam
1427 4048 1440 4091 ε
1475 4027 1537 4091 Si
1585 4048 1710 4091 non
1757 4029 2181 4104 credideritiS,
2229 4049 2353 4093 non

560 4111 816 4167 '¹¹¹¹‘Lxx'
859 4128 1247 4209 intelligetis.
1291 4127 1404 4189 Hic
1453 4127 1727 4189 sumitur
1775 4145 1902 4201 cor,
1946 4146 2061 4209 pro
2108 4128 2359 4190 intelle-

2462 3146 2753 3226 ligendus
2812 3145 2893 3206 sit
2952 3143 3237 3208 Christus
3291 3143 3481 3206 Filius
3540 3145 3669 3219 Dei,
3733 3146 3957 3227 probat

2458 3245 2772 3326 gloriosus
2816 3243 3235 3326 Hieronymus
3284 3244 3653 3306 auctoritate
3699 3244 3957 3308 loannis

2460 3343 2887 3424 evangelistae,
2922 3342 3042 3405 hoc
3090 3341 3229 3405 loco
3276 3340 3611 3405 manifeste
3660 3342 3954 3416 dicentis,

2461 3442 2633 3524 quod
2671 3441 2859 3504 lsaias
2904 3441 3063 3503 dixit
3101 3441 3259 3516 haec,
3295 3449 3511 3522 utpote
3549 3442 3722 3523 quod
3759 3441 3956 3505 Judaei

2464 3559 2588 3604 non
2624 3547 2912 3622 poterant
2942 3539 3199 3600 credere
3229 3539 3296 3600 in
3326 3537 3669 3614 Christum,
3702 3540 3959 3621 quando

2464 3639 2623 3702 vidit
2648 3638 2913 3719 gloriam
2954 3636 3118 3717 ejus.
3155 3636 3360 3699 Palam
3400 3645 3495 3698 est
3532 3645 3746 3699 autem
3785 3639 3957 3720 quod

2463 3757 2577 3820 per
2603 3737 2894 3819 gloriam,
2925 3735 3057 3816 jam
3098 3755 3224 3798 non
3264 3735 3639 3817 intelligitur
3677 3737 3957 3800 increata

2461 3836 2785 3898 beatitudo
2828 3834 2927 3897 vel
2972 3833 3190 3896 divina
3236 3835 3511 3896 essentia
3557 3833 3724 3910 Filii,
3757 3855 3951 3917 quam

2464 3935 2677 3996 nullus
2726 3933 2791 3995 in
2830 3933 2949 3994 hac
2999 3933 3129 3994 vita
3174 3939 3379 4014 potest
3422 3933 3789 4015 conspicere
3838 3953 3953 4016 per

2462 4033 2739 4115 speciem
2778 4033 2879 4109 (ut
2916 4031 3157 4093 dictum
3206 4037 3301 4092 est
3344 4030 3596 4112 plenius
3635 4051 3830 4114 super
3872 4033 3949 4094 il-

2465 4133 2570 4195 lud
2607 4151 2620 4194 :
2656 4131 2851 4193 Deum
2894 4147 3081 4192 nemo
3120 4129 3276 4191 vidit
3317 4129 3647 4210 unquam),
3680 4131 3791 4193 sed
3824 4150 3955 4193 ma-
3976 4151 4207 4197 1002„st

858 4237 986 4292 ctu.
1028 4227 1104 4290 Et
1145 4233 1598 4291 convertantur
1642 4226 1717 4288 ad
1763 4225 2106 4301 Christum,
2150 4235 2212 4288 et
2260 4247 2355 4290 sa·
2387 4227 2835 4310 Dgnificentia
2884 4226 3138 4301 Christi,
3171 4245 3363 4307 quam
3411 4227 3573 4288 Deus
3621 4227 3796 4290 lsaiae
3840 4247 3953 4310 per

859 4345 1006 4389 nem
1038 4344 1162 4402 θοε,
1186 4345 1223 4388 a
1254 4324 1628 4388 vulneribus
1657 4324 1888 4387 animae
1917 4342 2026 4386 seu
2061 4326 2351 4406 peccatis

858 4426 984 4489 Hoc
1037 4423 1334 4486 ultimum
1382 4422 1647 4485 verbum
1696 4421 1931 4485 dicitur
1979 4423 2044 4484 in
2085 4441 2357 4505 persona

861 4525 990 4599 Dei,
1024 4523 1135 4606 qui
1177 4521 1349 4585 solus
1389 4528 1596 4603 potest
1635 4529 1913 4584 mentem
1956 4541 2198 4584 sanare.
2233 4522 2357 4585 Un-

561 4632 829 4684 Ιον-ινιω-
861 4625 938 4686 de
980 4620 1264 4704 loquitur
1298 4619 1598 4682 Ieremias
1644 4638 1656 4682 :
1701 4618 1861 4681 Sana
1905 4637 2028 4694 me,
2064 4620 2349 4695 Domine,

585 4729 810 4781 Pan-‚⁸-
859 4728 923 4784 et
978 4719 1290 4799 sanabor;
1341 4725 1404 4780 et
1457 4716 1807 4792 Psalmista,
1858 4716 2019 4780 Sana
2073 4718 2354 4781 animam

860 4837 1088 4892 meam,
1140 4817 1293 4898 quia
1349 4815 1605 4898 peccavi
1656 4815 1796 4877 tibi.
1849 4814 2155 4888 Quoniam
2204 4835 2355 4898 ergo

856 4917 1052 4981 Judaei
1103 4934 1230 4979 non
1281 4914 1688 4977 crediderunt
1739 4913 1804 4975 in
1847 4913 2191 4989 Christum,
2226 4934 2353 4978 non

860 5023 1007 5078 sunt
1047 5014 1218 5077 intus
1260 5032 1297 5075 a
1335 5012 1458 5076 Deo
1499 5012 1721 5087 curati,
1758 5013 2110 5094 praesertim
2150 5033 2353 5095 quum

565 5121 830 5174 natrano.
861 5114 998 5177 sine
1046 5112 1176 5174 fide
1223 5119 1286 5174 et
1345 5110 1572 5174 merito
1629 5110 1858 5173 Christi
1919 5129 2106 5174 nemo
2157 5113 2355 5194 possit

861 5210 1112 5286 salvari,
1165 5209 1420 5291 purgari
1462 5215 1570 5271 aut
1613 5207 1976 5289 justificari.
2021 5208 2355 5292 Propterea

863 5310 930 5374 in
977 5308 1240 5373 Actibus
1286 5307 1732 5391 Apostolorum
1778 5307 2006 5370 Paulus
2049 5308 2213 5372 dixit
2250 5309 2357 5372 Ju-

2464 4327 2759 4409 spiritum
2812 4325 3163 4408 prophetiae
3218 4325 3512 4388 ostendit.
3566 4324 3674 4388 Vel
3724 4326 3777 4388 si
3840 4346 3955 4409 per

2458 4424 2725 4505 gloriam
2755 4422 3105 4505 accipiatur
3135 4423 3412 4485 increata
3439 4422 3705 4485 felicitas
3746 4432 3810 4487 et
3848 4445 3957 4488 na-

2461 4530 2603 4585 tura
2650 4522 2791 4585 Filii
2844 4522 2973 4597 Dei,
3015 4530 3169 4584 tunc
3219 4521 3379 4584 visio
3422 4521 3812 4603 praeinducta
3850 4543 3955 4586 ac-

2462 4623 2592 4704 cipi
2642 4621 2831 4684 debet
2869 4622 2945 4684 de
2986 4621 3231 4684 visione
3276 4639 3391 4702 per
3431 4620 3649 4682 fidem.
3680 4621 3955 4685 Noverat

2462 4721 2633 4783 enim
2692 4721 2879 4782 lsaias
2938 4719 3257 4783 Christum
3316 4718 3543 4781 Filium
3603 4720 3731 4795 Dei,
3784 4720 3950 4784 Patri

2461 4837 2600 4881 esse
2640 4818 2973 4899 aequalem.

2559 4919 3005 4978 Verumtamen
3049 4925 3110 4976 et
3150 4936 3233 4975 ew
3270 4917 3703 4993 principibus,
3746 4916 3812 4978 id
3854 4925 3948 4979 est
4065 4930 4131 4984 42

2462 5016 2539 5077 de
2572 5032 2837 5077 numero
2877 5013 3333 5096 principalium
3362 5013 3743 5088 Judaeorum,
3777 5015 3948 5077 vide-

2461 5114 2611 5176 licet
2656 5112 3019 5176 Scribarum
3068 5120 3130 5174 et
3177 5110 3651 5186 Pharisaeorum,
3694 5131 3947 5194 magno-

2462 5229 2737 5294 rumque
2801 5211 3063 5285 civium‚
3124 5212 3325 5271 multi
3390 5211 3808 5272 crediderunt
3872 5215 3941 5271 in

2458 5331 2633 5382 eum,
2683 5310 2748 5373 id
2794 5316 2911 5384 est,
2956 5309 3171 5372 Jesum
3220 5307 3559 5370 credebant
3610 5325 3749 5371 esse
3794 5308 3941 5370 Mes-
