4300 6259
667 1683 739 1738 24

602 1891 767 1935 Iouna.
780 1903 845 1941 xx,

670 2376 741 2429 25

612 3465 782 3509 Manli.
805 3479 848 3517 v,

584 3530 652 3573 23.

673 4632 746 4687 26

870 496 992 560 254

1706 512 2052 560 ENARRATIO
2096 511 2162 557 m
2203 510 2340 557 CAP.
2387 510 2536 556 XXIV
2577 510 2764 557 LUCAE'.
2813 530 2893 541 ·-··
2933 511 3075 559 Am.
3122 513 3155 557 1.

867 685 997 766 jam
1036 685 1401 759 resurrexit,
1436 693 1749 745 venerunt
1778 684 1855 746 ad
1887 681 2240 764 ApostolOS,
2272 683 2370 742 di-
2397 681 2448 743 A
2481 700 2567 757 re,
2601 691 2662 744 et
2706 700 2968 764 corpore
3005 682 3374 763 glorificari,
3406 683 3803 765 gloriamque
3849 705 3970 749 coe-

867 795 1073 845 centes
1099 805 1163 844 se
1200 786 1398 843 etiam
1438 785 1775 850 visionem,
1808 783 1870 843 id
1912 790 2008 843 est
2047 779 2366 843 visibilem

866 882 1161 958 formam,
1194 886 1577 961 anqelorum
1608 883 1843 941 vidisse
1874 902 1896 940 .·
1928 880 2014 942 ita
2054 880 2226 961 quod
2261 898 2370 939 an-

865 981 1039 1061 gelos
1090 982 1155 1043 in
1204 979 1549 1061 assumptis
1600 978 1974 1060 corporibus
2027 976 2369 1059 corporali-

868 1085 963 1139 ter
1010 1084 1517 1159 conspexerunt3
1550 1078 1667 1156 qui
1704 1075 1911 1157 angeli
1952 1078 2184 1136 dicunt
2221 1095 2368 1134 eum

868 1179 1105 1245 vivere,
1140 1177 1202 1238 id
1254 1183 1348 1237 est
1393 1175 1714 1238 Christum
1764 1174 2208 1237 resurrexisse.
2252 1173 2368 1234 Ita-

866 1294 993 1357 que
1057 1274 1356 1357 discipuli
1416 1273 1628 1337 verbis
1691 1273 2035 1335 mulierum
2101 1272 2367 1333 istarum

868 1376 1122 1449 auditis,
1158 1374 1579 1447 terrebantur,
1616 1373 1766 1454 quia
1811 1372 2074 1434 forsitan
2126 1377 2371 1432 metue-

869 1475 1022 1537 bant
1050 1475 1222 1555 quod
1250 1472 1443 1536 Judaei
1490 1471 1803 1534 increduli
1844 1471 2248 1551 imponerent
2277 1469 2369 1530 eis

872 1574 1043 1656 quod
1092 1592 1322 1655 corpus
1372 1571 1469 1632 sui
1514 1569 1925 1632 abstulissent
1967 1567 2274 1649 magistri,
2309 1575 2373 1629 et

877 1680 1210 1755 propterea
1240 1688 1345 1732 eos
1378 1678 1932 1751 persequerentur.
1953 1670 2038 1729 Et
2066 1669 2370 1727 abierunt

874 1774 1146 1852 quidam
1192 1790 1273 1828 eoe
1314 1770 1552 1829 nostris
1592 1770 1680 1827 ad
1726 1776 2245 1834 monumentum,
2276 1772 2372 1825 ut-

2479 783 2700 843 lestem
2743 782 3026 863 plenarie
3067 782 3433 863 possidere?
3465 781 3754 845 Christus
3785 785 3968 866 quip-

2481 878 2570 962 pe'
2609 900 2723 942 sua
2771 881 3234 951 humiliatione,
3291 881 3582 962 passione
3633 889 3697 944 et
3745 890 3961 953 morte,

2480 979 2831 1060 promeruit
2860 979 2983 1041 sibi
3025 979 3147 1061 ipsi
3189 979 3524 1061 praemium
3559 980 3961 1054 accidentale,

2478 1086 2667 1160 atque
2706 1078 3058 1141 dominium
3107 1079 3314 1141 omnis
3356 1085 3678 1152 creaturae,
3721 1079 3965 1141 dicente

2477 1177 2776 1259 Apostolo
2818 1195 2832 1240 ε
2875 1176 3243 1239 Humiliavit
3293 1195 3380 1249 se,
3422 1177 3623 1238 factus
3667 1177 3964 1241 obediens
4007 1196 4214 1250 Philippus.

2481 1294 2684 1358 usque
2729 1277 2806 1338 ad
2856 1283 3146 1350 mortem,
3181 1285 3442 1357 propter
3478 1276 3648 1356 quod
3698 1284 3762 1337 et
3807 1276 3964 1337 Deus
3989 1262 4026 1309 ⁸¹
4047 1261 4085 1299 ⁹·

2479 1375 2777 1436 exaltavit
2826 1375 3030 1437 illum.
3066 1373 3140 1437 Et
3189 1382 3399 1436 tamen
3447 1375 3582 1436 haec
3627 1374 3832 1455 gloria
3867 1375 3966 1436 de—

2480 1472 2749 1534 bebatur
2797 1472 3043 1535 Christo
3101 1473 3290 1534 etiam
3345 1472 3622 1546 aliunde,
3678 1472 3968 1535 videlicet

2482 1572 2723 1634 ratione
2770 1571 3178 1654 hypostaticae
3237 1570 3491 1634 unionis
3547 1589 3692 1633 cum
3744 1570 3962 1644 Verbo,

2482 1677 2544 1731 et
2592 1677 2850 1751 propter
2899 1668 3361 1751 plenitudinem
3421 1668 3734 1731 beatificae
3789 1670 3970 1732 visio-

2484 1768 2604 1841 niS,
2641 1786 2752 1830 seu
2783 1768 3137 1830 essentialis
3178 1767 3498 1829 felicitatis
3535 1768 3764 1829 animas.
3791 1770 3963 1848 ejus:

878 1878 1023 1953 pote
1062 1869 1279 1931 Petrus
1328 1876 1389 1929 et
1426 1865 1693 1929 Joannes
1722 1867 1821 1946 (ut
1861 1866 2099 1927 dictum
2136 1866 2278 1943 est),
2311 1873 2371 1923 ec
2409 1866 2455 1927 B
2482 1886 2625 1948 quae
2685 1857 3097 1929 redundasset
3146 1866 3578 1929 indesinenter
3627 1868 3692 1929 in
3743 1884 3966 1947 corpus

875 1972 971 2031 ita
1020 1972 1411 2029 invenerunt
1456 1968 1625 2025 sicut
1682 1968 1979 2025 mulieres
2026 1965 2366 2031 dixerunt,

876 2067 1173 2130 videlicet
1212 2065 1487 2146 lapidem
1529 2062 1911 2134 revolutum,
1945 2068 2009 2123 et
2054 2060 2373 2122 linteami-

877 2186 959 2229 na
1006 2164 1245 2247 posita3
1276 2165 1493 2241 ipsum
1538 2182 1706 2231 ver0,
1742 2161 1805 2222 id
1854 2168 1951 2222 est
1998 2179 2229 2241 corpus
2276 2158 2372 2220 Je-

877 2285 975 2338 su‚
1024 2283 1153 2325 non
1195 2264 1607 2322 invenerunt.

960 2366 1043 2425 Et
1082 2364 1217 2438 ipse
1245 2361 1421 2420 dimit
1454 2361 1545 2418 eis
1576 2379 1598 2418 .·
1635 2360 1684 2419 O
1709 2359 1921 2423 stulti,
1955 2356 2016 2418 id
2065 2365 2162 2418 est
2207 2355 2372 2417 Scri-

878 2466 1208 2539 pturarum
1250 2456 1536 2520 notitiam
1578 2475 1703 2518 non
1745 2455 2071 2527 habenteS,
2106 2461 2169 2515 et
2207 2471 2372 2516 verae

876 2558 1028 2620 fidei
1070 2557 1212 2619 luce
1250 2563 1558 2630 carentes,
1592 2565 1651 2615 ec
1693 2557 1869 2615 tardi
1898 2556 2084 2615 corde
2121 2556 2209 2613 ad
2236 2572 2372 2612 cre-

874 2660 1159 2718 dendum
1206 2657 1277 2715 in
1316 2655 1611 2715 omnibus
1655 2652 1867 2715 verbis
1916 2659 1977 2713 et
2026 2650 2367 2725 vaticiniiS,

874 2777 1015 2835 quoe
1047 2756 1245 2815 locuti
1280 2762 1431 2815 sunt
1461 2755 1801 2831 Prophetae
1829 2752 1905 2812 de
1950 2768 2091 2812 mea
2135 2749 2373 2830 passio-

876 2872 955 2915 ne
990 2861 1053 2916 et
1094 2852 1557 2915 resurrectione
1592 2868 1606 2912 :
1641 2869 1841 2931 quum
1886 2856 2094 2910 tamen
2143 2847 2373 2909 habea·

874 2952 955 3014 tis
1014 2950 1405 3013 sufficientia
1467 2948 1793 3011 inductiva
1848 2947 1925 3008 ad
1984 2946 2371 3008 credendum

2486 1966 2708 2047 ipsiuS‚
2762 1974 2825 2027 et
2873 1964 3265 2047 impassibile
3313 1964 3473 2027 illud
3521 1963 3798 2038 fecisset,
3847 1963 3966 2025 nisi

2457 2065 2608 2128 ·Deo
2656 2066 3082 2146 dispensante,
3131 2064 3546 2126 redundantia
3595 2063 3702 2125 illa
3750 2062 3970 2125 fuisset

2484 2180 2689 2245 usque
2717 2164 2795 2225 ad
2827 2162 3353 2225 resurrectionem
3392 2162 3604 2237 dilata,
3640 2169 3707 2223 ut
3736 2162 3803 2222 in
3836 2161 3970 2243 epi-

2483 2261 2640 2324 stola
2687 2263 2761 2324 ad
2812 2262 3180 2325 Dioscorum
3227 2260 3512 2341 loquitur
3556 2260 3964 2341 Augustinus.

2483 2358 2556 2420 Et
2596 2359 2682 2420 ita
2717 2358 2918 2439 gloria
2956 2357 3066 2419 illa
3101 2356 3227 2419 fuit
3269 2357 3527 2439 proprie
3558 2355 3758 2437 gloria
3796 2356 3971 2419 Chri-

2484 2458 2585 2519 sti.
2619 2457 2738 2519 Sed
2776 2464 2839 2519 et
2879 2457 3176 2519 universa
3209 2455 3411 2536 gloria
3447 2456 3638 2517 curiae
3675 2454 3967 2526 caelestis

2483 2554 2607 2618 fuit
2644 2564 2705 2617 et
2743 2562 2837 2617 est
2876 2555 3078 2636 gloria
3116 2554 3369 2628 Christi,
3405 2554 3756 2615 secundum
3803 2554 3972 2634 quod

2484 2654 2646 2715 Deus
2697 2662 2812 2727 est,
2856 2662 3159 2735 tanquam
3210 2653 3451 2716 domini
3502 2671 3575 2714 ac
3623 2652 3876 2714 datoris.
3909 2651 3972 2713 Si

2483 2752 2696 2833 itaque
2746 2752 3064 2814 Christum
3115 2768 3228 2832 per
3278 2750 3657 2832 passionem,
3705 2756 3766 2811 et
3815 2750 3975 2812 mul-

2481 2850 2766 2932 tiplicem
2813 2849 3286 2912 tribulationem
3348 2848 3677 2930 oportebat
3733 2848 3976 2929 propri-

2481 2968 2582 3011 am
2630 2949 2895 3030 gloriam
2947 2948 3214 3029 ingredi,
3261 2966 3372 3010 nos
3421 2948 3533 3028 qui
3584 2966 3827 3021 sumuS,
3861 2947 3970 3028 qui

875 3051 1047 3132 quod
1097 3068 1213 3130 ego
1261 3068 1400 3110 sum
1454 3047 1562 3110 ille
1612 3048 1689 3108 de
1734 3065 1865 3127 quo
1914 3045 2022 3106 illa
2067 3044 2372 3126 praedixe-
2409 3050 2452 3113 C
2483 3048 2723 3129 absque
2783 3046 3300 3110 tribulationibus
3349 3055 3413 3108 et
3461 3045 3966 3119 adversitatibuS‚

878 3156 1028 3211 runt
1076 3148 1424 3229 Prophetae‚
1477 3164 1622 3208 nam
1672 3144 1883 3208 verbis
1933 3152 1995 3205 et
2027 3142 2373 3231 'sufficien-

877 3247 1048 3310 tibus
1087 3245 1412 3308 miraculis
1452 3243 1767 3307 Christum
1813 3260 1913 3305 me
1962 3260 2099 3303 esse
2148 3241 2374 3322 proba-

881 3346 965 3409 vi.
998 3344 1329 3418 Quaeritur,
1363 3362 1477 3405 cur
1506 3342 1789 3405 Christus
1832 3340 2178 3421 discipulos
2217 3339 2372 3401 istos

880 3444 1197 3507 vocaverit
1255 3440 1501 3514 stultOS,
1554 3458 1755 3521 quum
1812 3439 1965 3501 alibi
2017 3438 2202 3512 dicat,
2255 3437 2370 3510 Qui

880 3541 1108 3606 dixerit
1148 3540 1326 3602 fratri
1368 3558 1503 3613 suo,
1538 3539 1749 3611 Fatue,
1786 3555 1930 3598 reus
1977 3536 2098 3598 crit
2137 3536 2374 3615 gehen-

878 3660 976 3703 nae
1006 3640 1191 3721 ignis.
1224 3638 1297 3700 Et
1340 3638 1872 3719 respondendum,
1906 3636 2076 3715 quod
2118 3642 2374 3715 peccata

878 3740 1217 3803 verborum
1279 3744 1624 3819 pensantur
1673 3752 1867 3816 penes
1926 3733 2368 3807 intentionem,

876 3837 1409 3917 affectionemque
1441 3834 1749 3907 cordium,
1783 3832 2084 3914 quoniam
2126 3850 2200 3893 ea
2229 3850 2373 3912 quae

878 3944 1027 3998 sunt
1084 3936 1149 3997 in
1204 3952 1375 4007 voce,
1431 3941 1579 3995 sunt
1636 3950 1854 3994 earum
1902 3950 2046 4013 quae
2105 3938 2257 3993 sunt
2305 3931 2369 3991 in

877 4038 1089 4099 anima
1148 4035 1537 4117 passionum,
1598 4031 2009 4094 affectionum
2071 4031 2370 4094 intentio-

879 4152 1163 4215 numque
1196 4142 1377 4195 notae.
1412 4131 1696 4194 Christus
1727 4148 1874 4211 ergo
1918 4129 2242 4212 prohibuit
2279 4130 2375 4191 di-

2487 3145 3158 3228 poenitentialibusque
3207 3144 3508 3227 operibus
3551 3143 3820 3225 gloriam
3869 3162 3968 3207 vo-

2483 3244 2696 3306 lumus
2744 3244 2986 3324 ingredi
3037 3243 3352 3305 alienam?
3383 3242 3705 3323 Numquid
3753 3260 3964 3306 servus
3999 3264 4202 3307 :mm

2483 3344 2686 3422 major
2724 3352 2820 3405 est
2857 3342 3114 3405 domino
3153 3360 3290 3415 suo,
3323 3348 3432 3402 aut
3469 3340 3830 3402 membrum
3875 3359 3967 3403 ca-
3991 3330 4048 3370 ¹⁶·

2484 3443 2614 3524 pite
2665 3460 2778 3504 suo
2828 3440 3251 3523 praestantiuS,
3302 3447 3412 3501 aut
3459 3440 3826 3521 redemptus
3881 3458 3969 3500 re·

2483 3542 2813 3622 demptore
2850 3538 3207 3612 sublimior,
3239 3546 3352 3600 aut
3386 3535 3626 3617 fragilis
3666 3546 3963 3610 creatura,

2483 3646 2762 3701 creatore
2809 3656 2924 3700 suo
2963 3637 3070 3699 Dei
3115 3636 3303 3699 unico
3343 3635 3534 3698 Filio?
3567 3636 3783 3699 Merito
3827 3654 3966 3717 ergo

2484 3739 2644 3800 dixit
2689 3737 3025 3819 Apostolus
3068 3754 3080 3798 :
3123 3734 3278 3808 Quia
3332 3752 3445 3816 per
3493 3734 3724 3796 multas
3774 3736 3968 3797 tribu·
3990 3752 4200 3798 semmei.

2483 3836 2770 3910 lationeS‚
2821 3842 3068 3916 oportet
3125 3853 3239 3896 nos
3290 3833 3524 3895 intrare
3582 3834 3647 3894 in
3707 3852 3966 3914 regnum

2483 3937 2824 4010 coelorum;
2857 3941 2918 3995 et
2968 3934 3142 4006 item,
3177 3930 3406 3994 Omnes
3449 3932 3560 4013 qui
3600 3932 3825 3994 volunt
3871 3932 3967 4014 pie
4005 3947 4199 3991 unam.

2483 4035 2700 4096 vivere
2729 4033 2793 4093 in
2825 4031 3070 4095 Christo
3103 4030 3606 4111 persecutionem
3637 4030 3964 4111 patientur.
3993 4014 4050 4053 ¹²·

2563 4135 2648 4194 Et
2697 4131 3016 4207 incipiens
3055 4150 3094 4189 a
3137 4132 3355 4206 Moyse
3391 4137 3452 4188 et
3487 4130 3786 4189 omnibus
3813 4131 3968 4191 Pro—
4077 4134 4136 4189 27

878 4252 1021 4297 cere
1070 4233 1379 4315 proximo,
1416 4231 1626 4303 Fatue,
1660 4248 1737 4291 ex
1789 4237 2179 4312 contemptu,
2214 4230 2374 4292 deri·
2403 4230 2453 4291 D
2478 4232 2688 4307 phecis
2717 4251 2738 4289 .·
2771 4230 2836 4290 id
2883 4237 2998 4301 est,
3041 4245 3116 4289 ex
3169 4226 3379 4288 verbis
3426 4226 3650 4309 Moysis
3701 4226 3969 4308 sumpsit

880 4334 1078 4408 sione,
1112 4339 1222 4393 aut
1250 4329 1443 4392 simili
1478 4328 1699 4391 vitiosa
1740 4328 1970 4399 radice,
2005 4347 2127 4391 non
2161 4336 2372 4390 autem

879 4451 954 4495 ex
987 4432 1243 4495 caritate
1272 4437 1336 4491 et
1362 4427 1495 4491 zelo
1522 4426 1804 4508 justitiae,
1841 4428 2198 4490 rationabili
2230 4446 2374 4489 cau-

880 4550 948 4593 sa
990 4530 1055 4592 id
1098 4528 1407 4609 exigente.

963 4631 1192 4693 Nonne
1221 4630 1352 4688 haec
1380 4626 1663 4703 oportuit
1686 4626 1832 4703 pati
1865 4626 2208 4694 Christum,
2235 4643 2373 4705 pro-

879 4735 1019 4810 pter
1084 4725 1299 4788 aeterni
1367 4723 1562 4785 Patris
1632 4723 2248 4804 praeordinationem,
2311 4732 2372 4785 et

876 4824 1328 4906 Prophetarum
1371 4819 1871 4884 verificationem
1916 4828 2107 4901 atque
2152 4820 2372 4883 huma-

878 4924 941 4987 ni
971 4921 1223 5004 generis
1263 4920 1697 4993 salvationem,
1732 4928 2093 4982 sanctorum
2127 4920 2205 4981 de
2235 4920 2373 4980 lim-

875 5024 957 5086 bo
1013 5020 1438 5092 eductionem,
1492 5018 1767 5081 coelestis
1827 5017 2045 5099 patriae
2100 5018 2374 5098 apertio-

877 5139 1045 5193 nem,
1080 5117 1353 5181 coelestis
1393 5115 1735 5177 Jerusalem
1790 5114 2367 5191 reaedificationem‚

874 5230 935 5279 et
995 5221 1115 5285 ita,
1167 5223 1319 5297 puta
1377 5232 1491 5295 per
1549 5212 1932 5295 passionem,
1986 5215 2240 5273 intrare
2298 5218 2372 5274 in

874 5318 1158 5396 yloriam
1185 5334 1397 5381 suam,
1432 5312 1496 5375 id
1543 5319 1639 5373 est
1682 5312 1749 5373 in
1792 5312 2025 5375 coelum
2075 5312 2374 5375 ascende-

2485 4328 2839 4400 exordium‚
2873 4326 3026 4407 quia
3064 4326 3308 4407 primus
3350 4332 3411 4386 et
3450 4324 3822 4407 principalis
3851 4324 3970 4386 fuit

2481 4427 2649 4487 inter
2677 4444 2782 4489 eos
2813 4425 2925 4506 qui
2958 4424 3153 4486 libros
3183 4423 3261 4485 ad
3292 4429 3474 4484 vetus
3505 4421 3969 4485 Testamentum

2484 4525 2872 4607 pertinentes
2931 4521 3368 4603 scripserunt3
3418 4520 3646 4583 deinde
3703 4520 3968 4585 aliorum

2483 4622 2934 4704 Prophetarum
2983 4618 3275 4699 allegavit
3327 4619 3614 4695 oracula3
3661 4622 3972 4696 interpre-

2486 4726 2744 4783 tabatur
2792 4722 2952 4788 illis,
3004 4719 3069 4780 id
3125 4726 3242 4791 est,
3300 4718 3760 4798 expositionem
3819 4715 3968 4779 fecit

2483 4822 2620 4882 istis
2670 4819 2916 4882 duobus
2964 4816 3319 4898 discipuliS,
3353 4819 3426 4877 in
3469 4818 3766 4877 omnibus
3793 4818 3970 4877 Scri-

2475 4920 2694 4998 pturis
2723 4938 2865 4997 quoe
2892 4920 2972 4977 de
3003 4918 3137 4993 ipso
3165 4924 3354 4975 erant
3384 4914 3738 4995 loquenteS,
3764 4913 3826 4976 id
3853 4921 3962 4984 cst,

2484 5016 2848 5098 prophetias
2899 5016 2974 5076 de
3017 5014 3155 5095 ipso
3199 5012 3526 5094 praedictas
3566 5012 3657 5073 eis
3697 5012 3964 5074 declara-

2484 5115 2574 5177 vit
2623 5122 2686 5175 et
2723 5113 3037 5193 allegavit,
3073 5111 3170 5175 vel
3211 5111 3276 5171 in
3315 5110 3595 5191 generali
3635 5118 3698 5172 et
3741 5109 3958 5171 multas

2483 5214 2549 5276 in
2581 5211 2863 5294 speciali,
2899 5210 2995 5274 vel
3035 5227 3254 5273 omnes
3283 5210 3362 5271 ad
3403 5208 3798 5291 propositum
3831 5226 3959 5289 per-

2483 5312 2756 5374 tinentes
2797 5328 2870 5372 ac
2913 5307 3331 5371 sufficientes
