4300 6259
567 699 710 746 Zaoh.
727 713 757 750 ι.
772 703 813 744 3.

636 981 709 1039 26

540 2751 653 2810 Sap.
666 2765 725 2804 xi,
735 2753 802 2796 2⁸.

540 3141 660 3188 md.
671 3145 802 3194 xus.

562 3241 642 3287 Pa.
666 3256 705 3296 v,
731 3243 775 3287 7.

548 3439 644 3486 lor.
660 3453 729 3490 xv.
748 3443 788 3486 l.

549 5257 818 5362 Pia-cunm,

556 5327 581 5372 8
610 5349 629 5373 α.

845 487 926 559 98

844 683 1125 746 chariam
1180 689 1447 746 testatur
1496 701 1511 746 t

1612 501 1961 558 alumno
2002 497 2066 558 11³«
2108 493 2246 556 ear.
2294 495 2398 557 'xiv
2441 495 2627 556 tuos..
2671 529 2752 540 —
2793 508 2934 557 Am.
2979 503 3192 558 xxxvii

1566 682 2023 746 Convertimini
2084 682 2163 744 ad
2213 699 2338 754 mc,
2375 680 2426 741 A
2451 681 2598 744 odio
2633 683 2888 745 oderam
2929 682 3094 746 illos.
3135 681 3368 763 Sicque
3407 680 3603 744 David
3639 678 3838 744 odivit
3877 695 3948 742 se

846 781 1001 843 dicit
1055 780 1359 844 Dominus
1418 781 1837 855 exercituum,
1890 788 1955 842 et
2010 787 2344 842 convertar
2453 779 2666 860 ipsum
2722 799 2924 862 quum
2983 781 3359 862 deprecatus
3417 787 3516 841 est
3570 777 3788 852 Deum,
3851 779 3950 841 di-

844 880 922 942 ad
960 897 1094 954 voa,
1138 879 1293 942 dicit
1334 879 1635 943 Dominus
1676 879 2095 942 exercituum.

920 978 1113 1039 Dima
1142 998 1165 1038 .·
1196 979 1277 1039 Si
1310 979 1459 1056 quis
1498 979 1674 1038 venit
1714 980 1803 1037 ad
1834 997 1958 1046 me,
1992 976 2054 1038 id
2084 982 2203 1050 est,
2239 993 2342 1036 me

842 1075 1025 1156 sequi
1053 1075 1327 1138 voluerit
1365 1093 1480 1156 per
1511 1075 1657 1137 vitae
1694 1074 2243 1147 assimilationem,
2279 1081 2342 1134 et

840 1173 1119 1236 debitam
1168 1173 1565 1246 servitutem,
1614 1182 1675 1232 et
1722 1192 1855 1234 non
1902 1175 2041 1233 odit
2082 1182 2340 1249 patrem

835 1291 1051 1344 auum,
1082 1281 1143 1332 et
1184 1281 1484 1342 matrem,
1516 1281 1575 1332 et
1620 1291 1914 1340 uxorem,
1953 1280 2013 1331 et
2047 1272 2248 1348 filios,
2277 1279 2338 1331 et

833 1370 1097 1447 fratres,
1142 1379 1203 1431 et
1246 1388 1511 1431 sorores.
1562 1367 1793 1430 Omnes
1851 1369 1989 1431 istae
2044 1386 2336 1450 personas

832 1465 1120 1531 odiendae
1146 1474 1297 1530 sunt
1326 1466 1529 1529 servis
1560 1466 1815 1540 Christi,
1852 1484 1977 1529 non
2017 1474 2332 1548 quantum

832 1565 910 1627 ad
962 1565 1026 1627 id
1072 1565 1240 1646 quod
1301 1563 1539 1626 habent
1586 1582 1623 1624 a
1670 1563 1981 1638 Creatore,
2036 1563 2334 1628 videlicet

831 1663 1043 1745 quoad
1088 1647 1518 1724 esse'naturae
1573 1680 1705 1724 suae
1759 1669 1870 1724 aut
1925 1661 2166 1742 gratim,
2219 1661 2331 1722 sed

831 1767 1145 1843 quantum
1192 1761 1271 1822 ad
1319 1760 1382 1823 id
1432 1760 1605 1841 quod
1654 1759 1892 1822 babent
1938 1779 1975 1821 a
2027 1778 2095 1822 se
2145 1759 2326 1841 ipsiS,

2452 895 2602 938 cens
2657 895 2671 940 :
2719 877 3031 952 Vertatur,
3085 878 3373 951 obsecro,
3427 895 3653 939 manus
3709 884 3818 938 tua
3877 877 3944 938 in

2452 994 2577 1048 me,
2613 985 2675 1038 et
2707 977 2984 1058 populus
3015 985 3164 1038 tuus
3197 996 3322 1040 non
3354 975 3766 1058 percutiatur.
3793 977 3946 1038 Non

2441 1084 2646 1152 potest
2673 1096 2852 1136 meus
2887 1095 3014 1135 esse
3051 1077 3438 1152 discipulus,
3472 1073 3534 1134 id
3575 1080 3668 1134 est
3707 1073 3946 1135 veraci-

2448 1179 2545 1234 ter
2573 1173 2988 1247 Christianus,
3015 1181 3234 1254 utpote
3272 1191 3430 1235 meae
3469 1171 3770 1235 doctrinae
3796 1171 3948 1235 obe—

2448 1271 2613 1334 ditor
2655 1289 2767 1333 seu
2810 1272 3215 1353 adimpletor.

2527 1369 2830 1433 Praeterea
2859 1371 3189 1451 quaeritur,
3211 1388 3292 1431 an
3324 1369 3515 1436 istud,
3541 1368 3782 1431 scilicet
3809 1368 3945 1430 odi-

2447 1485 2516 1530 re
2546 1475 2838 1549 parentes
2869 1477 2934 1530 et
2969 1477 3211 1531 ceteros
3249 1476 3442 1548 atque
3481 1485 3549 1528 se
3591 1467 3824 1548 ipsum,
3859 1467 3944 1528 sit

2445 1566 2786 1628 consilium
2837 1566 2936 1628 vel
2986 1573 3398 1648 praeceptum.
3441 1564 3516 1626 Et
3559 1565 3946 1645 responden-

2446 1664 2620 1738 dum,
2652 1664 2825 1745 quod
2857 1665 3208 1725 secundum
3249 1663 3529 1744 aliquem
3574 1663 3832 1725 modum
3867 1680 3942 1723 ac

2443 1779 2726 1837 sensum,
2767 1769 2864 1824 est
2912 1770 3325 1844 praeceptum,
3367 1769 3432 1822 et
3468 1760 3684 1842 aliquo
3727 1761 3937 1834 modo,

833 1858 954 1923 hoc
984 1865 1079 1920 est
1115 1876 1153 1920 a
1192 1857 1451 1940 propria
1480 1857 1839 1920 inordinata
1866 1857 2213 1932 voluntate,
2241 1867 2331 1920 ut·
2367 1859 2416 1922 B
2442 1861 2806 1922 consilium.
2842 1859 2949 1921 Est
2978 1861 3152 1922 enim
3188 1867 3601 1942 praeceptum,
3627 1866 3936 1939 quantum

834 1964 981 2040 pote
1028 1963 1343 2038 quantum
1392 1956 1472 2017 ad
1517 1955 1771 2038 culpam
1824 1962 1888 2017 et
1936 1956 2330 2038 impietatem

832 2073 1028 2138 quam
1059 2055 1317 2128 habent,
1349 2072 1479 2137 qua
1519 2054 1711 2116 etiam
1750 2054 1933 2117 nobis
1974 2055 2041 2116 in
2079 2055 2184 2118 via
2221 2055 2330 2116 Dei

832 2153 1320 2227 contradantur,
1363 2171 1401 2215 a
1438 2152 1642 2215 salute
1679 2172 1795 2216 nos
1836 2153 2097 2217 nitendo
2138 2160 2333 2216 retra-

832 2251 1006 2326 here,
1036 2259 1147 2313 aut
1183 2269 1221 2312 a
1258 2250 1549 2334 profectu
1584 2251 1917 2314 virtutum.
1948 2250 2185 2313 Natura
2221 2271 2332 2313 au-

832 2357 962 2412 tem
999 2356 1062 2412 et
1100 2368 1372 2431 persona
1410 2350 1699 2412 amandae
1736 2356 1909 2412 sunt.
1950 2349 2135 2412 Juxta
2174 2369 2333 2432 prae-

832 2453 1063 2511 tactam
1100 2447 1597 2520 distinctionem,
1634 2447 1825 2511 homo
1870 2447 2226 2511 conformat
2263 2467 2331 2510 se

834 2545 982 2626 Deo,
1032 2546 1145 2627 qui
1186 2545 1402 2608 omnia
1443 2551 1613 2608 amat
1654 2547 2008 2609 secundum
2051 2547 2114 2608 id
2159 2548 2332 2628 quod

835 2651 985 2706 sunt
1031 2662 1146 2727 per
1194 2651 1505 2718 naturam,
1556 2643 1825 2724 gratiam
1878 2653 1989 2706 aut
2033 2645 2326 2726 gloriam,

836 2749 1025 2824 prout
1043 2741 1307 2824 Sapiens
1338 2741 1625 2823 loquitur
1650 2760 1663 2804 ε
1692 2741 1911 2823 Diligis
1941 2743 2159 2806 omnia
2186 2761 2332 2823 quae

832 2847 1003 2915 sunt,
1053 2847 1119 2903 et
1174 2839 1335 2904 nihil
1394 2839 1584 2903 odisti
1634 2858 1855 2904 eorum
1903 2860 2047 2922 quae
2096 2840 2326 2903 fecisti.

831 2937 1041 3002 Nihilo
1071 2938 1284 3001 minus
1312 2938 1446 3001 odit
1474 2937 1755 3020 iniquOS,
1774 2940 2127 3001 secundum
2157 2940 2330 3020 quod

2440 1958 2516 2019 ad
2561 1958 2702 2033 hoc,
2747 1966 2816 2020 ut
2859 1958 3142 2020 carnales
3185 1957 3456 2020 affectus
3498 1957 3939 2038 praedictarum

2442 2073 2859 2138 personarum
2914 2056 3263 2119 contrarios
3323 2054 3566 2117 caritati
3621 2054 3940 2137 spirituali

2441 2154 2843 2235 abjiciamuS,
2863 2162 2926 2216 et
2955 2155 3109 2216 item
3142 2162 3211 2216 ut
3240 2152 3532 2236 praefatas
3565 2153 3839 2216 vitemus
3867 2171 3943 2216 ac

2441 2254 2729 2317 odiamus
2772 2271 3076 2335 personas
3125 2260 3438 2334 quantum
3482 2253 3559 2314 ad
3604 2251 3725 2315 hoc
3765 2253 3940 2332 quod

2445 2370 2558 2414 nos
2597 2351 2676 2414 ab
2714 2351 3087 2432 impletione
3128 2358 3594 2433 praeceptorum
3625 2349 3942 2431 impedire

2444 2450 2756 2512 nituntur.
2809 2449 2928 2511 Sed
2977 2457 3074 2510 est
3122 2448 3485 2522 consilium,
3537 2449 3744 2530 quoad
3795 2448 3936 2522 hoc,

2441 2558 2511 2610 ut
2538 2547 2821 2611 carnales
2852 2546 3146 2621 affectuS,
3179 2546 3646 2627 carnaliterque
3686 2545 3944 2628 propin-

2440 2665 2602 2727 quos
2653 2646 2788 2708 sive
2837 2643 3234 2726 conjunctoS,
3279 2643 3591 2718 odiamuS,
3627 2643 3946 2725 relinqua-

2443 2765 2607 2818 muS,
2643 2745 2938 2816 vitemuS,
2982 2749 3294 2824 quantum
3334 2743 3411 2804 ad
3453 2742 3576 2805 hoc
3614 2743 3783 2823 quod
3825 2761 3940 2806 nos

2445 2842 2756 2924 impedire
2789 2841 3084 2903 nituntur
3121 2847 3229 2901 aut
3260 2846 3528 2922 possunt
3555 2859 3592 2901 a
3622 2839 3937 2921 spirituali

2442 2941 2732 3024 profectu
2760 2941 2837 3002 ad
2871 2938 3332 3021 perfectionem
3374 2939 3671 3000 tendente
3701 2956 3816 3020 per
3843 2957 3940 3002 ac-

828 3037 1007 3111 taleS,
1040 3037 1579 3119 quemadmodum
1610 3036 1676 3098 in
1708 3037 1931 3100 eodem
1970 3037 2135 3101 libro
2175 3037 2331 3099 scri-
2369 3041 2412 3105 C
2443 3048 2543 3102 tus
2585 3047 2646 3101 et
2685 3057 2878 3121 opera
2916 3037 3492 3119 supererogationis
3528 3056 3542 3099 :
3590 3044 3656 3097 ut
3697 3038 3940 3100 scilicet

831 3133 1007 3197 bitur
1040 3153 1055 3198 ε
1087 3133 1243 3198 Odio
1291 3142 1440 3197 sunt
1488 3134 1610 3198 Deo
1649 3134 1889 3216 impius
1929 3142 1992 3198 et
2031 3135 2327 3218 impietas

832 3232 1013 3315 ejus;
1054 3241 1246 3314 atque
1285 3232 1352 3295 in
1391 3231 1659 3308 Psalmo,
1701 3232 1897 3295 Odisti
1947 3253 2170 3297 omnes
2212 3234 2326 3317 qui

829 3338 1175 3414 operantur
1203 3330 1640 3412 iniquitatem3
1673 3350 1787 3413 per
1812 3330 2150 3396 Jeremiam
2183 3351 2330 3414 quo·

830 3446 979 3510 que,
1012 3427 1147 3492 Non
1192 3437 1287 3491 est
1332 3428 1546 3490 anima
1587 3446 1728 3490 mea
1768 3430 1845 3491 ad
1891 3431 2204 3513 populum
2249 3431 2329 3492 is-

831 3534 991 3590 tum.
1030 3529 1266 3590 Adhuc
1309 3537 1527 3590 autem
1573 3537 1633 3589 et
1670 3530 1967 3589 animam
2003 3550 2213 3602 suam,
2261 3530 2324 3592 id

830 3633 927 3688 est
973 3643 1041 3688 se
1090 3625 1328 3707 ipsum,
1363 3627 1656 3707 ponendo
1706 3633 1949 3708 partem
2004 3646 2121 3710 pro
2171 3635 2321 3692 toto.

832 3722 1067 3788 Eodem
1116 3723 1414 3806 equidem
1466 3725 1652 3787 modo
1700 3725 2007 3788 debemus
2060 3726 2326 3807 diligere

2443 3138 2724 3201 carnales
2766 3135 3169 3219 praefatarum
3215 3153 3630 3217 personarum
3667 3134 3938 3198 affectus

2439 3236 2839 3316 abjiciamuS,
2881 3253 3008 3297 non
3051 3233 3192 3296 illos
3243 3233 3569 3295 dumtaxat
3619 3233 3729 3315 qui
3775 3234 3939 3297 cari-

2440 3335 2549 3397 tati
2584 3334 2818 3398 divinae
2856 3331 3324 3396 contrariantur
3357 3331 3616 3406 directe,
3651 3333 3759 3394 sed
3795 3332 3937 3396 illos

2437 3450 2696 3515 quoque
2743 3431 2858 3513 qui
2906 3429 3185 3493 caritatis
3231 3429 3612 3511 profectum,
3644 3432 3932 3494 ardorem

2435 3538 2499 3592 et
2535 3529 2996 3612 perfectionem
3039 3527 3418 3609 impediunt.

2519 3633 2601 3692 Et
2629 3632 2748 3710 qui
2773 3650 2903 3692 non
2934 3629 3188 3704 bajulat
3215 3647 3469 3689 crucem
3491 3649 3700 3694 suam,
3723 3628 3786 3690 id
3815 3637 3928 3703 est,

2434 3748 2628 3811 opera
2656 3727 3048 3811 poenitentiae
3079 3745 3206 3790 non
3245 3734 3518 3800 exercet,
3553 3745 3784 3808 corpus
3818 3745 3936 3809 per

829 3829 893 3885 et
920 3822 1097 3886 odire
1130 3841 1263 3896 nos,
1286 3840 1415 3903 quo
1445 3830 1508 3884 et
1538 3822 1881 3904 proximos,
1916 3823 2120 3897 Quum
2153 3825 2325 3887 enim
2435 3827 2886 3890 abstinentiam
2947 3844 3071 3888 non
3130 3823 3384 3905 affligit,
3439 3825 3749 3907 proximis
3799 3827 3932 3888 suis

828 3938 1040 3984 amare
1090 3919 1171 3982 sit
1219 3919 1412 3982 alicui
1459 3920 1700 3984 bonum
1751 3921 1955 4002 velle3
1996 3922 2176 3985 odire
2218 3943 2328 3986 au·
2436 3945 2564 3990 non
2597 3925 2889 3988 condolet
2927 3931 3213 4006 tempore
3251 3931 3635 4004 opportuno,
3666 3933 3728 3984 et
3755 3926 3934 3986 venit

829 4025 981 4099 tem,
1030 4017 1223 4081 alicui
1274 4018 1509 4081 malum
1561 4019 1724 4081 velle
1778 4037 1791 4081 :
1844 4020 2149 4083 debemus
2212 4041 2326 4085 nos
2427 4034 2571 4103 post
2624 4044 2742 4096 me,
2806 4023 2956 4084 talia
3005 4020 3172 4084 bona
3221 4022 3599 4095 exercendo,
3650 4039 3775 4084 non
3829 4041 3935 4085 va·-

832 4116 1003 4199 ipsos
1037 4116 1325 4199 aliosque
1355 4115 1640 4198 diligere,
1676 4117 1859 4180 nobis
1894 4117 2051 4199 ipsis
2081 4137 2154 4181 ac
2183 4120 2326 4182 aliis
2437 4142 2517 4185 na
2560 4122 2912 4185 intentione
2958 4139 3074 4202 pro
3113 4120 3299 4182 laude
3346 4119 3647 4194 humana,
3693 4120 3804 4181 sed
3853 4121 3932 4182 ad

834 4215 1187 4276 necessaria
1217 4221 1478 4288 naturae,
1512 4215 1804 4295 donaque
1832 4215 2072 4295 gratiae,
2097 4223 2160 4278 et
2189 4237 2328 4279 mu·
2358 4223 2408 4285 D
2437 4221 2687 4282 laudem
2732 4239 2804 4282 ac
2848 4219 3116 4300 gloriam
3158 4217 3286 4290 Dei,
3315 4215 3932 4299 aedificationemque

834 4329 988 4373 nera
1031 4311 1249 4391 glorias
1296 4311 1700 4393 sempiternae
1756 4315 2032 4394 optando
2085 4334 2159 4378 ac
2209 4317 2330 4378 im·
2439 4318 2733 4402 proximi,
2772 4317 3124 4380 secundum
3165 4316 3338 4397 quod
3387 4333 3502 4396 ego
3549 4313 3701 4388 feci,
3742 4323 3932 4397 prout

3975 899 4240 950 Illionnre,

3979 964 4058 1010 173
4093 961 4108 1003 Ι
4135 965 4240 1005 Per-

3974 1037 4068 1074 ιιι,
4089 1027 4152 1066 Ιΐ.

836 4409 1173 4492 precando.
1215 4408 1403 4472 Porro
1445 4427 1558 4472 nos
1599 4410 1771 4492 ipsos
1814 4429 1885 4473 ac
1934 4412 2089 4476 alios
2139 4414 2330 4476 debe-
2435 4418 2607 4499 apud
2641 4416 2942 4479 Ioannem
2986 4421 3298 4496 protestor
3333 4431 3346 4475 ε
3383 4411 3509 4492 Ego
3550 4432 3673 4476 non
3712 4432 3932 4495 quaero
3955 4435 4232 4484 lacman.

837 4524 979 4569 mus
1028 4506 1225 4581 odire,
1278 4507 1344 4568 id
1401 4515 1499 4570 est
1552 4507 1911 4590 impietates
1962 4518 2207 4574 nostras
2255 4531 2328 4576 ac
2434 4515 2702 4597 gloriam
2739 4531 2969 4586 meam,
3005 4514 3114 4575 sed
3146 4510 3500 4574 honorifico
3531 4509 3772 4574 Patrem
3803 4531 3933 4574 me-

832 4604 1071 4668 alienas
1100 4604 1442 4668 abhorrere
1480 4613 1543 4667 et
1580 4606 1745 4669 velle
1785 4627 1911 4670 non
1942 4627 2100 4683 esse,
2134 4618 2328 4692 atque
2439 4631 2581 4693 um3
2611 4633 2740 4674 non
2763 4621 2966 4689 potest
2999 4631 3170 4670 meus
3198 4629 3324 4670 esse
3352 4611 3728 4686 discipulus.
3758 4609 3932 4672 Istud

835 4721 952 4786 pro
982 4702 1165 4766 malis
1194 4703 1401 4786 culpae
1430 4705 1594 4766 mala
1622 4723 1827 4786 poenae
1858 4707 2041 4770 nobis
2076 4726 2149 4771 ac
2187 4710 2328 4773 aliis
2450 4711 2714 4793 quippe,
2769 4709 3088 4791 loquendo
3137 4708 3202 4769 in
3251 4725 3504 4788 genere,
3549 4707 3627 4768 ad
3675 4725 3932 4770 omnem

834 4799 1135 4864 affectare
1183 4802 1318 4864 zelo
1361 4800 1646 4883 justitioe,
1700 4803 1829 4868 imo
1880 4813 1944 4868 et
1992 4824 2105 4869 nos
2156 4807 2328 4889 ipsos
2438 4811 2714 4893 pertinet
2763 4807 3213 4881 Christianum,
3265 4806 3513 4868 dicente
3561 4805 3859 4888 Apostolo
3911 4825 3926 4870 ε

836 4917 910 4962 ac
960 4898 1143 4962 nobis
1192 4899 1562 4963 commissos
1611 4901 1821 4964 debite
1866 4905 2191 4985 castigare,
2237 4906 2332 4968 in-

838 4997 1143 5062 ordinatis
1190 4996 1529 5060 affectibus
1582 5007 1643 5061 et
1690 5001 2051 5064 carnalibus
2101 5023 2331 5067 concu-
2440 5005 2786 5069 cifixerunt
2831 5023 2978 5066 cum
3031 5003 3202 5066 vitiis
3260 5011 3324 5065 et
3369 5001 3930 5084 concupiscentiis.

843 5094 1170 5178 piscentiis
1212 5095 1531 5157 reluctari.
1574 5096 1743 5160 lstud
1784 5106 1878 5160 est
1920 5100 2162 5163 bonum
2207 5102 2336 5164 vir·
2442 5105 2610 5166 lstud
2663 5102 2898 5164 etenim
2945 5102 3119 5164 aliud
3167 5119 3426 5183 prorsus
3474 5120 3599 5165 non
3645 5109 3760 5175 est,
3805 5100 3932 5162 nisi

844 5201 1229 5275 tuosumque
1260 5193 1602 5274 odium,ex
1635 5195 1949 5278 spirituali
1987 5202 2334 5280 procedens
2445 5221 2559 5285 per
2604 5209 2842 5263 arctam
2894 5199 3058 5262 viam
3112 5200 3427 5274 incedere,
3481 5217 3625 5280 quae
3673 5199 3804 5262 sola
3850 5199 3932 5262 ad

847 5309 1082 5366 amore,
1135 5293 1213 5354 de
1269 5310 1397 5376 quo
1456 5292 1543 5354 ait
1602 5292 1925 5358 Psalmista
1978 5315 1990 5359 ε
2053 5297 2336 5364 Perfecto
2447 5300 2714 5362 salutem
2765 5297 3056 5380 perducit
3097 5316 3111 5360 ε
3155 5296 3376 5378 sicque
3417 5296 3585 5359 istud
3633 5303 3730 5358 est
3772 5314 3940 5378 prae-

3957 4502 4030 4548 50,
4051 4504 4122 4544 49.

2437 4908 2552 4981 Qui
2585 4914 2796 4969 autem
2828 4912 2976 4967 sunt
3005 4904 3259 4978 Christi,
3293 4921 3548 4966 carnem
3579 4923 3758 4965 suam
3789 4921 3934 4966 cru·
3961 4923 4232 4972 aaz-223⁴.

3976 5219 4146 5264 Man&
4159 5235 4228 5270 vu,

3965 5283 4038 5326 ¹⁴.
