4300 6259
764 472 922 535 -49

609 1262 758 1307 Eeelt'.

556 1340 696 1377 xtvm,
727 1330 792 1370 1⁴.

571 1658 710 1701 Num.
721 1671 820 1710 uu,

573 2248 604 2290 1
603 2245 681 2290 bid
681 2260 822 2298 xxxxxx

956 14 1046 73 ἡ

1023 82 1104 239 Nx

1078 268 1251 390 ›-

1016 384 1030 393 φ

825 412 982 487 s

1615 489 1965 537 mannum
2007 488 2072 536 ΙΝ
2112 488 2251 537 cAP.
2295 487 2362 535 11
2400 487 2677 537 somma.
2720 509 2803 521 —
2842 491 2987 538 Am.
3034 491 3183 539 xxlx

845 666 949 723 tus
1015 662 1360 744 prophetae,
1422 682 1571 744 ergo
1629 661 1897 745 Caiphas
1956 662 2343 744 prophetans
2373 660 2426 723 A
2456 662 2714 744 saepius.
2765 661 3056 727 Nondum
3118 664 3290 727 enim
3339 665 3513 728 venit
3570 664 3727 727 hora
3784 664 3946 744 ejus,
3992 680 4209 727 mmm.

846 757 971 821 fuit
1011 761 1366 843 propheta-z
1401 762 1766 836 dicendum,
1800 761 1972 842 quod
2008 761 2345 844 propheta-

847 874 917 919 re
957 860 1214 941 proprie
1253 868 1606 942 sumptum,
1639 860 1939 922 videlicet
1977 877 2092 941 pro
2131 859 2345 940 cogni-

846 955 977 1019 tiva
1023 956 1408 1034 futurorum,
1442 958 1834 1021 occultorum
1881 965 1943 1020 et
1983 958 2346 1039 contingen-

847 1054 1008 1117 tium
1055 1057 1606 1137 praenuntiatione,
1641 1064 1738 1119 est
1773 1064 1951 1119 actus
1991 1056 2338 1139 prophetae.

849 1153 1133 1235 Denique
1201 1155 1266 1217 in
1332 1155 1773 1218 Ecclesiastico
1839 1154 2109 1217 habetur
2174 1156 2345 1237 quod

851 1270 1080 1334 corpus
1113 1252 1301 1315 Elisei
1333 1260 1656 1317 mortuum
1691 1253 2093 1335 prophetavit
2128 1272 2142 1317 :
2179 1272 2351 1315 num-

850 1351 1006 1431 quid
1038 1358 1099 1413 et
1141 1351 1298 1415 illud
1339 1353 1606 1415 cadaver
1633 1350 1757 1413 fuit
1797 1351 2141 1434 propheta?
2173 1349 2350 1424 Quod

850 1456 1060 1511 autem
1094 1450 1360 1532 Caiphas
1392 1469 1519 1513 non
1551 1450 1578 1511 s
1583 1451 1675 1513 uit
1705 1450 2030 1532 propheta,
2061 1469 2185 1514 non
2217 1456 2352 1513 erat

851 1566 926 1609 ex
972 1550 1320 1611 sanctitatis
1370 1549 1642 1624 defectu,
1678 1550 1778 1614 vel
1819 1550 1900 1613 ob
1946 1568 2125 1612 suam
2171 1548 2351 1611 mali-

851 1646 1025 1722 tiam,
1087 1648 1391 1730 quoniam
1447 1646 1690 1709 Balaam
1750 1647 1988 1711 ariolus
2045 1654 2107 1709 et
2166 1646 2349 1710 mali-

848 1764 1034 1826 gnuS,
1070 1745 1193 1808 fuit
1242 1765 1429 1827 verus
1480 1748 1824 1829 propheta3
1861 1748 1968 1809 sed
2019 1747 2173 1828 quia
2221 1765 2347 1810 non

2457 778 2576 823 nec
2606 780 2783 823 suam
2817 769 3189 843 potestatem
3219 763 3547 827 ostendere
3580 762 3806 835 voluit,
3840 762 3947 823 sed
3978 746 4151 795 ⁶³³⁸·

2456 860 2821 942 exemplum
2878 859 3164 941 fugiendi
3223 860 3503 943 praebere
3562 879 3677 942 pro
3736 879 3943 934 causa,

2459 957 2595 1021 loco
2642 965 2705 1020 et
2751 966 3057 1041 tempore,
3114 968 3301 1042 prout
3346 958 3716 1042 frequenter
3758 976 3949 1041 expo—

2458 1056 2652 1118 situm
2683 1065 2799 1119 est.
2835 1056 2995 1120 Dicit
3032 1066 3243 1121 autem
3275 1057 3595 1140 OrigeneS,
3628 1058 3799 1139 quod
3832 1058 3947 1119 sic-

2457 1164 2527 1217 ut
2576 1156 2912 1218 honestum
2960 1162 3024 1218 et
3066 1156 3312 1238 justum
3370 1164 3486 1231 est,
3536 1157 3740 1239 gratia
3785 1156 3948 1217 veri-

2456 1254 2601 1317 tatis
2648 1261 2713 1316 et
2769 1273 2885 1336 pro
2936 1254 3167 1319 Christi
3226 1255 3624 1320 confessione
3679 1262 3943 1318 mortem

2456 1351 2695 1427 subire,
2738 1354 2994 1435 quando
3034 1353 3113 1416 ab
3154 1355 3370 1438 aliquo
3413 1354 3762 1436 requiritur
3802 1372 3947 1416 con-

2456 1450 2649 1515 fessio
2699 1452 2982 1515 veritatis
3033 1453 3131 1515 vel
3190 1452 3367 1528 fidei,
3420 1453 3685 1527 scilicet,
3736 1472 3817 1515 an
3866 1452 3945 1514 sit

2458 1550 2885 1631 christianus3
2932 1552 3025 1613 sic
3063 1551 3279 1614 nullus
3324 1551 3511 1614 debet
3554 1570 3623 1614 se
3658 1550 3945 1613 tentatio-

2457 1650 2523 1711 ni
2568 1649 2875 1731 ingerere‚
2921 1657 3180 1733 propter
3222 1651 3497 1733 propriae
3544 1650 3801 1715 virtutis
3854 1650 3943 1712 in-

2456 1748 2938 1830 experientiam,
2989 1756 3055 1811 et
3109 1749 3411 1831 quoniam
3472 1749 3797 1830 ignoratur
3854 1748 3941 1809 rei

851 1843 1167 1907 intellexit
1215 1862 1472 1907 sensum
1531 1843 1804 1927 Spiritus
1853 1843 2064 1907 Sancti
2124 1851 2195 1906 ut
2240 1842 2350 1906 Ba·
2383 1847 2430 1910 B
2457 1854 2745 1921 eventuS,
2771 1846 3051 1929 itemque
3088 1865 3168 1910 ne
3201 1849 3304 1910 det
3336 1848 3518 1910 alteri
3552 1847 3941 1911 occasionem

853 1943 1038 2017 laam,
1091 1942 1205 2025 qui
1259 1943 1446 2007 scivit
1504 1960 1572 2005 se
1629 1942 1805 2024 loqui
1858 1961 1935 2006 ex
1987 1942 2350 2024 inspiratio-

853 2058 933 2102 ne
973 2040 1190 2103 divina
1227 2047 1290 2103 et
1329 2039 1795 2104 illuminatione
1831 2040 2136 2121 angelica,
2168 2040 2350 2122 juxta

852 2140 1024 2220 quod
1066 2139 1376 2221 scriptum
1424 2146 1520 2201 est
1557 2138 1622 2201 in
1663 2139 1828 2202 libro
1870 2138 2291 2202 Numerorum
2330 2156 2343 2201 :

852 2235 1100 2299 Balaam
1168 2238 1451 2301 irruente
1512 2238 1578 2300 in
1643 2256 1712 2300 se
1770 2237 1999 2320 spiritu
2067 2236 2201 2311 Dei,
2261 2237 2350 2299 ait

851 2336 1050 2417 (haud
1106 2335 1373 2400 dubium
1423 2336 1581 2418 quin
1642 2337 1718 2399 de
1778 2354 1844 2399 se
1893 2336 2062 2419 ipso)
2114 2354 2128 2398 :
2182 2334 2350 2397 Dixit

855 2436 1046 2499 homo
1101 2436 1287 2518 cujus
1346 2436 1674 2500 obturatus
1731 2442 1826 2498 est
1881 2434 2126 2511 oculus,
2190 2435 2349 2498 dixit

780 2592 788 2600 .
853 2535 1103 2599 auditor
1143 2553 1509 2599 sermonum
1549 2534 1680 2609 Dei,
1714 2535 1826 2617 qui
1869 2534 2181 2598 visionem
2212 2533 2350 2596 Om-

647 2830 719 2887 53

650 3724 722 3779 54

853 2633 1203 2716 nipotentis
1253 2633 1523 2696 intuitus
1575 2642 1691 2708 est,
1743 2633 1858 2716 qui
1907 2632 2094 2708 cadit,
2147 2640 2211 2695 et
2258 2632 2351 2695 sic

853 2732 1230 2814 aperiuntur
1271 2732 1439 2795 oculi
1483 2728 1644 2813 ejus.

931 2833 1031 2893 Ab
1059 2833 1176 2891 illo
1204 2850 1352 2909 erqo
1381 2832 1490 2892 die
1516 2833 1962 2908 coyicaverunt
1991 2831 2352 2907 interficere

851 2949 998 2990 eum
1039 2928 1228 2991 citius
1265 2947 1396 3011 quo
1434 2928 1737 2991 valerent.
1772 2926 1892 2991 Sed
1931 2935 1994 2989 et
2031 2934 2199 3003 ante,
2232 2926 2351 2990 hoc

2458 1946 2784 2028 peccandi.

2534 2046 2926 2107 Prooeimum
2964 2054 3181 2105 autem
3218 2054 3384 2115 erat,
3424 2044 3488 2107 id
3534 2051 3649 2120 est,
3684 2044 3765 2107 de
3806 2062 3945 2126 pro-

2457 2142 2702 2226 pinquo
2738 2142 3135 2217 imminebat,
3170 2146 3420 2205 Pascha
3447 2146 3845 2217 Judoeorum,
3880 2142 3939 2205 id

2456 2248 2553 2303 est
2608 2241 2717 2303 illa
2773 2240 3082 2304 festivitas
3141 2240 3206 2303 in
3264 2259 3391 2323 qua
3446 2240 3796 2304 crucifixus
3852 2248 3943 2303 est

2458 2339 2764 2402 Christus,
2798 2342 2883 2401 Et
2912 2340 3338 2401 ascenderunt
3368 2342 3563 2402 multi
3586 2339 3941 2403 Judaeorum

2457 2440 2935 2515 Jerosolymam,
2968 2440 3048 2497 de
3076 2439 3357 2515 reqione,
3388 2437 3452 2500 id
3480 2446 3577 2500 est
3616 2444 3745 2501 tota
3785 2445 3945 2499 terra

2456 2535 2703 2611 ludam,
2737 2545 2889 2596 ante
2926 2538 3176 2598 Pascha
3208 2557 3232 2596 .·
3262 2535 3415 2617 quia
3462 2537 3813 2598 secundum
3863 2537 3945 2598 le-
4237 2608 4238 2611 Ἴ

2455 2654 2623 2717 gem,
2651 2633 3029 2697 tenebantur
3058 2634 3124 2696 in
3156 2634 3295 2716 ipsa
3323 2632 3667 2697 festivitate
3697 2633 3947 2716 pascha·
3998 2651 4195 2694 natm.

2458 2734 2505 2797 li
2548 2750 2689 2795 esse
2735 2732 2801 2794 in
2844 2732 3212 2795 Jerusalem.
3245 2732 3691 2795 Praevenerunt
3736 2740 3945 2795 autem
3974 2716 4033 2756 ¹⁶·

2457 2831 2887 2906 festivitatem,
2920 2840 2993 2892 ut
3034 2833 3515 2910 sanctificarent
3552 2852 3617 2892 se
3661 2834 3849 2909 ipsos,
3884 2831 3945 2893 id

2457 2937 2574 3005 est,
2598 2931 2677 3011 ad
2706 2948 2887 2992 esum
2916 2929 3061 3011 agni
3095 2930 3409 3011 paschalis
3439 2930 3854 3012 disponerent
3881 2948 3945 2993 se

854 3028 1310 3109 cogitaverunt,
1367 3034 1438 3089 ut
1494 3025 1720 3108 patuit.
1771 3024 1952 3088 Nunc
2003 3044 2153 3089 vero
2206 3044 2353 3089 con·
2384 3022 2433 3090 C
2460 3030 2811 3093 secundum
2844 3028 3069 3109 legem.
3102 3026 3256 3089 Nam
3296 3028 3612 3091 immundi
3657 3027 3948 3111 purifica·
4012 3051 4193 3093 taam.
4237 3100 4238 3105 ἵ

854 3124 1091 3188 firmati
1153 3126 1218 3187 in
1279 3145 1395 3189 suo
1453 3124 1799 3207 propositO,
1864 3123 2189 3206 pontificis
2252 3124 2352 3185 sui

853 3224 1146 3300 consilio,
1198 3225 1369 3306 quod
1429 3224 1520 3286 eis
1583 3223 1956 3287 rationabile
2008 3221 2354 3305 apparebat

853 3322 993 3405 (qui
1025 3322 1197 3384 enim
1236 3322 1434 3385 alium
1465 3322 1612 3395 odit,
1649 3320 1896 3384 facilius
1937 3322 2353 3403 persuadetur

853 3422 932 3484 ad
965 3420 1470 3503 persecutionem
1503 3421 1758 3503 ipsius),
1791 3422 2209 3483 decreverunt
2240 3438 2354 3502 per

855 3518 1254 3583 definitivam
1311 3520 1714 3595 sententiam,
1765 3521 1935 3602 quod
1993 3538 2119 3583 non
2179 3518 2354 3600 quie-

856 3627 1126 3694 scerent,
1173 3620 1373 3682 donec
1415 3619 1775 3681 occiderent
1814 3618 2050 3681 Iesum.

934 3721 1116 3780 Jesus
1153 3737 1300 3795 erqo
1349 3717 1556 3780 sciens
1607 3717 2017 3797 cogitationes
2069 3715 2348 3791 illorum,

855 3818 968 3899 qui
1020 3815 1328 3900 putabant
1365 3816 1579 3878 Jesum
1630 3824 1872 3878 secreta
1908 3833 2129 3877 eorum
2179 3813 2354 3895 igno-

855 3935 1015 3991 rare,
1042 3917 1196 3994 jam
1235 3936 1362 3977 non
1405 3917 1480 3976 in
1513 3920 1767 3993 palam,
1799 3914 1918 3977 hoc
1955 3920 2052 3976 est
2089 3913 2155 3975 in
2199 3912 2352 3975 locis

857 4013 1234 4088 manifestiS,
1270 4032 1384 4096 per
1421 4014 1666 4095 aliquot
1706 4013 1864 4093 dieS,
1897 4012 2149 4074 circiter
2186 4018 2349 4085 octo,

853 4114 1228 4174 ambulabat
1275 4114 1458 4191 apud
1501 4115 1782 4179 Judaeos,
1835 4110 1945 4193 qui
2008 4129 2185 4171 suam
2248 4128 2356 4171 ne-

2459 3128 2614 3191 bant
2651 3146 2719 3190 se
2754 3144 2971 3190 rasura
3010 3127 3311 3208 pilorum,
3345 3126 3533 3190 certis
3573 3126 3941 3201 lotionibuS,
3972 3116 4073 3157 ²³²

2458 3224 2723 3308 jejuniis
2766 3234 2830 3287 et
2868 3224 3251 3307 quibusdam
3296 3224 3746 3289 oblationibus.

2544 3327 2925 3396 Quaerebant
2970 3342 3115 3401 erqo
3154 3326 3372 3386 Iesum
3410 3345 3433 3383 .·
3474 3324 3735 3405 quidam
3786 3324 3947 3387 bona
4064 3326 4125 3382 56
4237 3340 4238 3347 ³

2462 3423 2833 3497 intentione,
2887 3429 2957 3484 ut
3012 3422 3152 3504 ejus
3211 3422 3721 3504 praedicationem
3778 3422 3952 3485 audi-

2462 3531 2637 3603 rent3
2672 3522 2934 3604 quidam
2966 3539 3284 3603 perversa.
3316 3524 3404 3583 Et
3432 3524 3952 3601 colloquebantur

2461 3627 2549 3685 ad
2586 3624 2886 3692 invicem,
2930 3624 3004 3682 in
3045 3624 3274 3699 templo
3310 3630 3547 3682 stantes
3575 3641 3599 3680 .·
3633 3622 3811 3689 Quid
3838 3641 3954 3698 pu-

2462 3723 2615 3783 tatis
2654 3738 2857 3782 causae
2896 3736 3055 3792 esse,
3086 3720 3245 3801 quia
3282 3738 3413 3779 non
3442 3720 3620 3779 venit
3658 3722 3747 3780 ad
3782 3721 3951 3780 diem

2460 3821 2697 3897 festum
2746 3834 2920 3880 more
2966 3816 3174 3890 solito,
3216 3823 3288 3878 ut
3335 3815 3400 3877 in
3446 3822 3620 3878 tanta
3666 3816 3955 3878 multitu-

2464 3918 2612 3979 dine
2661 3918 2899 3989 doceat,
2950 3922 3142 3996 atque
3190 3914 3497 3977 miracula
3543 3913 3774 3977 faciat?
3815 3914 3953 3978 Ger—

2462 4022 2599 4076 tum
2630 4020 2725 4076 est
2763 4014 2935 4095 quod
2963 4011 3142 4073 Jesus
3183 4010 3473 4073 interfuit
3510 4008 3673 4074 festo
3703 4011 3953 4093 pascha-

2463 4113 2505 4175 li
2543 4111 2711 4174 unde
2742 4129 2914 4173 nunc
2942 4110 3171 4191 agitur.
3205 4110 3336 4174 Imo
3368 4110 3434 4171 in
3466 4108 3567 4172 die
3596 4108 3948 4172 Palmarum
3978 4122 4183 4229 {ath-1¹1¹}
4237 4100 4238 4177 f

855 4230 993 4274 cem
1053 4210 1444 4293 quaerebant.
1496 4213 1628 4273 Sed
1677 4212 1841 4271 abiit
1897 4211 1971 4270 in
2026 4210 2352 4287 regionem
2383 4213 2434 4276 D
2465 4210 2843 4292 duobusque
2892 4208 3119 4272 diebus
3169 4207 3607 4290 sequentibuS,
3650 4208 3827 4271 venit
3863 4207 3953 4270 Je-
3979 4212 4183 4292 mm*
4237 4236 4238 4297 3

837 4312 1046 4389 juoeta
1085 4313 1428 4382 desertum,
1463 4310 1533 4372 in
1567 4310 1895 4370 civitatem
1932 4329 2076 4388 qum
2105 4308 2354 4368 dicitur

853 4413 1138 4487 Ephrem
1179 4430 1202 4469 .·
1242 4409 1307 4471 in
1358 4398 1496 4490 qua'
1530 4408 1719 4469 etiam
1769 4406 2217 4469 habitaverunt
2252 4405 2355 4468 Ju-

856 4509 996 4583 daei,
1034 4509 1141 4570 sed
1175 4526 1301 4570 non
1333 4505 1678 4570 adversarii
1712 4505 1976 4584 Christi3
2007 4516 2066 4567 et
2103 4506 2198 4565 ibi
2228 4525 2357 4565 mo-

856 4610 1128 4668 rabatur
1156 4626 1303 4667 cum
1334 4608 1678 4683 discipulis
1704 4606 1868 4676 suia,
1901 4604 2020 4667 hoc
2058 4610 2155 4665 est
2193 4603 2357 4686 Apo-

857 4704 1057 4779 stoliS,
1094 4704 1313 4787 paucis
1357 4703 1604 4775 diebus,
1641 4711 1711 4765 ut
1753 4702 1990 4765 dictum
2042 4710 2158 4764 est.
2199 4701 2355 4763 Nam

855 4804 922 4865 in
958 4802 1277 4885 principio
1308 4802 1632 4883 sequentis
1665 4801 1926 4883 capituli
1960 4800 2357 4883 fertur,quod

856 4910 1002 4965 ante
1061 4920 1171 4964 sex
1225 4901 1361 4963 dies
1410 4900 1660 4963 Paschae
1706 4899 1880 4962 venit
1937 4898 2355 4978 Bethaniam3

859 5020 1031 5063 nunc
1071 5017 1330 5081 quoque
1371 4998 1804 5080 subjungitur,
1847 4997 2215 5061 Proximum
2253 5015 2362 5059 au-

861 5108 990 5163 tem
1040 5106 1174 5161 erat
1221 5098 1476 5172 Pascha,
1521 5099 1641 5160 hoc
1690 5104 1786 5159 est
1834 5095 2149 5179 paschalis
2192 5092 2362 5157 festi-

860 5200 1022 5264 vitas
1068 5197 1452 5261 Judaeorum.
1499 5196 1622 5259 Cur
1669 5204 1882 5258 autem
1922 5195 2100 5258 Iesus
2147 5194 2363 5257 adver-

861 5297 1059 5361 sarios
1091 5314 1239 5359 suos
1269 5295 1570 5377 fugiendo
1600 5293 1962 5370 declinavit,
1995 5294 2237 5357 dictum
2267 5300 2363 5355 est

2464 4310 2761 4383 rusalem,
2797 4307 3148 4370 secundum
3188 4307 3361 4386 quod
3397 4306 3505 4368 alii
3539 4305 3953 4387 Evangelistae

2460 4414 2794 4471 testantur.
2842 4405 3017 4479 Quod
3064 4422 3215 4485 ergo
3258 4404 3454 4467 Judaei
3506 4404 3747 4479 dicunt,
3794 4403 3953 4477 Quid

2464 4505 2723 4589 putatis,
2756 4503 2911 4587 quia
2951 4521 3077 4566 non
3124 4502 3298 4566 venit
3340 4504 3417 4565 ad
3462 4503 3628 4566 diem
3678 4502 3955 4565 festqu

2464 4606 2557 4668 sic
2599 4603 3082 4684 intelligendum
3122 4609 3219 4663 est
3251 4621 3265 4664 ε
3300 4600 3459 4675 Quid
3496 4601 3751 4683 putatis,
3786 4602 3957 4683 quod

2466 4722 2591 4767 non
2649 4702 2919 4765 accessit
2973 4718 3146 4762 nunc
3206 4718 3350 4762 cum
3406 4699 3548 4761 aliis
3598 4699 3662 4762 in
3714 4699 3961 4761 Jerusa-

2466 4802 2614 4873 lem,
2648 4808 2720 4863 ut
2746 4799 2909 4862 festo
2940 4798 3299 4861 imminenti
3332 4798 3623 4861 intersit?
3653 4797 3961 4859 Putabant

2468 4898 2642 4963 enim
2680 4897 2891 4960 lesum
2934 4914 3059 4958 non
3102 4914 3241 4958 esse
3281 4904 3622 4959 venturum
3662 4896 3743 4958 ad
3784 4895 3961 4957 festi-

2470 4998 2728 5063 vitatem
2779 4996 3143 5069 instantem,
3187 5011 3262 5058 eo
3310 4996 3479 5076 quod
3528 4994 3812 5057 nondum
3861 4994 3963 5057 ad-

2472 5096 2646 5160 venit
2688 5113 2837 5157 cum
2874 5092 3039 5156 aliis.
3084 5093 3208 5156 Cur
3246 5100 3455 5155 autem
3502 5092 3652 5155 mali
3698 5092 3962 5173 quaesie-

2472 5200 2623 5255 runt
2649 5191 2885 5266 lesum,
2920 5190 3352 5272 subjungitur.
3387 5192 3713 5252 Dederant
3740 5199 3955 5249 autem

2462 5292 2805 5372 pontifices
2860 5300 2918 5351 et
2968 5291 3296 5353 Pharisoei
3351 5290 3739 5352 mandatum
3786 5309 3810 5349 .·
3860 5286 3957 5350 cui
