4300 6259
1074 527 1429 576 manuue
1472 527 1537 574 IN
1580 526 1719 574 CAP.
1766 525 1870 572 xv1
1910 525 2101 572 LUGAE.
2146 545 2228 556 —
2269 527 2412 573 Aur.
2458 527 2652 575 xxxix

3300 508 3414 573 117

297 708 427 763 tate
476 699 587 762 Dei
644 718 659 762 ε
712 700 875 764 Deus
934 709 1033 764 est
1080 701 1281 775 diveS,
1336 718 1463 764 non
1514 697 1805 780 pecunia,
1838 694 1893 757 A
1922 697 2085 760 bene
2124 699 2512 779 erogandum
2551 707 2742 782 atque
2775 701 3082 762 utendum
3124 698 3421 763 commis-

296 799 413 860 sed
462 799 951 881 omnipotentia.
1000 799 1447 862 Verumtamen
1498 805 1813 878 tempora-

32 907 70 1012 ς,11
86 907 265 960 Cor-vm.
296 897 428 959 lem
470 897 539 960 in
583 897 1025 980 corporalibus
1066 905 1505 980 paupertatem
1552 902 1812 978 propter

296 1014 417 1059 nos
450 995 741 1058 Christus
770 996 1141 1078 assumpsit,
1169 1003 1239 1057 ut
1268 995 1408 1076 ejus
1440 995 1656 1076 inopia
1684 1013 1813 1057 cor-

298 1095 507 1176 porali
537 1113 652 1158 nos
683 1094 913 1158 divites
942 1093 1309 1156 efficiamur
1338 1093 1661 1176 opulentia
1691 1093 1813 1174 spi-

32 1201 266 1256 Smwuss-
296 1194 541 1256 rituali.
608 1194 916 1275 Denique,
979 1193 1147 1256 sicut
1204 1191 1471 1275 Sapiens
1529 1193 1619 1254 ait
1674 1211 1687 1254 ε
1744 1190 1808 1253 Si

64 1399 183 1442 Pm.
206 1415 249 1442 m

33 1461 87 1504 10.

295 1293 544 1355 divitiae
572 1300 973 1374 quaeruntur,
1003 1293 1162 1374 quid
1192 1291 1504 1374 sapientia
1532 1289 1809 1372 locuple-

252 1390 477 1453 .tius3
528 1391 613 1452 De
657 1409 786 1472 qua
825 1390 893 1453 in
933 1388 1291 1453 Proverbiis
1334 1387 1567 1470 legitur
1599 1407 1613 1451 :
1646 1386 1807 1451 Lon-

290 1489 520 1570 gitudo
568 1489 820 1551 dierum
866 1489 934 1550 in
982 1489 1239 1551 dextera
1287 1488 1449 1568 ejus,
1502 1495 1566 1549 et
1614 1487 1681 1549 in
1730 1486 1810 1548 si-

294 1587 505 1649 nistra
550 1586 692 1667 ejus
740 1586 980 1649 divitiae
1026 1593 1088 1647 et
1133 1585 1376 1667 gloria3
1422 1591 1484 1647 et
1534 1603 1803 1647 rursus:

32 1691 265 1748 Ser-vum·
294 1685 628 1769 Sapientia
676 1703 957 1767 quoque,
1010 1703 1215 1766 quum
1264 1684 1347 1748 sit
1394 1703 1541 1760 una,
1596 1684 1811 1748 omnia

44 3535 98 3575 ,3.

296 1790 533 1867 potest.

1920 814 2001 872 sa,
2028 795 2341 859 inutiliter
2373 799 2874 880 consumpsisset
2901 807 2963 861 ct
2990 798 3414 880 expendisset.

2000 894 2115 956 Per
2155 895 2446 958 villicum
2485 897 2677 958 istum
2719 895 2990 976 intelligi
3033 902 3239 978 potest
3276 895 3421 977 qui-

1921 1011 2200 1075 cumque
2257 993 2528 1056 aliorum
2587 995 2882 1076 praelatus
2932 1002 3042 1056 aut
3093 994 3415 1077 princepS,

1923 1092 2051 1154 imo
2090 1100 2153 1152 et
2192 1092 2466 1174 quilibet
2505 1093 2920 1156 Christianus.
2953 1091 3109 1155 Nam
3148 1091 3423 1174 quilibet

1924 1191 2153 1253 horum
2195 1191 2358 1254 dona
2395 1199 2457 1253 et
2495 1191 2811 1281 beneficia
2847 1191 2970 1253 sibi
3011 1192 3293 1273 desuper¹
3317 1192 3423 1253 da-

1922 1297 2006 1363 ta,
2055 1307 2286 1370 corpus
2336 1297 2399 1350 et
2443 1289 2743 1361 animam,
2791 1307 2904 1351 seu
2953 1289 3077 1352 sibi
3125 1288 3423 1352 commis-

1926 1405 2049 1460 SOS,
2098 1386 2269 1467 juste
2316 1387 2608 1450 ordinare
2655 1387 2843 1450 debet
2889 1388 2966 1450 ad
3010 1387 3314 1451 honorem
3360 1395 3424 1450 et

1923 1484 2190 1566 gloriam
2231 1484 2339 1547 Dei
2376 1504 2389 1549 ε
2425 1485 2826 1568 potissimum
2873 1494 3086 1548 autem
3124 1485 3236 1568 qui
3279 1484 3420 1548 aliis

1928 1582 1993 1646 in
2056 1584 2497 1666 spiritualibus
2561 1584 2921 1667 praesident,
2981 1601 3237 1666 gregem
3265 1643 3272 1648 .
3298 1584 3422 1647 sibi

1925 1683 2337 1746 commissum
2369 1690 2432 1744 et
2461 1683 2884 1746 ecclesiastica
2912 1682 3081 1746 bona
3108 1690 3278 1744 recte
3307 1682 3426 1745 dis-

1924 1798 2162 1862 ponere
2199 1780 2580 1861 obligantur,
2617 1798 2908 1845 sermone
2947 1788 3010 1842 et
3047 1798 3240 1862 opere
3283 1780 3424 1842 sub-

379 1883 515 1952 Qui
548 1884 820 1944 habebat
862 1882 1189 1953 villicum,
1228 1880 1291 1943 id
1343 1889 1441 1944 est
1488 1881 1813 1962 dispensa·
1849 1882 1895 1944 B
1924 1880 2086 1943 ditos
2135 1879 2530 1954 aedificando,
2574 1887 2638 1941 et
2680 1879 3053 1962 temporalia
3099 1877 3422 1941 fructuose

296 1989 525 2044 torem.
568 1979 870 2052 Quamvis
918 1986 1135 2042 autem
1175 1979 1453 2054 villicus,
1498 1979 1667 2043 villae
1713 1998 1812 2042 re—

293 2087 435 2143 ctor
493 2087 558 2142 et
615 2085 828 2142 custos
890 2078 1152 2160 proprie
1208 2085 1642 2160 nuncupetur,
1705 2077 1810 2140 hic

293 2187 513 2241 tamen
558 2196 675 2260 pro
717 2196 1051 2242 oeconomo
1094 2197 1207 2240 seu
1247 2178 1473 2240 domus
1514 2195 1812 2259 procura-

292 2285 434 2340 tore
466 2285 531 2338 et
561 2276 1001 2358 dispensatore
1040 2275 1375 2358 accipitur,
1409 2276 1523 2356 qui
1556 2275 1813 2338 univer-

294 2394 433 2438 sam
489 2374 913 2437 substantiam
956 2374 1184 2438 domus
1233 2373 1579 2456 dispensat.
1622 2373 1813 2436 OEco-

296 2493 535 2538 nomus
568 2472 818 2555 quippe
845 2480 976 2534 tam
1006 2472 1299 2554 pecuniae
1328 2491 1519 2554 quam
1551 2471 1810 2552 frugum

294 2581 359 2636 et
422 2572 722 2636 omnium
780 2589 926 2652 quae
986 2569 1445 2653 paterfamilias
1504 2571 1807 2652 possidet,

294 2671 811 2753 dispensatorem
863 2669 1171 2751 designat.
1222 2672 1311 2731 Ec
1355 2671 1463 2730 hic
1509 2671 1815 2747 diffama-

296 2781 423 2842 tus,
458 2769 527 2832 id
567 2776 666 2831 est
704 2775 1061 2843 accusatus,
1092 2777 1183 2829 est
1222 2770 1405 2846 apud
1441 2769 1662 2838 illum,
1694 2767 1814 2829 sci-

292 2868 450 2932 licet
484 2867 807 2931 Christum
839 2867 1129 2930 omnium
1162 2865 1467 2947 judicem,
1502 2883 1695 2946 quem
1727 2864 1815 2927 la-

296 2973 431 3028 tere
465 2966 560 3028 nil
594 2971 822 3047 potest.
849 2964 1039 3028 Porro
1069 2962 1425 3027 diffamatio
1456 2963 1575 3025 ista
1606 2963 1813 3044 iniqui

1921 1997 1994 2040 ac
2043 1978 2403 2052 salubriter,
2452 1997 2577 2041 non
2629 1977 2958 2060 superflue
3001 1985 3110 2040 aut
3159 1977 3424 2040 carnali-

1922 2083 2039 2152 ter,
2092 2077 2530 2158 expendendo.
2573 2074 2696 2138 Sed
2743 2082 2805 2138 et
2853 2076 3177 2158 principes
3227 2095 3424 2140 saecu-

1921 2175 2083 2238 lares
2144 2191 2218 2236 ea
2274 2193 2419 2256 quae
2477 2174 2602 2236 sibi
2661 2173 3093 2257 superfluunt,
3155 2175 3223 2237 in
3280 2174 3419 2257 pios

1924 2274 2159 2337 debent
2197 2293 2350 2336 usus
2393 2280 2802 2350 convertere3
2843 2281 2908 2335 et
2943 2273 3218 2356 quilibet
3247 2273 3423 2336 Chri-

1923 2373 2167 2435 stianus
2206 2372 2388 2435 donis
2429 2378 2672 2435 naturae
2705 2378 2767 2434 et
2793 2372 3010 2453 gratiae
3047 2391 3121 2435 ac
3151 2372 3421 2436 fortunoe

1922 2471 2045 2533 sibi
2104 2470 2424 2533 concessis
2483 2469 2765 2552 legitime
2811 2470 2889 2532 ad
2947 2469 3057 2532 Dei
3116 2468 3423 2535 honorifi-

1922 2571 2196 2634 centiam
2236 2569 2328 2631 uti
2369 2577 2642 2632 tenetur.
2676 2569 2900 2632 Omnia
2937 2569 3235 2651 equidem
3277 2589 3423 2652 quae

1922 2669 2254 2744 habemuS,
2289 2669 2452 2732 dona
2481 2676 2630 2730 sunt
2659 2666 2792 2748 Dei,
2825 2674 2888 2730 et
2915 2685 3137 2730 eorum
3169 2668 3422 2750 dispen-

1923 2777 2161 2832 satores
2212 2768 2423 2850 potius
2473 2787 2666 2850 quam
2718 2785 3112 2849 possessores
3159 2775 3269 2829 aut
3315 2769 3423 2831 do-

1924 2867 2081 2930 mini
2133 2885 2378 2940 sumna,
2434 2874 2652 2948 utpote
2701 2867 3009 2929 rationem
3057 2867 3136 2928 de
3184 2865 3274 2928 eis
3318 2867 3424 2928 da-

1922 2965 2071 3027 turi.
2128 2964 2318 3028 Porro
2378 2963 2837 3046 pretiosissima
2892 2962 3001 3026 Dei
3051 2963 3217 3027 bona
3274 2973 3425 3027 sunt

294 3065 474 3148 apud
522 3063 724 3126 Deum
772 3081 887 3126 seu
936 3062 1279 3136 Christum,
1320 3061 1401 3123 fit
1441 3061 1633 3125 variis
1682 3080 1816 3125 mo·
1852 3066 1895 3129 C
1924 3064 2153 3126 animae
2195 3062 2528 3126 rationales
2569 3062 2799 3124 Christi
2845 3062 3152 3143 sanguine
3195 3063 3424 3125 libera-

296 3163 421 3238 dis,
464 3161 835 3225 testimonio
883 3179 1143 3242 quoque
1192 3159 1561 3242 multiplici.
1606 3159 1815 3223 Primo

298 3281 418 3344 per
472 3261 681 3343 ipsam
730 3259 1141 3322 infallibilem
1189 3266 1252 3321 et
1302 3259 1520 3322 omnia
1562 3259 1817 3321 intuen-

303 3369 433 3422 tem
496 3359 877 3441 sapientiam
938 3357 1069 3432 Dei,
1130 3357 1244 3438 qui
1307 3374 1423 3439 per
1477 3356 1815 3420 Jeremiam

42 3471 144 3560 ,ιρι
164 3487 273 3525 uu,
298 3457 543 3520 fatetur
576 3475 591 3519 ε
624 3455 756 3536 Ego
794 3474 935 3518 sum
986 3455 1165 3518 testis
1214 3461 1277 3516 et
1319 3454 1536 3535 judex.
1582 3453 1819 3517 Secun-

302 3557 404 3631 do,
462 3573 581 3637 per
626 3554 886 3635 angelos
933 3553 1157 3628 bonOS,
1210 3552 1323 3634 qui
1372 3552 1507 3616 zelo
1552 3552 1816 3634 justitiae

301 3671 521 3716 coram
562 3651 688 3714 Deo
726 3669 922 3734 opera
970 3650 1305 3713 hominum
1346 3649 1513 3713 bona
1550 3657 1612 3712 et
1650 3651 1816 3713 mala

304 3757 701 3835 proponunt,
756 3757 827 3812 ut
877 3767 1073 3831 super
1118 3748 1443 3811 Danielem
1500 3750 1815 3832 exposito-

304 3869 405 3914 res
456 3847 814 3912 affirmant.
858 3847 1090 3922 Tertio,
1134 3865 1251 3929 per
1290 3847 1547 3928 angelos
1590 3847 1810 3923 maIOS,

50 3963 274 4016 raama.
301 3949 856 4034 quemadmodum
906 3946 973 4008 in
1024 3947 1321 4010 Zacharia
1373 3954 1543 4029 patet
1590 3948 1667 4010 de
1715 3947 1817 4009 Sa-

304 4057 435 4124 tan,
492 4047 608 4130 qui
654 4045 803 4108 Jesu
858 4044 1001 4109 filio
1046 4045 1304 4108 Josedec
1362 4045 1816 4109 adversabatur

303 4165 421 4231 per
472 4145 944 4209 accusationem
997 4161 1350 4225 procacem.
1404 4143 1653 4219 Quarto,
1702 4163 1818 4227 per

1924 3171 2003 3225 tae
2048 3178 2062 3223 :
2110 3180 2269 3243 quas
2320 3161 2606 3242 dissipat,
2660 3160 2773 3242 qui
2825 3160 3037 3242 pravis
3087 3160 3418 3242 exempliS,

1924 3260 2103 3323 falsis
2135 3259 2440 3323 doctrinis
2477 3267 2586 3321 aut
2615 3258 2998 3339 negligentia
3027 3275 3131 3322 eas
3160 3259 3238 3321 ad
3269 3260 3424 3323 vitia

1924 3358 2120 3422 trahit
2173 3365 2284 3420 aut
2341 3357 2506 3420 trahi
2555 3357 2886 3439 permittit,
2941 3374 3058 3419 nec
3106 3365 3356 3420 revocat
3403 3376 3417 3420 ε

1926 3458 2099 3540 quod
2158 3463 2332 3518 tanto
2389 3454 2756 3517 sceleratius
2817 3463 2913 3518 est
2968 3456 3139 3537 apud
3198 3454 3418 3532 Deum,

1926 3563 2168 3638 quanto
2227 3553 2647 3617 exterioribus
2707 3553 2897 3615 rebus
2955 3553 3421 3634 praestantiores

1926 3661 2079 3718 sunt
2118 3653 2348 3716 animae
2390 3650 2801 3715 immortales.

1994 3756 2079 3815 E'c
2112 3753 2363 3814 vocavit
2392 3749 2695 3814 Dominus
2726 3752 2919 3810 illum
2950 3748 3424 3812 villicum.Haec

1930 3851 2196 3925 vocatio,
2231 3868 2357 3913 non
2389 3855 2485 3910 est
2522 3847 2633 3910 illa
2668 3866 2796 3930 qua
2823 3847 3102 3928 quisque
3138 3853 3424 3929 tempore

1927 3949 2149 4013 mortis
2193 3949 2271 4010 ad
2320 3947 2610 4009 divinum
2659 3952 2919 4010 vocatur
2963 3945 3267 4020 tribunal,
3313 3947 3422 4008 sed

1928 4066 2001 4110 ca
2029 4066 2158 4129 qua
2194 4045 2340 4128 quis
2379 4045 2446 4108 in
2478 4046 2608 4109 vita
2645 4045 2940 4127 praesenti
2971 4044 3278 4107 divinitus
3317 4044 3427 4106 ad-

1928 4153 2224 4209 monetur
2261 4163 2374 4226 per
2405 4142 2887 4225 inspirationem
2922 4142 3271 4223 angelicam
3311 4159 3424 4204 seu

306 4263 672 4309 remorsum
729 4242 1286 4318 conscientiarum,
1341 4244 1692 4305 secundum
1742 4243 1818 4305 il-
1847 4244 1897 4306 D
1930 4245 2236 4318 divinam,
2299 4261 2413 4325 per
2471 4241 2788 4304 beneficia
2849 4249 2913 4303 et
2977 4239 3250 4322 flagella,
3311 4259 3426 4323 per

56 4355 279 4410 amnas.
310 4345 419 4408 lud
472 4344 553 4406 ad
600 4341 915 4406 Romanos
956 4359 969 4403 :
1006 4339 1465 4404 Testimonium
1518 4341 1819 4404 reddente

308 4445 439 4506 illis
488 4439 877 4505 conscientia
917 4440 1227 4521 ipsorum.
1262 4437 1513 4515 Quinto,
1549 4457 1662 4522 per
1692 4440 1819 4504 evi-

306 4541 597 4605 dentiam
645 4556 936 4620 operum‚
990 4545 1179 4620 prout
1226 4538 1291 4600 in
1340 4537 1565 4602 Genesi
1611 4538 1820 4602 Domi-

62 4653 279 4709 σφωε).
308 4661 431 4703 nus
464 4639 558 4700 ait
592 4638 673 4700 ad
702 4636 853 4700 Cain
891 4656 906 4701 ε
940 4635 1072 4699 Vox
1103 4635 1432 4717 sanguinis
1469 4636 1685 4700 fratris
1723 4639 1818 4700 tui

72 4753 283 4810 mamm,
310 4739 548 4801 clamat
592 4736 673 4798 ad
722 4753 867 4815 me3
918 4741 982 4796 et
1037 4753 1281 4810 rursus,
1335 4733 1584 4799 Clamor
1630 4733 1822 4800 Sodo-

60 4817 115 4864 20,
138 4823 196 4862 21.

312 4855 571 4902 morum
614 4832 793 4897 venit
829 4833 908 4895 ad
948 4849 1073 4894 me.
1116 4831 1326 4907 Sexto,
1368 4833 1631 4915 querela
1670 4834 1823 4897 vici-

316 4953 549 4998 norum
579 4939 775 5012 atquc
806 4931 1141 5012 egentium.
1164 4929 1341 4994 Unde
1372 4931 1437 4993 in
1470 4930 1822 4996 Proverbiis

66 5039 215 5142 ,⁵va-
237 5057 291 5094 n.
316 5031 617 5096 Salomon
658 5029 748 5090 ait
781 5047 795 5092 ε
831 5028 948 5101 Qui
986 5027 1387 5092 abscondunt
1426 5028 1823 5093 frumentum

322 5131 385 5193 in
428 5139 741 5211 tempore,
784 5126 1277 5204 maledicentur;
1320 5128 1679 5193 benedictio
1718 5149 1827 5191 au-

325 5237 451 5291 tem
495 5245 695 5310 super
738 5233 931 5307 caput
970 5226 1409 5288 vendentium.
1456 5229 1655 5296 Quasi
1696 5231 1829 5288 dis-

324 5329 589 5406 sipasset
631 5327 797 5386 bona
843 5325 1054 5393 illius,
1100 5323 1163 5386 id
1206 5331 1322 5399 est,
1370 5325 1535 5389 bona
1583 5325 1705 5388 sibi
1748 5327 1826 5388 ad

1932 4343 2408 4426 praedicationes
2447 4339 2779 4404 hominum
2811 4347 2874 4401 et
2902 4339 3424 4403 comminationes

1930 4440 2325 4505 aeternalium
2360 4446 2841 4513 tormentorum,
2876 4445 2946 4499 ut
2975 4438 3204 4519 cogitet
3231 4457 3424 4520 quam

1932 4559 2048 4604 suo
2104 4547 2390 4621 tempore
2448 4538 2574 4602 Deo
2632 4539 2710 4600 de
2760 4537 3058 4601 omnibus
3117 4536 3422 4600 rationem

1934 4639 2196 4700 reddere
2238 4643 2471 4719 posset.
2496 4638 2583 4698 Ec
2621 4637 2718 4696 ait
2755 4637 2865 4696 illi
2893 4656 2915 4695 .·
2949 4637 3123 4704 Quid
3159 4637 3275 4697 hoc
3309 4655 3426 4696 au-

1930 4739 2041 4798 dio
2070 4739 2148 4797 de
2181 4745 2236 4797 te
2256 4737 2286 4796 ἒ
2323 4736 2390 4798 id
2419 4743 2536 4808 est,
2571 4753 2685 4796 cur
2714 4733 2802 4796 ita
2830 4742 2892 4795 te
2920 4732 3220 4809 habuisti,
3253 4734 3426 4814 quod

1932 4834 2092 4898 mihi
2148 4834 2358 4896 taliter
2414 4831 2788 4894 accusaris?
2841 4831 2914 4894 Ut
2967 4839 3179 4895 autem
3235 4831 3428 4896 Gorra

1934 4934 2038 4996 hic
2088 4932 2330 5006 scribit,
2383 4931 2448 4993 in
2499 4931 2618 4993 hoc
2668 4930 2861 4994 verbo
2921 4931 3104 4992 datur
3152 4929 3427 5013 praelatis

1934 5031 2298 5113 exemplum
2333 5031 2398 5092 in
2437 5036 2710 5112 quatuor
2744 5048 2757 5092 :
2792 5028 3022 5104 Primo,
3059 5047 3138 5091 ne
3178 5037 3431 5111 peccata

1936 5148 2195 5193 suorum
2253 5126 2674 5190 dissimulent.
2727 5125 3036 5200 Secundo,
3090 5135 3160 5189 ut
3204 5127 3431 5190 verita-

1935 5238 2063 5292 tem
2112 5227 2298 5290 samae
2347 5225 2672 5308 inquirant
2713 5244 2727 5288 ε
2772 5244 2918 5287 nam
2967 5225 3074 5300 ait,
3113 5223 3272 5297 Quid
3319 5245 3432 5288 au—

1939 5326 2080 5390 dio?
2122 5324 2352 5401 Tertio,
2396 5342 2476 5386 ne
2517 5331 2910 5387 accusatores
2953 5324 3242 5406 prodant,
3279 5323 3433 5406 quia

3475 2594 3604 2638 Bom-
3622 2607 3712 2646 vm,

3451 2657 3530 2706 323
3563 2655 3709 2700 lcor.

3447 2732 3507 2770 iv,
3529 2721 3570 2771 7,
3593 2721 3632 2763 ¹.
