4300 6259
1194 500 1546 549 mammo
1586 500 1652 549 m
1692 500 1830 548 cAP.
1876 501 1898 547 1
1939 501 2216 549 JOANNIS.
2262 522 2343 533 —
2383 502 2526 549 Am.
2573 502 2634 547 1v

3349 478 3464 547 281

358 676 639 758 glorioso
688 676 1207 757 sententioseque
1258 675 1404 739 stilo
1452 674 1865 757 descripsisse
1894 672 1945 733 A
1978 674 2154 750 dum,
2190 675 2487 739 videlicet
2523 686 2596 737 ιιι
2640 676 3076 737 testimonium
3109 675 3470 752 perhiberet

42 792 165 834 Lae.
192 805 229 843 ι,
254 805 319 835 ι...
358 776 821 857 genealogiam,
872 774 1444 849 annuntiationem,
1506 774 1867 855 conceptio-

360 892 533 949 nem,
571 874 965 937 nativitatem
1007 874 1682 954 conversationemque
1712 872 1867 935 1³1·ae-

50 990 333 1039 ammmz
362 974 643 1037 cursoris
690 992 704 1037 :
748 974 825 1035 de
864 972 1049 1053 cujus
1093 974 1284 1035 etiam
1330 972 1632 1055 parcitate
1671 971 1734 1033 in
1780 971 1866 1035 vi-

154 1066 183 1095 ⁶
226 1067 263 1096 ¹·
365 1082 493 1147 ctu,
556 1081 618 1136 et
679 1073 914 1135 duritia
976 1072 1041 1135 in
1103 1072 1357 1146 vestitu,
1418 1070 1741 1133 Matthaeus
1803 1077 1867 1132 et

362 1171 607 1235 Marcus
652 1172 1071 1254 scripserunt.
1118 1171 1336 1251 ltaque
1376 1170 1511 1231 ait:

158 1270 201 1323 6
444 1274 607 1332 Fuit
655 1274 841 1332 homo
889 1271 1124 1331 missus
1170 1291 1211 1330 a
1254 1272 1405 1331 Deo.
1447 1268 1643 1331 Nemo
1691 1268 1863 1330 enim

362 1370 691 1451 sapienter
747 1387 961 1449 agenS,
1021 1368 1290 1431 assumit
1347 1368 1469 1431 sibi
1532 1368 1861 1441 honorem,

362 1470 475 1529 sed
523 1468 635 1549 qui
689 1474 949 1532 vocatur
993 1486 1032 1529 a
1078 1467 1225 1538 Deo,
1281 1475 1581 1548 tanquam
1631 1466 1860 1529 Aaron.

360 1565 721 1639 Quocontra
761 1566 1061 1630 Dominus
1098 1566 1187 1628 ait
1224 1566 1303 1629 de
1343 1565 1865 1648 praesumptuosis

230 1698 331 1735 xm,
360 1673 425 1728 et
453 1666 635 1728 falsis
679 1665 1005 1748 prophetis
1040 1684 1055 1727 ε
1088 1665 1213 1746 Ipsi
1256 1664 1615 1739 currebant,
1650 1672 1714 1726 et
1749 1682 1865 1745 ego

358 1783 489 1827 non
535 1764 683 1826 misi
726 1782 854 1827 eos,
890 1762 1099 1826 Missio
1142 1763 1262 1825 ista
1296 1762 1553 1826 Joannis
1595 1762 1863 1843 intelligi

1975 777 2055 834 de
2105 776 2379 846 lumine,
2418 776 2482 837 id
2529 783 2646 849 est,
2680 775 3009 837 veritatem
3065 772 3473 835 annuntiaret

1979 872 2056 934 de
2100 872 2366 947 Christo,
2403 884 2475 935 ιιι
2515 894 2729 935 omnes
2774 873 3086 946 homineS,
3122 872 3327 954 primo
3365 871 3472 933 Ju-

1979 972 2118 1047 daei,
2156 973 2384 1035 deinde
2423 973 2714 1053 gentileS,
2756 976 3082 1033 crederent
3131 970 3196 1033 in
3241 970 3470 1033 Filium

1982 1070 2087 1133 Dei
2128 1092 2250 1149 per
2297 1076 2517 1142 illum,
2568 1072 2688 1134 hoc
2737 1078 2832 1133 est
2880 1070 3198 1134 mediante
3247 1069 3474 1131 testifi-

1980 1170 2228 1233 catione
2273 1170 2550 1244 Joannis,
2599 1171 2819 1252 sicque
2869 1169 3204 1244 credendo,
3256 1186 3474 1231 conse-

1978 1278 2329 1349 querentur
2368 1270 2635 1331 salutem
2675 1277 2990 1331 aeternam.
3024 1267 3160 1332 Non
3191 1268 3366 1341 dicit,
3397 1267 3477 1330 Ut

1979 1386 2200 1431 omnes
2240 1369 2570 1431 crederent
2609 1368 2673 1430 in
2715 1368 2921 1442 illum,
2964 1368 3265 1449 quoniam
3309 1366 3473 1429 fides

1979 1488 2182 1550 quum
2231 1468 2312 1530 sit
2359 1468 2560 1531 virtus
2614 1468 2984 1549 theologica,
3039 1467 3228 1529 habet
3274 1466 3472 1528 Deum

1983 1587 2097 1650 pro
2144 1568 2395 1648 objecto
2443 1587 2457 1631 ε
2513 1567 2837 1631 concernit
2887 1566 3060 1629 enim
3108 1565 3308 1626 Deum
3351 1564 3470 1627 sub

1982 1668 2223 1730 ratione
2263 1667 2485 1749 primae
2524 1667 2824 1729 veritatis.
2858 1666 3002 1729 Ideo
3040 1684 3167 1728 non
3209 1672 3306 1727 est
3342 1682 3476 1727 cre-

1981 1767 2258 1829 dendum
2309 1767 2374 1828 in
2423 1765 2749 1829 hominem
2799 1784 3055 1847 purum.
3104 1764 3264 1826 Hinc
3307 1762 3476 1826 infra

360 1870 573 1944 potest
610 1870 765 1924 tunc
803 1860 989 1935 facta,
1022 1862 1279 1942 quando
1307 1860 1431 1923 Deo
1468 1861 1733 1942 jubente
1764 1880 1865 1923 ex·
1903 1861 1950 1924 B
1977 1866 2065 1929 ait
2111 1864 2415 1937 Salvator,
2460 1864 2722 1927 Creditis
2772 1865 2839 1926 in
2888 1863 3108 1937 Deum,
3151 1871 3215 1925 et
3257 1862 3322 1924 in
3372 1880 3474 1924 me
3502 1872 3764 1921 Joann-xuv.

357 1960 481 2023 ivit
522 1980 563 2022 a
604 1960 890 2023 latibulis
938 1960 1135 2021 eremi
1180 1961 1258 2022 ad
1303 1957 1508 2042 ripam
1551 1960 1859 2035 Jordanis,

356 2066 682 2141 quatenus
727 2058 861 2120 illic
907 2058 1307 2141 baptizando,
1357 2058 1667 2140 populum
1718 2076 1866 2122 con-

354 2165 673 2239 gregaret,
706 2157 930 2240 eisque
959 2158 1038 2220 de
1069 2157 1299 2221 Christi
1332 2158 1607 2221 adventu
1640 2157 1866 2239 praedi-

108 2286 133 2315 e
156 2285 201 2313 ιιι
261 2273 324 2321 ,6.
358 2266 549 2321 caret.
570 2256 749 2319 Unde
778 2256 977 2319 Lucas
1007 2257 1095 2318 ait
1130 2276 1143 2319 :
1179 2257 1361 2319 Anno
1389 2255 1864 2337 quintodecimo

356 2355 623 2438 imperii
673 2354 911 2418 Tiberii
960 2354 1241 2429 Caesaris,
1294 2353 1532 2416 factum
1581 2362 1678 2416 est
1724 2372 1865 2417 ver-

356 2455 521 2517 bum
560 2454 814 2517 Domini
859 2472 1055 2536 super
1091 2454 1393 2517 loannem
1437 2453 1747 2516 Zachariae
1790 2452 1869 2515 fi-

358 2552 549 2627 lium,
614 2551 694 2614 in·
739 2553 1009 2615 deserto.
1073 2550 1216 2614 Fuit
1270 2558 1483 2614 autem
1518 2552 1774 2614 missus
1832 2570 1869 2613 a

358 2651 511 2725 DeO,
549 2651 650 2714 vel
696 2668 774 2713 ex
820 2650 953 2713 sola
999 2650 1415 2731 inspiratione
1458 2650 1728 2724 interna,
1768 2650 1867 2712 vel

359 2768 443 2812 ex
479 2750 867 2813 allocutione
909 2757 972 2811 et
1008 2748 1405 2830 apparitione
1443 2748 1727 2829 angelica
1764 2766 1871 2810 ex-

361 2849 569 2911 terius
599 2847 785 2922 facta,
818 2866 963 2929 quae
1005 2866 1131 2910 non
1172 2853 1265 2909 est
1303 2846 1383 2909 ab
1422 2847 1639 2929 aliquo
1670 2846 1871 2909 Evan-

358 2946 741 3028 gelistarum
783 2946 1122 3028 descripta.
1160 2945 1327 3007 Hanc
1369 2946 1734 3009 missionem
1774 2946 1872 3007 Jo-

52 3063 329 3114 udaium,

80 3158 91 3169 ·
362 3144 555 3207 mitto
583 3143 883 3224 angelum
922 3162 1161 3217 meum,
1196 3150 1258 3205 et
1294 3142 1675 3225 praeparabit
1706 3142 1871 3205 viam

360 3251 517 3305 ante
560 3241 791 3304 faciem
839 3260 1068 3303 meam.
1114 3241 1357 3304 Dicitur
1404 3242 1649 3324 quippe
1693 3242 1874 3304 Joan-

362 3360 485 3406 nes
535 3340 825 3422 angeluS‚
872 3342 1114 3404 ratione
1162 3340 1389 3415 officii,
1436 3360 1562 3404 non
1608 3348 1869 3415 naturae,

362 3450 433 3505 et
474 3439 783 3522 quoniam
831 3440 1133 3521 angelicae
1180 3440 1677 3503 conversationis
1726 3438 1867 3500 ruit.

455 3540 581 3600 Cui
628 3559 859 3601 nomen
906 3549 1049 3599 erat
1092 3542 1393 3600 Joannes.
1444 3537 1547 3600 Sic
1595 3555 1874 3619 namque

72 3654 173 3697 Lae.
202 3658 329 3707 ms.
362 3637 626 3703 Gabriel
684 3637 1103 3718 archangclus
1160 3637 1353 3718 jussit
1404 3636 1716 3699 Zachariae
1765 3655 1872 3700 vo—

364 3755 521 3801 care
559 3735 773 3798 filium
814 3754 1026 3798 suum.
1060 3736 1135 3797 Et
1173 3736 1466 3818 congruit
1510 3754 1739 3798 nornen
1790 3736 1875 3797 is—

364 3836 489 3899 tud
523 3834 921 3908 Praecursori,
946 3834 1099 3916 quia
1124 3834 1393 3897 Joannes
1426 3834 1877 3915 interpretatur

360 3933 577 4016 gratia
619 3932 751 4007 Dei,
786 3952 933 4014 quae
975 3933 1297 4015 praecipue
1336 3932 1461 3995 suit
1506 3934 1569 3994 in
1615 3933 1875 3995 homine

86 4050 331 4101 mnan,
364 4033 523 4105 ist0,
557 4049 688 4112 quo
733 4031 900 4093 inter
950 4040 1127 4094 natos
1174 4031 1517 4094 mulierum
1566 4050 1691 4094 non
1737 4051 1877 4093 sur-

72 4116 131 4155 ¹¹·
364 4131 545 4194 rexit
574 4130 777 4210 maj0r
806 4148 919 4192 seu
951 4130 1268 4210 sanctior3
1302 4130 1411 4211 qui
1446 4130 1635 4192 etiam
1668 4130 1875 4212 primo

1978 1964 2216 2027 credite
2252 1983 2265 2028 :
2300 1964 2471 2045 quod
2511 1980 2908 2044 consequens
2951 1980 3075 2025 non
3120 1969 3306 2035 esset,
3349 1960 3472 2023 nisi
3506 1937 3546 1977 ¹·

1979 2071 2041 2126 et
2078 2062 2276 2125 Filius
2319 2069 2486 2125 esset
2529 2061 2716 2123 Deus.

2062 2164 2210 2223 Non
2256 2170 2394 2222 erat
2441 2162 2558 2221 ille
2601 2160 2869 2223 Joannes
2913 2163 3033 2220 lux
3075 2158 3472 2241 principaliS,
3618 2150 3654 2205 8

1978 2259 2276 2323 effective
2305 2259 2646 2333 illustranS,
2668 2258 2877 2320 lucem
2906 2257 3123 2338 gratiae
3153 2264 3473 2339 praestanS‚

1978 2366 2042 2420 et
2084 2377 2200 2440 per
2247 2357 2586 2420 essentiam
2635 2357 2898 2437 lucens;
2941 2363 3074 2418 erat
3113 2364 3322 2418 tamen
3367 2355 3477 2417 lux

1980 2457 2506 2531 instrumentalis,
2549 2456 2922 2538 dispositive
2967 2454 3359 2529 illuminanS,
3400 2455 3479 2517 ad

1978 2556 2245 2637 gratiam
2278 2574 2660 2638 praeparanS,
2685 2556 2794 2617 lux
2829 2554 3220 2636 participata,
3247 2571 3321 2616 eo
3353 2571 3480 2615 mo-

1982 2656 2059 2718 do
2107 2674 2238 2735 quo
2287 2654 2572 2717 Christus
2621 2654 2709 2716 ait
2751 2652 3067 2735 Apostolis
3105 2672 3118 2715 ε
3162 2651 3284 2715 Vos
3325 2652 3476 2713 estis
3533 2665 3768 2717 Manna,

1982 2756 2090 2817 lux
2122 2754 2368 2817 mundi.
2401 2754 2477 2815 Et
2504 2754 2582 2816 ad
2615 2753 3053 2836 Philippenses
3084 2752 3422 2834 Apostolus
3457 2770 3471 2815 ε
3509 2732 3576 2774 ¹⁴·

1980 2850 2152 2925 Sitis,
2204 2852 2436 2933 inquit,
2491 2852 2630 2913 sine
2677 2852 2938 2933 querela
2987 2851 3050 2912 in
3113 2850 3322 2913 medio
3371 2870 3479 2912 na-
3517 2864 3769 2919 Philippu,

1980 2952 2173 3015 tionis
2216 2970 2446 3033 prame,
2491 2950 2656 3013 inter
2704 2970 2864 3032 quos
2908 2949 3135 3012 lucetis
3180 2950 3344 3011 sicut
3382 2948 3479 3010 lu-
3510 2928 3574 2970 ¹⁵·

362 3045 557 3109 annis
588 3045 753 3107 Deus
786 3044 1083 3126 praedixit
1112 3062 1226 3127 per
1261 3043 1627 3107 Malachiam
1663 3062 1675 3107 :
1714 3043 1870 3107 Ecce
1908 3048 1951 3112 C
1981 3050 2252 3113 minaria
2311 3050 2375 3112 in
2437 3050 2696 3112 mundo.
2759 3048 3068 3130 Denique,
3125 3049 3476 3111 secundum

1980 3148 2374 3232 Dionysium,
2427 3148 2716 3230 quaedam
2775 3154 2871 3209 est
2917 3146 3027 3209 lux
3084 3146 3474 3221 illuminanS,

1982 3267 2107 3311 non
2155 3246 2533 3321 illuminata,
2583 3245 2749 3308 sicut
2791 3246 2902 3307 lux
2947 3245 3174 3327 prima.
3209 3244 3346 3306 Alia
3385 3251 3480 3306 est

1982 3347 2091 3409 lux
2122 3345 2330 3409 solum
2361 3344 2742 3423 illuminata,
2775 3351 2844 3405 ut
2879 3344 2974 3406 illi
3015 3344 3126 3426 qui
3165 3342 3476 3406 modicam

1979 3443 2248 3526 gratiam
2288 3443 2544 3505 habent.
2588 3442 2729 3504 Alia
2765 3450 2862 3504 est
2899 3442 3009 3503 lux
3048 3440 3258 3504 medio
3293 3441 3480 3503 modo

1981 3560 2049 3604 se
2079 3540 2333 3612 habens,
2349 3540 2644 3603 videlicet
2673 3539 3044 3602 illuminans
3075 3547 3138 3599 et
3165 3537 3481 3599 illumina-

1982 3647 2064 3713 ta,
2099 3646 2168 3701 ut
2206 3638 2300 3700 illi
2331 3638 2442 3719 qui
2480 3638 2557 3700 de
2593 3637 2794 3718 gratia
2832 3636 2955 3699 sibi
2996 3654 3294 3699 concessa
3323 3635 3480 3699 alios

1987 3744 2252 3819 possunt
2281 3736 2643 3823 illuminare
2673 3754 2686 3799 :
2722 3735 2890 3797 inter
2919 3753 3080 3817 quos
3111 3741 3355 3797 certum
3386 3744 3482 3795 est

1984 3836 2441 3899 Praecursorcm
2473 3854 2674 3897 unum
2705 3835 2782 3897 de
2812 3832 3079 3897 summis
3109 3832 3330 3895 fuisse.
3353 3834 3482 3895 Sed

1984 3945 2057 3996 ιιι
2090 3935 2528 3996 testimonium
2549 3936 2912 4011 perhiberet
2939 3937 3020 3994 de
3051 3935 3338 3993 lumine:
3361 3932 3482 3994 hoc

1984 4040 2099 4109 est,
2140 4033 2409 4096 Joannes
2441 4051 2566 4095 non
2597 4030 2722 4093 fuit
2751 4031 3035 4094 Christus
3067 4031 3132 4092 in
3174 4030 3311 4110 lege
3345 4049 3484 4111 pro-

1986 4132 2242 4203 missus,
2265 4132 2375 4193 sed
2406 4131 2544 4212 ejus
2576 4129 2868 4193 minister
2897 4138 2958 4192 et
2990 4148 3215 4212 prisco,
3236 4128 3486 4191 ordina-

72 4248 181 4293 ιιῑα.
202 4263 261 4301 m,
284 4252 328 4293 2.
362 4228 749 4315 praedicavit
779 4247 794 4291 ε
826 4227 1267 4292 Poenitentiam
1312 4228 1499 4310 agite,
1540 4229 1877 4311 appropin-
1907 4234 1957 4296 D
1985 4240 2087 4293 tus
2126 4231 2205 4293 ad
2239 4230 2380 4305 hoc,
2419 4238 2491 4293 ut
2530 4229 2776 4293 Christo
2813 4229 3252 4294 testimonium
3283 4229 3478 4291 daret.

358 4327 603 4412 quabit
660 4326 832 4389 enim
894 4345 1163 4407 regnum
1221 4327 1551 4404 coelorum,
1605 4328 1725 4391 hoc
1782 4336 1878 4391 est

354 4426 579 4511 gratia
621 4425 983 4490 Salvatoris.
1026 4424 1233 4497 Quum
1271 4426 1443 4488 enim
1486 4426 1679 4489 alicui
1720 4427 1879 4490 divi-

360 4528 553 4592 nitus
602 4544 834 4589 nomen
885 4525 1258 4606 imponitur,
1301 4526 1663 4588 insinuatur
1707 4528 1878 4607 quod

364 4625 735 4711 proprietas
784 4622 1144 4705 significata
1193 4642 1305 4706 per
1349 4642 1579 4688 nomen
1629 4642 1881 4706 compe-

80 4739 328 4791 Gemms.
362 4727 449 4789 tit
485 4724 609 4799 illi,
640 4724 1181 4806 quemadmodum
1216 4722 1452 4785 Abram
1486 4730 1745 4787 vocatus
1785 4732 1880 4787 est

362 4824 724 4898 Abrabam,
757 4822 822 4885 id
854 4830 953 4885 est
983 4830 1160 4904 pater
1191 4822 1536 4885 multarum
1564 4822 1874 4903 gentium,

84 4938 333 4988 namu,
362 4932 435 4988 et
485 4922 679 4985 Jacob
729 4922 935 4985 dictus
982 4929 1079 4984 est
1118 4921 1332 4998 Israel,
1374 4940 1577 5002 quum
1624 4921 1731 4983 Dei
1776 4941 1883 4983 an-

82 5004 143 5044 ²⁸·
360 5023 595 5105 gelum
641 5020 925 5083 vidisset.
968 5016 987 5025 ‘

188 5124 223 5179 '1
454 5122 593 5184 Hic
622 5120 801 5180 venit
839 5137 878 5180 a
907 5119 1166 5181 secretis
1198 5118 1355 5182 locis
1388 5118 1619 5180 deserti
1651 5119 1727 5181 ad
1768 5138 1884 5201 pu-

364 5220 553 5287 blica
592 5218 751 5293 loca,
790 5220 863 5279 in
897 5219 1337 5279 testimonium
1384 5216 1877 5299 perhibendum,

364 5322 439 5387 id
506 5324 607 5383 est
661 5317 740 5378 ad
791 5315 1289 5391 testificandum,
1337 5335 1461 5380 non
1511 5316 1589 5378 ad
1638 5316 1885 5378 salvan-

1934 4411 1947 4418 ·
1985 4330 2113 4394 Hoc
2157 4328 2310 4391 fecit
2345 4328 2614 4391 Joannes
2664 4328 2934 4392 dicendo
2968 4347 2984 4392 ε
3025 4327 3212 4391 Venit
3261 4326 3486 4391 fortior
3530 4347 3776 4399 Marem.

1987 4436 2131 4511 post
2174 4446 2298 4503 me,
2334 4426 2520 4508 cujus
2562 4446 2686 4490 non
2735 4447 2878 4489 sum
2913 4427 3142 4508 dignus
3191 4445 3486 4509 procum-

1986 4527 2145 4590 bens
2206 4526 2451 4590 solvere
2510 4526 2844 4607 corrigiam
2913 4526 3482 4601 calceamentorum

1988 4625 2149 4706 ejus.
2186 4625 2253 4687 In
2295 4624 2556 4687 Actibus
2587 4642 2846 4707 quoque
2876 4624 3102 4686 Paulus
3132 4624 3221 4685 ait
3249 4622 3486 4685 dixisse

1985 4722 2290 4786 Joannem
2326 4739 2339 4784 ε
2375 4721 2568 4794 Quem
2603 4740 2704 4784 me
2733 4721 3131 4783 arbitramini
3161 4737 3320 4794 esse,
3358 4739 3482 4783 non
3514 4740 3775 4791 acimaas.

1989 4841 2133 4885 sum
2184 4839 2318 4901 ego.
2371 4819 2700 4882 Perhibuit
2747 4818 2938 4881 etiam
2994 4819 3262 4883 Joannes
3317 4820 3490 4881 testi-

1991 4920 2278 4983 monium
2329 4917 2577 4980 Christo
2630 4918 2956 5000 operibus,
3011 4925 3228 5000 utpote
3288 4917 3490 4999 bapti-

1990 5019 2189 5082 zando
2227 5017 2472 5081 Judaeos
2522 5017 2587 5078 in
2639 5017 2896 5080 nomine
2941 5016 3170 5080 Christi
3216 5016 3484 5080 venturi.

1991 5117 2216 5180 Forma
2244 5116 2415 5178 enim
2447 5115 2750 5198 baptismi
2779 5115 3036 5179 Joannis
3065 5114 3212 5190 fuit,
3237 5114 3490 5198 Baptizo

1992 5225 2054 5280 te
2105 5218 2172 5279 in
2223 5215 2481 5280 nomine
2529 5214 2753 5289 futuri,
2801 5215 3154 5277 secundum
3205 5216 3375 5297 quod
3421 5214 3487 5277 in

1995 5315 2260 5378 Actibus
2291 5312 2494 5396 tangit
2513 5313 2890 5395 Apostolus:
2917 5312 3185 5377 Joannes
3213 5312 3492 5396 baptiza·
3517 5336 3772 5391 mama,
