4300 6259
869 520 989 585 276

1698 536 2047 584 mannum
2090 536 2156 583 m
2198 535 2338 583 CAP.
2384 536 2407 582 1
2447 536 2722 583 JOANNIS.
2768 554 2850 565 —
2890 535 3032 582 Am.
3079 535 3147 582 111

864 728 991 772 non
1040 716 1249 771 tamen
1304 726 1437 770 rem
1497 708 1705 791 ipsam
1765 708 1905 791 ipse
1967 708 2214 790 primus
2265 725 2365 770 co·
2398 708 2444 769 Α
2555 705 2872 769 Postremo
2902 706 3255 779 sciendum,
3289 706 3461 786 quod
3491 706 3557 765 in
3591 703 3796 766 tribus
3825 702 3980 765 Per-

856 808 1098 888 gnovit‚
1142 808 1447 889 quoniam
1490 816 1661 869 tanta
1702 805 1797 870 vis
1839 807 2251 869 constituitur
2299 806 2362 866 in

859 905 1041 981 ideis,
1087 914 1156 968 ut
1197 906 1320 967 nisi
1367 906 1467 968 his
1517 905 1881 979 intellectiS‚
1926 905 2181 987 sapiens
2226 921 2365 965 esse

860 1022 1049 1067 nemo
1098 1005 1317 1086 possit.
1372 1003 1533 1067 Sunt
1591 1021 1868 1085 namque
1918 1004 2075 1067 ideae
2126 1003 2366 1085 princi-

860 1102 1035 1184 pales
1083 1101 1305 1166 formae
1354 1102 1453 1165 vel
1507 1102 1778 1165 rationes
1841 1120 2053 1163 rerum
2104 1100 2362 1163 stabiles

860 1206 1051 1281 atque
1092 1199 1666 1275 incommutabiles,
1701 1219 1845 1281 quae
1885 1200 2041 1282 ipsae
2078 1199 2364 1262 formatae

862 1318 989 1361 non
1019 1306 1187 1373 sunt,
1220 1318 1293 1361 ac
1328 1317 1442 1381 per
1470 1299 1590 1361 hoc
1621 1306 1872 1361 aeternae
1904 1306 2073 1373 sunt,
2109 1316 2362 1380 semper

862 1398 1083 1459 eodem
1142 1398 1327 1460 modo
1373 1415 1511 1459 sese
1562 1397 1890 1471 habente3‚
1944 1415 2089 1478 quae
2147 1396 2214 1458 in
2267 1396 2359 1458 di-

861 1494 1009 1556 vina
1066 1494 1484 1575 intelligentia
1542 1493 1972 1557 continentur.
2026 1494 2100 1555 Et
2159 1512 2360 1575 quum

858 1592 1013 1674 ipsae
1053 1611 1261 1675 neque
1303 1594 1607 1667 oriantur,
1642 1611 1851 1675 neque
1894 1593 2227 1667 intereant,
2264 1610 2362 1653 se-

858 1692 1140 1753 cundum
1180 1710 1284 1753 eas
1333 1700 1540 1754 tamen
1586 1692 1845 1755 formari
1892 1692 2127 1753 dicitur
2170 1708 2359 1753 omne

859 1790 1031 1869 quod
1079 1789 1231 1852 oriri
1282 1798 1345 1852 et
1395 1790 1656 1851 interire
1706 1797 1932 1872 potest.
1976 1788 2095 1850 Has
2144 1796 2355 1850 autem

859 1984 924 2045 in
976 1992 1187 2046 mente
1238 1984 1600 2049 Creatoris‘l
1648 1985 1781 2049 Non
1833 1986 2009 2047 enim
2066 1993 2242 2046 extra
2292 2002 2359 2045 se

855 2082 1099 2163 aliquid
1130 2083 1511 2161 intuebatur,
1538 2092 1606 2145 ut
1643 2085 1996 2146 secundum
2030 2083 2192 2145 illud
2221 2102 2360 2146 con-

857 2180 1147 2243 stitueret
1211 2183 1381 2262 quod
1450 2182 1894 2244 constituebat.
1960 2180 2049 2243 Ex
2117 2180 2358 2262 quibus

856 2287 1119 2353 constat,
1165 2280 1335 2360 quod
1379 2280 1640 2361 quidam
1686 2280 1967 2342 dicentes
2015 2280 2221 2342 ideam
2263 2298 2361 2340 es-

856 2395 924 2439 se
978 2396 1110 2439 rem
1162 2387 1434 2440 creatam
1485 2386 1547 2440 et
1597 2379 1912 2458 cognitam
1962 2377 2359 2458 objectaliter

855 2477 1367 2559 contemplatam,
1424 2496 1548 2539 non
1600 2477 1911 2540 rationem
1963 2477 2028 2538 in
2079 2477 2221 2539 luce
2269 2475 2361 2537 di-

854 2576 1020 2638 vinae
1050 2576 1279 2637 mentis
1309 2576 1736 2651 exsistentem,
1767 2574 2210 2638 contradicunt
2239 2575 2360 2636 Au-

854 2674 1132 2754 gustino.

934 2772 1200 2854 Insuper
1242 2771 1539 2853 Origenes
1585 2772 1689 2834 hic
1738 2772 1825 2833 ait
1860 2791 1873 2833 :
1910 2772 2114 2834 Potest
2159 2781 2221 2834 et
2265 2773 2357 2834 sic

854 2870 1181 2951 distingui,
1205 2869 1379 2942 Quod
1411 2870 1648 2932 factum
1678 2878 1772 2932 est
1802 2870 1869 2931 in
1901 2870 2072 2952 ipso3
2099 2879 2160 2931 et
2193 2880 2358 2951 post-

854 2985 927 3029 ea
968 2968 1235 3043 dicatur,
1271 2968 1409 3029 Vita
1452 2976 1585 3029 erat
1618 2987 1631 3030 :
1670 2976 1739 3029 ut
1784 2970 1867 3029 sit
1906 2986 2129 3030 sensus
2166 2987 2179 3031 ε
2215 2968 2358 3031 Om-

2475 805 2647 867 sonis
2685 813 2746 867 et
2792 823 3174 887 unaquaque
3217 822 3457 878 earum,
3491 802 3574 864 sit
3616 802 3835 864 eadem
3877 820 3980 863 ra·-

2475 903 2563 965 tio
2605 904 2984 986 exemplaris
3022 912 3214 985 atque
3253 901 3618 965 indistincta
3659 901 3818 963 idea.
3853 899 3980 961 lta-

2475 1019 2602 1081 que
2641 1020 2829 1065 omne
2873 1003 3046 1084 quod
3100 1000 3339 1063 factum
3394 1009 3508 1074 θεῖ,
3564 999 3640 1061 fit
3685 998 3784 1061 vel
3827 996 3973 1071 fiet,

2475 1106 2571 1160 est
2598 1100 2725 1163 vita
2755 1101 2820 1163 in
2847 1100 3072 1176 Verbo,
3094 1100 3158 1163 id
3189 1108 3306 1179 est,
3327 1099 3683 1161 secundum
3714 1096 3976 1161 vitalem

2474 1195 2680 1260 ideam
2736 1198 3117 1282 praeexsistit
3164 1198 3230 1260 in
3281 1197 3423 1280 ipso
3476 1216 3489 1260 ε
3544 1204 3606 1258 et
3659 1196 3794 1258 baec
3843 1194 3978 1255 vita

2474 1304 2569 1357 est
2616 1298 2832 1361 divina
2881 1298 3174 1371 essentia,
3219 1315 3364 1378 quae
3411 1303 3507 1357 est
3551 1295 3681 1357 vita
3725 1302 3788 1355 et
3837 1294 3974 1356 lux.

2562 1399 2648 1457 Ec
2677 1402 2818 1459 vita
2844 1407 2982 1458 erat
3012 1402 3128 1457 lua>
3154 1397 3516 1457 hominum.
3551 1393 3666 1455 Hic
3695 1394 3978 1454 sumitur

2475 1500 2602 1562 vita
2641 1496 3058 1581 personaliter
3098 1513 3214 1576 pro
3253 1492 3575 1576 hypostasi
3609 1491 3822 1565 Verbi,
3857 1508 3974 1553 seu

2472 1598 2612 1679 ipso
2656 1596 2860 1658 Verbo
2911 1594 3317 1656 subsistente.
3361 1591 3520 1665 Vita,
3566 1591 3630 1653 id
3669 1598 3786 1663 est,
3819 1588 3978 1651 Ver-

2469 1695 2623 1757 bum
2677 1695 2780 1757 Dei
2836 1694 3078 1766 vivenS,
3123 1700 3185 1753 et
3235 1691 3380 1754 vitae
3425 1688 3820 1772 principium
3859 1688 3974 1769 (de

2469 1814 2600 1875 quo
2648 1794 2878 1874 legitur
2931 1811 2944 1854 :

2469 1989 2733 2052 luminis
2792 1987 3095 2050 naturalis
3155 1984 3417 2066 ingenii,
3469 1991 3658 2065 atque
3715 1983 3974 2046 infusor

2470 2086 2732 2150 luminis
2766 2086 3004 2167 gratiae.
3037 2082 3355 2165 Quidquid
3395 2083 3567 2144 enim
3607 2080 3976 2144 intellectu-

2467 2186 2584 2247 alis
2643 2185 2965 2259 claritatis,
3020 2182 3264 2246 decoris
3313 2189 3376 2243 et
3425 2167 3838 2263 perfectionis
3901 2180 3970 2242 in

2471 2284 2841 2347 hominibus
2902 2282 3238 2365 reperitur,
3289 2299 3328 2341 a
3373 2279 3577 2342 Verbo
3635 2297 3747 2340 seu
3811 2278 3974 2342 Filio

2470 2383 2577 2444 Dei
2621 2382 2927 2465 profluxit
2963 2388 3025 2442 et
3055 2382 3259 2453 datur,
3294 2397 3330 2440 a
3358 2396 3488 2460 quo
3525 2378 3687 2441 dona
3725 2386 3976 2439 naturae

2470 2489 2531 2542 et
2562 2482 2780 2562 gratiae
2818 2481 3204 2543 derivantur.
3239 2477 3480 2539 Dicitur
3509 2494 3656 2557 ergo
3685 2476 3976 2538 Verbum

2467 2581 2578 2641 lux
2629 2588 2859 2655 nostra,
2913 2578 3096 2660 quasi
3157 2596 3346 2639 causa
3403 2583 3632 2638 nostrae
3689 2574 3976 2637 illustra—

2467 2678 2679 2753 tioniS‚
2730 2676 3101 2740 illuminans
3151 2693 3264 2738 nos
3315 2675 3392 2737 ad
3443 2673 3808 2736 divinorum
3859 2692 3974 2736 co·

2465 2778 2840 2858 gnitionem,
2873 2784 3064 2857 atque
3109 2774 3463 2857 perducens
3507 2772 3585 2834 ad
3626 2771 3974 2834 beatitudi-

2470 2895 2613 2938 nem
2673 2874 3220 2958 supernaturalem
3284 2890 3400 2954 per
3457 2870 3974 2952 supernaturalia

2466 2976 2630 3037 dona
2668 2974 2941 3056 Spiritus
2981 2971 3213 3045 Sancti,
3248 2970 3415 3032 sicut
3449 2968 3538 3031 ait
3568 2969 3914 3050 Apostolus
3951 2988 3966 3032 :

2996 1790 3303 1864 Quoniam
3351 1789 3518 1871 apud
3567 1796 3630 1849 te
3679 1795 3776 1849 est
3822 1786 3972 1849 fons
4041 1809 4238 1853 Ριιω.

860 1887 1132 1950 rationes
1192 1888 1300 1950 ubi
1358 1906 1497 1949 esse
1552 1887 1995 1950 arbitrandum
2053 1894 2170 1961 est,
2235 1886 2355 1948 nisi
2397 1896 2442 1959 Β
2473 1892 2663 1972 vitae),
2713 1900 2846 1953 erat
2901 1890 3010 1951 lux
3067 1888 3423 1961 hominum,
3477 1888 3596 1950 hoc
3643 1894 3740 1948 est
3789 1887 3972 1949 dator
4003 1874 4066 1914 ¹⁰·

853 3067 961 3128 nia
1010 3084 1122 3149 per
1169 3067 1384 3148 ipsum
1432 3074 1495 3129 et
1543 3067 1609 3128 in
1662 3068 1801 3149 ipso
1856 3067 2017 3129 facta
2068 3075 2238 3141 sunt,
2292 3075 2436 3138 etc
2466 3074 2670 3136 Gratia
2730 3073 2834 3135 Dei
2887 3072 3015 3135 vita
3071 3079 3323 3133 aeterna.
3377 3068 3538 3130 Hinc
3595 3068 3748 3130 dicit
3794 3068 3974 3131 Psal-
3999 3088 4225 3133 nomas.
4265 3030 4267 3112 l

854 3164 921 3226 in
961 3165 1100 3247 ipso
1141 3166 1317 3227 unita
1356 3173 1607 3228 suntet
1648 3185 1846 3227 unum
1888 3174 2058 3227 sunt.
2105 3167 2172 3228 ln
2214 3168 2354 3249 ipso
2467 3173 2652 3234 mista
2712 3191 2725 3235 :
2783 3170 3111 3251 Signatum
3167 3176 3264 3230 est
3321 3186 3513 3250 super
3571 3186 3683 3230 nos
3741 3166 3968 3229 lumen
4029 3186 4206 3228 Pana.

855 3263 1029 3326 enim
1070 3272 1268 3338 erant,
1312 3264 1463 3345 quia
1508 3264 1573 3325 in
1619 3264 1759 3346 ipso
1804 3265 2161 3327 subsistunt
2211 3286 2357 3329 cau-

856 3362 1071 3425 saliter
1119 3362 1495 3444 priusquam
1554 3363 1681 3424 sint
1730 3362 1795 3424 in
1854 3364 2215 3445 semetipsis
2265 3365 2357 3427 ef-

855 3458 1108 3523 fective.
1142 3459 1262 3522 Sed
1302 3461 1353 3522 si
1389 3461 1742 3541 quaesieriS‚
1779 3464 2097 3542 quomodo
2126 3470 2191 3525 et
2229 3482 2356 3544 qua

857 3561 1097 3623 ratione
1127 3560 1340 3623 omnia
1366 3578 1510 3640 quae
1542 3578 1655 3642 per
1686 3560 1960 3621 Verbum
1994 3560 2159 3623 facta
2189 3571 2349 3637 sunt,

855 3658 922 3721 in
962 3659 1101 3741 ipso
1133 3659 1407 3722 vitaliter
1446 3668 1508 3721 et
1548 3658 1951 3723 uniformiter
1988 3667 2179 3741 atque
2218 3681 2356 3723 cau-

856 3757 1070 3819 saliter
1130 3756 1506 3831 subsistunt,
1568 3757 1785 3839 accipe
1848 3758 2215 3839 exemplum
2277 3778 2354 3822 ex

858 3864 1287 3918 creaturarum
1357 3863 1598 3917 natura.
1662 3856 1969 3938 Conspice
2034 3861 2354 3939 quomodo

857 3954 1144 4017 omnium
1190 3972 1401 4015 rerum
1449 3974 1607 4035 quas
1657 3955 1881 4016 mundi
1923 3954 2115 4035 hujus
2157 3958 2356 4017 sensi-

857 4052 1006 4113 bilis
1034 4050 1374 4132 globositas
1407 4053 1887 4133 comprehendit
1917 4073 2137 4128 causae,
2164 4055 2352 4117 simul

857 4159 921 4212 et
964 4150 1368 4213 uniformiter
1408 4150 1471 4212 in
1513 4152 1665 4225 sole,
1708 4152 1819 4233 qui
1861 4161 1955 4213 est
2006 4154 2354 4215 maximum

2470 3272 2681 3334 vultus
2731 3270 2846 3345 tui,
2903 3268 3185 3332 Domine.
3238 3265 3358 3329 Sed
3406 3266 3731 3347 quoniam,
3781 3266 3972 3346 juxta

2468 3368 2758 3431 divinum
2801 3367 3192 3450 Dionysium,
3227 3364 3402 3427 nulla
3431 3372 3715 3426 creatura
3744 3364 3828 3427 sit
3859 3384 3976 3427 ex-

2469 3487 2613 3552 pers
2655 3464 3157 3551 participationis
3188 3465 3350 3526 lucis
3380 3464 3633 3538 divinae,
3669 3482 3783 3525 cur
3811 3463 3974 3526 Ver-

2466 3567 2620 3629 bum
2671 3585 2784 3627 seu
2835 3566 2962 3627 vita
3013 3566 3147 3627 haec
3195 3562 3552 3645 appellatur
3599 3562 3972 3644 specialiter

2468 3666 2576 3727 lux
2630 3664 3008 3728 bominum?
3059 3661 3134 3725 Et
3190 3661 3702 3743 respondendum
3751 3660 3972 3743 dupli·

2469 3763 2626 3827 citer
2660 3783 2672 3826 :
2708 3762 2938 3837 Prim0,
2985 3761 3138 3843 quia
3179 3759 3243 3821 in
3288 3761 3408 3824 hoc
3449 3759 3614 3822 libro
3659 3766 3972 3822 tractatur

2469 3864 2545 3925 de
2595 3862 2797 3925 Verbo
2858 3868 3044 3942 prout
3087 3860 3357 3921 salvator
3403 3866 3499 3920 est
3541 3858 3792 3939 generis
3843 3858 3972 3921 hu-

2468 3959 2661 4033 mani,
2705 3959 2983 4041 eripiens
3035 3977 3147 4021 nos
3188 3976 3225 4019 a
3266 3956 3544 4019 tenebris
3593 3956 3970 4037 ignorantiae
3999 3976 4218 4020 tranas.

2467 4066 2529 4121 et
2573 4058 2834 4141 peccati,
2879 4055 3394 4136 transferensque
3436 4055 3512 4116 ad
3561 4054 3773 4117 lumen
3819 4072 3970 4135 gra-

2466 4158 2570 4221 tiae
2618 4158 2682 4218 in
2734 4155 3052 4239 praesenti,
3104 4163 3296 4236 atque
3344 4154 3422 4215 ad
3482 4153 3692 4215 lumen
3740 4152 3968 4234 gloriae

858 4250 1082 4311 mundi
1114 4250 1447 4323 luminare,
1477 4250 1863 4330 subsistunt3
1899 4253 2217 4332 quomodo
2251 4273 2358 4315 nu·
2386 4260 2435 4321 D
2466 4258 2530 4317 in
2573 4256 2808 4318 futuro.
2851 4254 3161 4329 Secundo,
3196 4252 3496 4334 quoniam
3537 4252 3701 4314 inter
3736 4270 3966 4314 omnes

859 4348 1187 4410 morositas
1238 4348 1578 4409 herbarum
1628 4356 1689 4410 et
1727 4349 2076 4424 fructuum,
2123 4350 2186 4411 in
2229 4353 2357 4414 sin-

856 4446 1023 4527 gulis
1082 4446 1436 4509 seminibus
1496 4447 1685 4508 simul
1748 4448 2149 4528 continetur3
2202 4470 2356 4530 quo-

860 4546 1045 4608 modo
1084 4544 1471 4627 multiplices
1518 4546 1769 4625 regulis,
1807 4547 1870 4607 in
1915 4554 2047 4609 arte
2085 4548 2354 4611 artificis

860 4664 1058 4706 unum
1103 4652 1291 4724 sunt;
1335 4646 1653 4724 quomodo
1698 4644 1992 4707 infinitus
2039 4646 2354 4709 linearum

858 4761 1186 4816 numeruS,
1233 4743 1295 4803 in
1340 4763 1465 4805 uno
1510 4752 1745 4824 puncto
1793 4763 1991 4805 unum
2037 4746 2349 4808 subsistit.

855 4840 944 4903 Ex
994 4843 1092 4904 his
1143 4841 1537 4903 naturalibus
1597 4843 1929 4923 exempliS,
1985 4844 2161 4905 velut
2215 4846 2356 4926 phi-

855 4939 1197 5022 losophicae
1238 4940 1498 5002 theoriae
1544 4940 1795 5021 penniS,
1840 4942 2075 5023 poteris
2126 4962 2356 5005 arcana

853 5037 1041 5100 Verbi
1085 5037 1221 5100 acie
1272 5038 1502 5099 mentis
1552 5039 1891 5119 inspicere,
1936 5048 1997 5100 et
2041 5050 2352 5121 quantum

854 5137 1038 5198 datur
1080 5137 1376 5199 humanis
1423 5136 1796 5210 rationibuS,
1834 5138 2049 5201 videre
2087 5158 2356 5220 quomo-

857 5236 938 5298 do
976 5235 1189 5297 omnia
1225 5254 1369 5316 quae
1408 5253 1522 5317 per
1561 5233 1837 5298 Verbum
1878 5245 2027 5298 sunt
2068 5236 2249 5313 facta,
2288 5238 2352 5299 in

861 5334 1001 5416 ipso
1044 5333 1269 5396 vivunt
1308 5342 1369 5395 et
1412 5333 1575 5396 facta
1616 5344 1785 5396 sunt.

2466 4362 2783 4417 creaturas
2840 4351 3200 4433 corporales
3258 4358 3320 4412 ct
3375 4349 3729 4424 inferioreS‚
3783 4351 3966 4412 solus

2465 4454 2656 4515 homo
2711 4452 2788 4512 ad
2847 4450 3044 4512 Deum
3103 4448 3494 4511 convertitur
3543 4456 3606 4509 et
3658 4447 3968 4529 pertingit

2467 4570 2582 4633 per
2636 4550 3032 4612 intellectum
3092 4556 3155 4609 et
3213 4547 3601 4611 voluntatem
3655 4566 3668 4608 :
3719 4546 3963 4611 idcirco

2466 4648 2824 4730 specialiter
2855 4646 3207 4707 illustratur
3234 4664 3270 4705 a
3301 4644 3524 4714 Verbo,
3549 4652 3850 4725 tanquam
3881 4646 3962 4707 ad

2465 4746 2572 4808 Dei
2619 4745 2958 4826 imaginem
3003 4743 3226 4805 factus,

2547 4848 2629 4906 Et
2673 4848 2792 4904 lum
2836 4843 2976 4917 ista,
3021 4840 3317 4905 videlicet
3361 4839 3660 4914 Verbum,
3702 4840 3782 4901 de
3829 4858 3962 4921 quo

4093 4850 4124 4903 5

2463 4950 2788 5005 cantamus
2840 4943 2905 5003 in
2954 4941 3197 5003 Psalmo
3243 4958 3257 5002 :
3303 4940 3370 5000 ln
3420 4938 3662 5000 lumine
3706 4946 3820 5001 tuo
3869 4938 3966 5003 vi-
4025 4958 4209 5000 rann,
4254 4950 4255 5024 l

2465 5042 2754 5103 debimus
2784 5041 3038 5116 lumen;
3072 5042 3144 5099 in
3179 5040 3446 5100 tenebris
3477 5041 3660 5109 lucet,
3689 5036 3808 5100 1106
3835 5047 3956 5113 est,
3987 5024 4048 5065 ¹⁰·

2463 5141 2628 5202 inter
2659 5156 2989 5221 perversos
3017 5138 3261 5201 ludaeos
3291 5136 3787 5210 conversatione,
3807 5154 3962 5218 prae-

2464 5239 2776 5301 dicatione
2835 5244 2896 5299 et
2958 5236 3156 5317 signis
3218 5235 3630 5318 resplenduit.
3692 5233 3828 5308 Vel,
3890 5234 3960 5296 ln

2461 5336 2742 5400 tenebris
2795 5337 2984 5411 lucet,
3041 5334 3161 5398 hoc
3211 5342 3326 5409 est,
3380 5334 3447 5395 in
3495 5333 3793 5397 cordibus
3841 5333 3964 5395 im-

4251 5250 4253 5344 Ν

4249 5504 4251 5662 s

4247 5882 4250 5983 l

4263 3306 4265 3430 l
