<?xml version="1.0" encoding="UTF-8"?>
<!DOCTYPE html PUBLIC "-//W3C//DTD XHTML 1.0 Transitional//EN"
    "http://www.w3.org/TR/xhtml1/DTD/xhtml1-transitional.dtd">
<html xmlns="http://www.w3.org/1999/xhtml" xml:lang="en" lang="en">
 <head>
  <title>
</title>
<meta http-equiv="Content-Type" content="text/html;charset=utf-8" />
  <meta name='ocr-system' content='tesseract 3.04.00' />
  <meta name='ocr-capabilities' content='ocr_page ocr_carea ocr_par ocr_line ocrx_word'/>
</head>
<body>
  <div class='ocr_page' id='page_1' title='image "./doctorisecstati09unkngoog_0182.png"; bbox 0 0 4300 6259; ppageno 0'>
   <div class='ocr_carea' id='block_1_1' title="bbox 548 1365 809 1424">
    <p class='ocr_par' dir='ltr' id='par_1_1' title="bbox 548 1365 809 1424">
     <span class='ocr_line' id='line_1_1' title="bbox 548 1365 809 1424; baseline 0.004 -14"><span class='ocrx_word' id='word_1_1' title='bbox 548 1365 659 1424; x_wconf 80' lang='lat' dir='ltr'>Sap.</span> <span class='ocrx_word' id='word_1_2' title='bbox 674 1371 809 1420; x_wconf 77' lang='lat' dir='ltr'>xt,17.</span> 
     </span>
    </p>
   </div>
   <div class='ocr_carea' id='block_1_2' title="bbox 844 463 963 538">
    <p class='ocr_par' dir='ltr' id='par_1_2' title="bbox 844 463 963 538">
     <span class='ocr_line' id='line_1_2' title="bbox 844 463 963 538; baseline 0.025 -3"><span class='ocrx_word' id='word_1_3' title='bbox 844 463 963 538; x_wconf 79' lang='lat'>‘130</span> 
     </span>
    </p>
   </div>
   <div class='ocr_carea' id='block_1_3' title="bbox 1606 489 3178 542">
    <p class='ocr_par' dir='ltr' id='par_1_3' title="bbox 1606 489 3178 542">
     <span class='ocr_line' id='line_1_3' title="bbox 1606 489 3178 542; baseline 0.001 -3"><span class='ocrx_word' id='word_1_4' title='bbox 1606 489 1955 540; x_wconf 66' lang='lat' dir='ltr'>mannum</span> <span class='ocrx_word' id='word_1_5' title='bbox 1996 491 2061 540; x_wconf 76' lang='lat' dir='ltr'>m</span> <span class='ocrx_word' id='word_1_6' title='bbox 2102 491 2243 540; x_wconf 74' lang='lat' dir='ltr'>CAP.</span> <span class='ocrx_word' id='word_1_7' title='bbox 2289 491 2394 539; x_wconf 71' lang='lat' dir='ltr'>xv!</span> <span class='ocrx_word' id='word_1_8' title='bbox 2437 491 2625 540; x_wconf 73' lang='lat' dir='ltr'>LUCAE.</span> <span class='ocrx_word' id='word_1_9' title='bbox 2672 513 2754 524; x_wconf 86' lang='lat'><strong><em>-···</em></strong></span> <span class='ocrx_word' id='word_1_10' title='bbox 2793 494 2936 541; x_wconf 73' lang='grc' dir='ltr'>ΛΒΤ.</span> <span class='ocrx_word' id='word_1_11' title='bbox 2981 493 3178 542; x_wconf 77' lang='lat' dir='ltr'>mlx</span> 
     </span>
    </p>
   </div>
   <div class='ocr_carea' id='block_1_4' title="bbox 840 662 3939 746">
    <p class='ocr_par' dir='ltr' id='par_1_4' title="bbox 840 662 3939 746">
     <span class='ocr_line' id='line_1_4' title="bbox 840 662 3939 746; baseline 0 -22"><span class='ocrx_word' id='word_1_12' title='bbox 840 662 1117 724; x_wconf 89' lang='lat' dir='ltr'>munitas</span> <span class='ocrx_word' id='word_1_13' title='bbox 1165 663 1497 726; x_wconf 88' lang='lat' dir='ltr'>hominum</span> <span class='ocrx_word' id='word_1_14' title='bbox 1556 664 1755 745; x_wconf 84' lang='lat' dir='ltr'>magis</span> <span class='ocrx_word' id='word_1_15' title='bbox 1805 664 2139 746; x_wconf 87' lang='lat' dir='ltr'>intelligat,</span> <span class='ocrx_word' id='word_1_16' title='bbox 2193 682 2338 746; x_wconf 78' lang='lat' dir='ltr'>quae</span> <span class='ocrx_word' id='word_1_17' title='bbox 2365 663 2418 725; x_wconf 88' lang='grc' dir='ltr'>Α</span> <span class='ocrx_word' id='word_1_18' title='bbox 2448 664 2734 746; x_wconf 88' lang='lat' dir='ltr'>reprobis</span> <span class='ocrx_word' id='word_1_19' title='bbox 2773 665 2951 727; x_wconf 89' lang='lat' dir='ltr'>dura.</span> <span class='ocrx_word' id='word_1_20' title='bbox 2987 665 3200 729; x_wconf 92' lang='lat' dir='ltr'>Potius</span> <span class='ocrx_word' id='word_1_21' title='bbox 3240 665 3433 746; x_wconf 90' lang='lat' dir='ltr'>igitur</span> <span class='ocrx_word' id='word_1_22' title='bbox 3475 671 3571 726; x_wconf 82' lang='lat' dir='ltr'>est</span> <span class='ocrx_word' id='word_1_23' title='bbox 3613 663 3680 725; x_wconf 91' lang='lat' dir='ltr'>in</span> <span class='ocrx_word' id='word_1_24' title='bbox 3719 664 3939 726; x_wconf 86' lang='lat' dir='ltr'>adver-—</span> 
     </span>
    </p>
   </div>
   <div class='ocr_carea' id='block_1_5' title="bbox 840 760 2333 845">
    <p class='ocr_par' dir='ltr' id='par_1_5' title="bbox 840 760 2333 845">
     <span class='ocr_line' id='line_1_5' title="bbox 840 760 2333 845; baseline 0.001 -23"><span class='ocrx_word' id='word_1_25' title='bbox 840 760 1194 841; x_wconf 77' lang='lat' dir='ltr'><strong>spiritualia</strong></span> <span class='ocrx_word' id='word_1_26' title='bbox 1244 762 1310 824; x_wconf 91' lang='lat' dir='ltr'>in</span> <span class='ocrx_word' id='word_1_27' title='bbox 1354 781 1467 824; x_wconf 89' lang='lat' dir='ltr'>sua</span> <span class='ocrx_word' id='word_1_28' title='bbox 1513 763 1923 845; x_wconf 80' lang='lat' dir='ltr'>simplicitate</span> <span class='ocrx_word' id='word_1_29' title='bbox 1970 782 2096 826; x_wconf 95' lang='lat' dir='ltr'>non</span> <span class='ocrx_word' id='word_1_30' title='bbox 2142 763 2333 844; x_wconf 83' lang='lat' dir='ltr'>capit.</span> 
     </span>
    </p>
   </div>
   <div class='ocr_carea' id='block_1_6' title="bbox 2445 763 3938 846">
    <p class='ocr_par' dir='ltr' id='par_1_6' title="bbox 2445 763 3938 846">
     <span class='ocr_line' id='line_1_6' title="bbox 2445 763 3938 846; baseline -0.001 -21"><span class='ocrx_word' id='word_1_31' title='bbox 2445 763 2532 826; x_wconf 93' lang='lat' dir='ltr'>sis</span> <span class='ocrx_word' id='word_1_32' title='bbox 2571 783 2766 845; x_wconf 92' lang='lat' dir='ltr'>quam</span> <span class='ocrx_word' id='word_1_33' title='bbox 2806 764 2870 826; x_wconf 93' lang='lat' dir='ltr'>in</span> <span class='ocrx_word' id='word_1_34' title='bbox 2913 765 3234 846; x_wconf 89' lang='lat' dir='ltr'>prosperis</span> <span class='ocrx_word' id='word_1_35' title='bbox 3267 763 3686 845; x_wconf 88' lang='lat' dir='ltr'>gloriandum,</span> <span class='ocrx_word' id='word_1_36' title='bbox 3718 781 3938 844; x_wconf 88' lang='lat' dir='ltr'>quem-</span> 
     </span>
    </p>
   </div>
   <div class='ocr_carea' id='block_1_7' title="bbox 839 861 4206 944">
    <p class='ocr_par' dir='ltr' id='par_1_7' title="bbox 839 861 4206 944">
     <span class='ocr_line' id='line_1_7' title="bbox 839 861 4206 944; baseline -0.001 -24"><span class='ocrx_word' id='word_1_37' title='bbox 839 861 926 920; x_wconf 79' lang='lat' dir='ltr'>Ec</span> <span class='ocrx_word' id='word_1_38' title='bbox 956 861 1296 938; x_wconf 73' lang='lat' dir='ltr'>refriyerec</span> <span class='ocrx_word' id='word_1_39' title='bbox 1327 863 1627 939; x_wconf 70' lang='lat' dir='ltr'>linquam</span> <span class='ocrx_word' id='word_1_40' title='bbox 1658 883 1863 923; x_wconf 83' lang='lat' dir='ltr'>meam</span> <span class='ocrx_word' id='word_1_41' title='bbox 1885 883 1908 921; x_wconf 92' lang='lat'>.·</span> <span class='ocrx_word' id='word_1_42' title='bbox 1933 863 1997 923; x_wconf 92' lang='lat' dir='ltr'>in</span> <span class='ocrx_word' id='word_1_43' title='bbox 2029 881 2158 944; x_wconf 86' lang='lat' dir='ltr'>qua</span> <span class='ocrx_word' id='word_1_44' title='bbox 2185 861 2340 943; x_wconf 85' lang='lat' dir='ltr'>quia</span> <span class='ocrx_word' id='word_1_45' title='bbox 2443 862 2786 925; x_wconf 81' lang='lat' dir='ltr'>admodum</span> <span class='ocrx_word' id='word_1_46' title='bbox 2832 863 3098 926; x_wconf 76' lang='lat' dir='ltr'>lacobus</span> <span class='ocrx_word' id='word_1_47' title='bbox 3141 863 3297 925; x_wconf 86' lang='lat' dir='ltr'>dicit</span> <span class='ocrx_word' id='word_1_48' title='bbox 3337 882 3352 925; x_wconf 73' lang='grc' dir='ltr'>ε</span> <span class='ocrx_word' id='word_1_49' title='bbox 3395 861 3593 924; x_wconf 82' lang='lat' dir='ltr'>Omne</span> <span class='ocrx_word' id='word_1_50' title='bbox 3637 861 3936 941; x_wconf 84' lang='lat' dir='ltr'>gaudium</span> <span class='ocrx_word' id='word_1_51' title='bbox 3965 875 4206 921; x_wconf 56' lang='lat' dir='ltr'>samana</span> 
     </span>
    </p>
   </div>
   <div class='ocr_carea' id='block_1_8' title="bbox 836 958 2342 1828">
    <p class='ocr_par' dir='ltr' id='par_1_8' title="bbox 836 958 2342 1828">
     <span class='ocr_line' id='line_1_8' title="bbox 841 958 2341 1042; baseline 0.001 -23"><span class='ocrx_word' id='word_1_52' title='bbox 841 958 1039 1038; x_wconf 87' lang='lat' dir='ltr'>magis</span> <span class='ocrx_word' id='word_1_53' title='bbox 1079 959 1382 1040; x_wconf 88' lang='lat' dir='ltr'>peccavit,</span> <span class='ocrx_word' id='word_1_54' title='bbox 1417 968 1543 1022; x_wconf 90' lang='lat' dir='ltr'>tam</span> <span class='ocrx_word' id='word_1_55' title='bbox 1585 979 1700 1042; x_wconf 89' lang='lat' dir='ltr'>per</span> <span class='ocrx_word' id='word_1_56' title='bbox 1736 960 2186 1024; x_wconf 79' lang='lat' dir='ltr'><strong>delectationes</strong></span> <span class='ocrx_word' id='word_1_57' title='bbox 2223 978 2341 1039; x_wconf 87' lang='lat' dir='ltr'>gu-</span> 
     </span>
     <span class='ocr_line' id='line_1_9' title="bbox 840 1057 2341 1141; baseline 0.001 -23"><span class='ocrx_word' id='word_1_58' title='bbox 840 1062 974 1118; x_wconf 89' lang='lat' dir='ltr'>stus</span> <span class='ocrx_word' id='word_1_59' title='bbox 1019 1057 1082 1118; x_wconf 92' lang='lat' dir='ltr'>in</span> <span class='ocrx_word' id='word_1_60' title='bbox 1123 1057 1283 1120; x_wconf 86' lang='lat' dir='ltr'><strong>cibis</strong></span> <span class='ocrx_word' id='word_1_61' title='bbox 1328 1066 1391 1120; x_wconf 90' lang='lat' dir='ltr'>et</span> <span class='ocrx_word' id='word_1_62' title='bbox 1436 1059 1713 1140; x_wconf 80' lang='lat' dir='ltr'>potibuS,</span> <span class='ocrx_word' id='word_1_63' title='bbox 1748 1077 1944 1140; x_wconf 90' lang='lat' dir='ltr'>quam</span> <span class='ocrx_word' id='word_1_64' title='bbox 1988 1077 2103 1141; x_wconf 90' lang='lat' dir='ltr'>per</span> <span class='ocrx_word' id='word_1_65' title='bbox 2146 1058 2341 1122; x_wconf 90' lang='lat' dir='ltr'>verba</span> 
     </span>
     <span class='ocr_line' id='line_1_10' title="bbox 840 1155 2340 1240; baseline 0.003 -24"><span class='ocrx_word' id='word_1_66' title='bbox 840 1155 1075 1230; x_wconf 89' lang='lat' dir='ltr'>inania,</span> <span class='ocrx_word' id='word_1_67' title='bbox 1135 1175 1280 1238; x_wconf 80' lang='lat' dir='ltr'>quae</span> <span class='ocrx_word' id='word_1_68' title='bbox 1334 1157 1659 1220; x_wconf 88' lang='lat' dir='ltr'>abundant</span> <span class='ocrx_word' id='word_1_69' title='bbox 1723 1157 1788 1220; x_wconf 91' lang='lat' dir='ltr'>in</span> <span class='ocrx_word' id='word_1_70' title='bbox 1850 1158 2133 1240; x_wconf 81' lang='lat' dir='ltr'>crapula,</span> <span class='ocrx_word' id='word_1_71' title='bbox 2199 1158 2340 1220; x_wconf 90' lang='lat' dir='ltr'>ideo</span> 
     </span>
     <span class='ocr_line' id='line_1_11' title="bbox 838 1253 2342 1337; baseline 0.001 -23"><span class='ocrx_word' id='word_1_72' title='bbox 838 1253 1039 1334; x_wconf 85' lang='lat' dir='ltr'>magis</span> <span class='ocrx_word' id='word_1_73' title='bbox 1089 1263 1383 1336; x_wconf 82' lang='lat' dir='ltr'>precatur</span> <span class='ocrx_word' id='word_1_74' title='bbox 1432 1256 1791 1318; x_wconf 81' lang='lat' dir='ltr'>relevamen</span> <span class='ocrx_word' id='word_1_75' title='bbox 1844 1273 2050 1337; x_wconf 80' lang='lat' dir='ltr'>poenae</span> <span class='ocrx_word' id='word_1_76' title='bbox 2100 1257 2166 1318; x_wconf 90' lang='lat' dir='ltr'>in</span> <span class='ocrx_word' id='word_1_77' title='bbox 2219 1255 2342 1317; x_wconf 89' lang='lat' dir='ltr'>lin-</span> 
     </span>
     <span class='ocr_line' id='line_1_12' title="bbox 836 1351 2336 1436; baseline 0.002 -24"><span class='ocrx_word' id='word_1_78' title='bbox 836 1368 981 1432; x_wconf 89' lang='lat' dir='ltr'>gua.</span> <span class='ocrx_word' id='word_1_79' title='bbox 1025 1351 1142 1414; x_wconf 89' lang='lat' dir='ltr'>Per</span> <span class='ocrx_word' id='word_1_80' title='bbox 1182 1372 1326 1434; x_wconf 81' lang='lat' dir='ltr'>quae</span> <span class='ocrx_word' id='word_1_81' title='bbox 1374 1354 1545 1416; x_wconf 87' lang='lat' dir='ltr'>enim</span> <span class='ocrx_word' id='word_1_82' title='bbox 1596 1355 1743 1435; x_wconf 89' lang='lat' dir='ltr'>quis</span> <span class='ocrx_word' id='word_1_83' title='bbox 1789 1354 2048 1436; x_wconf 89' lang='lat' dir='ltr'>gravius</span> <span class='ocrx_word' id='word_1_84' title='bbox 2094 1362 2336 1436; x_wconf 88' lang='lat' dir='ltr'>peccat,</span> 
     </span>
     <span class='ocr_line' id='line_1_13' title="bbox 840 1450 2340 1535; baseline 0.001 -24"><span class='ocrx_word' id='word_1_85' title='bbox 840 1467 954 1532; x_wconf 91' lang='lat' dir='ltr'>per</span> <span class='ocrx_word' id='word_1_86' title='bbox 1003 1450 1138 1514; x_wconf 84' lang='lat' dir='ltr'>haec</span> <span class='ocrx_word' id='word_1_87' title='bbox 1184 1458 1247 1513; x_wconf 88' lang='lat' dir='ltr'>et</span> <span class='ocrx_word' id='word_1_88' title='bbox 1295 1453 1360 1514; x_wconf 92' lang='lat' dir='ltr'>in</span> <span class='ocrx_word' id='word_1_89' title='bbox 1411 1452 1511 1514; x_wconf 92' lang='lat' dir='ltr'>his</span> <span class='ocrx_word' id='word_1_90' title='bbox 1566 1452 1766 1533; x_wconf 84' lang='lat' dir='ltr'>magis</span> <span class='ocrx_word' id='word_1_91' title='bbox 1826 1453 2113 1535; x_wconf 91' lang='lat' dir='ltr'>punitur.</span> <span class='ocrx_word' id='word_1_92' title='bbox 2171 1455 2340 1522; x_wconf 82' lang='lat' dir='ltr'>Quia</span> 
     </span>
     <span class='ocr_line' id='line_1_14' title="bbox 836 1549 2341 1632; baseline 0.003 -24"><span class='ocrx_word' id='word_1_93' title='bbox 836 1550 1090 1610; x_wconf 81' lang='lat' dir='ltr'>crucior</span> <span class='ocrx_word' id='word_1_94' title='bbox 1126 1551 1200 1610; x_wconf 80' lang='lat' dir='ltr'>in</span> <span class='ocrx_word' id='word_1_95' title='bbox 1239 1553 1359 1611; x_wconf 76' lang='lat' dir='ltr'>hac</span> <span class='ocrx_word' id='word_1_96' title='bbox 1393 1554 1683 1628; x_wconf 79' lang='lat' dir='ltr'>flamma.</span> <span class='ocrx_word' id='word_1_97' title='bbox 1719 1549 2000 1623; x_wconf 87' lang='lat' dir='ltr'>Qualiter</span> <span class='ocrx_word' id='word_1_98' title='bbox 2048 1551 2341 1632; x_wconf 83' lang='lat' dir='ltr'>incorpo-</span> 
     </span>
     <span class='ocr_line' id='line_1_15' title="bbox 840 1647 2341 1731; baseline 0.003 -24"><span class='ocrx_word' id='word_1_99' title='bbox 840 1647 930 1708; x_wconf 88' lang='lat' dir='ltr'>rei</span> <span class='ocrx_word' id='word_1_100' title='bbox 977 1647 1240 1730; x_wconf 89' lang='lat' dir='ltr'>spiritus</span> <span class='ocrx_word' id='word_1_101' title='bbox 1280 1667 1584 1731; x_wconf 88' lang='lat' dir='ltr'>corporeo</span> <span class='ocrx_word' id='word_1_102' title='bbox 1620 1649 1765 1730; x_wconf 88' lang='lat' dir='ltr'>igne</span> <span class='ocrx_word' id='word_1_103' title='bbox 1804 1647 2198 1730; x_wconf 80' lang='lat' dir='ltr'><strong>affligantur,</strong></span> <span class='ocrx_word' id='word_1_104' title='bbox 2233 1650 2341 1712; x_wconf 93' lang='lat' dir='ltr'>do-</span> 
     </span>
     <span class='ocr_line' id='line_1_16' title="bbox 838 1746 2342 1828; baseline 0.001 -21"><span class='ocrx_word' id='word_1_105' title='bbox 838 1751 1038 1808; x_wconf 84' lang='lat' dir='ltr'>ctores</span> <span class='ocrx_word' id='word_1_106' title='bbox 1069 1763 1259 1828; x_wconf 90' lang='lat' dir='ltr'>super</span> <span class='ocrx_word' id='word_1_107' title='bbox 1287 1755 1583 1828; x_wconf 90' lang='lat' dir='ltr'>quartum</span> <span class='ocrx_word' id='word_1_108' title='bbox 1612 1746 2083 1809; x_wconf 76' lang='lat' dir='ltr'>Sententiarum</span> <span class='ocrx_word' id='word_1_109' title='bbox 2114 1748 2342 1810; x_wconf 90' lang='lat' dir='ltr'>descri-</span> 
     </span>
    </p>
   </div>
   <div class='ocr_carea' id='block_1_9' title="bbox 2445 959 3948 1829">
    <p class='ocr_par' dir='ltr' id='par_1_9' title="bbox 2445 959 3942 1121">
     <span class='ocr_line' id='line_1_17' title="bbox 2445 959 3942 1043; baseline 0 -22"><span class='ocrx_word' id='word_1_110' title='bbox 2445 960 2823 1032; x_wconf 87' lang='lat' dir='ltr'>existimate‚</span> <span class='ocrx_word' id='word_1_111' title='bbox 2843 960 3090 1034; x_wconf 81' lang='lat' dir='ltr'>fratreS,</span> <span class='ocrx_word' id='word_1_112' title='bbox 3110 980 3310 1043; x_wconf 90' lang='lat' dir='ltr'>quum</span> <span class='ocrx_word' id='word_1_113' title='bbox 3343 961 3408 1023; x_wconf 92' lang='lat' dir='ltr'>in</span> <span class='ocrx_word' id='word_1_114' title='bbox 3439 959 3813 1022; x_wconf 78' lang='lat' dir='ltr'>tentationes</span> <span class='ocrx_word' id='word_1_115' title='bbox 3844 978 3942 1021; x_wconf 91' lang='lat' dir='ltr'>va-</span> 
     </span>
     <span class='ocr_line' id='line_1_18' title="bbox 2448 1057 2990 1121; baseline 0.004 -3"><span class='ocrx_word' id='word_1_116' title='bbox 2448 1057 2572 1120; x_wconf 89' lang='lat' dir='ltr'>rias</span> <span class='ocrx_word' id='word_1_117' title='bbox 2616 1058 2990 1121; x_wconf 88' lang='lat' dir='ltr'>incideritis.</span> 
     </span>
    </p>

    <p class='ocr_par' dir='ltr' id='par_1_10' title="bbox 2447 1157 3948 1829">
     <span class='ocr_line' id='line_1_19' title="bbox 2547 1157 3944 1222; baseline -0.004 -1"><span class='ocrx_word' id='word_1_118' title='bbox 2547 1159 2745 1222; x_wconf 81' lang='lat' dir='ltr'>Nunc</span> <span class='ocrx_word' id='word_1_119' title='bbox 2801 1167 3018 1219; x_wconf 81' lang='lat' dir='ltr'>autem</span> <span class='ocrx_word' id='word_1_120' title='bbox 3075 1159 3181 1219; x_wconf 72' lang='lat' dir='ltr'>hic</span> <span class='ocrx_word' id='word_1_121' title='bbox 3230 1161 3596 1219; x_wconf 77' lang='lat' dir='ltr'>consolatur</span> <span class='ocrx_word' id='word_1_122' title='bbox 3650 1157 3715 1219; x_wconf 90' lang='lat' dir='ltr'>in</span> <span class='ocrx_word' id='word_1_123' title='bbox 3773 1163 3944 1218; x_wconf 86' lang='lat' dir='ltr'>certa</span> 
     </span>
     <span class='ocr_line' id='line_1_20' title="bbox 2449 1255 3942 1338; baseline -0.002 -22"><span class='ocrx_word' id='word_1_124' title='bbox 2449 1256 2917 1338; x_wconf 83' lang='lat' dir='ltr'>praestolatione</span> <span class='ocrx_word' id='word_1_125' title='bbox 2974 1255 3296 1318; x_wconf 83' lang='lat' dir='ltr'>felicitatis</span> <span class='ocrx_word' id='word_1_126' title='bbox 3353 1263 3624 1329; x_wconf 80' lang='lat' dir='ltr'>aeternae,</span> <span class='ocrx_word' id='word_1_127' title='bbox 3681 1265 3750 1316; x_wconf 76' lang='grc' dir='ltr'>ιιι</span> <span class='ocrx_word' id='word_1_128' title='bbox 3796 1273 3942 1314; x_wconf 84' lang='lat' dir='ltr'>vero</span> 
     </span>
     <span class='ocr_line' id='line_1_21' title="bbox 2447 1353 3948 1437; baseline 0 -23"><span class='ocrx_word' id='word_1_129' title='bbox 2447 1355 2768 1416; x_wconf 81' lang='lat' dir='ltr'>cruciaris</span> <span class='ocrx_word' id='word_1_130' title='bbox 2817 1355 3101 1417; x_wconf 89' lang='lat' dir='ltr'>cruciatu</span> <span class='ocrx_word' id='word_1_131' title='bbox 3153 1362 3482 1437; x_wconf 88' lang='lat' dir='ltr'>perpetuo.</span> <span class='ocrx_word' id='word_1_132' title='bbox 3533 1353 3948 1428; x_wconf 85' lang='lat' dir='ltr'>Quemadmo-</span> 
     </span>
     <span class='ocr_line' id='line_1_22' title="bbox 2449 1450 3944 1532; baseline -0.001 -18"><span class='ocrx_word' id='word_1_133' title='bbox 2449 1453 2600 1514; x_wconf 89' lang='lat' dir='ltr'>dum</span> <span class='ocrx_word' id='word_1_134' title='bbox 2649 1461 2863 1515; x_wconf 89' lang='lat' dir='ltr'>autem</span> <span class='ocrx_word' id='word_1_135' title='bbox 2910 1461 3426 1516; x_wconf 88' lang='lat' dir='ltr'>momentaneum</span> <span class='ocrx_word' id='word_1_136' title='bbox 3476 1458 3572 1513; x_wconf 89' lang='lat' dir='ltr'>est</span> <span class='ocrx_word' id='word_1_137' title='bbox 3619 1451 3787 1532; x_wconf 91' lang='lat' dir='ltr'>quod</span> <span class='ocrx_word' id='word_1_138' title='bbox 3838 1450 3944 1512; x_wconf 90' lang='lat' dir='ltr'>hic</span> 
     </span>
     <span class='ocr_line' id='line_1_23' title="bbox 2449 1547 3946 1632; baseline -0.002 -20"><span class='ocrx_word' id='word_1_139' title='bbox 2449 1550 2738 1626; x_wconf 87' lang='lat' dir='ltr'>delectat,</span> <span class='ocrx_word' id='word_1_140' title='bbox 2771 1560 3078 1613; x_wconf 80' lang='lat' dir='ltr'>aeternum</span> <span class='ocrx_word' id='word_1_141' title='bbox 3110 1569 3260 1614; x_wconf 89' lang='lat' dir='ltr'>vero</span> <span class='ocrx_word' id='word_1_142' title='bbox 3289 1550 3459 1632; x_wconf 92' lang='lat' dir='ltr'>quod</span> <span class='ocrx_word' id='word_1_143' title='bbox 3498 1549 3634 1611; x_wconf 90' lang='lat' dir='ltr'>illic</span> <span class='ocrx_word' id='word_1_144' title='bbox 3667 1547 3900 1611; x_wconf 89' lang='lat' dir='ltr'>cruciat</span> <span class='ocrx_word' id='word_1_145' title='bbox 3927 1569 3946 1626; x_wconf 83' lang='lat'>3</span> 
     </span>
     <span class='ocr_line' id='line_1_24' title="bbox 2449 1647 3948 1729; baseline 0 -21"><span class='ocrx_word' id='word_1_146' title='bbox 2449 1647 2536 1710; x_wconf 90' lang='lat' dir='ltr'>ita</span> <span class='ocrx_word' id='word_1_147' title='bbox 2568 1655 2630 1711; x_wconf 90' lang='lat' dir='ltr'>et</span> <span class='ocrx_word' id='word_1_148' title='bbox 2661 1657 3176 1711; x_wconf 87' lang='lat' dir='ltr'>momentaneum</span> <span class='ocrx_word' id='word_1_149' title='bbox 3206 1655 3303 1710; x_wconf 89' lang='lat' dir='ltr'>est</span> <span class='ocrx_word' id='word_1_150' title='bbox 3330 1648 3500 1729; x_wconf 91' lang='lat' dir='ltr'>quod</span> <span class='ocrx_word' id='word_1_151' title='bbox 3533 1647 3640 1709; x_wconf 90' lang='lat' dir='ltr'>hic</span> <span class='ocrx_word' id='word_1_152' title='bbox 3679 1665 3847 1708; x_wconf 90' lang='lat' dir='ltr'>nunc</span> <span class='ocrx_word' id='word_1_153' title='bbox 3875 1647 3948 1709; x_wconf 86' lang='lat' dir='ltr'>in</span> 
     </span>
     <span class='ocr_line' id='line_1_25' title="bbox 2449 1744 3948 1829; baseline -0.002 -21"><span class='ocrx_word' id='word_1_154' title='bbox 2449 1746 2580 1808; x_wconf 87' lang='lat' dir='ltr'>vita</span> <span class='ocrx_word' id='word_1_155' title='bbox 2637 1746 3030 1829; x_wconf 84' lang='lat' dir='ltr'>poenitentiae</span> <span class='ocrx_word' id='word_1_156' title='bbox 3077 1744 3666 1828; x_wconf 87' lang='lat' dir='ltr'>temporalibusque</span> <span class='ocrx_word' id='word_1_157' title='bbox 3721 1745 3948 1806; x_wconf 82' lang='lat' dir='ltr'>adver-</span> 
     </span>
    </p>
   </div>
   <div class='ocr_carea' id='block_1_10' title="bbox 830 1839 4218 3106">
    <p class='ocr_par' dir='ltr' id='par_1_11' title="bbox 836 1839 3946 1927">
     <span class='ocr_line' id='line_1_26' title="bbox 836 1839 3946 1927; baseline -0 -23"><span class='ocrx_word' id='word_1_158' title='bbox 836 1841 1013 1905; x_wconf 84' lang='lat' dir='ltr'>bunt.</span> <span class='ocrx_word' id='word_1_159' title='bbox 1036 1842 1401 1907; x_wconf 91' lang='lat' dir='ltr'>Communis</span> <span class='ocrx_word' id='word_1_160' title='bbox 1432 1852 1643 1907; x_wconf 90' lang='lat' dir='ltr'>autem</span> <span class='ocrx_word' id='word_1_161' title='bbox 1675 1846 2005 1927; x_wconf 87' lang='lat' dir='ltr'>responsio</span> <span class='ocrx_word' id='word_1_162' title='bbox 2032 1853 2141 1920; x_wconf 91' lang='lat' dir='ltr'>est,</span> <span class='ocrx_word' id='word_1_163' title='bbox 2166 1846 2337 1927; x_wconf 92' lang='lat' dir='ltr'>quod</span> <span class='ocrx_word' id='word_1_164' title='bbox 2374 1839 2422 1902; x_wconf 92' lang='lat' dir='ltr'>B</span> <span class='ocrx_word' id='word_1_165' title='bbox 2451 1845 2745 1907; x_wconf 86' lang='lat' dir='ltr'>sitatibus</span> <span class='ocrx_word' id='word_1_166' title='bbox 2786 1845 3048 1920; x_wconf 87' lang='lat' dir='ltr'>cruciat,</span> <span class='ocrx_word' id='word_1_167' title='bbox 3083 1852 3390 1908; x_wconf 86' lang='lat' dir='ltr'>aeternum</span> <span class='ocrx_word' id='word_1_168' title='bbox 3419 1851 3630 1905; x_wconf 89' lang='lat' dir='ltr'>autem</span> <span class='ocrx_word' id='word_1_169' title='bbox 3670 1843 3838 1924; x_wconf 92' lang='lat' dir='ltr'>quod</span> <span class='ocrx_word' id='word_1_170' title='bbox 3872 1842 3946 1904; x_wconf 89' lang='lat' dir='ltr'>in</span> 
     </span>
    </p>

    <p class='ocr_par' dir='ltr' id='par_1_12' title="bbox 834 1939 4218 2223">
     <span class='ocr_line' id='line_1_27' title="bbox 838 1939 3950 2024; baseline -0 -22"><span class='ocrx_word' id='word_1_171' title='bbox 838 1939 945 2002; x_wconf 90' lang='lat' dir='ltr'>ille</span> <span class='ocrx_word' id='word_1_172' title='bbox 985 1941 1171 2022; x_wconf 80' lang='lat' dir='ltr'>igniS,</span> <span class='ocrx_word' id='word_1_173' title='bbox 1217 1942 1281 2004; x_wconf 92' lang='lat' dir='ltr'>in</span> <span class='ocrx_word' id='word_1_174' title='bbox 1331 1951 1643 2024; x_wconf 88' lang='lat' dir='ltr'>quantum</span> <span class='ocrx_word' id='word_1_175' title='bbox 1692 1951 1787 2005; x_wconf 89' lang='lat' dir='ltr'>est</span> <span class='ocrx_word' id='word_1_176' title='bbox 1838 1943 2335 2006; x_wconf 89' lang='lat' dir='ltr'>instrumentum</span> <span class='ocrx_word' id='word_1_177' title='bbox 2447 1941 2665 2004; x_wconf 89' lang='lat' dir='ltr'>futura</span> <span class='ocrx_word' id='word_1_178' title='bbox 2706 1942 3124 2006; x_wconf 88' lang='lat' dir='ltr'>retributione</span> <span class='ocrx_word' id='word_1_179' title='bbox 3166 1942 3453 2004; x_wconf 90' lang='lat' dir='ltr'>delectat.</span> <span class='ocrx_word' id='word_1_180' title='bbox 3487 1939 3805 2021; x_wconf 80' lang='lat' dir='ltr'>Eligamus</span> <span class='ocrx_word' id='word_1_181' title='bbox 3843 1959 3950 2002; x_wconf 85' lang='lat' dir='ltr'>er—</span> 
     </span>
     <span class='ocr_line' id='line_1_28' title="bbox 836 2038 4218 2124; baseline -0.001 -23"><span class='ocrx_word' id='word_1_182' title='bbox 836 2039 1069 2102; x_wconf 82' lang='lat' dir='ltr'>divinae</span> <span class='ocrx_word' id='word_1_183' title='bbox 1113 2039 1398 2120; x_wconf 63' lang='lat' dir='ltr'>justitia»,</span> <span class='ocrx_word' id='word_1_184' title='bbox 1442 2042 1705 2123; x_wconf 91' lang='lat' dir='ltr'>spiritus</span> <span class='ocrx_word' id='word_1_185' title='bbox 1749 2043 2200 2106; x_wconf 89' lang='lat' dir='ltr'>condemnatos</span> <span class='ocrx_word' id='word_1_186' title='bbox 2246 2042 2338 2104; x_wconf 86' lang='lat' dir='ltr'>af-</span> <span class='ocrx_word' id='word_1_187' title='bbox 2445 2059 2526 2122; x_wconf 89' lang='lat' dir='ltr'>go</span> <span class='ocrx_word' id='word_1_188' title='bbox 2561 2060 2707 2103; x_wconf 92' lang='lat' dir='ltr'>cum</span> <span class='ocrx_word' id='word_1_189' title='bbox 2745 2040 2950 2124; x_wconf 81' lang='lat' dir='ltr'>Moyse</span> <span class='ocrx_word' id='word_1_190' title='bbox 2991 2041 3202 2124; x_wconf 90' lang='lat' dir='ltr'>potius</span> <span class='ocrx_word' id='word_1_191' title='bbox 3243 2059 3390 2103; x_wconf 92' lang='lat' dir='ltr'>cum</span> <span class='ocrx_word' id='word_1_192' title='bbox 3433 2039 3669 2122; x_wconf 92' lang='lat' dir='ltr'>populo</span> <span class='ocrx_word' id='word_1_193' title='bbox 3711 2038 3840 2112; x_wconf 88' lang='lat' dir='ltr'>Dei,</span> <span class='ocrx_word' id='word_1_194' title='bbox 3873 2039 3944 2102; x_wconf 90' lang='lat' dir='ltr'>id</span> <span class='ocrx_word' id='word_1_195' title='bbox 4019 2054 4218 2098; x_wconf 53' lang='lat' dir='ltr'>aesna.</span> 
     </span>
     <span class='ocr_line' id='line_1_29' title="bbox 834 2119 4048 2223; baseline 0.001 -25"><span class='ocrx_word' id='word_1_196' title='bbox 834 2135 1023 2218; x_wconf 86' lang='lat' dir='ltr'>fligit,</span> <span class='ocrx_word' id='word_1_197' title='bbox 1066 2140 1600 2220; x_wconf 84' lang='lat' dir='ltr'>quemadmodum</span> <span class='ocrx_word' id='word_1_198' title='bbox 1648 2158 1813 2221; x_wconf 89' lang='lat' dir='ltr'>aqua</span> <span class='ocrx_word' id='word_1_199' title='bbox 1854 2140 2157 2223; x_wconf 89' lang='lat' dir='ltr'>Baptismi</span> <span class='ocrx_word' id='word_1_200' title='bbox 2208 2142 2337 2222; x_wconf 89' lang='lat' dir='ltr'>agit</span> <span class='ocrx_word' id='word_1_201' title='bbox 2447 2148 2543 2202; x_wconf 90' lang='lat' dir='ltr'>est</span> <span class='ocrx_word' id='word_1_202' title='bbox 2581 2141 2821 2214; x_wconf 83' lang='lat' dir='ltr'>electiS,</span> <span class='ocrx_word' id='word_1_203' title='bbox 2869 2159 3042 2202; x_wconf 90' lang='lat' dir='ltr'>nunc</span> <span class='ocrx_word' id='word_1_204' title='bbox 3091 2140 3156 2202; x_wconf 90' lang='lat' dir='ltr'>in</span> <span class='ocrx_word' id='word_1_205' title='bbox 3207 2139 3337 2202; x_wconf 90' lang='lat' dir='ltr'>vita</span> <span class='ocrx_word' id='word_1_206' title='bbox 3383 2138 3800 2220; x_wconf 88' lang='lat' dir='ltr'>poenitentiali</span> <span class='ocrx_word' id='word_1_207' title='bbox 3849 2137 3948 2200; x_wconf 83' lang='lat' dir='ltr'>af-</span> <span class='ocrx_word' id='word_1_208' title='bbox 3975 2119 4048 2161; x_wconf 77' lang='lat'>²⁵·</span> 
     </span>
    </p>

    <p class='ocr_par' dir='ltr' id='par_1_13' title="bbox 836 2235 4218 2516">
     <span class='ocr_line' id='line_1_30' title="bbox 836 2235 3950 2321; baseline 0 -23"><span class='ocrx_word' id='word_1_209' title='bbox 836 2235 904 2298; x_wconf 91' lang='lat' dir='ltr'>in</span> <span class='ocrx_word' id='word_1_210' title='bbox 943 2236 1239 2311; x_wconf 88' lang='lat' dir='ltr'>animam,</span> <span class='ocrx_word' id='word_1_211' title='bbox 1274 2237 1338 2299; x_wconf 91' lang='lat' dir='ltr'>in</span> <span class='ocrx_word' id='word_1_212' title='bbox 1377 2245 1689 2319; x_wconf 90' lang='lat' dir='ltr'>quantum</span> <span class='ocrx_word' id='word_1_213' title='bbox 1734 2246 1829 2300; x_wconf 89' lang='lat' dir='ltr'>est</span> <span class='ocrx_word' id='word_1_214' title='bbox 1871 2239 2105 2302; x_wconf 82' lang='lat' dir='ltr'>divinae</span> <span class='ocrx_word' id='word_1_215' title='bbox 2148 2241 2338 2301; x_wconf 91' lang='lat' dir='ltr'>mise-</span> <span class='ocrx_word' id='word_1_216' title='bbox 2445 2238 2610 2318; x_wconf 86' lang='lat' dir='ltr'>fligi,</span> <span class='ocrx_word' id='word_1_217' title='bbox 2643 2257 2836 2319; x_wconf 89' lang='lat' dir='ltr'>quam</span> <span class='ocrx_word' id='word_1_218' title='bbox 2881 2237 3248 2321; x_wconf 89' lang='lat' dir='ltr'>temporalis</span> <span class='ocrx_word' id='word_1_219' title='bbox 3289 2237 3528 2319; x_wconf 87' lang='lat' dir='ltr'>peccati</span> <span class='ocrx_word' id='word_1_220' title='bbox 3570 2236 3801 2299; x_wconf 85' lang='lat' dir='ltr'>habere</span> <span class='ocrx_word' id='word_1_221' title='bbox 3839 2236 3950 2317; x_wconf 88' lang='lat' dir='ltr'>ju-</span> 
     </span>
     <span class='ocr_line' id='line_1_31' title="bbox 2449 2334 4218 2418; baseline 0.003 -20"><span class='ocrx_word' id='word_1_222' title='bbox 2449 2337 2837 2398; x_wconf 87' lang='lat' dir='ltr'>cunditatem</span> <span class='ocrx_word' id='word_1_223' title='bbox 2881 2354 2895 2400; x_wconf 91' lang='lat'>:</span> <span class='ocrx_word' id='word_1_224' title='bbox 2939 2337 3092 2418; x_wconf 92' lang='lat' dir='ltr'>quia</span> <span class='ocrx_word' id='word_1_225' title='bbox 3141 2344 3210 2398; x_wconf 93' lang='lat' dir='ltr'>ut</span> <span class='ocrx_word' id='word_1_226' title='bbox 3255 2335 3344 2397; x_wconf 89' lang='lat' dir='ltr'>ait</span> <span class='ocrx_word' id='word_1_227' title='bbox 3393 2334 3752 2417; x_wconf 78' lang='lat' dir='ltr'>ApostoluS,</span> <span class='ocrx_word' id='word_1_228' title='bbox 3801 2334 3944 2398; x_wconf 89' lang='lat' dir='ltr'>Non</span> <span class='ocrx_word' id='word_1_229' title='bbox 4017 2359 4218 2403; x_wconf 52' lang='lat' dir='ltr'>nav-1.</span> 
     </span>
     <span class='ocr_line' id='line_1_32' title="bbox 2447 2425 4050 2516; baseline 0 -20"><span class='ocrx_word' id='word_1_230' title='bbox 2447 2442 2597 2496; x_wconf 90' lang='lat' dir='ltr'>sunt</span> <span class='ocrx_word' id='word_1_231' title='bbox 2641 2435 2970 2515; x_wconf 81' lang='lat' dir='ltr'>condignae</span> <span class='ocrx_word' id='word_1_232' title='bbox 3023 2433 3347 2516; x_wconf 90' lang='lat' dir='ltr'>passiones</span> <span class='ocrx_word' id='word_1_233' title='bbox 3395 2433 3588 2513; x_wconf 91' lang='lat' dir='ltr'>hujus</span> <span class='ocrx_word' id='word_1_234' title='bbox 3637 2433 3947 2515; x_wconf 88' lang='lat' dir='ltr'>temporis</span> <span class='ocrx_word' id='word_1_235' title='bbox 3980 2425 4050 2464; x_wconf 82' lang='lat'>¹⁸·</span> 
     </span>
    </p>

    <p class='ocr_par' dir='ltr' id='par_1_14' title="bbox 830 2531 4218 3009">
     <span class='ocr_line' id='line_1_33' title="bbox 2446 2531 3946 2614; baseline 0 -20"><span class='ocrx_word' id='word_1_236' title='bbox 2446 2533 2524 2594; x_wconf 90' lang='lat' dir='ltr'>ad</span> <span class='ocrx_word' id='word_1_237' title='bbox 2572 2531 2853 2594; x_wconf 89' lang='lat' dir='ltr'>futuram</span> <span class='ocrx_word' id='word_1_238' title='bbox 2912 2533 3180 2614; x_wconf 80' lang='lat' dir='ltr'>gloriam</span> <span class='ocrx_word' id='word_1_239' title='bbox 3238 2550 3382 2612; x_wconf 81' lang='lat' dir='ltr'>quae</span> <span class='ocrx_word' id='word_1_240' title='bbox 3441 2531 3825 2594; x_wconf 81' lang='lat' dir='ltr'>revelabitur</span> <span class='ocrx_word' id='word_1_241' title='bbox 3871 2531 3946 2594; x_wconf 85' lang='lat' dir='ltr'>iu</span> 
     </span>
     <span class='ocr_line' id='line_1_34' title="bbox 2449 2629 4218 2711; baseline 0 -19"><span class='ocrx_word' id='word_1_242' title='bbox 2449 2630 2672 2703; x_wconf 82' lang='lat' dir='ltr'>nobis;</span> <span class='ocrx_word' id='word_1_243' title='bbox 2720 2648 3092 2711; x_wconf 89' lang='lat' dir='ltr'>rursusque,</span> <span class='ocrx_word' id='word_1_244' title='bbox 3125 2630 3192 2692; x_wconf 90' lang='lat' dir='ltr'>Id</span> <span class='ocrx_word' id='word_1_245' title='bbox 3222 2630 3394 2711; x_wconf 90' lang='lat' dir='ltr'>quod</span> <span class='ocrx_word' id='word_1_246' title='bbox 3424 2629 3489 2691; x_wconf 92' lang='lat' dir='ltr'>in</span> <span class='ocrx_word' id='word_1_247' title='bbox 3522 2630 3815 2711; x_wconf 79' lang='lat' dir='ltr'>praesenti</span> <span class='ocrx_word' id='word_1_248' title='bbox 3847 2639 3952 2692; x_wconf 85' lang='lat' dir='ltr'>est</span> <span class='ocrx_word' id='word_1_249' title='bbox 4019 2655 4218 2700; x_wconf 63' lang='lat' dir='ltr'>neom,</span> 
     </span>
     <span class='ocr_line' id='line_1_35' title="bbox 2447 2721 4052 2792; baseline 0.001 -1"><span class='ocrx_word' id='word_1_250' title='bbox 2447 2736 2965 2791; x_wconf 90' lang='lat' dir='ltr'>momentaneum</span> <span class='ocrx_word' id='word_1_251' title='bbox 3023 2736 3086 2790; x_wconf 90' lang='lat' dir='ltr'>et</span> <span class='ocrx_word' id='word_1_252' title='bbox 3144 2728 3285 2791; x_wconf 88' lang='lat' dir='ltr'>leve</span> <span class='ocrx_word' id='word_1_253' title='bbox 3339 2727 3768 2790; x_wconf 84' lang='lat' dir='ltr'>tribulationis</span> <span class='ocrx_word' id='word_1_254' title='bbox 3825 2747 3948 2792; x_wconf 90' lang='lat' dir='ltr'>no-</span> <span class='ocrx_word' id='word_1_255' title='bbox 3981 2721 4052 2762; x_wconf 77' lang='lat'>¹⁷·</span> 
     </span>
     <span class='ocr_line' id='line_1_36' title="bbox 830 2825 3952 2911; baseline 0.001 -24"><span class='ocrx_word' id='word_1_256' title='bbox 830 2825 1171 2907; x_wconf 90' lang='lat' dir='ltr'>telligenda</span> <span class='ocrx_word' id='word_1_257' title='bbox 1219 2835 1314 2889; x_wconf 90' lang='lat' dir='ltr'>est</span> <span class='ocrx_word' id='word_1_258' title='bbox 1360 2826 1503 2890; x_wconf 87' lang='lat' dir='ltr'>fieri</span> <span class='ocrx_word' id='word_1_259' title='bbox 1565 2847 1679 2910; x_wconf 90' lang='lat' dir='ltr'>per</span> <span class='ocrx_word' id='word_1_260' title='bbox 1735 2828 2133 2911; x_wconf 88' lang='lat' dir='ltr'>spiritualem</span> <span class='ocrx_word' id='word_1_261' title='bbox 2186 2847 2334 2893; x_wconf 83' lang='lat' dir='ltr'>con·</span> <span class='ocrx_word' id='word_1_262' title='bbox 2447 2836 2613 2902; x_wconf 66' lang='lat' dir='ltr'>stra),</span> <span class='ocrx_word' id='word_1_263' title='bbox 2661 2845 2856 2910; x_wconf 89' lang='lat' dir='ltr'>supra</span> <span class='ocrx_word' id='word_1_264' title='bbox 2901 2828 3162 2889; x_wconf 89' lang='lat' dir='ltr'>modum</span> <span class='ocrx_word' id='word_1_265' title='bbox 3212 2826 3278 2888; x_wconf 92' lang='lat' dir='ltr'>in</span> <span class='ocrx_word' id='word_1_266' title='bbox 3327 2825 3716 2890; x_wconf 86' lang='lat' dir='ltr'>sublimitate</span> <span class='ocrx_word' id='word_1_267' title='bbox 3763 2835 3952 2890; x_wconf 83' lang='lat' dir='ltr'>aeter—</span> 
     </span>
     <span class='ocr_line' id='line_1_37' title="bbox 832 2925 3856 3009; baseline 0 -21"><span class='ocrx_word' id='word_1_268' title='bbox 832 2925 1189 2988; x_wconf 88' lang='lat' dir='ltr'>versionem</span> <span class='ocrx_word' id='word_1_269' title='bbox 1219 2927 1297 2988; x_wconf 90' lang='lat' dir='ltr'>ad</span> <span class='ocrx_word' id='word_1_270' title='bbox 1327 2926 1625 2989; x_wconf 88' lang='lat' dir='ltr'>invicem.</span> <span class='ocrx_word' id='word_1_271' title='bbox 1664 2929 1823 2998; x_wconf 80' lang='lat' dir='ltr'>Fili,</span> <span class='ocrx_word' id='word_1_272' title='bbox 1860 2927 2068 2989; x_wconf 88' lang='lat' dir='ltr'>carnis</span> <span class='ocrx_word' id='word_1_273' title='bbox 2102 2946 2332 3009; x_wconf 87' lang='lat' dir='ltr'>propa·</span> <span class='ocrx_word' id='word_1_274' title='bbox 2449 2945 2601 2988; x_wconf 91' lang='lat' dir='ltr'>num</span> <span class='ocrx_word' id='word_1_275' title='bbox 2649 2926 2868 3008; x_wconf 82' lang='lat' dir='ltr'>gloriae</span> <span class='ocrx_word' id='word_1_276' title='bbox 2911 2926 3160 3007; x_wconf 91' lang='lat' dir='ltr'>pondus</span> <span class='ocrx_word' id='word_1_277' title='bbox 3202 2933 3501 3007; x_wconf 87' lang='lat' dir='ltr'>operatur</span> <span class='ocrx_word' id='word_1_278' title='bbox 3540 2925 3607 2986; x_wconf 90' lang='lat' dir='ltr'>in</span> <span class='ocrx_word' id='word_1_279' title='bbox 3652 2925 3856 2988; x_wconf 89' lang='lat' dir='ltr'>nobis.</span> 
     </span>
    </p>

    <p class='ocr_par' dir='ltr' id='par_1_15' title="bbox 830 3022 4154 3106">
     <span class='ocr_line' id='line_1_38' title="bbox 830 3022 4154 3106; baseline 0.001 -22"><span class='ocrx_word' id='word_1_280' title='bbox 830 3022 1098 3104; x_wconf 87' lang='lat' dir='ltr'>gatione‚</span> <span class='ocrx_word' id='word_1_281' title='bbox 1118 3042 1244 3086; x_wconf 90' lang='lat' dir='ltr'>non</span> <span class='ocrx_word' id='word_1_282' title='bbox 1277 3024 1583 3086; x_wconf 90' lang='lat' dir='ltr'>virtutum</span> <span class='ocrx_word' id='word_1_283' title='bbox 1616 3025 1982 3098; x_wconf 87' lang='lat' dir='ltr'>imitatione,</span> <span class='ocrx_word' id='word_1_284' title='bbox 2000 3029 2336 3087; x_wconf 83' lang='lat' dir='ltr'>recordare</span> <span class='ocrx_word' id='word_1_285' title='bbox 2373 3026 2416 3091; x_wconf 90' lang='lat' dir='ltr'>C</span> <span class='ocrx_word' id='word_1_286' title='bbox 2524 3027 2612 3086; x_wconf 80' lang='lat' dir='ltr'>Et</span> <span class='ocrx_word' id='word_1_287' title='bbox 2640 3027 2714 3086; x_wconf 81' lang='lat' dir='ltr'>in</span> <span class='ocrx_word' id='word_1_288' title='bbox 2753 3026 2855 3086; x_wconf 71' lang='lat' dir='ltr'>liis</span> <span class='ocrx_word' id='word_1_289' title='bbox 2893 3026 3208 3094; x_wconf 78' lang='lat' dir='ltr'>omnibus,</span> <span class='ocrx_word' id='word_1_290' title='bbox 3249 3023 3314 3086; x_wconf 90' lang='lat' dir='ltr'>id</span> <span class='ocrx_word' id='word_1_291' title='bbox 3351 3031 3448 3086; x_wconf 90' lang='lat' dir='ltr'>est</span> <span class='ocrx_word' id='word_1_292' title='bbox 3486 3024 3651 3085; x_wconf 88' lang='lat' dir='ltr'>inter</span> <span class='ocrx_word' id='word_1_293' title='bbox 3689 3042 3762 3086; x_wconf 88' lang='lat' dir='ltr'>ea</span> <span class='ocrx_word' id='word_1_294' title='bbox 3797 3043 3952 3106; x_wconf 79' lang='lat' dir='ltr'>quae</span> <span class='ocrx_word' id='word_1_295' title='bbox 4087 3037 4154 3092; x_wconf 75' lang='lat'>26</span> 
     </span>
    </p>
   </div>
   <div class='ocr_carea' id='block_1_11' title="bbox 631 2333 2336 2810">
    <p class='ocr_par' dir='ltr' id='par_1_16' title="bbox 837 2333 1686 2398">
     <span class='ocr_line' id='line_1_39' title="bbox 837 2333 1686 2398; baseline 0.002 -3"><span class='ocrx_word' id='word_1_296' title='bbox 837 2333 1124 2398; x_wconf 80' lang='lat' dir='ltr'>ricordiae</span> <span class='ocrx_word' id='word_1_297' title='bbox 1167 2335 1686 2398; x_wconf 89' lang='lat' dir='ltr'>instrumentum.</span> 
     </span>
    </p>

    <p class='ocr_par' dir='ltr' id='par_1_17' title="bbox 631 2433 2336 2810">
     <span class='ocr_line' id='line_1_40' title="bbox 631 2433 2336 2497; baseline 0.002 -4"><span class='ocrx_word' id='word_1_298' title='bbox 631 2437 704 2494; x_wconf 77' lang='lat'>25</span> <span class='ocrx_word' id='word_1_299' title='bbox 916 2435 1003 2494; x_wconf 76' lang='lat' dir='ltr'>Et</span> <span class='ocrx_word' id='word_1_300' title='bbox 1040 2435 1217 2495; x_wconf 70' lang='lat' dir='ltr'>dimit</span> <span class='ocrx_word' id='word_1_301' title='bbox 1252 2435 1361 2494; x_wconf 81' lang='lat' dir='ltr'>illi</span> <span class='ocrx_word' id='word_1_302' title='bbox 1398 2435 1755 2496; x_wconf 81' lang='lat' dir='ltr'>Abraham.</span> <span class='ocrx_word' id='word_1_303' title='bbox 1799 2433 2162 2497; x_wconf 90' lang='lat' dir='ltr'>Secundum</span> <span class='ocrx_word' id='word_1_304' title='bbox 2211 2435 2336 2497; x_wconf 89' lang='lat' dir='ltr'>Au-</span> 
     </span>
     <span class='ocr_line' id='line_1_41' title="bbox 831 2531 2334 2614; baseline 0.003 -23"><span class='ocrx_word' id='word_1_305' title='bbox 831 2531 1181 2611; x_wconf 89' lang='lat' dir='ltr'>gustinum,</span> <span class='ocrx_word' id='word_1_306' title='bbox 1230 2533 1401 2614; x_wconf 93' lang='lat' dir='ltr'>quod</span> <span class='ocrx_word' id='word_1_307' title='bbox 1450 2532 1517 2594; x_wconf 92' lang='lat' dir='ltr'>in</span> <span class='ocrx_word' id='word_1_308' title='bbox 1568 2533 2003 2614; x_wconf 85' lang='lat' dir='ltr'>corporalibus</span> <span class='ocrx_word' id='word_1_309' title='bbox 2051 2532 2206 2596; x_wconf 89' lang='lat' dir='ltr'>facit</span> <span class='ocrx_word' id='word_1_310' title='bbox 2249 2535 2334 2596; x_wconf 90' lang='lat' dir='ltr'>si-</span> 
     </span>
     <span class='ocr_line' id='line_1_42' title="bbox 833 2629 2333 2712; baseline 0.004 -22"><span class='ocrx_word' id='word_1_311' title='bbox 833 2634 955 2704; x_wconf 81' lang='lat' dir='ltr'>tuS,</span> <span class='ocrx_word' id='word_1_312' title='bbox 991 2629 1112 2693; x_wconf 91' lang='lat' dir='ltr'>hoc</span> <span class='ocrx_word' id='word_1_313' title='bbox 1141 2631 1207 2692; x_wconf 91' lang='lat' dir='ltr'>in</span> <span class='ocrx_word' id='word_1_314' title='bbox 1239 2630 1680 2712; x_wconf 90' lang='lat' dir='ltr'>spiritualibus</span> <span class='ocrx_word' id='word_1_315' title='bbox 1710 2632 1887 2695; x_wconf 91' lang='lat' dir='ltr'>ord0.</span> <span class='ocrx_word' id='word_1_316' title='bbox 1920 2631 2065 2695; x_wconf 89' lang='lat' dir='ltr'>ldeo</span> <span class='ocrx_word' id='word_1_317' title='bbox 2096 2632 2333 2696; x_wconf 89' lang='lat' dir='ltr'>locutio</span> 
     </span>
     <span class='ocr_line' id='line_1_43' title="bbox 828 2727 2334 2810; baseline 0.003 -22"><span class='ocrx_word' id='word_1_318' title='bbox 828 2727 1187 2790; x_wconf 88' lang='lat' dir='ltr'>animarum</span> <span class='ocrx_word' id='word_1_319' title='bbox 1236 2736 1299 2790; x_wconf 89' lang='lat' dir='ltr'>et</span> <span class='ocrx_word' id='word_1_320' title='bbox 1344 2729 1717 2810; x_wconf 81' lang='lat' dir='ltr'>angelorum</span> <span class='ocrx_word' id='word_1_321' title='bbox 1764 2730 1843 2792; x_wconf 88' lang='lat' dir='ltr'>ad</span> <span class='ocrx_word' id='word_1_322' title='bbox 1893 2730 2192 2804; x_wconf 93' lang='lat' dir='ltr'>invicem,</span> <span class='ocrx_word' id='word_1_323' title='bbox 2237 2732 2334 2793; x_wconf 87' lang='lat' dir='ltr'>in·</span> 
     </span>
    </p>
   </div>
   <div class='ocr_carea' id='block_1_12' title="bbox 834 3121 2336 4187">
    <p class='ocr_par' dir='ltr' id='par_1_18' title="bbox 834 3121 2336 4187">
     <span class='ocr_line' id='line_1_44' title="bbox 834 3121 2330 3204; baseline 0.003 -24"><span class='ocrx_word' id='word_1_324' title='bbox 834 3121 994 3199; x_wconf 81' lang='lat' dir='ltr'>quia</span> <span class='ocrx_word' id='word_1_325' title='bbox 1041 3123 1337 3198; x_wconf 77' lang='lat' dir='ltr'>recepisti</span> <span class='ocrx_word' id='word_1_326' title='bbox 1385 3123 1546 3182; x_wconf 83' lang='lat' dir='ltr'>bona</span> <span class='ocrx_word' id='word_1_327' title='bbox 1600 3123 1997 3204; x_wconf 85' lang='lat' dir='ltr'>temporalia,</span> <span class='ocrx_word' id='word_1_328' title='bbox 2051 3123 2330 3197; x_wconf 83' lang='lat' dir='ltr'>divitias,</span> 
     </span>
     <span class='ocr_line' id='line_1_45' title="bbox 837 3217 2336 3303; baseline 0.003 -24"><span class='ocrx_word' id='word_1_329' title='bbox 837 3217 1093 3280; x_wconf 87' lang='lat' dir='ltr'>delicias</span> <span class='ocrx_word' id='word_1_330' title='bbox 1132 3226 1197 3280; x_wconf 90' lang='lat' dir='ltr'>et</span> <span class='ocrx_word' id='word_1_331' title='bbox 1234 3218 1527 3293; x_wconf 81' lang='lat' dir='ltr'>honoreS,</span> <span class='ocrx_word' id='word_1_332' title='bbox 1564 3221 1636 3280; x_wconf 78' lang='lat' dir='ltr'>in</span> <span class='ocrx_word' id='word_1_333' title='bbox 1670 3222 1807 3281; x_wconf 80' lang='lat' dir='ltr'>vita</span> <span class='ocrx_word' id='word_1_334' title='bbox 1839 3231 1953 3282; x_wconf 85' lang='lat' dir='ltr'>tua</span> <span class='ocrx_word' id='word_1_335' title='bbox 1984 3239 2179 3303; x_wconf 89' lang='lat' dir='ltr'>super</span> <span class='ocrx_word' id='word_1_336' title='bbox 2216 3229 2336 3283; x_wconf 89' lang='lat' dir='ltr'>ter-</span> 
     </span>
     <span class='ocr_line' id='line_1_46' title="bbox 838 3317 2336 3401; baseline 0.004 -24"><span class='ocrx_word' id='word_1_337' title='bbox 838 3333 971 3377; x_wconf 90' lang='lat' dir='ltr'>ram</span> <span class='ocrx_word' id='word_1_338' title='bbox 1020 3323 1333 3379; x_wconf 88' lang='lat' dir='ltr'>transacta</span> <span class='ocrx_word' id='word_1_339' title='bbox 1374 3335 1387 3380; x_wconf 93' lang='lat'><strong>:</strong></span> <span class='ocrx_word' id='word_1_340' title='bbox 1434 3317 1498 3379; x_wconf 90' lang='lat' dir='ltr'>in</span> <span class='ocrx_word' id='word_1_341' title='bbox 1548 3336 1674 3400; x_wconf 88' lang='lat' dir='ltr'>qua</span> <span class='ocrx_word' id='word_1_342' title='bbox 1718 3319 1771 3380; x_wconf 91' lang='lat' dir='ltr'>si</span> <span class='ocrx_word' id='word_1_343' title='bbox 1821 3319 2065 3401; x_wconf 89' lang='lat' dir='ltr'>aliquid</span> <span class='ocrx_word' id='word_1_344' title='bbox 2110 3321 2190 3382; x_wconf 92' lang='lat' dir='ltr'>de</span> <span class='ocrx_word' id='word_1_345' title='bbox 2228 3338 2336 3401; x_wconf 86' lang='lat' dir='ltr'>ge-</span> 
     </span>
     <span class='ocr_line' id='line_1_47' title="bbox 838 3416 2334 3498; baseline 0.003 -22"><span class='ocrx_word' id='word_1_346' title='bbox 838 3433 989 3476; x_wconf 88' lang='lat' dir='ltr'>nere</span> <span class='ocrx_word' id='word_1_347' title='bbox 1036 3433 1303 3498; x_wconf 91' lang='lat' dir='ltr'>operum</span> <span class='ocrx_word' id='word_1_348' title='bbox 1352 3416 1666 3479; x_wconf 89' lang='lat' dir='ltr'>bonorum</span> <span class='ocrx_word' id='word_1_349' title='bbox 1715 3417 1920 3498; x_wconf 87' lang='lat' dir='ltr'>egisti,</span> <span class='ocrx_word' id='word_1_350' title='bbox 1974 3419 2334 3480; x_wconf 88' lang='lat' dir='ltr'>mercedem</span> 
     </span>
     <span class='ocr_line' id='line_1_48' title="bbox 838 3514 2333 3596; baseline 0.003 -21"><span class='ocrx_word' id='word_1_351' title='bbox 838 3521 1009 3576; x_wconf 88' lang='lat' dir='ltr'>tuam</span> <span class='ocrx_word' id='word_1_352' title='bbox 1042 3514 1206 3576; x_wconf 88' lang='lat' dir='ltr'>ultra</span> <span class='ocrx_word' id='word_1_353' title='bbox 1235 3515 1619 3596; x_wconf 90' lang='lat' dir='ltr'>condignum</span> <span class='ocrx_word' id='word_1_354' title='bbox 1649 3515 1909 3578; x_wconf 89' lang='lat' dir='ltr'>sortitus</span> <span class='ocrx_word' id='word_1_355' title='bbox 1948 3533 2036 3578; x_wconf 91' lang='lat' dir='ltr'>es.</span> <span class='ocrx_word' id='word_1_356' title='bbox 2070 3515 2333 3579; x_wconf 91' lang='lat' dir='ltr'>Nullum</span> 
     </span>
     <span class='ocr_line' id='line_1_49' title="bbox 836 3611 2334 3677; baseline 0.001 -3"><span class='ocrx_word' id='word_1_357' title='bbox 836 3613 1073 3674; x_wconf 87' lang='lat' dir='ltr'>etenim</span> <span class='ocrx_word' id='word_1_358' title='bbox 1131 3611 1372 3677; x_wconf 89' lang='lat' dir='ltr'>bonum</span> <span class='ocrx_word' id='word_1_359' title='bbox 1426 3613 1587 3676; x_wconf 89' lang='lat' dir='ltr'>Deus</span> <span class='ocrx_word' id='word_1_360' title='bbox 1645 3613 2183 3676; x_wconf 88' lang='lat' dir='ltr'>irremuneratum</span> <span class='ocrx_word' id='word_1_361' title='bbox 2240 3633 2334 3676; x_wconf 91' lang='lat' dir='ltr'>re-</span> 
     </span>
     <span class='ocr_line' id='line_1_50' title="bbox 837 3711 2336 3797; baseline 0.002 -24"><span class='ocrx_word' id='word_1_362' title='bbox 837 3711 1092 3793; x_wconf 91' lang='lat' dir='ltr'>linquit.</span> <span class='ocrx_word' id='word_1_363' title='bbox 1144 3715 1231 3774; x_wconf 75' lang='lat' dir='ltr'>Ec</span> <span class='ocrx_word' id='word_1_364' title='bbox 1276 3715 1575 3774; x_wconf 76' lang='lat' dir='ltr'>Lazarus</span> <span class='ocrx_word' id='word_1_365' title='bbox 1628 3712 1694 3774; x_wconf 93' lang='lat' dir='ltr'>in</span> <span class='ocrx_word' id='word_1_366' title='bbox 1744 3714 1873 3776; x_wconf 87' lang='lat' dir='ltr'>vita</span> <span class='ocrx_word' id='word_1_367' title='bbox 1920 3732 2036 3776; x_wconf 89' lang='lat' dir='ltr'>sua</span> <span class='ocrx_word' id='word_1_368' title='bbox 2092 3715 2336 3797; x_wconf 86' lang='lat' dir='ltr'>recepit</span> 
     </span>
     <span class='ocr_line' id='line_1_51' title="bbox 844 3811 2336 3897; baseline 0.004 -27"><span class='ocrx_word' id='word_1_369' title='bbox 844 3813 1153 3872; x_wconf 72' lang='lat' dir='ltr'>similiter</span> <span class='ocrx_word' id='word_1_370' title='bbox 1184 3814 1380 3884; x_wconf 83' lang='lat' dir='ltr'>mala,</span> <span class='ocrx_word' id='word_1_371' title='bbox 1416 3811 1479 3872; x_wconf 89' lang='lat' dir='ltr'>id</span> <span class='ocrx_word' id='word_1_372' title='bbox 1509 3819 1625 3886; x_wconf 87' lang='lat' dir='ltr'>est,</span> <span class='ocrx_word' id='word_1_373' title='bbox 1651 3811 1816 3874; x_wconf 90' lang='lat' dir='ltr'>mala</span> <span class='ocrx_word' id='word_1_374' title='bbox 1847 3812 2144 3894; x_wconf 87' lang='lat' dir='ltr'>poenalia,</span> <span class='ocrx_word' id='word_1_375' title='bbox 2181 3832 2336 3897; x_wconf 90' lang='lat' dir='ltr'>pau-</span> 
     </span>
     <span class='ocr_line' id='line_1_52' title="bbox 838 3906 2335 3992; baseline 0.003 -23"><span class='ocrx_word' id='word_1_376' title='bbox 838 3914 1166 3989; x_wconf 85' lang='lat' dir='ltr'>pertatem,</span> <span class='ocrx_word' id='word_1_377' title='bbox 1209 3906 1637 3982; x_wconf 79' lang='lat' dir='ltr'>infirmitateS,</span> <span class='ocrx_word' id='word_1_378' title='bbox 1682 3907 1940 3985; x_wconf 90' lang='lat' dir='ltr'>famem,</span> <span class='ocrx_word' id='word_1_379' title='bbox 1988 3911 2335 3992; x_wconf 90' lang='lat' dir='ltr'>opprobria</span> 
     </span>
     <span class='ocr_line' id='line_1_53' title="bbox 836 4005 2332 4091; baseline 0.003 -24"><span class='ocrx_word' id='word_1_380' title='bbox 836 4005 1089 4087; x_wconf 88' lang='lat' dir='ltr'>copiose</span> <span class='ocrx_word' id='word_1_381' title='bbox 1120 4023 1459 4088; x_wconf 89' lang='lat' dir='ltr'>perpessus</span> <span class='ocrx_word' id='word_1_382' title='bbox 1489 4014 1605 4080; x_wconf 89' lang='lat' dir='ltr'>est,</span> <span class='ocrx_word' id='word_1_383' title='bbox 1641 4025 1754 4089; x_wconf 87' lang='lat' dir='ltr'>per</span> <span class='ocrx_word' id='word_1_384' title='bbox 1782 4027 1926 4089; x_wconf 77' lang='lat' dir='ltr'>quae</span> <span class='ocrx_word' id='word_1_385' title='bbox 1956 4009 2163 4091; x_wconf 80' lang='lat' dir='ltr'>culpae</span> <span class='ocrx_word' id='word_1_386' title='bbox 2192 4009 2332 4090; x_wconf 92' lang='lat' dir='ltr'>ejus</span> 
     </span>
     <span class='ocr_line' id='line_1_54' title="bbox 835 4103 2328 4187; baseline 0.004 -23"><span class='ocrx_word' id='word_1_387' title='bbox 835 4103 1219 4185; x_wconf 83' lang='lat' dir='ltr'>quotidianae</span> <span class='ocrx_word' id='word_1_388' title='bbox 1247 4105 1428 4185; x_wconf 91' lang='lat' dir='ltr'>quasi</span> <span class='ocrx_word' id='word_1_389' title='bbox 1462 4123 1575 4186; x_wconf 87' lang='lat' dir='ltr'>per</span> <span class='ocrx_word' id='word_1_390' title='bbox 1606 4105 1815 4186; x_wconf 90' lang='lat' dir='ltr'>ignem</span> <span class='ocrx_word' id='word_1_391' title='bbox 1850 4115 2131 4187; x_wconf 74' lang='lat' dir='ltr'>purgatae</span> <span class='ocrx_word' id='word_1_392' title='bbox 2161 4116 2328 4171; x_wconf 88' lang='lat' dir='ltr'>sunt.</span> 
     </span>
    </p>
   </div>
   <div class='ocr_carea' id='block_1_13' title="bbox 2442 3120 3953 4182">
    <p class='ocr_par' dir='ltr' id='par_1_19' title="bbox 2442 3120 3953 4182">
     <span class='ocr_line' id='line_1_55' title="bbox 2445 3120 3953 3204; baseline 0.001 -20"><span class='ocrx_word' id='word_1_393' title='bbox 2445 3130 2734 3204; x_wconf 89' lang='lat' dir='ltr'>spectant</span> <span class='ocrx_word' id='word_1_394' title='bbox 2761 3124 2837 3185; x_wconf 91' lang='lat' dir='ltr'>ad</span> <span class='ocrx_word' id='word_1_395' title='bbox 2870 3122 3066 3203; x_wconf 88' lang='lat' dir='ltr'>hujus</span> <span class='ocrx_word' id='word_1_396' title='bbox 3109 3120 3196 3184; x_wconf 90' lang='lat' dir='ltr'>rei</span> <span class='ocrx_word' id='word_1_397' title='bbox 3229 3122 3306 3183; x_wconf 91' lang='lat' dir='ltr'>de</span> <span class='ocrx_word' id='word_1_398' title='bbox 3335 3139 3464 3203; x_wconf 89' lang='lat' dir='ltr'>qua</span> <span class='ocrx_word' id='word_1_399' title='bbox 3500 3121 3784 3203; x_wconf 88' lang='lat' dir='ltr'>loquitur</span> <span class='ocrx_word' id='word_1_400' title='bbox 3811 3141 3953 3185; x_wconf 85' lang='lat' dir='ltr'>ma-</span> 
     </span>
     <span class='ocr_line' id='line_1_56' title="bbox 2444 3217 3952 3301; baseline 0 -19"><span class='ocrx_word' id='word_1_401' title='bbox 2444 3221 2694 3301; x_wconf 89' lang='lat' dir='ltr'>teriam,</span> <span class='ocrx_word' id='word_1_402' title='bbox 2725 3223 2914 3281; x_wconf 76' lang='lat' dir='ltr'>chaos</span> <span class='ocrx_word' id='word_1_403' title='bbox 2949 3239 3282 3298; x_wconf 70' lang='lat' dir='ltr'>maynum,</span> <span class='ocrx_word' id='word_1_404' title='bbox 3318 3217 3383 3281; x_wconf 91' lang='lat' dir='ltr'>id</span> <span class='ocrx_word' id='word_1_405' title='bbox 3422 3226 3519 3282; x_wconf 93' lang='lat' dir='ltr'>est</span> <span class='ocrx_word' id='word_1_406' title='bbox 3552 3220 3808 3301; x_wconf 88' lang='lat' dir='ltr'>grandis</span> <span class='ocrx_word' id='word_1_407' title='bbox 3848 3220 3952 3282; x_wconf 92' lang='lat' dir='ltr'>di-</span> 
     </span>
     <span class='ocr_line' id='line_1_57' title="bbox 2445 3318 3948 3400; baseline 0.001 -20"><span class='ocrx_word' id='word_1_408' title='bbox 2445 3319 2674 3380; x_wconf 88' lang='lat' dir='ltr'>stantia</span> <span class='ocrx_word' id='word_1_409' title='bbox 2729 3319 3102 3382; x_wconf 89' lang='lat' dir='ltr'>meritorum</span> <span class='ocrx_word' id='word_1_410' title='bbox 3165 3324 3227 3379; x_wconf 91' lang='lat' dir='ltr'>et</span> <span class='ocrx_word' id='word_1_411' title='bbox 3273 3325 3552 3379; x_wconf 86' lang='lat' dir='ltr'>statuum</span> <span class='ocrx_word' id='word_1_412' title='bbox 3598 3325 3788 3400; x_wconf 89' lang='lat' dir='ltr'>atque</span> <span class='ocrx_word' id='word_1_413' title='bbox 3845 3318 3948 3382; x_wconf 90' lang='lat' dir='ltr'>lo-</span> 
     </span>
     <span class='ocr_line' id='line_1_58' title="bbox 2445 3415 3946 3498; baseline -0.001 -18"><span class='ocrx_word' id='word_1_414' title='bbox 2445 3435 2689 3490; x_wconf 88' lang='lat' dir='ltr'>corum,</span> <span class='ocrx_word' id='word_1_415' title='bbox 2752 3419 2925 3478; x_wconf 80' lang='lat' dir='ltr'>inter</span> <span class='ocrx_word' id='word_1_416' title='bbox 2978 3436 3092 3477; x_wconf 79' lang='lat' dir='ltr'>nos</span> <span class='ocrx_word' id='word_1_417' title='bbox 3151 3415 3383 3479; x_wconf 90' lang='lat' dir='ltr'>electos</span> <span class='ocrx_word' id='word_1_418' title='bbox 3451 3415 3520 3477; x_wconf 90' lang='lat' dir='ltr'>in</span> <span class='ocrx_word' id='word_1_419' title='bbox 3583 3415 3750 3479; x_wconf 92' lang='lat' dir='ltr'>bono</span> <span class='ocrx_word' id='word_1_420' title='bbox 3807 3416 3946 3498; x_wconf 87' lang='lat' dir='ltr'>jam</span> 
     </span>
     <span class='ocr_line' id='line_1_59' title="bbox 2445 3512 3948 3595; baseline 0.001 -19"><span class='ocrx_word' id='word_1_421' title='bbox 2445 3515 2615 3578; x_wconf 87' lang='lat' dir='ltr'>confi</span> <span class='ocrx_word' id='word_1_422' title='bbox 2624 3521 2878 3589; x_wconf 76' lang='lat' dir='ltr'>rmatoS,</span> <span class='ocrx_word' id='word_1_423' title='bbox 2918 3524 2979 3575; x_wconf 81' lang='lat' dir='ltr'>et</span> <span class='ocrx_word' id='word_1_424' title='bbox 3020 3533 3124 3575; x_wconf 83' lang='lat' dir='ltr'>vos</span> <span class='ocrx_word' id='word_1_425' title='bbox 3163 3512 3466 3595; x_wconf 88' lang='lat' dir='ltr'>reprobos</span> <span class='ocrx_word' id='word_1_426' title='bbox 3503 3532 3576 3576; x_wconf 91' lang='lat' dir='ltr'>ac</span> <span class='ocrx_word' id='word_1_427' title='bbox 3615 3515 3948 3578; x_wconf 89' lang='lat' dir='ltr'>damnatos</span> 
     </span>
     <span class='ocr_line' id='line_1_60' title="bbox 2445 3610 3952 3690; baseline -0.001 -15"><span class='ocrx_word' id='word_1_428' title='bbox 2445 3614 2512 3676; x_wconf 94' lang='lat' dir='ltr'>in</span> <span class='ocrx_word' id='word_1_429' title='bbox 2560 3613 2728 3676; x_wconf 90' lang='lat' dir='ltr'>malo</span> <span class='ocrx_word' id='word_1_430' title='bbox 2779 3610 3357 3676; x_wconf 87' lang='lat' dir='ltr'>inconvertibiliter</span> <span class='ocrx_word' id='word_1_431' title='bbox 3408 3611 3778 3688; x_wconf 76' lang='lat' dir='ltr'>obstinatOS‚</span> <span class='ocrx_word' id='word_1_432' title='bbox 3827 3617 3952 3690; x_wconf 59' lang='lat' dir='ltr'>fir*—</span> 
     </span>
     <span class='ocr_line' id='line_1_61' title="bbox 2445 3710 3950 3783; baseline 0.001 -10"><span class='ocrx_word' id='word_1_433' title='bbox 2445 3719 2697 3775; x_wconf 77' lang='lat' dir='ltr'>matum</span> <span class='ocrx_word' id='word_1_434' title='bbox 2733 3721 2849 3783; x_wconf 76' lang='lat' dir='ltr'>est,</span> <span class='ocrx_word' id='word_1_435' title='bbox 2891 3711 2956 3773; x_wconf 88' lang='lat' dir='ltr'>id</span> <span class='ocrx_word' id='word_1_436' title='bbox 3003 3719 3101 3773; x_wconf 89' lang='lat' dir='ltr'>est</span> <span class='ocrx_word' id='word_1_437' title='bbox 3147 3710 3667 3774; x_wconf 86' lang='lat' dir='ltr'>irremovibiliter</span> <span class='ocrx_word' id='word_1_438' title='bbox 3713 3712 3950 3775; x_wconf 84' lang='lat' dir='ltr'>consti·</span> 
     </span>
     <span class='ocr_line' id='line_1_62' title="bbox 2442 3808 3950 3892; baseline 0.001 -21"><span class='ocrx_word' id='word_1_439' title='bbox 2442 3817 2652 3871; x_wconf 91' lang='lat' dir='ltr'>tutum</span> <span class='ocrx_word' id='word_1_440' title='bbox 2715 3809 2922 3890; x_wconf 88' lang='lat' dir='ltr'>rigore</span> <span class='ocrx_word' id='word_1_441' title='bbox 2981 3808 3216 3872; x_wconf 80' lang='lat' dir='ltr'>divinae</span> <span class='ocrx_word' id='word_1_442' title='bbox 3262 3808 3548 3890; x_wconf 79' lang='lat' dir='ltr'>justitiae‚</span> <span class='ocrx_word' id='word_1_443' title='bbox 3598 3828 3744 3891; x_wconf 81' lang='lat' dir='ltr'>quae</span> <span class='ocrx_word' id='word_1_444' title='bbox 3799 3819 3950 3892; x_wconf 83' lang='lat' dir='ltr'>post</span> 
     </span>
     <span class='ocr_line' id='line_1_63' title="bbox 2444 3906 3950 3989; baseline 0.001 -19"><span class='ocrx_word' id='word_1_445' title='bbox 2444 3908 2607 3971; x_wconf 89' lang='lat' dir='ltr'>hanc</span> <span class='ocrx_word' id='word_1_446' title='bbox 2639 3908 2831 3972; x_wconf 86' lang='lat' dir='ltr'>vitam</span> <span class='ocrx_word' id='word_1_447' title='bbox 2863 3926 2989 3971; x_wconf 93' lang='lat' dir='ltr'>non</span> <span class='ocrx_word' id='word_1_448' title='bbox 3021 3908 3126 3969; x_wconf 89' lang='lat' dir='ltr'>dat</span> <span class='ocrx_word' id='word_1_449' title='bbox 3156 3906 3548 3989; x_wconf 83' lang='lat' dir='ltr'>poenitcntiae</span> <span class='ocrx_word' id='word_1_450' title='bbox 3575 3907 3811 3983; x_wconf 90' lang='lat' dir='ltr'>locum,</span> <span class='ocrx_word' id='word_1_451' title='bbox 3847 3927 3950 3972; x_wconf 89' lang='lat' dir='ltr'>se-</span> 
     </span>
     <span class='ocr_line' id='line_1_64' title="bbox 2444 4006 3951 4087; baseline 0.001 -19"><span class='ocrx_word' id='word_1_452' title='bbox 2444 4007 2725 4069; x_wconf 90' lang='lat' dir='ltr'>cundum</span> <span class='ocrx_word' id='word_1_453' title='bbox 2767 4006 2969 4087; x_wconf 86' lang='lat' dir='ltr'>legem</span> <span class='ocrx_word' id='word_1_454' title='bbox 3002 4023 3450 4086; x_wconf 89' lang='lat' dir='ltr'>communem;</span> <span class='ocrx_word' id='word_1_455' title='bbox 3493 4015 3568 4067; x_wconf 75' lang='lat' dir='ltr'>uc</span> <span class='ocrx_word' id='word_1_456' title='bbox 3593 4008 3669 4067; x_wconf 77' lang='grc' dir='ltr'>1η·</span> <span class='ocrx_word' id='word_1_457' title='bbox 3694 4009 3814 4087; x_wconf 78' lang='lat' dir='ltr'>qui</span> <span class='ocrx_word' id='word_1_458' title='bbox 3847 4027 3951 4069; x_wconf 86' lang='grc' dir='ltr'>υο-</span> 
     </span>
     <span class='ocr_line' id='line_1_65' title="bbox 2444 4105 3945 4182; baseline 0.002 -17"><span class='ocrx_word' id='word_1_459' title='bbox 2444 4108 2590 4166; x_wconf 79' lang='lat' dir='ltr'>lunt</span> <span class='ocrx_word' id='word_1_460' title='bbox 2629 4107 2786 4166; x_wconf 75' lang='lat' dir='ltr'>hinc</span> <span class='ocrx_word' id='word_1_461' title='bbox 2815 4105 3098 4165; x_wconf 77' lang='lat' dir='ltr'>transire</span> <span class='ocrx_word' id='word_1_462' title='bbox 3127 4107 3215 4164; x_wconf 83' lang='lat' dir='ltr'>ad</span> <span class='ocrx_word' id='word_1_463' title='bbox 3254 4124 3376 4174; x_wconf 77' lang='grc' dir='ltr'><strong><em>υοε,</em></strong></span> <span class='ocrx_word' id='word_1_464' title='bbox 3409 4123 3536 4164; x_wconf 77' lang='lat' dir='ltr'>non</span> <span class='ocrx_word' id='word_1_465' title='bbox 3571 4107 3845 4182; x_wconf 76' lang='lat' dir='ltr'>possint,</span> <span class='ocrx_word' id='word_1_466' title='bbox 3876 4106 3945 4168; x_wconf 86' lang='lat' dir='ltr'>id</span> 
     </span>
    </p>
   </div>
   <div class='ocr_carea' id='block_1_14' title="bbox 836 4201 3948 4286">
    <p class='ocr_par' dir='ltr' id='par_1_20' title="bbox 836 4201 3948 4286">
     <span class='ocr_line' id='line_1_66' title="bbox 836 4201 3948 4286; baseline 0.001 -24"><span class='ocrx_word' id='word_1_467' title='bbox 836 4201 997 4264; x_wconf 87' lang='lat' dir='ltr'>Hinc</span> <span class='ocrx_word' id='word_1_468' title='bbox 1033 4202 1121 4264; x_wconf 89' lang='lat' dir='ltr'>ait</span> <span class='ocrx_word' id='word_1_469' title='bbox 1158 4201 1493 4283; x_wconf 89' lang='lat' dir='ltr'>Gregorius</span> <span class='ocrx_word' id='word_1_470' title='bbox 1537 4221 1550 4265; x_wconf 89' lang='lat'>:</span> <span class='ocrx_word' id='word_1_471' title='bbox 1586 4201 1649 4264; x_wconf 89' lang='lat' dir='ltr'>Si</span> <span class='ocrx_word' id='word_1_472' title='bbox 1690 4222 1834 4285; x_wconf 83' lang='lat' dir='ltr'>quae</span> <span class='ocrx_word' id='word_1_473' title='bbox 1864 4205 2335 4286; x_wconf 87' lang='lat' dir='ltr'>reprehensibi-</span> <span class='ocrx_word' id='word_1_474' title='bbox 2362 4207 2412 4269; x_wconf 91' lang='lat' dir='ltr'>D</span> <span class='ocrx_word' id='word_1_475' title='bbox 2441 4211 2557 4276; x_wconf 88' lang='lat' dir='ltr'>est,</span> <span class='ocrx_word' id='word_1_476' title='bbox 2615 4201 2796 4266; x_wconf 91' lang='lat' dir='ltr'>vobis</span> <span class='ocrx_word' id='word_1_477' title='bbox 2853 4201 3156 4264; x_wconf 88' lang='lat' dir='ltr'>advenire</span> <span class='ocrx_word' id='word_1_478' title='bbox 3203 4209 3265 4262; x_wconf 89' lang='lat' dir='ltr'>et</span> <span class='ocrx_word' id='word_1_479' title='bbox 3311 4201 3604 4263; x_wconf 85' lang='lat' dir='ltr'>auxiliari</span> <span class='ocrx_word' id='word_1_480' title='bbox 3663 4219 3789 4266; x_wconf 89' lang='lat' dir='ltr'>non</span> <span class='ocrx_word' id='word_1_481' title='bbox 3841 4222 3948 4266; x_wconf 88' lang='lat' dir='ltr'>va-</span> 
     </span>
    </p>
   </div>
   <div class='ocr_carea' id='block_1_15' title="bbox 836 4298 2334 5368">
    <p class='ocr_par' dir='ltr' id='par_1_21' title="bbox 836 4298 2334 5368">
     <span class='ocr_line' id='line_1_67' title="bbox 837 4298 2332 4382; baseline 0.004 -22"><span class='ocrx_word' id='word_1_482' title='bbox 837 4298 923 4361; x_wconf 89' lang='lat' dir='ltr'>lia</span> <span class='ocrx_word' id='word_1_483' title='bbox 966 4298 1031 4362; x_wconf 89' lang='lat' dir='ltr'>in</span> <span class='ocrx_word' id='word_1_484' title='bbox 1078 4299 1467 4382; x_wconf 89' lang='lat' dir='ltr'>pauperibus</span> <span class='ocrx_word' id='word_1_485' title='bbox 1506 4299 1819 4375; x_wconf 77' lang='lat' dir='ltr'>videmuS,</span> <span class='ocrx_word' id='word_1_486' title='bbox 1854 4321 1979 4365; x_wconf 91' lang='lat' dir='ltr'>non</span> <span class='ocrx_word' id='word_1_487' title='bbox 2025 4303 2332 4366; x_wconf 91' lang='lat' dir='ltr'>debemus</span> 
     </span>
     <span class='ocr_line' id='line_1_68' title="bbox 839 4397 2331 4482; baseline 0.003 -22"><span class='ocrx_word' id='word_1_488' title='bbox 839 4415 947 4460; x_wconf 88' lang='lat' dir='ltr'>eos</span> <span class='ocrx_word' id='word_1_489' title='bbox 991 4397 1337 4480; x_wconf 87' lang='lat' dir='ltr'>despicere,</span> <span class='ocrx_word' id='word_1_490' title='bbox 1371 4397 1523 4479; x_wconf 90' lang='lat' dir='ltr'>quia</span> <span class='ocrx_word' id='word_1_491' title='bbox 1558 4397 1843 4462; x_wconf 86' lang='lat' dir='ltr'>fortassis</span> <span class='ocrx_word' id='word_1_492' title='bbox 1880 4419 2039 4482; x_wconf 90' lang='lat' dir='ltr'>quos</span> <span class='ocrx_word' id='word_1_493' title='bbox 2080 4421 2331 4466; x_wconf 90' lang='lat' dir='ltr'>morum</span> 
     </span>
     <span class='ocr_line' id='line_1_69' title="bbox 839 4495 2334 4583; baseline 0.003 -26"><span class='ocrx_word' id='word_1_494' title='bbox 839 4495 1180 4558; x_wconf 86' lang='lat' dir='ltr'>infirmitas</span> <span class='ocrx_word' id='word_1_495' title='bbox 1220 4497 1525 4573; x_wconf 89' lang='lat' dir='ltr'>vulnerat,</span> <span class='ocrx_word' id='word_1_496' title='bbox 1557 4497 1672 4560; x_wconf 89' lang='lat' dir='ltr'>hos</span> <span class='ocrx_word' id='word_1_497' title='bbox 1709 4499 2023 4561; x_wconf 85' lang='lat' dir='ltr'>medicina</span> <span class='ocrx_word' id='word_1_498' title='bbox 2060 4519 2334 4583; x_wconf 90' lang='lat' dir='ltr'>pauper-</span> 
     </span>
     <span class='ocr_line' id='line_1_70' title="bbox 838 4595 2330 4670; baseline 0.002 -11"><span class='ocrx_word' id='word_1_499' title='bbox 838 4595 981 4660; x_wconf 86' lang='lat' dir='ltr'>tatis</span> <span class='ocrx_word' id='word_1_500' title='bbox 1026 4602 1223 4658; x_wconf 91' lang='lat' dir='ltr'>curat.</span> <span class='ocrx_word' id='word_1_501' title='bbox 1267 4595 1579 4658; x_wconf 87' lang='lat' dir='ltr'>Divitibus</span> <span class='ocrx_word' id='word_1_502' title='bbox 1624 4613 1794 4670; x_wconf 91' lang='lat' dir='ltr'>vero,</span> <span class='ocrx_word' id='word_1_503' title='bbox 1846 4597 2036 4658; x_wconf 90' lang='lat' dir='ltr'>etiam</span> <span class='ocrx_word' id='word_1_504' title='bbox 2078 4598 2131 4661; x_wconf 91' lang='lat' dir='ltr'>si</span> <span class='ocrx_word' id='word_1_505' title='bbox 2177 4599 2330 4663; x_wconf 91' lang='lat' dir='ltr'>boni</span> 
     </span>
     <span class='ocr_line' id='line_1_71' title="bbox 836 4693 2334 4776; baseline 0.003 -20"><span class='ocrx_word' id='word_1_506' title='bbox 836 4700 1203 4776; x_wconf 87' lang='lat' dir='ltr'>appareant,</span> <span class='ocrx_word' id='word_1_507' title='bbox 1244 4693 1504 4757; x_wconf 91' lang='lat' dir='ltr'>omnino</span> <span class='ocrx_word' id='word_1_508' title='bbox 1546 4693 1896 4756; x_wconf 85' lang='lat' dir='ltr'>timendum</span> <span class='ocrx_word' id='word_1_509' title='bbox 1942 4702 2038 4756; x_wconf 92' lang='lat' dir='ltr'>est</span> <span class='ocrx_word' id='word_1_510' title='bbox 2082 4715 2161 4758; x_wconf 91' lang='lat' dir='ltr'>ne</span> <span class='ocrx_word' id='word_1_511' title='bbox 2204 4697 2334 4760; x_wconf 88' lang='lat' dir='ltr'>for-</span> 
     </span>
     <span class='ocr_line' id='line_1_72' title="bbox 838 4791 2333 4876; baseline 0.003 -21"><span class='ocrx_word' id='word_1_512' title='bbox 838 4799 899 4855; x_wconf 90' lang='lat' dir='ltr'>te</span> <span class='ocrx_word' id='word_1_513' title='bbox 956 4810 1071 4875; x_wconf 89' lang='lat' dir='ltr'>pro</span> <span class='ocrx_word' id='word_1_514' title='bbox 1127 4791 1310 4854; x_wconf 90' lang='lat' dir='ltr'>bonis</span> <span class='ocrx_word' id='word_1_515' title='bbox 1368 4811 1513 4873; x_wconf 81' lang='lat' dir='ltr'>quae</span> <span class='ocrx_word' id='word_1_516' title='bbox 1556 4800 1771 4873; x_wconf 89' lang='lat' dir='ltr'>agunt,</span> <span class='ocrx_word' id='word_1_517' title='bbox 1824 4793 1889 4854; x_wconf 89' lang='lat' dir='ltr'>in</span> <span class='ocrx_word' id='word_1_518' title='bbox 1951 4797 2248 4876; x_wconf 79' lang='lat' dir='ltr'>praesenti</span> <span class='ocrx_word' id='word_1_519' title='bbox 2294 4816 2333 4859; x_wconf 89' lang='lat' dir='ltr'>a</span> 
     </span>
     <span class='ocr_line' id='line_1_73' title="bbox 840 4889 2332 4972; baseline 0.003 -20"><span class='ocrx_word' id='word_1_520' title='bbox 840 4889 963 4954; x_wconf 85' lang='lat' dir='ltr'>Deo</span> <span class='ocrx_word' id='word_1_521' title='bbox 1002 4890 1484 4954; x_wconf 86' lang='lat' dir='ltr'>retributionem</span> <span class='ocrx_word' id='word_1_522' title='bbox 1523 4889 1894 4972; x_wconf 89' lang='lat' dir='ltr'>suscipiant.</span> <span class='ocrx_word' id='word_1_523' title='bbox 1928 4891 2084 4955; x_wconf 89' lang='lat' dir='ltr'>Nam</span> <span class='ocrx_word' id='word_1_524' title='bbox 2126 4901 2196 4955; x_wconf 92' lang='lat' dir='ltr'>ut</span> <span class='ocrx_word' id='word_1_525' title='bbox 2243 4894 2332 4957; x_wconf 91' lang='lat' dir='ltr'>ait</span> 
     </span>
     <span class='ocr_line' id='line_1_74' title="bbox 838 4987 2326 5072; baseline 0.003 -21"><span class='ocrx_word' id='word_1_526' title='bbox 838 4987 1108 5064; x_wconf 89' lang='lat' dir='ltr'>Boetius,</span> <span class='ocrx_word' id='word_1_527' title='bbox 1142 4988 1436 5070; x_wconf 88' lang='lat' dir='ltr'>quamvis</span> <span class='ocrx_word' id='word_1_528' title='bbox 1474 4989 1719 5051; x_wconf 87' lang='lat' dir='ltr'>occulta</span> <span class='ocrx_word' id='word_1_529' title='bbox 1758 4990 1885 5052; x_wconf 89' lang='lat' dir='ltr'>sint</span> <span class='ocrx_word' id='word_1_530' title='bbox 1922 4989 2030 5052; x_wconf 91' lang='lat' dir='ltr'>Dei</span> <span class='ocrx_word' id='word_1_531' title='bbox 2063 4991 2326 5072; x_wconf 88' lang='lat' dir='ltr'>judicia,</span> 
     </span>
     <span class='ocr_line' id='line_1_75' title="bbox 840 5086 2334 5170; baseline 0.003 -21"><span class='ocrx_word' id='word_1_532' title='bbox 840 5088 993 5149; x_wconf 89' lang='lat' dir='ltr'>dum</span> <span class='ocrx_word' id='word_1_533' title='bbox 1032 5087 1098 5149; x_wconf 94' lang='lat' dir='ltr'>in</span> <span class='ocrx_word' id='word_1_534' title='bbox 1138 5086 1369 5149; x_wconf 79' lang='lat' dir='ltr'>saeculo</span> <span class='ocrx_word' id='word_1_535' title='bbox 1408 5086 1528 5150; x_wconf 91' lang='lat' dir='ltr'>isto</span> <span class='ocrx_word' id='word_1_536' title='bbox 1556 5087 1773 5150; x_wconf 90' lang='lat' dir='ltr'>electis</span> <span class='ocrx_word' id='word_1_537' title='bbox 1812 5091 2196 5170; x_wconf 90' lang='lat' dir='ltr'>proveniunt</span> <span class='ocrx_word' id='word_1_538' title='bbox 2235 5111 2334 5153; x_wconf 89' lang='lat' dir='ltr'>as-</span> 
     </span>
     <span class='ocr_line' id='line_1_76' title="bbox 842 5184 2334 5267; baseline 0.003 -21"><span class='ocrx_word' id='word_1_539' title='bbox 842 5203 1013 5267; x_wconf 89' lang='lat' dir='ltr'>pera,</span> <span class='ocrx_word' id='word_1_540' title='bbox 1046 5193 1109 5248; x_wconf 89' lang='lat' dir='ltr'>et</span> <span class='ocrx_word' id='word_1_541' title='bbox 1138 5184 1425 5267; x_wconf 90' lang='lat' dir='ltr'>reprobis</span> <span class='ocrx_word' id='word_1_542' title='bbox 1459 5202 1777 5267; x_wconf 88' lang='lat' dir='ltr'>prospera,</span> <span class='ocrx_word' id='word_1_543' title='bbox 1808 5186 2152 5250; x_wconf 88' lang='lat' dir='ltr'>occultiora</span> <span class='ocrx_word' id='word_1_544' title='bbox 2183 5197 2334 5250; x_wconf 90' lang='lat' dir='ltr'>sunt</span> 
     </span>
     <span class='ocr_line' id='line_1_77' title="bbox 842 5282 2334 5368; baseline 0.002 -22"><span class='ocrx_word' id='word_1_545' title='bbox 842 5291 1073 5358; x_wconf 87' lang='lat' dir='ltr'>tamen,</span> <span class='ocrx_word' id='word_1_546' title='bbox 1120 5284 1271 5345; x_wconf 92' lang='lat' dir='ltr'>dum</span> <span class='ocrx_word' id='word_1_547' title='bbox 1312 5282 1529 5346; x_wconf 87' lang='lat' dir='ltr'>electis</span> <span class='ocrx_word' id='word_1_548' title='bbox 1570 5283 1876 5346; x_wconf 89' lang='lat' dir='ltr'>eveniunt</span> <span class='ocrx_word' id='word_1_549' title='bbox 1926 5303 2231 5368; x_wconf 87' lang='lat' dir='ltr'>prospera</span> <span class='ocrx_word' id='word_1_550' title='bbox 2269 5295 2334 5350; x_wconf 91' lang='lat' dir='ltr'>et</span> 
     </span>
    </p>
   </div>
   <div class='ocr_carea' id='block_1_16' title="bbox 2437 4298 3946 5359">
    <p class='ocr_par' dir='ltr' id='par_1_22' title="bbox 2437 4298 3946 5359">
     <span class='ocr_line' id='line_1_78' title="bbox 2441 4298 3946 4364; baseline 0.001 -1"><span class='ocrx_word' id='word_1_551' title='bbox 2441 4301 2594 4363; x_wconf 88' lang='lat' dir='ltr'>lent.</span> <span class='ocrx_word' id='word_1_552' title='bbox 2631 4300 2796 4363; x_wconf 86' lang='lat' dir='ltr'>Beati</span> <span class='ocrx_word' id='word_1_553' title='bbox 2836 4300 3010 4363; x_wconf 91' lang='lat' dir='ltr'>enim</span> <span class='ocrx_word' id='word_1_554' title='bbox 3050 4307 3114 4362; x_wconf 89' lang='lat' dir='ltr'>et</span> <span class='ocrx_word' id='word_1_555' title='bbox 3141 4298 3349 4362; x_wconf 87' lang='lat' dir='ltr'>Sancti</span> <span class='ocrx_word' id='word_1_556' title='bbox 3393 4299 3484 4362; x_wconf 90' lang='lat' dir='ltr'>sic</span> <span class='ocrx_word' id='word_1_557' title='bbox 3519 4308 3671 4363; x_wconf 90' lang='lat' dir='ltr'>sunt</span> <span class='ocrx_word' id='word_1_558' title='bbox 3705 4300 3946 4364; x_wconf 75' lang='lat' dir='ltr'>divinae</span> 
     </span>
     <span class='ocr_line' id='line_1_79' title="bbox 2438 4395 3944 4481; baseline 0.001 -21"><span class='ocrx_word' id='word_1_559' title='bbox 2438 4398 2702 4479; x_wconf 79' lang='lat' dir='ltr'>justitias</span> <span class='ocrx_word' id='word_1_560' title='bbox 2743 4406 2886 4481; x_wconf 89' lang='lat' dir='ltr'>post</span> <span class='ocrx_word' id='word_1_561' title='bbox 2915 4397 3110 4460; x_wconf 92' lang='lat' dir='ltr'>vitam</span> <span class='ocrx_word' id='word_1_562' title='bbox 3142 4396 3304 4460; x_wconf 90' lang='lat' dir='ltr'>hanc</span> <span class='ocrx_word' id='word_1_563' title='bbox 3337 4395 3736 4478; x_wconf 87' lang='lat' dir='ltr'>conformati,</span> <span class='ocrx_word' id='word_1_564' title='bbox 3769 4400 3944 4480; x_wconf 88' lang='lat' dir='ltr'>quod</span> 
     </span>
     <span class='ocr_line' id='line_1_80' title="bbox 2441 4496 3944 4578; baseline 0.001 -18"><span class='ocrx_word' id='word_1_565' title='bbox 2441 4497 2756 4560; x_wconf 88' lang='lat' dir='ltr'>damnatis</span> <span class='ocrx_word' id='word_1_566' title='bbox 2805 4496 3150 4559; x_wconf 89' lang='lat' dir='ltr'>subvenire</span> <span class='ocrx_word' id='word_1_567' title='bbox 3200 4513 3317 4558; x_wconf 89' lang='lat' dir='ltr'>nec</span> <span class='ocrx_word' id='word_1_568' title='bbox 3357 4503 3626 4578; x_wconf 91' lang='lat' dir='ltr'>possunt</span> <span class='ocrx_word' id='word_1_569' title='bbox 3667 4514 3784 4560; x_wconf 86' lang='lat' dir='ltr'>nec</span> <span class='ocrx_word' id='word_1_570' title='bbox 3829 4516 3944 4561; x_wconf 86' lang='lat' dir='ltr'>vo-</span> 
     </span>
     <span class='ocr_line' id='line_1_81' title="bbox 2441 4594 3946 4676; baseline 0 -18"><span class='ocrx_word' id='word_1_571' title='bbox 2441 4597 2602 4670; x_wconf 90' lang='lat' dir='ltr'>lunt,</span> <span class='ocrx_word' id='word_1_572' title='bbox 2655 4596 2973 4676; x_wconf 90' lang='lat' dir='ltr'>loquendo</span> <span class='ocrx_word' id='word_1_573' title='bbox 3019 4596 3099 4658; x_wconf 89' lang='lat' dir='ltr'>de</span> <span class='ocrx_word' id='word_1_574' title='bbox 3146 4594 3470 4658; x_wconf 90' lang='lat' dir='ltr'>voluntate</span> <span class='ocrx_word' id='word_1_575' title='bbox 3528 4594 3946 4658; x_wconf 83' lang='lat' dir='ltr'>deliberativa</span> 
     </span>
     <span class='ocr_line' id='line_1_82' title="bbox 2439 4692 3937 4777; baseline -0.001 -21"><span class='ocrx_word' id='word_1_576' title='bbox 2439 4703 2503 4757; x_wconf 91' lang='lat' dir='ltr'>et</span> <span class='ocrx_word' id='word_1_577' title='bbox 2549 4695 2828 4777; x_wconf 90' lang='lat' dir='ltr'>practica</span> <span class='ocrx_word' id='word_1_578' title='bbox 2870 4712 2884 4756; x_wconf 91' lang='lat'>:</span> <span class='ocrx_word' id='word_1_579' title='bbox 2925 4693 3220 4774; x_wconf 88' lang='lat' dir='ltr'>quamvis</span> <span class='ocrx_word' id='word_1_580' title='bbox 3270 4692 3593 4756; x_wconf 87' lang='lat' dir='ltr'>voluntate</span> <span class='ocrx_word' id='word_1_581' title='bbox 3641 4694 3937 4769; x_wconf 87' lang='lat' dir='ltr'>naturali,</span> 
     </span>
     <span class='ocr_line' id='line_1_83' title="bbox 2440 4791 3943 4876; baseline -0.001 -20"><span class='ocrx_word' id='word_1_582' title='bbox 2440 4794 2554 4868; x_wconf 83' lang='lat' dir='ltr'>eiS,</span> <span class='ocrx_word' id='word_1_583' title='bbox 2593 4793 2945 4876; x_wconf 83' lang='lat' dir='ltr'>praesertim</span> <span class='ocrx_word' id='word_1_584' title='bbox 2978 4793 3112 4854; x_wconf 92' lang='lat' dir='ltr'>suis</span> <span class='ocrx_word' id='word_1_585' title='bbox 3151 4791 3531 4874; x_wconf 89' lang='lat' dir='ltr'>propinquis</span> <span class='ocrx_word' id='word_1_586' title='bbox 3560 4799 3622 4854; x_wconf 87' lang='lat' dir='ltr'>et</span> <span class='ocrx_word' id='word_1_587' title='bbox 3652 4791 3800 4855; x_wconf 88' lang='lat' dir='ltr'>olim</span> <span class='ocrx_word' id='word_1_588' title='bbox 3843 4811 3943 4855; x_wconf 84' lang='lat' dir='ltr'>ca·</span> 
     </span>
     <span class='ocr_line' id='line_1_84' title="bbox 2441 4889 3944 4972; baseline 0 -18"><span class='ocrx_word' id='word_1_589' title='bbox 2441 4892 2733 4964; x_wconf 79' lang='lat' dir='ltr'>rissimiS,</span> <span class='ocrx_word' id='word_1_590' title='bbox 2775 4907 3147 4953; x_wconf 89' lang='lat' dir='ltr'>succurrere</span> <span class='ocrx_word' id='word_1_591' title='bbox 3185 4889 3442 4964; x_wconf 89' lang='lat' dir='ltr'>vellent,</span> <span class='ocrx_word' id='word_1_592' title='bbox 3485 4889 3540 4952; x_wconf 92' lang='lat' dir='ltr'>si</span> <span class='ocrx_word' id='word_1_593' title='bbox 3589 4899 3756 4953; x_wconf 89' lang='lat' dir='ltr'>esset</span> <span class='ocrx_word' id='word_1_594' title='bbox 3793 4909 3944 4972; x_wconf 91' lang='lat' dir='ltr'>pos-</span> 
     </span>
     <span class='ocr_line' id='line_1_85' title="bbox 2439 4988 3942 5069; baseline -0.001 -17"><span class='ocrx_word' id='word_1_595' title='bbox 2439 4989 2648 5052; x_wconf 91' lang='lat' dir='ltr'>sibile.</span> <span class='ocrx_word' id='word_1_596' title='bbox 2693 4989 2863 5051; x_wconf 92' lang='lat' dir='ltr'>lstud</span> <span class='ocrx_word' id='word_1_597' title='bbox 2903 5007 3055 5052; x_wconf 88' lang='lat' dir='ltr'>vero</span> <span class='ocrx_word' id='word_1_598' title='bbox 3106 5006 3231 5050; x_wconf 90' lang='lat' dir='ltr'>non</span> <span class='ocrx_word' id='word_1_599' title='bbox 3281 5005 3489 5069; x_wconf 85' lang='lat' dir='ltr'>posse,</span> <span class='ocrx_word' id='word_1_600' title='bbox 3525 5005 3746 5050; x_wconf 86' lang='lat' dir='ltr'>eorum</span> <span class='ocrx_word' id='word_1_601' title='bbox 3791 4988 3942 5051; x_wconf 88' lang='lat' dir='ltr'>bea-</span> 
     </span>
     <span class='ocr_line' id='line_1_86' title="bbox 2437 5087 3941 5169; baseline 0 -19"><span class='ocrx_word' id='word_1_602' title='bbox 2437 5088 2695 5151; x_wconf 89' lang='lat' dir='ltr'>titudini</span> <span class='ocrx_word' id='word_1_603' title='bbox 2730 5105 2855 5150; x_wconf 91' lang='lat' dir='ltr'>non</span> <span class='ocrx_word' id='word_1_604' title='bbox 2891 5094 3219 5169; x_wconf 89' lang='lat' dir='ltr'>repugnat,</span> <span class='ocrx_word' id='word_1_605' title='bbox 3255 5087 3420 5148; x_wconf 88' lang='lat' dir='ltr'>sicut</span> <span class='ocrx_word' id='word_1_606' title='bbox 3449 5103 3566 5148; x_wconf 88' lang='lat' dir='ltr'>nec</span> <span class='ocrx_word' id='word_1_607' title='bbox 3592 5105 3718 5150; x_wconf 89' lang='lat' dir='ltr'>non</span> <span class='ocrx_word' id='word_1_608' title='bbox 3750 5105 3941 5169; x_wconf 85' lang='lat' dir='ltr'>posse</span> 
     </span>
     <span class='ocr_line' id='line_1_87' title="bbox 2441 5183 3942 5270; baseline -0.001 -20"><span class='ocrx_word' id='word_1_609' title='bbox 2441 5204 2724 5270; x_wconf 87' lang='lat' dir='ltr'>peccare.</span> <span class='ocrx_word' id='word_1_610' title='bbox 2749 5223 2829 5232; x_wconf 96' lang='lat'><strong>—</strong></span> <span class='ocrx_word' id='word_1_611' title='bbox 2847 5185 2968 5249; x_wconf 89' lang='lat' dir='ltr'>Sed</span> <span class='ocrx_word' id='word_1_612' title='bbox 2997 5185 3198 5267; x_wconf 79' lang='lat' dir='ltr'>quaeri</span> <span class='ocrx_word' id='word_1_613' title='bbox 3229 5192 3456 5267; x_wconf 90' lang='lat' dir='ltr'>potest,</span> <span class='ocrx_word' id='word_1_614' title='bbox 3481 5203 3562 5247; x_wconf 88' lang='lat' dir='ltr'>an</span> <span class='ocrx_word' id='word_1_615' title='bbox 3591 5183 3758 5247; x_wconf 85' lang='lat' dir='ltr'>Beati</span> <span class='ocrx_word' id='word_1_616' title='bbox 3792 5204 3942 5268; x_wconf 90' lang='lat' dir='ltr'>pos-</span> 
     </span>
     <span class='ocr_line' id='line_1_88' title="bbox 2438 5283 3938 5359; baseline 0 -10"><span class='ocrx_word' id='word_1_617' title='bbox 2438 5286 2568 5349; x_wconf 92' lang='lat' dir='ltr'>sint</span> <span class='ocrx_word' id='word_1_618' title='bbox 2615 5285 2682 5348; x_wconf 91' lang='lat' dir='ltr'>in</span> <span class='ocrx_word' id='word_1_619' title='bbox 2731 5283 3056 5346; x_wconf 85' lang='lat' dir='ltr'>infernum</span> <span class='ocrx_word' id='word_1_620' title='bbox 3105 5283 3510 5359; x_wconf 86' lang='lat' dir='ltr'>descendere,</span> <span class='ocrx_word' id='word_1_621' title='bbox 3555 5283 3746 5346; x_wconf 87' lang='lat' dir='ltr'>etiam</span> <span class='ocrx_word' id='word_1_622' title='bbox 3796 5303 3938 5349; x_wconf 82' lang='lat' dir='ltr'>cor—</span> 
     </span>
    </p>
   </div>
   <div class='ocr_carea' id='block_1_17' title="bbox 4253 0 4257 6209">
    <p class='ocr_par' dir='ltr' id='par_1_23' title="bbox 4253 0 4257 6209">
     <span class='ocr_line' id='line_1_89' title="bbox 4253 0 4257 6209; baseline 0 0"><span class='ocrx_word' id='word_1_623' title='bbox 4253 0 4257 6209; x_wconf 95' lang='lat' dir='ltr'> </span> 
     </span>
    </p>
   </div>
  </div>
 </body>
</html>
