4300 6259
67 2581 100 2624 11
125 2583 240 2627 Cor.
263 2597 328 2635 m,

62 3561 76 3601 l
97 3561 214 3604 Tim.
230 3565 326 3613 u,5.

63 4351 224 4455 1Ιίίῖοφκ
237 4367 324 4406 xm,

1159 521 1512 568 ENARRATIO
1557 522 1619 568 ΙΝ
1660 522 1798 568 GAP.
1845 523 1948 568 XV!
1991 523 2267 570 JOANNIS.
2314 543 2392 554 -
2435 525 2577 572 ART.
2624 527 2701 572 xt.

3358 508 3478 574 563

353 683 560 749 batur
591 687 712 752 hoc
745 692 932 754 modo
960 692 1252 768 obscure,
1288 691 1491 756 nihilo
1523 693 1736 756 minus
1766 713 1874 756 ex-
1901 693 1950 754 A
1983 703 2141 755 trem
2190 699 2295 766 de,
2335 695 2396 758 id
2448 705 2542 759 est
2592 717 2729 780 pro,
2774 700 2967 760 vobis.
3018 697 3340 770 Quomodo
3384 697 3479 758 in·-

358 786 587 864 posuit
635 787 728 848 eis
787 807 1068 852 sensum.
1121 791 1383 874 Propter
1430 793 1600 874 quod
1649 793 1738 855 ait
1793 794 1870 854 ad

35 905 318 957 hammo.
355 901 475 946 eos
533 903 547 949 τ
599 885 788 950 Vobis
838 890 1054 951 datum
1113 899 1208 952 est
1259 909 1443 953 nosse
1496 891 1869 973 mysterium

358 983 551 1063 regni
598 984 728 1058 Dei,
763 988 990 1050 ceteris
1029 995 1242 1050 autem
1295 989 1358 1050 in
1405 989 1743 1071 parabolis.
1779 991 1872 1053 ld-

39 1093 317 1198 ³*Mamm
357 1097 444 1144 eo
503 1081 750 1146 Marcus
817 1093 1104 1160 testatur,
1168 1085 1465 1150 Seorsum
1536 1088 1870 1170 discipulis

359 1181 504 1242 suis
564 1182 917 1246 disserebat
965 1186 1180 1249 omnia
1234 1205 1248 1248 :
1302 1205 1426 1249 non
1480 1195 1689 1251 tamen
1744 1196 1870 1250 tam

361 1279 540 1342 clare
576 1289 646 1342 ut
683 1291 824 1363 post
854 1285 1406 1348 resurrectionem.
1431 1286 1670 1350 Idcirco
1702 1306 1872 1349 nunc

362 1378 672 1441 subditur
719 1399 732 1443 :
783 1385 895 1442 sed
931 1387 1164 1460 palam
1211 1386 1291 1443 de
1329 1387 1528 1446 Patre
1572 1405 1705 1446 meo
1753 1407 1873 1446 αη-

361 1480 688 1539 nuntiabo
745 1482 942 1553 υοόίε,
994 1481 1058 1543 id
1117 1489 1232 1555 est,
1287 1482 1617 1545 clariorem
1677 1503 1869 1564 quam

361 1585 516 1638 ante
554 1578 718 1641 dabo
762 1579 938 1642 vobis
979 1579 1268 1643 notitiam
1302 1581 1408 1642 Dei
1448 1580 1662 1643 Patris.
1697 1580 1870 1655 Quod

361 1674 611 1737 factum
643 1685 740 1739 est
769 1677 834 1738 in
867 1677 968 1740 die
999 1677 1407 1753 Pentecostes,
1431 1682 1688 1762 quando
1717 1682 1874 1762 Apo-

363 1773 538 1847 stoli,
576 1783 831 1858 recepto
864 1775 1112 1858 Spiritu
1145 1776 1392 1852 Sancte,
1427 1778 1693 1861 limpida
1722 1798 1873 1860 qua·

1979 792 2392 872 telligendum
2432 803 2528 857 est
2577 796 2716 866 hoc,
2760 815 2961 878 quum
3012 815 3205 878 supra
3248 796 3311 858 in
3358 796 3477 858 hoc

1980 891 2122 972 ipso
2178 910 2469 956 sermone
2521 895 2751 956 dixerit
2802 895 3086 958 Christus
3136 895 3472 977 ApostoliS,

1982 987 2105 1069 Ego
2153 990 2383 1071 rogabo
2427 991 2693 1065 Patrem,
2738 1002 2799 1054 et
2842 994 3039 1055 alium
3088 991 3475 1055 Paracletum
3504 1003 3766 1054 Joann-xnv.

1980 1086 2157 1148 dabit
2188 1089 2412 1151 vobis?
2444 1089 2707 1166 Rursus,
2743 1091 2881 1153 sine
2919 1092 3263 1155 mediatore
3300 1090 3478 1154 chri·
3505 1068 3571 1108 ¹⁶·

1980 1194 2076 1248 sto
2121 1186 2337 1248 nullus
2388 1187 2577 1250 habet
2620 1207 2945 1252 accessum
2984 1190 3064 1252 ad
3106 1189 3326 1264 Deum,
3362 1207 3479 1250 nec

1979 1283 2226 1364 aliquid
2269 1304 2709 1366 promeremur
2754 1288 2853 1350 vel
2905 1289 3303 1362 exaudimur,
3354 1287 3478 1349 nisi

1981 1382 2217 1445 virtute
2258 1391 2320 1446 et
2358 1385 2585 1448 merito
2630 1385 2879 1449 Christi.
2915 1386 3007 1449 Ad
3055 1386 3175 1449 hoc
3218 1386 3479 1468 quidam

1980 1483 2387 1563 respondent,
2422 1486 2594 1566 quod
2625 1484 2911 1547 Christus
2954 1494 3128 1566 rogat
3168 1492 3234 1546 ut
3264 1484 3478 1557 homo,

1980 1587 2042 1641 et
2085 1599 2212 1643 non
2246 1589 2419 1662 rogat
2452 1591 2521 1642 ut
2561 1582 2745 1645 Deus.
2782 1582 3079 1655 Quamvis
3119 1591 3331 1645 autem
3363 1582 3483 1646 hoc

1983 1696 2204 1741 verum
2250 1679 2352 1755 sit,
2395 1688 2608 1743 tamen
2656 1700 2781 1745 non
2830 1682 3085 1744 videtur
3124 1683 3203 1743 ad
3254 1701 3484 1764 propo-

1981 1776 2174 1839 situm
2219 1778 2603 1853 satisfacere,
2648 1779 2950 1861 quoniam
2999 1779 3285 1843 Christus
3338 1799 3484 1843 cau-

365 1873 515 1935 dam
545 1874 682 1936 acie
713 1876 945 1938 mentis
985 1885 1419 1956 cognoverunt
1457 1879 1534 1940 de
1576 1877 1751 1939 Patre
1779 1886 1869 1942 to-
1905 1875 1952 1936 B
1980 1893 2114 1936 sam
2145 1895 2259 1938 eur
2290 1896 2415 1941 non
2449 1877 2694 1958 rogabit
2720 1877 2967 1940 Patrem
3002 1897 3116 1960 pro
3146 1878 3481 1960 discipulis

363 1977 560 2052 taque
600 1973 1164 2055 superbeatissima
1194 1974 1518 2051 Trinitate,
1552 1995 1696 2058 quae
1725 1984 1871 2039 ante

365 2070 713 2133 audierunt
767 2091 804 2134 a
859 2072 1042 2148 Filio,
1097 2075 1206 2135 sed
1266 2094 1488 2156 parum
1546 2075 1645 2137 vel
1706 2076 1869 2138 nihil

367 2168 826 2233 intellexerunt
880 2173 957 2234 de
1015 2173 1130 2233 eis.
1179 2171 1648 2249 Verumtamen,
1696 2175 1867 2257 quod

363 2267 474 2342 ait,
519 2268 752 2344 Palam,
801 2290 925 2335 non
973 2279 1071 2334 est
1115 2271 1600 2353 intelligendum
1651 2275 1728 2336 de
1778 2274 1870 2336 vi-

363 2367 546 2429 sione
575 2368 744 2430 clara
773 2375 836 2431 et
874 2369 1240 2432 immediata
1277 2389 1391 2453 per
1420 2372 1722 2453 speciem,
1757 2373 1868 2435 sed

364 2465 778 2547 singulariter
823 2467 1104 2533 evidenti
1153 2487 1268 2550 per
1315 2468 1512 2531 fidem
1558 2487 1571 2532 :
1618 2471 1694 2532 de
1741 2489 1868 2552 qua

363 2563 521 2626 dicit
562 2564 922 2646 ApostoluS,
955 2566 1078 2631 Nos
1121 2575 1330 2630 autem
1386 2567 1658 2630 revelata
1705 2568 1866 2631 facie

360 2661 632 2742 gloriam
675 2662 925 2726 Domini
975 2664 1397 2746 speculantes.
1433 2665 1716 2747 Denique
1759 2686 1868 2728 an-

361 2768 425 2823 te
465 2761 636 2823 diem
683 2762 1078 2826 Pentecostes
1124 2763 1409 2827 Christus
1451 2765 1710 2846 proprio
1757 2785 1866 2829 ore

359 2859 534 2922 clare
571 2860 839 2924 docebat
877 2861 1224 2944 discipulos
1257 2864 1334 2924 de
1373 2863 1630 2937 diviniS‚
1665 2884 1866 2946 quan-

200 2991 327 3029 mv,
361 2959 446 3021 do
503 2959 758 3040 aperuit
807 2959 935 3022 illis
985 2979 1265 3034 sensum,
1312 2969 1380 3022 ut
1437 2962 1866 3043 intelligerent

1980 1973 2112 2034 suis
2160 1974 2511 2057 assignanS,
2553 1975 2787 2058 adjecit
2830 1995 2843 2040 :
2889 1977 3031 2058 lpse
3080 1977 3251 2039 enim
3302 1977 3482 2040 Pater

1978 2079 2146 2134 amat
2190 2092 2321 2149 VOS,
2366 2075 2517 2155 quia
2557 2093 2667 2138 vos
2718 2093 2819 2137 me
2866 2076 3147 2137 amastis.
3193 2077 3477 2157 lnsuper‚

1983 2172 2171 2252 paulo
2213 2181 2373 2254 post,
2408 2173 2473 2235 in
2514 2174 2635 2236 hoc
2666 2173 2807 2255 ipso
2846 2192 3161 2248 sermone,
3195 2174 3479 2237 Christus

1981 2277 2155 2350 rogat
2214 2271 2458 2333 Patrem
2518 2291 2632 2353 pro
2688 2272 3005 2354 Apostolis
3065 2290 3079 2334 :
3136 2273 3331 2348 Pater,
3385 2273 3481 2335 in-
3542 2289 3771 2341 mann.

1981 2367 2234 2450 quiem,
2270 2387 2453 2430 serva
2494 2388 2601 2432 eos
2646 2370 2711 2431 in
2760 2371 3018 2432 nomine
3060 2377 3212 2450 tuo;
3259 2378 3342 2445 et,
3376 2370 3479 2433 Pa·
3507 2355 3654 2459 Ἕω·
3682 2418 3747 2460 17·

1979 2474 2096 2540 ter,
2149 2466 2478 2529 sanctifica
2534 2485 2641 2530 eos
2693 2468 2757 2529 in
2810 2468 3093 2530 veritate.
3146 2468 3280 2532 Non
3329 2487 3478 2550 ergo

1983 2564 2119 2626 vult
2163 2565 2393 2640 dicere,
2437 2566 2607 2647 quod
2660 2583 3064 2647 nequaquam
3114 2566 3319 2630 orabit
3363 2587 3480 2650 pro

1981 2662 2094 2736 eis,
2129 2664 2237 2724 sed
2281 2665 2446 2744 quod
2488 2671 2673 2726 tantae
2713 2663 3123 2744 perfectionis
3163 2674 3225 2727 et
3261 2664 3481 2747 gratiae

1981 2769 2189 2836 erunt,
2240 2762 2412 2842 quod
2464 2780 2589 2824 non
2650 2761 3032 2843 indigebunt
3084 2763 3205 2826 Deo
3260 2782 3483 2827 recon—

1980 2858 2207 2938 ciliari,
2250 2860 2359 2922 sed
2407 2859 2465 2921 ei
2515 2859 2937 2922 amantissimi
2988 2868 3196 2933 erunt,
3246 2861 3481 2923 famili-

1979 2976 2118 3020 ares
2177 2965 2239 3019 et-
2297 2959 2695 3040 praeaceepti‚
2744 2967 3055 3040 tanquam
3116 2958 3478 3023 confirmati

360 3055 768 3138 Scripturas:
813 3057 1302 3141 insufflavitque
1351 3060 1416 3121 in
1468 3077 1597 3134 eoS‚
1643 3068 1707 3122 et
1752 3062 1862 3137 ait,
1905 3059 1948 3122 C
1979 3056 2043 3117 in
2101 3057 2319 3136 gratia,
2376 3057 2463 3118 ita
2510 3058 2683 3138 quod
2742 3065 2883 3139 post
2940 3056 3216 3139 Spiritus
3265 3058 3477 3122 Sancti

360 3154 652 3236 Accipite
690 3154 1002 3237 Spiritum
1042 3156 1365 3220 Sanctum.
1401 3161 1483 3220 In
1513 3161 1627 3220 illo
1657 3163 1765 3220 die
1793 3163 1864 3222 in

359 3255 626 3314 nomine
655 3274 789 3314 meo
812 3258 1064 3332 petetis,
1096 3255 1158 3317 id
1191 3265 1308 3331 est,
1344 3256 1586 3319 Patrem
1629 3275 1741 3339 per
1769 3257 1869 3320 Fi-

359 3351 521 3413 lium
565 3370 714 3415 vere
761 3373 834 3415 ac
883 3355 1002 3416 rite
1051 3354 1333 3429 orabitiS,
1367 3355 1519 3437 quia
1566 3363 1718 3418 tunc
1765 3377 1867 3422 eo-

356 3451 680 3530 gnoscetis
728 3451 959 3514 Filium
1011 3452 1429 3534 spiritualiter
1470 3471 1544 3515 ac
1590 3455 1858 3530 sincere,

359 3550 684 3629 quomodo
739 3549 823 3611 sit
871 3549 977 3612 Dei
1027 3557 1090 3612 et
1138 3551 1468 3614 hominum
1529 3554 1858 3629 mediator,

361 3664 477 3728 per
515 3665 712 3728 quem
760 3648 976 3710 omnia
1021 3649 1238 3729 gratiae
1287 3650 1451 3712 dona
1493 3649 1862 3714 hominibus

357 3743 822 3826 impertiuntur
861 3765 898 3808 a
939 3745 1116 3833 Patre
1163 3764 1276 3808 seu
1319 3746 1643 3810 Trinitate.

436 3842 707 3915 Quidam
757 3851 1089 3926 exponunt
1137 3845 1310 3907 hunc
1365 3845 1574 3908 locum
1622 3846 1702 3909 ab
1752 3847 1864 3911 illo

355 3941 578 4016 verbo,
613 3941 800 4004 Venit
843 3943 998 4006 hora
1028 3962 1229 4024 quum
1269 3943 1399 4025 jam
1443 3963 1568 4007 non
1609 3945 1675 4007 in
1718 3964 1865 4027 pro-

356 4039 599 4104 verbiis
656 4040 882 4122 loquar
931 4040 1135 4116 vobiS‚
1188 4043 1266 4104 de
1315 4041 1559 4106 visione
1611 4051 1674 4105 et
1719 4043 1866 4105 illu-

356 4138 710 4202 minatione
753 4139 1126 4202 Sauctorum
1167 4159 1203 4201 a
1241 4140 1488 4205 Christo
1526 4139 1592 4202 in
1636 4142 1859 4223 patria,

1975 3155 2444 3236 susceptionem
2506 3174 2835 3236 nunquam
2895 3155 3252 3237 peccabunt
3311 3175 3481 3220 mor-

1974 3252 2203 3326 taliter,
2239 3253 2381 3316 ideo
2410 3261 2588 3316 actus
2620 3261 2682 3315 ct
2713 3271 2932 3335 preces
2974 3254 3257 3336 ipsorum
3290 3265 3479 3318 erunt

1973 3350 2097 3412 Deo
2145 3350 2467 3431 placentes
2516 3351 2655 3413 sine
2704 3351 2963 3433 speciali
3013 3351 3330 3433 adjutorio
3384 3354 3480 3416 in-

1973 3449 2377 3512 tercessionis
2410 3450 2946 3513 reconciliatoriae.
2970 3449 3103 3514 Non
3138 3459 3349 3514 tamen
3378 3471 3477 3514 ex·

1974 3546 2255 3608 cluditur
2283 3546 2512 3610 Christi
2558 3547 2938 3623 subsidium,
2974 3550 3084 3611 sed
3116 3548 3477 3612 insinuatur

1974 3664 2166 3727 quam
2225 3645 2623 3708 familiariter
2671 3654 2733 3708 et
2781 3665 3003 3709 secure
3064 3648 3309 3730 possint
3364 3647 3477 3712 Pa-

1973 3753 2133 3806 trem
2177 3747 2497 3808 accedere.
2543 3746 2688 3809 Ideo
2728 3747 2902 3809 addit
2937 3766 2951 3809 :

2054 3847 2198 3919 Ipse
2236 3846 2412 3905 enim
2451 3847 2649 3906 Pater
2687 3853 2865 3906 amat
2906 3865 3009 3905 vos
3047 3863 3261 3908 amore
3302 3855 3474 3910 aeter-
3604 3849 3675 3906 27

1973 3960 2076 4015 no,
2120 3942 2305 4020 quia,
2345 3941 2412 4002 id
2452 3949 2549 4004 est
2592 3941 2777 4023 cujus
2822 3961 3011 4004 causa
3054 3962 3091 4004 a
3134 3945 3471 4024 posteriori

1974 4039 2073 4101 vel
2115 4039 2392 4119 signum,
2427 4047 2525 4102 est
2560 4040 2734 4121 quod
2762 4060 2869 4100 vos
2900 4060 2999 4102 me
3027 4043 3296 4102 amastis
3328 4051 3473 4106 actu

1973 4137 2251 4199 caritatis
2297 4136 2545 4200 infusae.
2591 4136 2844 4200 Certum
2890 4156 3187 4220 saepeque
3230 4141 3473 4204 dictum

358 4237 471 4298 ubi
517 4237 736 4300 omnia
777 4235 997 4300 vident
1039 4237 1105 4300 in
1153 4238 1376 4313 Verb0,
1410 4246 1472 4300 et
1518 4239 1709 4302 Deum
1756 4259 1864 4321 pa·
1893 4240 1942 4302 D
1972 4243 2088 4306 est,
2124 4237 2505 4317 quodamor
2534 4235 2640 4298 Dei
2672 4236 2979 4317 praevenit
3008 4244 3071 4298 et
3100 4247 3316 4300 causat
3344 4258 3473 4302 om·

357 4335 488 4397 lam
546 4335 976 4418 conspiciunt,
1041 4356 1166 4400 non
1226 4356 1338 4418 per
1401 4339 1735 4420 speculum
1795 4339 1860 4401 in

357 4434 717 4515 aenigmate,
773 4435 940 4496 sicut
996 4436 1203 4498 modo.
1267 4435 1464 4507 Quam
1522 4437 1863 4518 expositio-

357 4551 508 4595 nem
551 4531 848 4614 reprobat
879 4533 1268 4615 Augustinus
1309 4552 1424 4616 per
1454 4535 1518 4596 id
1548 4535 1719 4616 quod
1755 4537 1863 4599 ad-

354 4631 600 4713 jectum
650 4639 748 4694 est
795 4649 809 4695 :
861 4632 930 4694 ln
982 4632 1094 4695 illo
1142 4633 1246 4694 die
1295 4633 1358 4694 in
1411 4635 1669 4696 nomine
1717 4652 1860 4698 meo

358 4730 612 4812 petetiS.
665 4729 875 4792 Sancti
932 4739 1146 4792 autem
1195 4731 1260 4793 in
1313 4732 1516 4811 patria
1575 4751 1700 4794 non
1753 4749 1862 4815 pe-

357 4836 523 4901 tunt,
574 4837 645 4890 ut
692 4828 868 4902 dicit,
916 4847 1120 4909 quum
1170 4829 1395 4911 petitio
1444 4829 1526 4892 sit
1570 4830 1861 4910 indigen-

359 4927 482 5002 tiae,
525 4944 671 5008 quae
715 4927 784 4988 in
827 4927 1030 5008 patria
1078 4928 1290 4990 locum
1335 4947 1462 4991 non
1511 4925 1722 4990 habet.
1765 4929 1858 4992 Ad

355 5026 530 5107 quod
572 5024 700 5087 dici
748 5032 973 5106 potest,
1007 5027 1178 5106 quod
1221 5034 1404 5088 orant
1443 5044 1558 5108 pro
1599 5027 1762 5100 aliis,
1797 5035 1860 5089 et

358 5142 476 5205 pro
520 5122 714 5184 certis
755 5123 1010 5205 punctis
1051 5124 1130 5185 ad
1173 5124 1561 5186 accidentale
1608 5123 1860 5206 praemi-

359 5239 470 5284 um
514 5219 1008 5302 pertinentibus

441 5321 528 5382 Ec
565 5339 698 5380 non
735 5321 878 5380 dico
915 5321 1090 5380 vobis
1126 5322 1286 5401 quia
1325 5341 1435 5398 eqo
1473 5322 1706 5398 roqabo
1733 5323 1860 5382 Pa-

1973 4353 2054 4396 ne
2101 4333 2401 4396 meritum
2463 4341 2771 4408 nostrum,
2826 4342 2889 4396 et
2944 4335 3262 4417 quidquid
3320 4336 3471 4400 boni

1974 4433 2304 4495 habemuS.
2357 4433 2596 4496 Idcirco
2647 4452 2825 4496 amor
2882 4434 3344 4514 discipulorum
3394 4436 3472 4498 ad

1971 4531 2291 4593 Christum
2333 4549 2457 4593 non
2500 4537 2594 4592 est
2633 4549 2821 4592 causa
2850 4549 2887 4592 a
2918 4530 3116 4612 priori
3155 4533 3327 4612 quod
3366 4532 3474 4594 Pa-

1968 4637 2066 4691 ter
2094 4629 2303 4709 diligit
2331 4647 2460 4703 eoS,
2486 4630 2595 4691 sed
2625 4629 2879 4709 signum
2910 4648 2925 4691 t
2960 4630 3263 4710 quoniam
3293 4650 3472 4694 amor

1967 4746 2189 4791 eorum
2238 4728 2315 4789 ad
2374 4727 2717 4802 Christum,
2769 4736 2867 4790 est
2910 4726 3179 4790 effectus
3233 4729 3467 4792 amoris

1968 4825 2073 4888 Dei
2124 4825 2321 4888 Patris
2371 4826 2471 4889 vel
2520 4825 2843 4888 Trinitatis
2899 4827 2979 4889 ad
3026 4845 3155 4890 eos.
3207 4827 3468 4910 Propter

1967 4927 2132 5007 quod
2166 4925 2232 4986 in
2263 4925 2527 5005 epistola
2550 4925 2803 4988 Ioannis
2836 4924 3103 4987 habetur
3128 4945 3141 4988 :
3167 4926 3289 4989 Nos
3320 4945 3467 5008 ergo
3492 4943 3757 4999 wewam,

1968 5023 2303 5103 diligamus
2334 5021 2847 5104 Deum,quoniam
2877 5023 3017 5105 ipse
3048 5024 3221 5106 prior
3246 5025 3467 5089 dilexit
3495 5009 3563 5054 ¹⁰·

1969 5141 2104 5185 nos.
2139 5119 2295 5194 Quia
2337 5121 2529 5202 igitur
2572 5120 2749 5183 Pater
2788 5140 2903 5184 nos
2948 5122 3157 5204 primo
3204 5123 3461 5199 amavit,

1969 5221 2207 5284 idcirco
2252 5239 2543 5282 amamus
2593 5219 2855 5282 unicum
2904 5219 3139 5284 Filium
3182 5221 3345 5303 ejus.
3380 5225 3467 5286 Ec

1965 5320 2335 5381 credidistis
2363 5318 2391 5380 f
2396 5318 2495 5381 ide
2525 5318 2813 5394 formata,
2847 5321 3007 5398 quia
3035 5341 3076 5381 a
3109 5325 3235 5382 Deo
3263 5323 3465 5395 exivi,
