4300 6259
868 461 986 526 100
1623 483 1969 532 annau-10
2012 487 2074 532 m
2117 488 2255 533 car.
2303 489 2408 534 xiv
2449 489 2637 536 Lucas.
2685 511 2766 520 —
2805 493 2948 540 Αιιτ.
2995 493 3208 540 xxxvii

580 668 841 720 Galatam-⁹..
869 652 1013 715 stoli
1066 673 1080 716 :
1131 652 1233 716 Sic
1280 656 1455 717 stulti
1507 657 1681 730 θεῖίε,
1738 664 1807 718 ut
1861 677 2066 740 quum
2126 659 2358 740 spiritu
2387 659 2438 720 A
2467 662 2754 724 tendunt.
2779 663 2864 725 De
2892 664 3194 745 qualibus
3224 664 3379 727 dicit
3407 664 3760 746 Apostolus,
3779 666 3952 747 quod
3983 682 4206 730 lto-„m

592 961 731 1016 Δροο.
745 973 788 1010 ιι,
797 961 839 1012 4,

652 1938 719 1994 31

588 2142 605 2161 ·
618 2141 724 2185 alins
744 2155 830 2186 non

560 2204 717 2248 nedem

648 2422 720 2478 32

868 753 1211 834 coeperitiS,
1236 774 1407 817 nunc
1438 775 1625 818 carne
1654 757 2210 820 consummemini.
2241 757 2362 820 Un-
2465 758 2572 821 Dei
2601 759 2914 840 justitiam
2945 763 3328 843 ignoranteS,
3363 769 3424 824 et
3465 782 3643 824 suam
3672 764 3950 826 volentes

868 851 947 914 de
993 851 1059 913 in
1118 852 1492 938 Apocalypsi
1554 856 1839 919 Christus
1898 856 1987 918 ait
2034 856 2284 919 cuidam
2339 876 2353 918 :
2467 865 2762 940 statuere,
2812 859 3076 939 justitiae
3121 860 3232 922 Dei
3284 879 3411 924 non
3461 869 3611 924 sunt
3655 861 3946 942 subjecti.

866 948 1077 1013 Habeo
1124 951 1426 1016 adversus
1475 962 1557 1029 ῖθ,
1600 957 1770 1037 quod
1816 956 2137 1018 caritatem
2181 964 2356 1018 tuam

865 1049 1137 1130 primam
1174 1051 1511 1133 reliquisti.
1544 1052 1779 1117 Memor
1817 1061 1950 1117 esto
1990 1055 2204 1136 itaque
2245 1073 2357 1116 un-

863 1147 942 1208 de
980 1147 1312 1223 excideriS,
1354 1158 1417 1211 et
1466 1151 1903 1232 poenitentiam
1943 1170 2078 1233 age.
2120 1153 2356 1216 Adver-

858 1251 993 1307 tant
1041 1245 1195 1321 haec,
1247 1247 1359 1329 qui
1408 1249 1533 1311 sibi
1585 1250 1645 1310 in
1698 1249 1989 1313 claustris
2034 1252 2111 1313 de
2157 1270 2354 1314 anno-

858 1361 1001 1405 rum
1029 1345 1267 1425 quibus
1296 1344 1561 1409 fuerunt
1591 1348 1655 1408 in
1688 1349 1910 1411 ordine
1939 1350 2352 1411 multitudine
2457 1347 2922 1428 justificabitur
2952 1348 3142 1412 homo
3177 1349 3566 1432 compositus
3597 1349 3760 1427 Deo;
3799 1357 3861 1411 et
3889 1350 3940 1410 si

2466 1053 2643 1116 ribus
2692 1073 2817 1118 non
2871 1075 3056 1138 posse
3099 1057 3449 1119 secundum
3491 1057 3750 1138 justitias
3789 1057 3951 1138 rigo—

2465 1169 2598 1214 rem
2637 1153 2887 1228 salvari,
2931 1155 3055 1217 nisi
3105 1155 3182 1217 ad
3231 1155 3608 1217 immensam
3647 1153 3753 1216 Dei
3801 1173 3949 1218 con-

854 1439 1291 1518 blandiuntur,
1332 1463 1535 1525 quum
1576 1453 1787 1508 tamen
1828 1447 2036 1510 adhuc
2073 1449 2247 1510 leves
2289 1455 2352 1510 et
2462 1446 2736 1508 volucrit
2783 1449 3164 1510 contendere
3212 1466 3357 1510 cum
3401 1466 3497 1524 eo,
3545 1467 3670 1512 non
3716 1449 3944 1530 poterit

2464 955 2539 1016 Hi
2587 975 2736 1038 ergo
2775 959 3111 1022 redeuntes
3149 960 3227 1021 ad
3269 978 3398 1034 cor,
3431 968 3495 1021 et
3532 977 3599 1022 se
3637 959 3767 1022 suis
3805 977 3954 1042 ope-

853 1540 1194 1620 passionati
1234 1551 1689 1606 monstrentur.
1722 1544 1843 1608 Sed
1879 1553 1941 1607 et
1970 1547 2146 1609 omni
2178 1547 2350 1610 Chri·

852 1638 1055 1701 stiano
1093 1641 1549 1704 consideranda
1584 1661 1658 1705 ac
1700 1646 2038 1707 metuenda
2078 1653 2228 1708 sunt
2269 1645 2350 1707 is-

852 1743 936 1811 ta,
981 1738 1331 1818 praesertim
1372 1759 1575 1821 quum
1624 1742 1691 1803 in
1743 1742 1843 1804 via
1886 1742 1993 1805 Dei
2037 1763 2162 1806 non
2207 1763 2350 1826 pro—

851 1835 1052 1916 gredi,
1086 1837 1169 1898 sit
1212 1838 1498 1900 retroire.

938 1933 1173 1996 Deinde
1212 1937 1487 1998 secunda
1526 1937 1821 2018 parabola
1857 1938 2175 2003 subditur.
2209 1944 2347 2003 Aut

857 2033 1003 2112 quis
1032 2052 1149 2092 reoe
1176 2034 1392 2094 iturus
1429 2037 1818 2096 committere
1856 2039 2093 2098 bellum
2123 2042 2348 2100 adver-

854 2149 963 2189 sus
992 2131 1203 2191 alium
1231 2151 1465 2208 reyem,
1496 2135 1749 2194 nonne*
1770 2137 1965 2212 prius
1994 2139 2255 2213 coyitat,
2285 2141 2348 2199 si

855 2229 1051 2304 possit
1106 2248 1253 2289 cum
1308 2233 1519 2291 decem
1568 2233 1858 2294 millibus
1905 2255 2234 2297 occurrere
2281 2239 2346 2296 ei

854 2326 973 2404 qui
1018 2345 1165 2388 cum
1214 2329 1456 2404 viqinti
1508 2331 1800 2391 millibus
1858 2334 2033 2392 venit
2080 2337 2170 2394 ad
2219 2355 2284 2394 se
2313 2337 2344 2395 ?

805 2431 811 2438 ’
852 2425 1127 2503 Alioqui
1163 2427 1378 2486 adhuc
1415 2429 1529 2486 illo
1570 2431 1753 2505 lonye
1791 2439 2039 2506 aqence,
2080 2435 2343 2509 leyatio-

852 2541 999 2582 nem
1028 2523 1312 2594 mittens,
1340 2535 1523 2602 royac
1550 2547 1624 2586 ea
1646 2547 1788 2606 quoe
1808 2530 1993 2606 pacis
2019 2541 2196 2590 sunt.
2233 2531 2342 2593 Pa-

855 2617 1070 2682 rabola
1099 2619 1285 2702 plana
1314 2631 1429 2696 est,
1462 2623 1616 2704 quia
1646 2643 1753 2686 rex
1787 2626 2089 2707 providus
2120 2637 2339 2690 contra

850 2715 1049 2778 alium
1096 2735 1309 2798 regem
1366 2729 1784 2802 pugnaturus,
1844 2725 1897 2786 si
1954 2725 2185 2787 viderit
2243 2745 2340 2788 re-

848 2831 991 2895 gem
1032 2815 1230 2879 alium
1278 2819 1478 2882 multo
1523 2822 1967 2902 potentiorem,
2002 2832 2147 2886 ante
2191 2844 2336 2888 con-

844 2929 1133 2993 gressum
1180 2933 1399 2997 pacem
1439 2920 1763 3000 componit
1792 2939 1938 2982 cum
1980 2921 2089 2984 illo
2127 2922 2183 2983 si
2228 2942 2338 3005 po-
2443 2937 2659 2982 meum
2691 2918 3140 2982 condemnabit
3167 2935 3311 3006 me3
3343 2917 3534 2979 etiam
3569 2916 3619 2978 si
3651 2916 3928 2981 habuero
3955 2903 4031 2946 ¹³·

2461 1547 2844 1627 respondere
2895 1565 3094 1609 unum
3153 1564 3269 1628 pro
3329 1547 3506 1608 mille
3557 1565 3572 1610 z
3625 1547 3742 1610 hoc
3795 1563 3942 1626 ergo

2459 1651 2820 1724 pensanteS,
2854 1662 3058 1725 quum
3097 1644 3382 1707 Christus
3423 1661 3534 1706 rex
3570 1644 3773 1706 adhuc
3810 1644 3943 1707 lon-

2454 1758 2534 1821 ge
2571 1749 2686 1816 θεῖ,
2731 1741 2794 1803 id
2834 1749 2950 1816 est,
2983 1741 3300 1821 judicium
3339 1740 3578 1816 differt,
3619 1749 3682 1803 et
3721 1759 3942 1823 corpo-

2382 1841 2430 1904 B
2458 1838 2672 1900 raliter
2729 1857 2802 1901 ac
2861 1838 3201 1901 visibiliter
3262 1839 3328 1900 in
3385 1839 3547 1903 coelo
3594 1838 3938 1902 consistens

2457 1938 2740 1999 nondum
2771 1945 3058 2019 apparet,
3093 1937 3468 2018 legationem
3509 1937 3788 2014 mittunt,
3821 1937 3938 2000 boc

2455 2043 2570 2110 est,
2606 2054 2720 2117 per
2764 2054 2960 2118 opera
3006 2034 3453 2098 satisfactionis
3501 2034 3626 2098 Deo
3661 2035 3939 2099 reconci-

2456 2133 2595 2196 liari
2645 2142 3007 2216 precantur,
3059 2141 3121 2196 et
3171 2151 3391 2216 pacem
3439 2152 3584 2196 cum
3628 2133 3768 2215 ipso
3809 2134 3938 2195 adi-

2454 2231 2614 2313 pisci
2665 2231 2979 2306 nituntur,
3023 2230 3188 2294 sicut
3226 2230 3511 2295 hortatur
3551 2230 3882 2314 Apostolus
3915 2249 3932 2294 ε

2461 1248 2709 1330 fugiant
2766 1251 3087 1333 pietatem,
3137 1251 3316 1331 juxta
3373 1251 3532 1314 illud
3583 1251 3696 1315 Job
3747 1271 3762 1315 ε
3811 1251 3944 1315 Non
3968 1277 4214 1329 mmm.

2451 2329 2868 2392 Obsecramus
2936 2348 3051 2411 pro
3109 2330 3377 2403 Christo,
3441 2329 3932 2393 reconciliamini
4001 2348 4040 2392 11
4055 2349 4159 2393 cor.
4181 2365 4216 2392 e.

2449 2428 2596 2491 Deo.
2647 2429 2885 2510 ltaque,
2939 2427 3178 2503 flendo,
3229 2427 3624 2502 abstinendo,
3675 2428 3927 2501 orando,
3959 2413 4032 2454 ²⁰·

2447 2525 2799 2602 offerend0‚
2847 2535 2910 2589 et
2954 2526 3078 2589 alia
3122 2543 3316 2608 opera
3360 2527 3636 2589 virtuosa
3669 2526 3928 2606 agendo,

2449 2643 2595 2687 cum
2636 2624 2852 2705 judice
2896 2624 3145 2687 Christo
3186 2631 3598 2706 componunt,
3631 2641 3826 2704 seque
3865 2623 3929 2685 in

2447 2724 2693 2786 cunctis
2733 2723 3099 2797 humiliant,
3133 2722 3300 2784 sicut
3337 2729 3589 2784 sanctus
3625 2721 3738 2784 Job
3779 2721 3926 2802 egit,

2446 2822 2714 2885 dicendo
2767 2840 2780 2884 ε
2833 2820 2898 2882 Si
2954 2819 3309 2901 justificare
3366 2837 3468 2881 me
3524 2819 3800 2894 voluero,
3857 2839 3927 2882 os
3981 2839 4224 2914 fatuae.

847 3017 987 3086 test,
1050 3030 1166 3075 nec
1224 3032 1291 3076 εθ
1354 3016 1695 3080 committit
1753 3019 2061 3100 periculo.
2123 3020 2212 3082 lta
2275 3023 2415 3089 etc
2443 3018 2775 3100 quidpiam
2805 3017 3073 3097 justum,
3109 3034 3235 3078 non
3277 3013 3669 3097 respondebo
3705 3015 3785 3088 ei,
3817 3015 3926 3078 sed

848 3109 1052 3185 nobiS,
1098 3110 1150 3172 si
1200 3120 1417 3175 contra
1464 3115 1823 3198 principem
1872 3119 2087 3180 saeculi
2139 3118 2333 3199 hujus

844 3207 1165 3272 diabolum
1220 3211 1561 3293 praevalere
1618 3222 1935 3295 optamuS,
1989 3219 2336 3280 necessari-

844 3326 954 3369 um
1000 3316 1097 3371 θεῖ
1143 3310 1430 3392 proprias
1480 3311 1646 3374 vires
1698 3316 2114 3395 perpendere.
2158 3315 2333 3389 Quod

844 3406 897 3468 si
942 3409 1461 3489 conspexerimus
1510 3429 1623 3472 nos
1674 3430 1798 3474 non
1850 3431 2034 3494 posse
2075 3416 2334 3497 propria

845 3504 1077 3567 virtute
1131 3506 1333 3568 aciem
1389 3508 1747 3572 daemonum
1807 3528 2192 3592 expugnare,
2253 3515 2332 3576 ad

843 3600 951 3663 Dei
999 3605 1311 3666 auxilium
1356 3605 1661 3668 debemus
1711 3607 2072 3689 confugere,
2120 3619 2184 3672 et
2227 3631 2333 3674 va-

842 3718 989 3762 nam
1019 3702 1419 3765 securitatem
1448 3703 1746 3783 abjicere.
1782 3703 1991 3780 Porro,
2024 3726 2172 3769 cum
2202 3709 2334 3771 dia-

840 3798 986 3862 bolo
1052 3817 1272 3882 pacem
1340 3801 1502 3863 inire
1569 3811 1639 3864 ut
1702 3803 1781 3865 ab
1850 3804 2330 3887 impugnatione

838 3897 1116 3973 desistat,
1170 3898 1589 3981 vituperabile
1634 3909 1750 3976 est,
1801 3903 1954 3983 quia
2011 3922 2160 3966 cum
2218 3905 2330 3970 illo

838 4011 1241 4076 nequaquam
1297 3998 1677 4060 concordare
1734 3998 2064 4061 debemus.
2126 4001 2324 4078 Unde,

836 4093 1001 4154 sicut
1040 4093 1104 4153 in
1154 4111 1299 4173 rege
1342 4112 1410 4156 se
1450 4093 1817 4158 inferiorem
1861 4106 2183 4174 cernente,
2221 4121 2330 4183 pa-

2447 3126 2516 3178 ut
2552 3135 2768 3179 meum
2805 3117 3088 3197 judicem
3127 3114 3533 3196 deprecabor.
3570 3113 3740 3176 Idem
3777 3112 3929 3176 fecit

2442 3214 2664 3277 heatus
2716 3214 2932 3288 David,
2975 3214 3214 3276 orando
3247 3231 3261 3275 :
3293 3211 3428 3275 Non
3477 3211 3674 3274 intres
3723 3211 3788 3272 in
3823 3210 3928 3292 ju·
3953 3233 4224 3282 ramma.

2443 3313 2684 3375 dicium
2726 3332 2874 3375 cum
2918 3329 3102 3374 servo
3145 3319 3274 3385 tu0‚
3307 3309 3591 3373 Domine.

2533 3414 2648 3474 Sic
2693 3430 2840 3488 erqo
2881 3412 3094 3470 omni-s·
3137 3429 3221 3469 ew
3262 3409 3458 3476 vobis,
3503 3409 3619 3487 qui
3663 3428 3792 3468 non
3831 3427 3928 3468 re-

2439 3513 2710 3572 nuntiat
2758 3511 3055 3570 omm'bus
3101 3529 3246 3588 quoe
3289 3507 3596 3585 possidet,
3639 3526 3768 3567 non
3807 3527 3926 3586 po-

2442 3617 2556 3669 test
2585 3629 2762 3670 meus
2788 3628 2916 3667 esse
2944 3608 3328 3684 discipulum
3361 3604 3426 3666 id
3463 3611 3578 3679 est,
3601 3603 3714 3685 qui
3749 3611 3930 3666 caute

2441 3725 2567 3769 non
2627 3705 2920 3768 habuerit
2968 3723 3057 3779 se,
3108 3703 3467 3784 abjiciendo
3513 3701 3928 3784 cupiditatum

2439 3814 2502 3866 et
2558 3803 2999 3867 carnalitatum
3057 3801 3352 3876 affectuS,
3415 3806 3478 3862 et
3535 3808 3740 3862 cetera
3789 3819 3930 3882 quae

2439 3902 2797 3985 profectum
2847 3901 3156 3964 virtutum
3209 3899 3586 3981 impediunt,
3639 3916 3764 3960 non
3813 3916 3928 3980 po·

2436 4008 2559 4062 test
2607 4017 2775 4074 vere,
2824 3999 3097 4074 realiter,
3142 3997 3268 4060 dici
3313 3995 3666 4077 discipulus
3723 4012 3924 4070 meuS,

2435 4099 2588 4180 quia
2631 4097 2933 4161 doctrinae
2979 4114 3137 4158 meae
3181 4114 3306 4158 non
3355 4093 3723 4176 acquiescit,
3764 4093 3929 4156 sicut

834 4208 973 4253 cem
1039 4190 1118 4252 ab
1184 4192 1543 4256 adversario
1600 4194 1947 4275 postulare,
2010 4215 2087 4258 ex
2145 4198 2330 4262 infir-
2355 4205 2405 4268 D
2437 4215 2561 4260 non
2604 4204 2812 4278 potest
2855 4195 3200 4277 prudenter
3239 4191 3575 4267 aedificare,
3606 4191 3716 4273 qui
3757 4209 3929 4253 sum-

834 4289 1051 4351 mitate
1118 4290 1423 4371 procedit,
1487 4292 1781 4372 quamvis
1852 4292 2069 4375 aliquo
2138 4299 2327 4362 modo

835 4386 1251 4467 providentiae
1306 4388 1751 4470 adscribatur;
1813 4389 1901 4451 ita
1956 4399 2018 4454 et
2073 4393 2325 4460 diabolo

831 4487 1233 4560 concordare,
1286 4485 1350 4548 id
1408 4494 1502 4548 est
1564 4486 1752 4548 malle
1811 4507 2072 4570 peccare
2128 4511 2322 4574 quam

830 4591 1048 4646 contra
1104 4584 1480 4646 tentationes
1543 4585 1817 4647 viriliter
1864 4588 2190 4666 dimicare,
2243 4611 2321 4655 ex

829 4681 1203 4745 infirmitate
1240 4690 1302 4744 et
1339 4683 1825 4765 imperfectione
1864 4687 2144 4752 hominis
2177 4692 2320 4756 talis

828 4789 1143 4844 causatur.

906 4878 1171 4952 Quidam
1209 4889 1419 4943 autem
1465 4901 1580 4964 per
1617 4901 1829 4964 regem
1870 4893 2087 4948 contra
2123 4907 2317 4969 quem

827 4977 1010 5041 homo
1060 4979 1261 5041 tendit
1306 4979 1383 5040 ad
1434 4980 1745 5062 praelium,
1795 4983 2160 5065 intelligunt
2205 4987 2320 5049 De-

826 5096 935 5139 um
970 5096 983 5140 :
1030 5085 1247 5140 contra
1290 5095 1481 5158 quem
1526 5081 1708 5159 quasi
1754 5100 2037 5163 pugnare
2080 5103 2317 5165 praesu-

823 5184 1027 5248 munt,
1068 5176 1182 5257 qui
1231 5193 1299 5238 se
1348 5175 1519 5258 ipsos
1569 5188 1893 5254 excusant,
1934 5181 2310 5260 justificant,

822 5281 886 5335 et
914 5274 1157 5336 meritis
1189 5275 1321 5336 suis
1353 5274 1684 5338 salvandos
1715 5295 1853 5338 esse
1882 5279 1961 5340 de
1986 5279 2130 5360 jure
2163 5301 2314 5344 con-

2437 4303 2582 4377 ptus
2625 4314 2749 4358 non
2792 4294 3102 4376 providet.
3141 4290 3350 4366 Porr0,
3385 4291 3438 4352 si
3475 4290 3646 4372 quod
3685 4290 3926 4352 dictum

2433 4402 2530 4456 est
2569 4396 2646 4457 de
2676 4393 2820 4456 odio
2861 4399 3195 4474 parentum
3227 4396 3289 4452 θῖ
3320 4389 3822 4471 propinquorum
3850 4405 3926 4449 ac

2434 4493 2708 4574 propriae
2755 4491 3004 4566 animae,
3057 4495 3408 4571 exponatur
3465 4495 3534 4549 ut
3579 4494 3676 4549 est
3721 4484 3926 4549 consi-

2433 4591 2614 4666 lium,
2675 4599 2829 4653 tunc
2892 4589 3256 4652 renuntiare
3315 4586 3420 4648 hic
3477 4585 3750 4648 sumitur
3807 4603 3923 4666 pro

2429 4690 2794 4754 omnimoda
2832 4688 3240 4751 derelictione
3285 4684 3571 4749 omnium
3621 4683 3922 4765 possessi-

2427 4807 2624 4852 onum
2667 4805 2778 4849 seu
2826 4785 3228 4868 propriorum
3273 4802 3286 4846 :
3328 4783 3498 4865 quod
3539 4789 3636 4844 cst
3676 4780 3921 4861 religio—

2427 4906 2665 4961 sorum,
2700 4886 2812 4967 qui
2845 4903 2992 4947 cum
3026 4881 3204 4945 Petro
3231 4881 3514 4963 apostolo
3543 4879 3752 4942 dicere
3781 4897 3915 4961 pos-

4067 3414 4138 3468 33

2427 4992 2574 5048 sunt
2613 4985 2880 5058 Christo,
2913 4981 3074 5044 Ecce
3107 4999 3223 5044 nos
3263 4979 3638 5060 reliquimus
3677 4976 3908 5041 omnia.
3951 5005 4228 5058 naman,

2426 5085 2487 5146 Si
2523 5102 2671 5147 vero
2710 5089 3065 5164 exponatur
3095 5088 3163 5141 ut
3191 5086 3289 5141 θεῖ
3317 5085 3724 5159 praeceptum,
3757 5083 3914 5139 tunc
3941 5072 3992 5110 ²⁷

2427 5181 2791 5244 renuntiare
2830 5180 3118 5261 designat
3155 5175 3577 5259 abjectionem
3619 5174 3914 5237 immode-

2425 5289 2572 5343 ratae
2627 5279 2984 5343 affectionis
3043 5286 3106 5340 et
3155 5293 3324 5340 curae
3378 5275 3548 5338 circa
3598 5291 3907 5356 possessa.
