4300 6259
68 1775 241 1820 1Petr.
262 1791 327 1827 iv,

38 1841 108 1884 10.

52 2867 211 2911 Beelt‘.
230 2879 339 2916 xvn,

74 3559 219 3602 Prot.
237 3570 335 3608 xm,

50 3624 119 3666 ¹8.

141 3845 214 3900 31

1192 512 1539 560 malumno
1582 512 1645 558 m
1686 511 1825 558 GAP.
1872 512 1933 558 1v
1974 512 2252 560 JOANNIS.
2297 531 2378 544 -·
2419 515 2563 560 ΛΒΤ.
2607 515 2671 560 xl

3357 498 3478 561 353

363 695 521 759 pua.
557 678 666 741 Vel
707 682 941 744 mulier
975 683 1131 746 dicit
1166 683 1287 747 hoc
1327 703 1441 766 per
1481 683 1873 766 hyperbolen
1903 681 1956 742 A
1984 683 2361 762 cognoscitis
2412 685 2712 767 mysteria
2768 704 2928 748 mea.
2980 687 3290 746 Dicebant
3329 704 3477 762 erqo
3613 697 3684 754 33

361 794 484 837 seu
527 794 882 855 excessum,
916 783 993 844 ad
1042 783 1439 845 innuendum
1484 784 1653 864 quod
1700 781 1876 844 Chri-

360 883 503 936 stus
553 877 717 939 dixit
762 879 886 940 sibi
938 880 1139 943 multa
1185 881 1431 944 occulta
1474 883 1551 944 de
1593 900 1709 945 suo
1756 888 1875 942 sta-

358 978 458 1033 tu.
498 971 793 1038 Homines
840 979 1013 1040 enim
1067 979 1131 1040 in
1181 979 1598 1050 admiratione
1648 997 1873 1059 magna

360 1071 559 1152 positi
617 1081 681 1135 et
734 1094 951 1139 amore
1006 1079 1277 1152 accensi,
1331 1077 1700 1160 frequenter
1760 1095 1874 1159 per

360 1186 699 1232 excessum
744 1173 1120 1255 loquuntur,
1155 1194 1281 1239 non
1328 1176 1725 1239 intendentes
1768 1175 1875 1237 ali-

360 1268 525 1348 quid
566 1267 712 1331 falsi
749 1290 1054 1348 asserere,
1088 1275 1199 1336 sed
1240 1275 1329 1336 rei
1370 1274 1873 1355 magnitudinem

361 1366 641 1447 aperire.
668 1371 1017 1451 Numquid
1057 1374 1190 1449 ipse
1226 1383 1315 1434 esc
1356 1375 1697 1434 Christus?
1741 1381 1876 1436 tan-

362 1482 563 1544 quam
624 1466 791 1528 dicat
844 1485 858 1530 :
912 1468 1173 1532 Videtur
1232 1485 1347 1552 per
1392 1476 1641 1532 tantum
1689 1471 1874 1532 mira-

364 1561 614 1637 culum,
660 1563 833 1646 quod
877 1567 989 1628 sic.

450 1659 674 1724 Mulier
713 1663 835 1727 ista
877 1664 1171 1747 implevit
1213 1668 1385 1748 quod
1428 1669 1724 1730 admonet
1766 1666 1876 1728 Pe-

364 1766 531 1833 trus,
577 1761 867 1838 dicende,
920 1763 1371 1846 Unusquisque
1420 1765 1584 1828 sicut
1630 1765 1875 1847 accepit

1978 783 2312 858 discipuli,
2345 783 2536 845 verba
2584 784 2865 865 magistri
2910 785 2987 847 de
3038 783 3345 846 materiali
3391 783 3478 844 ci-

1982 878 2062 942 bo
2106 880 2555 961 intelligentes,
2598 886 2686 943 ad
2723 884 3025 953 invicem,
3069 882 3222 962 quia
3263 899 3341 943 ex
3385 898 3481 942 re-

1982 979 2263 1041 verentia
2323 999 2518 1060 quam
2585 980 2905 1042 habebant
2964 981 3044 1042 ad
3107 980 3478 1060 magistrum

1980 1095 2191 1151 suum,
2219 1096 2344 1140 non
2376 1078 2692 1141 audebant
2720 1078 2992 1140 faciliter
3021 1078 3259 1159 alloqui
3291 1095 3474 1140 eum:

1984 1176 2328 1255 Numquid
2371 1178 2616 1256 aliquis
2657 1180 2882 1238 attulit
2925 1179 2988 1236 ei
3033 1177 3481 1238 manducare?

1980 1271 2294 1335 Noverant
2323 1274 2640 1356 siquidem
2670 1277 2840 1356 quod
2874 1274 3033 1337 nihil
3065 1274 3349 1337 alimenti
3387 1281 3482 1335 at-

1983 1369 2128 1432 tulit
2167 1389 2404 1434 secum.
2439 1371 2572 1436 Non
2613 1373 2850 1435 mirum
2878 1374 3051 1454 quod
3089 1372 3322 1436 mulier
3352 1391 3479 1435 non

1982 1467 2295 1532 intellexit
2353 1471 2546 1534 verba
2602 1471 2834 1534 Christi
2893 1473 2970 1534 de
3029 1491 3214 1553 aqua,
3275 1490 3478 1552 quum

1982 1567 2282 1650 discipuli
2332 1589 2458 1633 non
2511 1571 2941 1632 intellexerint
2979 1570 3172 1634 verba
3217 1569 3357 1652 ejus
3403 1571 3480 1631 de

1981 1683 2143 1727 esca.

2060 1766 2240 1828 Dicit
2265 1768 2358 1826 eis
2374 1769 2572 1836 Jesus,
2598 1785 2666 1828 se
2697 1768 2907 1849 ipsum
2940 1757 3263 1849 exponens
3294 1766 3482 1848 plane
3616 1774 3688 1830 34

364 1858 661 1938 gratiam,
696 1861 763 1922 in
798 1861 1176 1924 alterutrum
1216 1863 1389 1926 illam
1431 1862 1876 1926 administran-
1911 1868 1957 1929 B
1984 1871 2045 1925 et
2084 1865 2230 1938 cito,
2267 1884 2392 1928 non
2434 1884 2548 1947 per
2575 1865 2872 1946 ambages
2910 1874 3101 1947 atque
3140 1865 3482 1928 circuitum

366 1964 507 2037 tes3
560 1965 623 2019 et
666 1959 978 2021 talentum
1037 1960 1160 2022 sibi
1211 1979 1582 2024 concessum
1634 1962 1878 2024 studuit

366 2053 699 2119 fructuose
742 2059 1125 2140 expendere.
1159 2058 1253 2121 Ad
1298 2059 1573 2122 litteram
1619 2078 1877 2141 quoque

368 2154 639 2236 reliquit
694 2156 987 2238 hydriam
1045 2177 1247 2232 suam,
1299 2159 1453 2240 quia
1510 2158 1878 2222 intendebat

368 2253 588 2315 statim
638 2255 870 2318 reverti
934 2264 997 2318 et
1045 2255 1299 2338 plenius
1361 2257 1713 2321 informari.
1775 2255 1877 2318 Sic

366 2359 436 2414 et
494 2371 608 2415 nos
672 2353 821 2414 dum
885 2354 1418 2417 illuminationem
1486 2363 1551 2416 et
1608 2355 1877 2436 gratiam

368 2448 605 2512 Christi
666 2453 1056 2532 experimur,
1109 2452 1399 2535 hydriam
1457 2461 1758 2526 nostram,
1814 2452 1877 2514 id

368 2555 469 2610 est
504 2549 745 2610 ventris
786 2569 1028 2625 curam,
1063 2550 1453 2633 voluptatem
1492 2568 1879 2632 omnemque

369 2654 692 2710 terrenam
734 2647 1177 2724 substantiam,
1220 2650 1399 2731 parvi
1454 2651 1731 2732 pendere
1778 2649 1878 2712 vel

369 2745 694 2828 abjectare
743 2747 1071 2824 debemuS,
1127 2749 1415 2830 aliosque
1470 2750 1547 2811 ad
1602 2749 1877 2811 similem

367 2845 643 2926 gratiam
703 2865 819 2928 pro
880 2865 1065 2928 posse
1125 2848 1460 2909 adducere.
1523 2847 1880 2928 Unicuique

371 2944 549 3006 enim
619 2944 947 3007 mandavit
1010 2944 1173 3007 Deus
1237 2946 1315 3007 de
1379 2945 1669 3027 proximo
1737 2964 1874 3018 sue,

372 3043 919 3123 quemadmodum
963 3043 1029 3105 in
1072 3041 1513 3107 Ecclesiastico
1556 3043 1808 3124 legitur.

454 3143 541 3201 Ec
568 3145 875 3201 exierunt
903 3144 983 3202 de
1009 3143 1275 3202 civitate
1304 3141 1687 3204 habitatores
1718 3141 1877 3222 ejuS,

370 3239 659 3302 novitate
688 3239 778 3300 rei
812 3239 1105 3321 permoti,
1140 3241 1307 3302 etad
1337 3241 1723 3302 credendum
1757 3239 1883 3302 dis-

374 3337 607 3419 positi3
636 3347 696 3397 ec
730 3341 1164 3399 veneruntad
1191 3358 1361 3399 eum.
1396 3336 1499 3399 Sic
1537 3345 1601 3400 ct
1639 3357 1752 3400 nos
1794 3356 1883 3400 sa-

369 3434 691 3498 lutaribus
734 3435 1281 3499 exhortationibus
1324 3436 1729 3517 acquiescere
1767 3454 1882 3517 par

370 3543 491 3608 est,
526 3533 835 3616 quoniam
878 3540 1122 3614 egestas
1166 3541 1229 3596 et
1271 3533 1622 3614 ignominia
1662 3535 1719 3596 ei
1765 3534 1878 3615 qui

371 3633 613 3696 deserit
666 3631 1096 3714 disciplinam,
1155 3639 1222 3694 ut
1270 3632 1573 3695 scribitur
1623 3632 1691 3695 in
1736 3632 1881 3697 Pro-

370 3731 638 3795 verbiiS.

450 3833 739 3899 Interea,
774 3829 840 3890 id
884 3836 980 3890 est
1026 3828 1194 3890 inter
1241 3828 1399 3904 haec,
1444 3835 1663 3911 utpote
1712 3829 1880 3892 inter

367 3945 698 3990 recessum
745 3926 1037 3989 mulieris
1079 3935 1142 3988 et
1194 3924 1731 3990 Samaritanorum
1778 3947 1878 3990 ac-

370 4045 649 4099 eessum,
684 4027 999 4103 royab'ant
1034 4047 1185 4086 eum
1232 4027 1549 4104 discipuli
1594 4028 1735 4104 eju-s·
1780 4029 1879 4088 di-

364 4135 579 4185 centes
608 4144 631 4184 .·
658 4124 897 4194 Baebi,
934 4127 1283 4184 manduca.
1318 4123 1877 4206 compatiebantur

1915 3047 1959 3110 C
1991 3043 2074 3105 De
2120 3063 2251 3125 quo
2309 3061 2502 3136 opere
2553 3045 2643 3106 ait
2692 3042 2859 3105 infra
2915 3043 3196 3107 Salvator

1983 1981 2113 2043 quo
2161 1963 2407 2025 locutus
2455 1961 2580 2025 fuit·
2627 1964 2704 2026 ad
2762 1963 3089 2026 feminam.
3143 1963 3483 2045 Discipulis

1985 2060 2158 2122 enim
2189 2067 2491 2141 tanquam
2530 2060 2978 2135 familiaribus,
3016 2061 3314 2143 patefecit
3355 2081 3488 2143 my-

1986 2159 2218 2238 steria3
2265 2159 2490 2221 ceteris
2541 2167 2842 2240 tanquam
2889 2160 3229 2240 extraneiS‚
3275 2159 3490 2241 loque-

1986 2256 2174 2318 batur
2229 2256 2586 2320 obscurius.
2641 2261 2824 2318 Meus
2871 2260 3048 2319 cibus
3099 2258 3482 2340 praecipuus,

1986 2355 2195 2438 idest
2253 2355 2320 2416 in
2369 2374 2500 2436 quo
2549 2355 2747 2436 magis
2805 2345 2998 2437 quam
3060 2356 3126 2418 in
3175 2356 3487 2439 corporali

1988 2452 2131 2516 cibo
2169 2453 2447 2516 delector
2478 2461 2539 2514 et
2579 2471 2850 2528 recreor,
2883 2464 2975 2515 esc
3005 2464 3078 2515 ut
3107 2456 3356 2534 faciam
3389 2475 3490 2514 vo·-

1988 2556 2306 2612 luntatem
2341 2552 2482 2628 ejus
2511 2554 2629 2630 qui
2669 2553 2847 2613 misit
2889 2573 3010 2623 me,
3043 2552 3107 2614 id
3147 2560 3242 2614 est
3281 2551 3488 2614 facere

1986 2666 2179 2731 opera
2237 2649 2361 2712 Deo
2416 2648 2580 2711 Patri
2643 2649 2976 2732 placentia,
3031 2661 3104 2711 ut
3143 2652 3488 2728 perficiam

1985 2768 2144 2825 opus
2181 2749 2324 2826 ejus
2367 2748 2686 2829 singulare
2734 2754 2798 2809 et
2843 2748 3214 2822 maximum,
3260 2749 3324 2810 id
3367 2757 3484 2824 est,

1958 2847 2323 2910 'hominum
2353 2847 2753 2910 conversioni
2788 2847 3133 2922 intendam,
3157 2855 3348 2928 atque
3379 2847 3489 2909 hu·

1988 2946 2160 3007 mani
2217 2945 2467 3025 generis
2528 2944 2965 3009 liberationem
3001 2963 3482 3026 consummem.

3248 3062 3262 3106 ζ
3315 3043 3485 3126 Opus
3513 3055 3777 3108 Joannaivu,

1990 3142 2427 3204 consummavi
2486 3143 2659 3223 quod
2707 3142 2936 3204 dedisti
2997 3142 3154 3204 mihi
3207 3150 3278 3203 ut
3323 3141 3487 3205 facc-
3513 3123 3556 3164 ‘⁸'

1989 3258 2146 3301 rem.
2192 3239 2306 3302 Hic
2356 3239 2572 3302 docuit
2620 3259 2732 3302 nos
2784 3240 3068 3303 Christus
3117 3259 3232 3303 suo
3279 3258 3491 3302 exem-

1990 3338 2116 3420 plo,
2171 3346 2241 3401 ut
2287 3338 2685 3420 spiritualem
2746 3337 3157 3402 refectionem
3213 3338 3485 3402 aliorum

1990 3435 2264 3517 propriae
2311 3435 2623 3518 corporali
2673 3434 3000 3499 refectioni
3053 3434 3486 3517 praeferamuS,

1989 3534 2330 3616 potiusque
2364 3551 2574 3596 escam
2606 3534 2812 3597 cordis
2850 3552 3044 3615 quam
3075 3533 3360 3616 corporis
3395 3551 3493 3595 re-

1987 3633 2342 3713 quiramus.

2064 3729 2375 3812 Loquitur
2403 3737 2615 3791 autem
2643 3727 2969 3811 Scriptura
2998 3730 3077 3792 de
3107 3729 3250 3792 cibo
3283 3729 3492 3792 multi-

1989 3829 2163 3910 plici,
2207 3834 2425 3910 utpote
2459 3847 2472 3890 :
2509 3829 2586 3890 de
2615 3826 2758 3890 cibo
2797 3845 2911 3889 seu
2945 3815 3114 3909 pane
3154 3827 3484 3892 Beatorum

1988 3926 2411 4008 regnantium,
2435 3925 2548 4007 qui
2579 3935 2675 3988 est
2704 3925 2842 4007 ipsa
2873 3925 3178 3988 Divinitas
3210 3926 3310 3990 vel
3341 3927 3484 4007 ejus

1984 4024 2226 4099 fruitio,
2280 4043 2408 4106 qua
2453 4023 2820 4086 dulcissime
2868 4032 3061 4105 atque
3110 4024 3484 4086 firmissime

1984 4131 2418 4186 sustentantur
2447 4123 3032 4205 comprehensores.
3061 4122 3237 4185 Unde
3273 4123 3338 4185 in
3367 4123 3485 4185 Lu-

366 4222 547 4284 enim
613 4220 970 4302 fatigationi
1040 4221 1139 4282 sui
1208 4221 1516 4301 magistri,
1588 4230 1652 4284 et
1718 4242 1873 4304 pro·
1902 4227 1953 4289 D
1985 4239 2057 4282 ca
2100 4220 2382 4302 loquitur
2425 4219 2710 4282 Christus
2760 4218 3144 4300 discipulis:
3181 4217 3306 4300 Ego
3357 4219 3484 4281 dis·
3544 4243 3772 4296 Luam.

368 4321 530 4404 priae
555 4318 716 4383 fami
745 4320 1081 4382 consulere
1109 4319 1523 4400 quaesierunt.
1550 4319 1673 4402 lpsi
1708 4341 1878 4384 nam-

366 4437 499 4502 que
528 4417 919 4493 esuriebant,
954 4426 1018 4479 et
1054 4417 1207 4498 quia
1247 4437 1372 4481 non
1410 4419 1877 4501 praesumebant

368 4518 707 4581 comedere
766 4516 889 4578 nisi
949 4515 1251 4596 magistro
1306 4515 1593 4596 jubente,
1647 4517 1878 4600 incipi-

368 4623 542 4690 ente,
597 4621 662 4677 et
716 4632 927 4676 escam
984 4611 1422 4689 benedicente,
1484 4613 1721 4678 idcirco
1778 4635 1876 4679 ro—

366 4713 609 4795 gabant
665 4720 734 4775 ut
789 4710 1223 4775 manducaret.
1264 4715 1390 4773 Ille
1435 4721 1653 4774 autem
1698 4715 1876 4775 dimit

366 4815 463 4873 eis
492 4833 515 4872 .·
548 4815 685 4889 E'yo
722 4811 939 4871 cibum
976 4812 1172 4871 habeo
1212 4813 1638 4882 manducare,
1672 4811 1736 4874 id
1781 4819 1877 4875 est

368 4909 693 4993 spirituali
740 4907 1041 4972 alimonia
1082 4909 1360 4970 animam
1410 4927 1615 4971 meam
1656 4910 1878 4973 refice-

370 5027 464 5084 re,
506 5008 754 5072 scilicet
794 5025 988 5090 opere
1036 5007 1338 5082 virtuoso,
1384 5009 1555 5088 quod
1597 5017 1875 5072 mentem

367 5107 487 5171 alit
532 5114 726 5188 atque
784 5106 1075 5180 delectat,
1127 5107 1666 5186 quemadmodum
1722 5107 1879 5170 scri-

76 5229 225 5273 xeen.
254 5241 333 5280 xv.
370 5213 559 5289 ptum
601 5213 718 5280 est,
763 5203 1012 5268 Cibabit
1052 5204 1239 5266 illum
1287 5222 1450 5286 pane
1491 5203 1636 5267 vitae
1678 5213 1743 5267 et
1784 5207 1881 5269 in·-

370 5304 709 5384 tellectus3
748 5323 939 5383 quem
976 5322 1084 5364 vos
1123 5305 1405 5372 nescitis,
1435 5303 1549 5384 qui
1590 5306 1874 5368 nondum

628 5437 697 5490 Τ.
734 5437 815 5490 12.

1984 4339 2152 4403 pono
2196 4318 2375 4383 vobis
2415 4319 2581 4381 sicut
2620 4318 2934 4400 disposuit
2981 4317 3138 4379 mihi
3183 4317 3377 4393 Pater,
3414 4326 3484 4381 ut
3511 4307 3667 4358 ’ΜΨ

1982 4419 2181 4482 edatis
2219 4424 2282 4480 ct
2320 4417 2552 4480 bibatis
2599 4435 2791 4499 super
2830 4435 3116 4478 mensam
3161 4433 3366 4479 meam
3413 4418 3478 4479 in

1983 4535 2198 4599 regno.
2241 4515 2317 4579 Et
2355 4516 2510 4578 alibi
2559 4516 2872 4598 scriptum
2919 4523 3012 4578 est
3049 4533 3062 4576 :
3097 4513 3322 4577 Beatus
3366 4515 3481 4596 qui
3556 4539 3772 4592 [tiam.

1983 4614 2391 4678 manducabit
2439 4631 2668 4697 panem
2717 4613 2782 4674 in
2827 4631 3020 4694 regno
3067 4612 3199 4674 Dei.
3252 4611 3483 4676 Secun-
3512 4603 3578 4645 ¹⁸·

1983 4716 2083 4789 do,
2118 4714 2196 4777 de
2234 4713 2378 4776 cibo
2417 4711 2878 4788 sacramentali,
2909 4712 3090 4791 juxta
3128 4711 3289 4774 illud
3323 4729 3337 4774 ε
3373 4710 3484 4774 Ca·
3534 4733 3773 4788 socnam,

1986 4832 2054 4876 ro
2114 4829 2254 4874 mea
2313 4827 2460 4874 vere
2517 4818 2612 4872 est
2667 4808 2870 4871 cibus.
2923 4809 3154 4883 Tertio,
3209 4810 3286 4872 de
3336 4809 3480 4872 cibo
3509 4799 3578 4841 ⁵⁶·

1983 4912 2250 4974 internae
2298 4907 2827 4990 compunctionis,
2883 4913 2952 4968 ut
2999 4915 3096 4970 est
3141 4908 3325 4984 illud,
3367 4908 3484 4970 Fu·
3523 4930 3764 4985 1²2.m,4.

1982 5018 2172 5073 erunt
2226 5007 2385 5071 mihi
2448 5007 2723 5069 lacrimae
2779 5025 2935 5070 meae
2992 5025 3188 5089 panes
3249 5007 3351 5070 die
3409 5027 3483 5070 ac

1985 5115 2206 5188 nocte3
2257 5107 2561 5186 itemque,
2614 5104 2865 5168 Cibabis
2925 5123 3038 5167 nos
3088 5124 3252 5187 pane
3301 5106 3487 5169 lacri-
3513 5128 3777 5180 ramum.

1985 5225 2255 5270 marum.
2289 5201 2651 5280 Quarto,‘de
2692 5221 2854 5286 pane
2893 5203 3076 5267 bonae
3116 5223 3190 5266 ac
3233 5205 3486 5269 merito-

1988 5307 2097 5368 riae
2133 5303 2540 5386 operationiS,
2576 5309 2647 5364 ut
2683 5301 2952 5365 habetur
2992 5302 3059 5364 in
3090 5301 3486 5367 Ecclesiasti-

3171 5437 3234 5490 23
