4300 6259
1124 496 1474 544 mutuno
1517 496 1581 543 m
1621 496 1761 543 cAP.
1805 495 1962 543 xxul
2001 494 2192 543 LUGAE.
2236 516 2317 527 —
2358 497 2501 543 Aur.
2547 497 2690 543 xmx

3341 476 3461 541 233

356 666 557 749 pleni,
610 675 675 731 et
724 669 895 733 vitiis
945 669 1365 745 obtenebrati,
1418 670 1713 733 volumus
1764 669 1939 731 sa-A
2050 668 2288 731 Deinde
2337 668 2616 749 tangitur
2659 669 2783 731 alia
2830 668 3096 742 occasio,
3131 687 3259 749 qua
3304 667 3463 730 Pila-

358 767 609 848 pientes
650 775 713 829 et
749 769 1015 831 virtuosi
1058 768 1360 850 reputari,
1394 778 1457 831 et
1492 768 1859 832 irrisoribus

76 874 319 923 lom-1121.
358 866 595 929 nostris
646 868 938 947 protinus
988 867 1351 948 indignari?
1398 866 1533 930 Non
1582 874 1679 929 est
1730 886 1862 929 ser-

78 936 319 1047 ζῦξὶῃαή·
358 984 475 1027 vus
505 965 715 1045 maj0r
744 966 1004 1030 domino
1042 986 1181 1040 suo,
1218 984 1335 1028 nec
1374 966 1731 1049 discipulus
1770 985 1862 1028 sa-

357 1064 641 1145 pientior
682 1084 798 1129 suo
842 1066 1163 1146 magistro.

438 1166 523 1224 Et
555 1166 809 1227 remisit
840 1164 1053 1227 Jesum
1085 1169 1173 1226 ad
1204 1168 1526 1235 Pilatum,
1558 1171 1860 1246 reputans

354 1262 683 1326 Christum
740 1284 857 1327 sua
912 1265 1337 1329 subventione
1392 1265 1750 1345 indignum,
1800 1272 1861 1326 et

356 1368 425 1422 ut
473 1361 712 1425 Pilatus
762 1364 1088 1426 hominem
1150 1364 1214 1425 in
1264 1383 1381 1427 suo
1430 1364 1713 1427 dominio
1763 1383 1862 1427 ca-

356 1469 542 1542 ptum
588 1460 924 1542 judicaret.
966 1461 1142 1535 Quod
1191 1470 1255 1524 et
1302 1462 1443 1526 ideo
1493 1462 1663 1535 fecit,
1709 1462 1861 1544 quia

354 1559 701 1641 pontifices
764 1568 827 1621 et
880 1560 1125 1626 Judaeos
1190 1562 1446 1626 nolebat
1507 1562 1856 1635 offendere,

354 1658 683 1721 Christum
730 1660 1085 1742 eripiendo,
1137 1662 1248 1724 sed
1298 1661 1507 1742 potius
1555 1660 1681 1722 illis
1731 1660 1862 1742 pla-

354 1775 521 1828 cere,
578 1758 793 1839 ipsum
850 1759 1063 1821 taliter
1109 1759 1455 1821 deridendo
1502 1776 1715 1821 coram
1772 1764 1863 1821 tot

1967 774 2071 829 tus
2122 767 2503 829 desideravit
2548 768 2762 829 Jesum
2810 768 2888 829 de
2937 774 3138 830 morte
3186 767 3456 849 eripere.

1972 868 2230 927 Necesse
2267 876 2482 927 autem
2522 867 2790 927 habebat
2826 867 3155 927 dimittere
3193 867 3304 936 eis,
3347 884 3461 947 pu-
3598 875 3664 930 17

1971 971 2032 1026 ta
2066 964 2318 1039 Judaeis,
2355 984 2474 1043 per
2511 968 2686 1025 diem
2717 967 2976 1042 festum,
3011 964 3073 1026 id
3119 971 3215 1026 est
3254 964 3319 1026 in
3365 983 3463 1027 so-

1970 1062 2276 1125 lennitate
2308 1062 2608 1143 paschali,
2645 1082 2852 1123 unum
2903 1061 3188 1124 vinctum
3243 1079 3466 1143 quem-

1971 1180 2248 1243 cumque
2298 1162 2624 1242 petissent.
2658 1159 2852 1223 Judaei
2897 1161 3090 1235 enim,
3125 1168 3466 1242 antequam

1972 1268 2182 1322 essent
2237 1260 2530 1323 Romanis
2589 1259 2886 1341 subjecti,
2940 1260 3468 1323 consuetudinem

1972 1358 2333 1420 habuerunt
2387 1359 2449 1420 in
2493 1357 2652 1422 festo
2702 1359 2982 1441 paschali
3027 1358 3347 1422 dimittere
3398 1358 3492 1419 li-.

1970 1456 2194 1519 berum
2240 1476 2437 1519 unum
2481 1476 2556 1519 ex
2590 1457 2840 1531 vinctiS,
2877 1457 2941 1520 in
2987 1458 3239 1539 signum
3277 1464 3470 1537 atque

1970 1556 2344 1618 memoriam
2385 1555 2776 1618 liberationis
2813 1563 3064 1637 patrum
3099 1575 3358 1619 suorum
3391 1573 3468 1617 ex

1968 1654 2236 1737 AEgypto
2277 1661 2564 1737 tempore
2603 1654 2873 1717 Paschae.
2909 1655 3124 1717 Postea
3172 1654 3468 1718 Romanis

1970 1753 2242 1834 subjecti
2275 1754 2778 1835 impetraverunt
2807 1752 2885 1813 ab
2918 1754 3030 1825 eis,
3066 1760 3133 1815 ut
3163 1753 3298 1815 haec
3329 1772 3466 1816 con·

354 1856 651 1919 millibus
691 1858 1048 1930 hominum,
1084 1858 1149 1919 in
1191 1858 1363 1939 regia
1402 1856 1560 1919 urbe
1600 1863 1663 1918 et
1699 1856 1859 1920 festo
1898 1856 1944 1917 B
1971 1854 2240 1915 suetudo
2288 1852 2380 1914 eis
2429 1851 2873 1915 observaretur
2911 1869 2947 1912 a
2989 1851 3204 1931 judice
3248 1850 3470 1913 Roma-

156 1960 217 2014 12
356 1956 710 2037 praecipuo.
748 1960 833 2018 Et
865 1958 1033 2034 facti
1068 1966 1222 2017 sunt
1259 1956 1461 2017 amici
1489 1960 1770 2019 Herodes
1802 1966 1861 2017 et

354 2056 624 2117 Pila-tus
654 2056 725 2115 in
758 2057 903 2131 ipsa
929 2058 1058 2116 die.
1104 2055 1338 2117 Pilatus
1378 2054 1551 2117 enim
1597 2054 1862 2118 honora-

356 2153 451 2215 vit
496 2152 833 2225 Herodem,
876 2153 1186 2217 mittendo
1224 2154 1304 2216 ad
1341 2172 1487 2215 eum
1536 2152 1861 2216 hominem

353 2271 489 2315 suae
519 2252 887 2335 provinciae,
905 2258 967 2313 et
998 2271 1254 2314 causam
1291 2252 1465 2314 illius
1495 2251 1858 2315 discretioni

352 2351 621 2414 Herodis
673 2350 1100 2414 committens·
1140 2352 1317 2413 Nam
1358 2360 1549 2411 antea
1600 2351 1863 2411 inimici

348 2460 543 2511 erant
582 2454 673 2511 ad
709 2452 993 2511 invicem
1023 2471 1047 2509 .·
1086 2449 1241 2531 quia
1269 2449 1504 2512 Pilatus
1546 2449 1861 2512 occiderat

353 2548 599 2629 injuste
639 2550 951 2629 quosdam
996 2547 1305 2621 Galilaeos,
1340 2548 1454 2628 qui
1492 2545 1745 2608 fuerant
1782 2547 1859 2608 de

362 2653 677 2729 potestate
727 2645 988 2709 Herodis
1034 2667 1047 2710 :
1091 2647 1157 2709 in
1208 2665 1339 2727 quo
1384 2645 1706 2725 derogavit
1743 2644 1861 2706 He-

352 2746 516 2819 rodi,
545 2744 835 2808 subditos
867 2746 1009 2825 ejus
1041 2746 1129 2807 ita
1166 2744 1481 2817 occidenS‚
1508 2751 1569 2805 et
1599 2762 1858 2805 manum

352 2862 537 2906 suam
588 2844 653 2905 in
699 2843 975 2906 alienam
1018 2860 1290 2904 messem
1335 2842 1703 2903 extendens.

154 2935 216 2990 ¹3
433 2946 707 3005 Pilatus
764 2950 981 3002 autem
1040 2942 1399 3001 convocatis
1445 2941 1859 3017 principibus

1972 1969 2053 2013 no
2094 1950 2185 2013 eis
2231 1950 2570 2033 praeposito
2604 1970 2618 2012 :
2654 1950 2796 2013 ideo
2834 1949 3069 2011 Pilatus
3115 1968 3152 2011 a
3191 1950 3471 2013 Romano

1972 2049 2242 2132 imperio
2287 2049 2516 2111 Judaeis
2557 2047 2916 2131 praefectuS,
2953 2066 3208 2111 necesse
3248 2048 3472 2110 habuit

1971 2148 2135 2209 hanc
2194 2148 2720 2210 consuetudinem
2780 2147 3142 2220 observare,
3199 2147 3472 2209 necessi-

1972 2253 2095 2308 tate
2144 2246 2591 2320 conditionata,
2651 2246 2945 2309 videlicet
2993 2246 3047 2307 si
3104 2253 3470 2308 contentare

1972 2343 2231 2406 deberet
2275 2343 2540 2417 Judaeos‚
2583 2352 2647 2406 et
2693 2343 2954 2406 obedire
3001 2342 3320 2407 Romanis.
3364 2344 3470 2405 At-

1972 2450 2180 2505 tamen
2231 2442 2392 2505 Beda
2439 2442 2741 2515 affirmat,
2776 2444 2945 2524 quod
2996 2461 3122 2506 non
3168 2442 3466 2524 imperia-

1971 2541 2047 2603 lis
2097 2542 2254 2622 legis
2302 2541 2646 2615 sanctione,
2691 2542 2801 2603 sed
2849 2560 3060 2603 annua
3104 2540 3461 2603 Judaeorum

1970 2642 2428 2705 consuetudine
2459 2640 2612 2704 fecit
2644 2642 2784 2711 hoc,
2819 2642 2894 2703 ad
2933 2642 3310 2722 placendum
3343 2640 3465 2703 eis-

1970 2741 2137 2803 dem.
2183 2740 2598 2801 Exclamavit
2645 2748 2862 2799 autem
2908 2741 3109 2799 simul
3153 2742 3462 2800 universa
3600 2746 3668 2800 18

1972 2841 2184 2908 turba,
2217 2839 2435 2897 dicens
2464 2858 2486 2897 .·
2526 2840 2695 2898 Tolle
2741 2839 2937 2905 hunc,
2979 2836 3044 2897 id
3091 2843 3207 2909 est,
3248 2836 3462 2899 Jesum

1971 2935 2264 2999 interfice
2291 2936 2512 3016 (quem
2542 2954 2618 2997 ex
2650 2942 3019 3015 contemptu
3056 2953 3180 2998 non
3213 2954 3465 3017 expres-

351 3044 763 3103 sacerdotum
791 3050 851 3099 et
882 3039 1392 3117 mayistratibus,
1426 3039 1489 3101 id
1530 3045 1625 3100 est
1665 3045 1862 3101 recto-
1897 3038 1939 3102 C
1970 3036 2053 3097 sit
2082 3036 2216 3097 haec
2246 3033 2473 3113 turba),
2497 3043 2556 3095 et
2580 3036 2840 3095 dimitte
2862 3036 3043 3095 nobis
3061 3036 3464 3095 Barabbam:

354 3140 537 3202 ribus
590 3138 837 3220 populi,
872 3148 933 3198 et
973 3140 1182 3215 plebe,
1220 3137 1463 3199 scilicet
1508 3136 1862 3199 communi-

156 3241 219 3295 14
356 3246 482 3301 tate
528 3237 916 3309 Judaeorum,
951 3237 1131 3295 dixit
1173 3238 1261 3295 ad
1298 3237 1445 3295 illos
1471 3256 1493 3294 .·
1528 3236 1862 3297 obtulistis

352 3338 527 3398 milti
557 3338 733 3397 hunc
761 3336 1088 3395 hominem
1119 3334 1311 3413 quasi
1336 3342 1725 3393 avertentem
1747 3352 1863 3410 po-

344 3439 613 3513 pulum,
649 3433 714 3496 id
751 3440 867 3503 est,
902 3451 939 3493 a
971 3439 1183 3495 vestra
1222 3432 1359 3512 lege
1402 3438 1465 3492 et
1501 3430 1861 3494 obedientia

352 3531 615 3595 Caesaris
646 3537 1037 3592 avertentem
1071 3548 1219 3591 suos
1254 3529 1608 3609 auditores:
1640 3539 1700 3590 et
1728 3550 1862 3589 ecce

348 3650 461 3707 eqo
511 3649 730 3691 coram
784 3628 959 3688 vobis
1008 3630 1444 3704 intem-cyon&
1476 3627 1538 3689 id
1589 3634 1703 3701 est,
1748 3626 1862 3690 ho-

352 3728 597 3791 minem
641 3728 836 3789 istum
879 3726 1274 3799 examinans,
1309 3729 1563 3786 nullam
1595 3745 1858 3787 causam

353 3828 622 3889 invenio
663 3826 737 3885 in
780 3826 1041 3886 homine
1078 3826 1200 3885 isto
1246 3845 1329 3883 ecc
1366 3824 1491 3896 his,
1524 3823 1589 3885 id
1638 3830 1733 3885 est
1781 3840 1857 3883 ex

355 3942 631 3989 numero
681 3922 1051 3997 criminum,
1086 3924 1159 3983 in
1204 3923 1438 4002 quibus
1480 3941 1629 3981 eum
1676 3941 1859 3981 accu-

160 4028 224 4084 15
352 4025 537 4086 satis.
572 4024 705 4084 Sed
745 4040 947 4099 neque
986 4023 1269 4083 Herodes
1307 4018 1587 4099 aliquem
1629 4019 1856 4081 horum

356 4138 739 4185 excessuum
788 4119 857 4181 in
905 4119 1047 4201 ipso
1098 4118 1365 4181 invenit.
1414 4119 1587 4181 Nam
1634 4118 1859 4177 remisi

1968 3136 2087 3214 qui
2142 3143 2305 3201 erat,
2359 3142 2624 3210 propter
2669 3134 3053 3193 seditionem
3109 3136 3464 3211 quamdam
3603 3138 3670 3193 19

1968 3236 2213 3312 factam
2243 3234 2316 3292 in
2353 3231 2616 3291 civitate
2653 3229 3004 3291 Jerusalem
3037 3241 3097 3291 et
3134 3232 3468 3291 homicidi-

1969 3351 2107 3400 um,
2138 3332 2373 3390 missus
2421 3330 2496 3390 in
2541 3348 2886 3398 carcerem,
2921 3337 2992 3391 ut
3040 3336 3182 3412 post
3228 3327 3466 3391 festum

1968 3434 2115 3510 apto
2160 3434 2444 3509 tempore
2487 3427 2905 3489 occideretur.

2046 3524 2245 3586 Lucas
2278 3524 2448 3587 istud
2487 3524 2769 3587 breviter
2796 3526 3017 3606 tangit,
3054 3526 3222 3606 quod
3255 3544 3292 3586 a
3323 3524 3466 3587 Mat-

1968 3623 2131 3685 thaeo
2173 3630 2434 3686 noverat
2472 3622 2724 3704 plenius
2765 3624 3120 3686 recitatum.
3154 3623 3258 3684 Ait
3289 3623 3459 3684 enim

1964 3718 2288 3781 Matthaeus
2323 3738 2335 3782 :
2375 3720 2484 3781 Per
2516 3722 2682 3782 diem
2714 3728 2925 3783 autem
2955 3721 3282 3784 solennem
3314 3740 3462 3784 con·
3543 3738 3714 3781 Μαιυι.

1964 3818 2174 3881 suevit
2204 3836 2435 3900 praeses
2468 3818 2786 3881 dimittere
2824 3820 3061 3901 populo
3093 3839 3292 3881 unum
3325 3819 3462 3881 vin·
3487 3804 3756 3853 ¹'‘”¹¹¹¹5‘¹⁸·

1966 3923 2164 3991 ctum,
2219 3936 2412 3998 quem
2481 3916 2852 3979 voluissent.
2905 3917 3184 3979 Habebat
3246 3925 3459 3980 autem

1964 4022 2117 4077 tunc
2167 4016 2453 4077 vinctum
2505 4034 2703 4077 unum
2755 4015 3092 4096 insignem,
3141 4016 3204 4078 id
3252 4023 3348 4078 est
3392 4016 3459 4078 in

1967 4114 2208 4176 malitia
2263 4112 2581 4177 famosum
2630 4122 2690 4175 et
2739 4114 3145 4195 singularem.
3199 4113 3462 4195 Congre-

354 4242 463 4282 vos
502 4238 655 4283 cum
700 4217 847 4279 Jesu
888 4220 976 4277 ad
1014 4219 1233 4283 illum,
1266 4216 1330 4277 id
1380 4221 1476 4277 est
1522 4213 1852 4289 Herodem,
1887 4212 1939 4276 D
1966 4212 2125 4291 gatis
2175 4230 2325 4293 ergo
2374 4212 2524 4285 illis,
2559 4212 2718 4273 dixit
2767 4212 2996 4273 Pilatus
3032 4230 3046 4273 :
3079 4210 3276 4284 Quem
3324 4212 3463 4275 vul-

351 4329 411 4380 et
440 4338 580 4379 ecce
620 4316 798 4376 nihil
835 4314 1115 4391 diynum
1156 4322 1355 4374 morte
1392 4322 1607 4373 actum
1644 4322 1735 4372 est
1768 4314 1851 4383 ei,

353 4418 473 4481 hoc
522 4422 645 4489 est,
684 4412 960 4476 Herodes
1008 4410 1251 4473 nullam
1300 4410 1395 4472 illi
1449 4428 1699 4492 poenam
1748 4418 1857 4472 aut

354 4512 741 4578 sententiam
800 4508 1061 4584 inflixit,
1116 4527 1193 4571 ex
1240 4527 1368 4589 qua
1427 4514 1634 4591 pateat
1683 4508 1857 4588 quod

355 4606 817 4674 existimaverit
853 4606 1049 4669 istum
1093 4612 1363 4668 mortem
1402 4605 1852 4687 promeruisse.

356 4710 509 4773 Nam
547 4706 767 4770 illusio
805 4706 871 4767 in
921 4703 1064 4766 alba
1103 4711 1298 4778 veste,
1334 4722 1459 4766 non
1505 4721 1695 4784 grave
1735 4704 1858 4766 cri-

164 4806 227 4861 16
358 4828 529 4882 men,
564 4805 677 4868 sed
718 4802 1153 4885 insipientiam
1199 4800 1587 4882 designabat.
1620 4804 1857 4863 Emen-

356 4910 585 4969 datum
632 4922 783 4979 erqo
831 4903 1027 4961 illum
1066 4901 1424 4961 dimittam.
1477 4898 1633 4972 Quia
1691 4918 1857 4963 mor-

356 5012 481 5067 tem
530 5020 661 5065 non
714 4998 968 5072 meruit,
1009 4996 1239 5060 faciam
1288 4998 1473 5059 illum
1519 4996 1851 5078 flagellari,

354 5110 543 5185 atque
592 5096 893 5162 ludibriis
932 5094 1134 5170 affici,
1171 5103 1239 5157 ut
1286 5095 1336 5157 si
1380 5094 1541 5158 forte
1587 5096 1857 5157 excessit

355 5202 417 5264 in
453 5198 694 5271 verbis,
730 5193 1070 5276 ignoscatis
1110 5194 1168 5256 ei
1208 5193 1421 5255 taliter
1459 5199 1759 5269 correcte,
1794 5200 1855 5255 et

354 5317 465 5381 ego
507 5296 602 5361 sic
644 5312 795 5357 eum
838 5291 1153 5356 dimittam
1197 5291 1489 5353 transire.

1970 4309 2049 4371 tis
2109 4310 2422 4372 dimittam
2471 4309 2673 4380 vobiS,
2717 4308 3082 4383 Barabbam,
3125 4329 3201 4371 an
3245 4310 3456 4372 Jesum

1970 4408 2081 4489 qui
2133 4408 2368 4470 dicitur
2408 4407 2737 4470 Christus?
2781 4407 3029 4470 Sciebat
3076 4408 3250 4471 enim
3287 4409 3460 4489 quod

1971 4524 2084 4589 per
2115 4506 2420 4568 invidiam
2452 4506 2858 4567 'tradidissent
2886 4506 3091 4567 illum.
3125 4506 3460 4587 Quumque

1969 4604 2204 4666 Pilatus
2254 4604 2388 4665 haec
2437 4604 2694 4677 diceret,
2739 4604 3002 4684 contigit
3047 4604 3218 4685 quod
3267 4604 3458 4667 etiam

1968 4704 2056 4765 ait
2103 4702 2426 4764 Matthaeus
2479 4719 2493 4764 ε
2545 4700 2811 4763 Sedente
2864 4702 2995 4775 illo,
3041 4710 3192 4785 puta
3237 4702 3454 4778 Pilat0,
3515 4729 3630 4774 md.
3657 4732 3721 4773 19,

1970 4820 2085 4884 pro
2132 4799 2459 4873 tribunali,
2493 4800 2558 4862 id
2605 4807 2702 4861 est
2747 4798 2813 4861 in
2863 4801 3010 4863 sede
3046 4800 3332 4881 judiciali
3380 4805 3457 4865 ad

1964 4898 2382 4981 judicandum
2413 4899 2491 4960 de
2521 4896 2789 4972 Christo,
2815 4898 2992 4960 misit
3016 4899 3093 4961 ad
3125 4918 3272 4962 eum
3303 4920 3461 4966 uxor

1967 4997 2129 5079 ejuS,
2165 4996 2382 5059 dicens
2421 5014 2436 5058 ε
2477 4995 2649 5058 Nihil
2698 4995 2816 5058 tibi
2857 5002 2920 5057 et
2963 4995 3134 5076 justo
3181 4997 3298 5072 illi,
3341 5000 3462 5062 hoc

1966 5103 2082 5169 est,
2138 5114 2264 5157 non
2319 5112 2462 5175 agas
2512 5092 2755 5175 aliquid
2814 5101 3034 5157 contra
3089 5112 3259 5169 eum,
3311 5098 3463 5177 quia

1967 5212 2094 5256 non
2136 5199 2379 5274 spectat
2424 5192 2500 5254 ad
2540 5198 2623 5267 te,
2659 5210 2732 5255 eo
2770 5192 2940 5274 quod
2983 5191 3290 5255 innocens
3329 5194 3411 5255 sit
3443 5212 3456 5256 :

1968 5291 2168 5353 multa
2215 5290 2388 5353 enim
2429 5308 2613 5372 passa
2651 5308 2796 5353 sum
2841 5289 3050 5365 hodie,
3085 5289 3149 5353 id
3200 5297 3296 5353 est
3345 5293 3462 5356 hoc
