4300 6259
650 2223 721 2280 ¹2

658 3611 726 3668 ¹3

570 4699 674 4746 Luc.
689 4705 819 4754 mu,

557 4765 624 4808 2⁹.

602 4899 702 4942 Act.
720 4912 775 4952 ix,
794 4902 817 4942 3

556 4965 601 5006 σι
619 4973 711 5018 aeq.

858 459 943 524 8⁰
1642 475 3192 526 mnunomcar.xmwcz.—m.mv

858 655 965 708 tur
1003 647 1067 708 in
1108 665 1221 713 eo:
1252 649 1449 709 annis
1474 651 1687 708 decem
1712 657 1775 708 et
1802 657 1959 718 octo,
1992 647 2214 728 sicque
2259 646 2358 707 in-
2385 645 2436 706 A
2465 663 2584 726 pro
2609 654 2742 708 tam
2775 647 3052 726 gratiosa
3089 667 3204 709 sua
3243 646 3590 710 curatione.
3621 645 3696 707 Et
3731 664 3956 726 quam-

856 745 1127 807 firmitas
1158 746 1281 807 fuit
1308 747 1365 807 ei
1400 747 1599 828 magis
1639 746 1863 809 inolita
1890 745 2358 826 difficiliusque
2467 744 2562 805 vis
2621 744 2888 806 fortasse
2943 748 3228 808 nondum
3283 754 3438 807 tunc
3491 744 3736 808 noverit
3783 746 3954 826 quod

858 845 1159 906 curabilis
1188 863 1264 906 ex
1296 863 1411 906 sua
1440 854 1687 920 natura,
1718 845 1899 925 juxta
1930 844 2091 906 illud
2119 842 2351 917 Ovidii,

1514 1006 1652 1055 Sero
1682 1005 1961 1055 medicina
1992 1011 2244 1070 paratur,

960 1083 1145 1142 Quum
1176 1085 1325 1135 mala
1354 1099 1455 1150 per
1476 1086 1677 1149 longa-s
1709 1087 1991 1138 invaluere
2024 1101 2242 1146 moratu

856 1229 1149 1310 quamvis
1202 1231 1681 1312 omnipotentiae
1738 1231 1969 1294 Christi
2032 1232 2125 1293 nil
2185 1239 2352 1293 esset

856 1327 1145 1390 difficile.
1181 1332 1267 1390 Et
1304 1339 1443 1389 erat
1484 1333 1829 1402 inclinata,
1862 1331 1983 1394 hoc
2030 1338 2127 1392 est
2169 1330 2350 1392 vultu

856 1435 919 1488 et
956 1447 1217 1510 corpore
1256 1447 1477 1490 versus
1526 1437 1755 1492 terram
1806 1431 2107 1512 depressa
2153 1437 2217 1491 et
2255 1429 2354 1491 in-

856 1536 1112 1589 curvata
1140 1528 1337 1590 instar
1366 1528 1721 1602 brutorum,
1744 1537 1965 1592 contra
1994 1528 2350 1590 naturalem

856 1625 1131 1688 hominis
1175 1624 1449 1706 figuram
1490 1635 1553 1688 et
1590 1629 1786 1690 situm
1828 1645 1845 1690 ε
1892 1627 1998 1690 cui
2042 1626 2352 1708 competit

854 1733 1047 1807 caput
1092 1725 1323 1788 babere
1370 1736 1675 1800 erectum,
1708 1727 2013 1808 quoniam
2055 1727 2350 1807 congruit

2465 843 2574 904 ille
2601 843 2716 924 qui
2747 861 2886 904 eam
2927 846 3020 906 sic
3053 845 3320 919 vocavit,
3351 844 3558 924 tetigit
3593 852 3656 904 et
3693 844 3953 917 sanavit,

2463 942 2840 1003 consisteret
2867 942 3052 1016 DeuS,
3087 962 3212 1006 non
3243 953 3456 1004 tamen
3487 942 3612 1002 fuit
3637 942 3954 1022 ambigua,

2461 1038 2620 1119 quin
2655 1048 2962 1121 potestate
2991 1061 3132 1102 eam
3173 1049 3454 1103 curasset
3493 1039 3958 1121 supernaturali

2460 1145 2654 1220 atque
2693 1140 2912 1202 divina
2945 1159 2960 1202 :
2997 1141 3138 1203 ideo
3173 1139 3300 1203 Deo
3336 1139 3695 1222 specialiter
3727 1138 3958 1219 gratias

2461 1237 2636 1312 dixit,
2655 1256 2774 1300 nec
2803 1237 3073 1300 dubium
3101 1239 3262 1321 quin
3293 1246 3358 1300 et
3383 1237 3632 1302 Christo
3661 1245 3954 1318 tanquam

2463 1334 2710 1398 homini
2754 1345 2994 1399 sancto.

2536 1433 2722 1495 Juxta
2751 1434 3237 1515 intelligentiam
3271 1434 3690 1516 spiritualem,
3725 1452 3840 1516 per
3868 1432 3959 1495 fe-

2459 1531 2702 1593 minam
2761 1532 3131 1594 inclinatam
3189 1532 3460 1614 intelligi
3521 1541 3726 1614 potest
3779 1550 3955 1612 quae-

2459 1644 2738 1708 cumque
2765 1628 2981 1690 anima
3017 1645 3130 1690 seu
3171 1645 3442 1709 persona
3479 1628 3836 1690 carnalibus
3867 1626 3960 1687 vi-

2457 1724 2564 1785 tiis
2596 1725 2940 1808 implicata,
2971 1744 3166 1806 quam
3199 1726 3322 1789 Deo
3347 1725 3518 1806 juste
3553 1725 3956 1807 permittente

854 1824 911 1885 ei
958 1824 1239 1888 coelestia
1284 1842 1571 1906 quaerere
1618 1832 1681 1886 et
1728 1833 1979 1887 terrena
2024 1833 2350 1886 transcen·
2383 1825 2432 1887 B
2457 1822 2748 1886 diabolus
2787 1825 2898 1886 diu
2939 1825 3112 1887 intus
3159 1825 3378 1905 ligavit
3417 1825 3690 1888 vinculis
3739 1842 3956 1906 pecca—

854 1923 1025 1996 dere,
1066 1941 1489 2004 supernorum
1542 1923 1777 1984 intuitu
1824 1932 1889 1985 et
1935 1941 2194 2004 amore;
2235 1944 2350 1984 nec

854 2023 1117 2082 omnino
1137 2031 1387 2100 poterat
1406 2042 1667 2082 sursum
1692 2024 2023 2100 respicere,
2044 2031 2348 2104 tanquam

857 2118 941 2180 ita
981 2129 1321 2182 contracta.

936 2221 1145 2288 Quam
1172 2239 1377 2298 quum
1406 2220 1669 2279 vidisset
1692 2221 1877 2280 ,Iesus
1902 2220 2214 2302 corporali
2255 2220 2350 2282 in-

854 2317 1041 2392 tuitu,
1076 2317 1205 2382 imo
1240 2318 1447 2400 potius
1488 2318 1911 2381 miserationis
1950 2318 2210 2393 affectu,
2247 2340 2352 2380 vo-

850 2419 1023 2478 cavit
1045 2419 1133 2478 ad
1153 2437 1231 2478 se.
1252 2415 1494 2480 Poterat
1526 2417 1745 2498 utique
1774 2437 1811 2478 a
1838 2435 1907 2478 se
1934 2419 2350 2499 corporaliter

850 2514 1186 2577 distantem
1234 2532 1477 2588 curare,
1510 2516 1621 2578 sed
1671 2517 1919 2578 vocavit
1961 2533 2102 2578 eam
2150 2517 2230 2578 ad
2279 2535 2350 2579 se

852 2621 921 2676 ut
958 2614 1203 2676 cunctis
1251 2621 1491 2694 pateret
1540 2613 1921 2676 miraculum
1968 2615 2045 2677 ad
2086 2615 2196 2676 Dei
2237 2616 2350 2679 bo-

852 2729 1091 2784 norem,
1124 2718 1187 2774 et
1216 2711 1547 2775 hominum
1582 2712 2099 2776 aedificationem.
2134 2717 2222 2777 Ec
2250 2718 2348 2776 aie

850 2811 959 2870 illi
1004 2832 1029 2871 .·
1076 2813 1343 2882 „maliem
1390 2813 1664 2872 dimissa
1714 2832 1779 2872 es
1826 2815 1905 2874 ab
1960 2815 2349 2890 infirmitate

854 2919 989 2980 cua,
1022 2909 1141 2973 hoc
1168 2917 1284 2984 est,
1318 2927 1421 2971 me
1446 2909 1731 2989 jubente,
1766 2911 1901 2974 haec
1930 2919 2039 2973 tua
2067 2912 2350 2994 indispo-

2457 1929 2691 1999 torum,
2729 1923 2910 2003 juxta
2949 1923 3110 1986 illud
3148 1924 3636 1988 Proverbiorum
3669 1943 3684 1986 :
3719 1923 3954 2004 lniqui-
3981 1939 4230 1984 Prot-³32.

2457 2028 2614 2082 tates
2643 2040 2777 2084 suae
2803 2023 3058 2105 capient
3087 2023 3382 2106 impium,
3415 2031 3478 2084 et
3511 2023 3777 2085 funibus
3809 2040 3955 2104 pec-

2456 2127 2740 2182 catorum
2771 2139 3033 2184 suorum
3063 2122 3545 2202 constringetur.
3565 2121 3730 2182 Talis
3763 2121 3954 2201 igitur

2455 2217 2670 2278 anima
2704 2237 2743 2279 a
2779 2217 3032 2282 diabolo
3065 2221 3298 2295 vincta,
3334 2220 3420 2281 ita
3459 2219 3742 2281 efficitur
3780 2217 3956 2280 debi-

2458 2316 2558 2390 lis,
2609 2317 3156 2399 spiritualiterque
3209 2316 3493 2392 infirma,
3545 2327 3618 2379 ut
3663 2316 3955 2380 hostibus

2457 2434 2588 2477 suae
2645 2415 2868 2478 salutis
2926 2435 3334 2498 nequaquam
3393 2418 3660 2491 resistat,
3717 2417 3824 2478 sed
3884 2415 3952 2476 in

2457 2514 2632 2576 omni
2689 2533 2854 2597 pene
2909 2516 3254 2579 tentatione
3311 2514 3706 2590 succumbat,
3762 2523 3954 2596 atque

2457 2613 2744 2694 quotidie
2773 2612 3292 2695 frequentissime
3323 2613 3712 2686 vulneretur,
3739 2613 3956 2676 divina

2459 2711 2978 2791 transgrediendo
3023 2721 3357 2794 praecepta,
3400 2731 3474 2775 ac
3525 2711 3812 2775 mortalia
3860 2711 3958 2772 in-

2458 2810 2728 2873 cidendo
2776 2819 3054 2893 peccata.
3097 2811 3336 2892 ltaque,
3379 2818 3509 2874 toto
3545 2809 3782 2872 affectu
3833 2818 3958 2870 ter-

2459 2909 2628 2970 renis
2669 2909 2990 2984 immersa,
3025 2929 3282 2971 sursum
3319 2927 3446 2972 non
3479 2909 3644 2970 valet
3683 2907 3958 2990 respice-

852 3007 997 3070 sitio
1046 3008 1109 3070 in
1160 3007 1416 3071 instanti
1476 3007 1729 3088 fugatur
1776 3017 1839 3071 et
1888 3010 2141 3085 desinit,
2194 3007 2421 3093 quiaC
2458 3025 2547 3081 re,
2609 3007 2804 3068 Deum
2861 3007 3194 3070 sinceriter
3247 3007 3753 3090 contemplando,
3811 3006 3954 3087 ejus

852 3125 1065 3168 meum
1114 3107 1369 3180 dixisse,
1420 3106 1647 3169 fecisse
1693 3115 1810 3181 est,
1852 3116 1914 3170 et
1962 3110 2182 3172 virtuti
2232 3111 2350 3172 im—

852 3223 1087 3268 mensae
1134 3205 1439 3287 competit
1484 3223 1667 3286 agere
1705 3205 1771 3268 in
1818 3206 2099 3282 instanti,
2140 3228 2344 3290 quum

852 3303 940 3364 nil
981 3303 1037 3365 ei
1079 3311 1271 3386 queat
1314 3303 1625 3366 resistere.
1662 3303 1945 3368 Christus
1988 3315 2202 3368 autem
2253 3326 2349 3369 se-

852 3402 1133 3464 cundum
1188 3402 1361 3483 quod
1421 3402 1603 3477 DeuS,
1652 3403 2057 3485 omnipotens
2115 3412 2232 3480 est,
2285 3415 2350 3468 et

854 3499 1203 3563 immensus
1248 3499 1313 3562 in
1365 3501 1539 3563 omni
1594 3501 2005 3582 perfectione,
2054 3505 2351 3568 sanctita-

851 3606 913 3660 te
949 3606 1013 3661 et
1047 3597 1267 3680 gloria.
1304 3601 1387 3660 Ει
1416 3601 1723 3678 imposuit
1762 3602 1870 3660 illi
1902 3621 2135 3663 manus
2163 3622 2187 3664 .·
2217 3623 2346 3666 non

850 3696 1003 3777 quia
1051 3696 1188 3758 sine
1244 3703 1411 3759 tactu
1466 3695 1833 3778 hujusmodi
1889 3717 2015 3762 non
2069 3701 2351 3781 potuerit

850 3813 989 3858 eam
1045 3815 1319 3868 sanare:
1370 3797 1482 3860 sed
1531 3797 1609 3858 ad
1668 3797 2123 3861 insinuandum
2175 3802 2348 3882 quod

850 3913 1081 3978 corpus
1130 3915 1319 3958 suum
1365 3894 1491 3958 fuit
1539 3896 1888 3960 divinitatis
1938 3917 2067 3960 suae
2114 3899 2351 3961 instru-

850 4001 1159 4066 mentum,
1196 3994 1476 4076 potentia
1514 3994 1816 4076 plenum3
1850 4004 1912 4058 et
1950 3997 2101 4059 item
2141 3998 2220 4059 ad
2251 4017 2350 4061 os-

850 4092 1238 4154 tendendum
1303 4092 1835 4168 benevolentiam,
1897 4094 2222 4157 caritatem
2287 4105 2349 4158 et

2455 3105 2698 3187 judicia
2733 3107 3113 3181 contuendo,
3147 3114 3211 3168 et
3247 3125 3391 3189 quae
3427 3107 3508 3168 ad
3545 3106 3810 3168 salutem
3849 3125 3956 3166 su-

2456 3225 2561 3268 am
2591 3206 2914 3287 pertinent
2944 3206 3354 3287 ponderando
3379 3206 3952 3288 :quemadmodum

2460 3303 2524 3365 in
2566 3304 2822 3366 Daniele
2863 3305 2941 3367 de
2981 3304 3322 3367 luxuriosis
3363 3305 3748 3386 presbyteris
3793 3303 3954 3384 legi-

2459 3411 2583 3478 tur,
2616 3405 2788 3485 quod
2836 3411 3205 3467 everterunt
3244 3404 3462 3467 oculos
3503 3422 3670 3478 suoS,
3707 3410 3774 3465 ut
3819 3421 3950 3466 non
3981 3421 4228 3466 Damnav-

2457 3502 2861 3583 adspicerent
2907 3502 3165 3580 coelum,
3217 3519 3426 3583 neque
3473 3503 3952 3565 recordarentur

2455 3600 2844 3680 judiciorum
2898 3601 3238 3681 justorum.
3291 3600 3504 3662 Talem
3559 3610 3770 3663 autem
3815 3601 3954 3663 ani-

2457 3719 2627 3761 mam
2669 3699 2954 3762 Christus
2995 3699 3316 3761 interdum
3359 3699 3952 3764 misericordissime
4253 3775 4255 3778 Α

2458 3798 2753 3879 adspicit,
2806 3798 3135 3880 praevenit,
3185 3806 3250 3860 et
3305 3816 3422 3879 per
3469 3797 3952 3880 inspirationem

2459 3897 2798 3970 internam,
2833 3914 2950 3978 per
2979 3896 3392 3959 directionem
3433 3895 3799 3976 angelicam,
3834 3915 3953 3978 per

2458 3995 2961 4058 exhortationem
3011 3995 3378 4068 humanam,
3423 4013 3536 4056 seu
3571 3995 3696 4057 alio
3738 3996 3950 4068 mod0,

2457 4095 2534 4154 ad
2595 4111 2662 4155 se
2721 4100 2922 4168 vocat,
2987 4093 3282 4156 videlicet
3337 4094 3416 4156 ad
3473 4093 3952 4156 conversionem

849 4188 1271 4251 humilitatem
1332 4208 1511 4251 suam
1559 4190 1638 4251 ad
1686 4208 1999 4272 pauperes
2047 4200 2111 4254 et
2160 4192 2346 4254 infir·
2378 4196 2428 4258 D
2458 4191 2817 4267 mentalem,
2851 4191 3420 4273 poenitentiamque
3451 4192 3856 4272 condignam3
3889 4201 3958 4254 et

851 4304 1007 4350 mos·
1056 4289 1141 4348 Et
1185 4288 1522 4363 confestim
1568 4299 1771 4348 erecta
1818 4298 1908 4349 est
1956 4307 2244 4371 corpore,
2286 4301 2348 4354 et

848 4385 926 4446 ad
960 4384 1307 4447 naturalem
1340 4385 1533 4447 situm
1566 4387 1824 4448 reducta
1852 4395 1967 4448 est.
1994 4386 2062 4449 ln
2091 4407 2220 4470 quo
2251 4408 2349 4471 pa-

849 4489 960 4558 tet,
995 4501 1187 4565 quam
1227 4482 1640 4565 imperialiter
1672 4484 1956 4547 Christus
1993 4486 2123 4566 egit
2160 4487 2348 4550 mira-

849 4581 1013 4644 cula.
1046 4581 1121 4644 Et
1160 4581 1325 4644 sicut
1364 4581 1666 4643 feminam
1700 4582 1882 4644 istam
1924 4602 2051 4647 non
2092 4593 2345 4665 rogatus

849 4679 1115 4754 curavit,
1149 4698 1403 4743 socrum
1446 4687 1659 4742 autem
1698 4679 1861 4742 Petri
1906 4691 2158 4762 rogatus
2202 4701 2216 4746 :
2261 4684 2346 4746 ita

850 4777 1170 4841 interdum
1215 4777 1432 4859 gratiae
1481 4778 1644 4841 dona
1691 4777 1955 4859 largitur
2000 4789 2344 4863 antequam

851 4875 1201 4950 invocetur,
1264 4883 1332 4938 ut
1392 4882 1561 4957 patet
1617 4875 1682 4937 in
1742 4874 1915 4938 Pauli
1980 4879 2342 4943 conversio-

850 4991 959 5054 ne;
1008 4973 1324 5037 interdum
1374 4973 1511 5037 vult
1560 4973 1862 5037 invocari.
1898 4979 1983 5038 Ec
2018 4979 2346 5056 ylorifi'ea-

848 5073 953 5134 bac
982 5075 1213 5144 Deum,
1247 5072 1309 5134 id
1349 5080 1464 5146 est,
1498 5072 1729 5135 mulier
1767 5073 1903 5137 haec
1950 5074 2073 5138 Deo
2109 5076 2342 5157 gratias

848 5170 1085 5245 retulit,
1118 5169 1387 5254 ejusque
1428 5178 1798 5252 potestatem
1843 5175 2159 5254 cognovit,
2193 5193 2344 5238 con-

844 5269 1011 5332 fessa
1039 5278 1137 5332 est
1167 5277 1231 5332 et
1257 5269 1555 5334 exaltavit
1582 5272 1792 5346 corde,
1810 5271 2005 5336 verbo
2034 5280 2098 5335 et
2124 5292 2335 5358 opere,

2457 4291 2648 4371 paulo
2677 4299 2822 4371 post
2859 4290 3142 4353 infundit
3181 4290 3240 4352 ei
3279 4290 3584 4352 fiduciam
3617 4291 3694 4352 de
3733 4291 3958 4353 remis-

2457 4389 2634 4451 sione
2666 4397 3068 4470 peccatorum
3099 4406 3382 4451 suorum.
3416 4387 3662 4450 Manum
3694 4406 3956 4470 quoque

2456 4487 2749 4571 imponit,
2784 4488 2906 4551 hoc
2943 4495 3060 4562 est,
3095 4507 3283 4550 suum
3322 4487 3381 4549 ei
3424 4487 3737 4568 impendit
3773 4489 3956 4550 auxi-

2454 4587 2636 4661 lium,
2673 4588 2758 4650 ita
2803 4588 2976 4668 quod
3027 4586 3238 4649 subito
3285 4587 3365 4648 ad
3409 4587 3772 4649 divinorum
3818 4605 3954 4649 me-

2453 4687 2823 4749 ditationem
2853 4693 3045 4766 atque
3075 4703 3354 4748 amorem
3387 4684 3692 4766 erigitur:
3727 4684 3952 4766 sieque

2452 4802 2839 4865 cognoscens
2890 4785 2956 4845 in
3007 4783 3262 4866 quantis
3310 4781 3436 4845 fuit
3485 4783 3803 4865 periculiS‚
3851 4801 3954 4845 er·

2453 4883 2704 4946 roribus
2754 4889 2816 4944 et
2866 4883 3162 4964 peccatis,
3211 4881 3335 4945 Deo
3384 4885 3528 4944 totis
3578 4881 3955 4963 regratiatur

2454 4981 2856 5065 praecordiis;
2892 4990 2956 5044 et
2983 4990 3157 5045 tanto
3187 4979 3540 5044 ferventius
3570 4981 3627 5042 ei
3657 4980 3954 5061 obsequi-

2451 5088 2577 5155 tur,
2609 5099 2740 5162 quo
2788 5080 3098 5162 majorem
3140 5079 3221 5142 ab
3261 5080 3400 5161 ipso
3449 5079 3950 5142 misericordiam
4247 5127 4249 5219 κ

2451 5187 2547 5240 est
2589 5178 2830 5241 sortita.

2531 5277 2816 5359 Denique
2845 5277 3131 5341 Christus
3170 5276 3236 5339 in
3277 5275 3590 5359 corporali
3628 5275 3818 5355 hujus
3851 5274 3952 5338 fe·
