4300 6259
1225 514 1576 562 emmtuto
1619 514 1683 561 m
1725 514 1862 562 m.
1909 516 1951 561 x
1992 514 2183 561 Luem.
2222 534 2305 545 —
2344 515 2486 562 Am.
2532 514 2725 562 xxvm
3435 494 3515 559 23

405 686 662 749 virtutis
715 706 789 749 ae
840 688 1114 770 pietatis.
1168 685 1258 749 Ob
1309 686 1428 749 hoc
1481 688 1650 750 enim
1704 686 1913 749 induit
1943 684 1996 745 A
2025 692 2287 766 propter
2320 684 2785 766 diligentiorem
2827 684 2966 766 ejus
3010 684 3519 767 provocationem

403 804 639 868 corpus
701 794 1015 860 nostrum,
1071 793 1140 847 ut
1191 804 1306 849 nos
1365 787 1912 850 conversationem

403 882 610 965 ipsius
655 884 987 946 imitemur
1030 903 1146 966 pro
1190 902 1397 966 posse.
1442 884 1568 948 Suo
1611 903 1759 966 ergo
1803 903 1912 946 ex-

401 982 619 1064 emplo
669 982 889 1045 docuit
937 982 1309 1064 discipuIOS,
1353 1002 1707 1065 omnesque
1757 1002 1916 1065 prae-

403 1080 744 1156 dicatoreS‚
805 1089 868 1143 et
929 1082 1008 1144 ad
1071 1081 1344 1144 aliorum
1413 1081 1913 1145 exhortationem

405 1178 692 1255 idoneoS‚
727 1180 1006 1261 qualiter
1045 1180 1282 1243 habere
1319 1199 1388 1243 se
1427 1180 1660 1243 debent
1702 1181 1769 1242 in
1813 1182 1917 1243 do-

403 1277 621 1340 mibus
672 1278 1137 1361 hospitantium
1187 1297 1318 1353 eoS,
1373 1286 1440 1341 ut
1487 1278 1734 1341 scilicet
1781 1298 1918 1340 sus-

405 1378 575 1459 eepti
627 1395 757 1440 non
809 1376 1020 1439 statim
1066 1378 1354 1459 resupini
1406 1378 1761 1459 quiescant,
1805 1378 1916 1439 sed

404 1482 813 1557 susceptores
852 1494 1000 1539 suos
1039 1476 1589 1539 exhortationibus
1631 1476 1918 1558 repleant

405 1574 628 1636 sacris.
683 1574 862 1636 Unde
917 1581 982 1635 et
1037 1580 1404 1636 reverenter
1458 1593 1534 1636 ac
1590 1574 1916 1636 caritative

405 1679 557 1734 sunt
601 1672 999 1753 suscipiendi
1038 1688 1053 1733 :
1089 1671 1320 1753 primo,
1355 1672 1662 1754 quoniam
1705 1672 1918 1753 hospi-

403 1777 642 1833 tatores
697 1788 922 1833 eorum
977 1770 1473 1833 aedificabuntur
1530 1771 1915 1834 salutaribus

2023 785 2101 846 ad
2144 784 2626 859 advertendum,
2670 792 2733 845 et
2774 783 2927 845 item
2968 784 3033 845 in
3078 783 3332 863 signum
3371 783 3526 846 dile-

2025 882 2254 945 ctionis
2295 901 2425 945 suae
2458 884 2535 943 ad
2568 900 2727 957 eam,
2755 902 2945 963 quam
2987 882 3175 963 elegit
3214 881 3281 943 in
3313 881 3526 964 hospi—

2025 988 2153 1042 tam
2187 981 2285 1042 sui
2316 1000 2389 1043 ac
2421 981 2881 1063 discipulorum
2916 998 3201 1043 suorum.
3226 981 3527 1043 Sollicita

2024 1100 2111 1147 es,
2161 1089 2221 1140 et
2271 1082 2553 1141 turbaris
2599 1099 2753 1157 erqa
2796 1080 3116 1159 plurima,
3161 1078 3225 1141 id
3268 1087 3363 1141 est
3405 1080 3529 1142 cir-

2026 1197 2099 1241 ca
2137 1177 2273 1241 haec
2301 1178 2674 1260 temporalia
2712 1178 3233 1253 administranda,
3267 1184 3329 1239 et
3359 1178 3527 1241 circa

2027 1276 2381 1357 corporalia
2427 1276 2748 1349 alimenta,
2794 1286 2857 1339 et
2902 1276 3069 1338 circa
3117 1294 3383 1358 corpora
3432 1294 3528 1338 re-

2026 1374 2304 1437 ficienda
2346 1394 2360 1437 :
2404 1393 2549 1456 quae
2594 1376 2947 1457 occupatio,
2989 1375 3283 1456 quamvis
3330 1373 3527 1438 fuerit

2025 1473 2195 1536 bona
2236 1480 2301 1535 et
2341 1480 2518 1535 actus
2569 1473 2922 1555 prudentiae
2959 1492 3032 1535 ac
3074 1473 3525 1537 misericordiae

2025 1579 2088 1634 et
2117 1570 2535 1647 liberalitatiS,
2553 1589 2631 1633 ex
2662 1572 2918 1634 caritate
2948 1571 3361 1653 imperialiter
3391 1591 3527 1654 pro-

2027 1672 2281 1745 cedens,
2335 1671 2539 1734 nihilo
2588 1670 2801 1732 minus
2851 1669 3255 1733 stabilitatem
3308 1678 3371 1732 et
3420 1689 3530 1752 pa-

2027 1788 2165 1831 cem
2217 1769 2448 1831 mentis
2500 1768 2565 1829 in
2618 1767 2741 1830 Deo
2787 1767 3159 1849 frequenter
3200 1767 3523 1843 diminuit,

406 1868 864 1950 documentis3
923 1870 1226 1943 secundo,
1279 1869 1584 1950 quoniam
1638 1870 1914 1932 caritatis
1955 1867 1998 1929 13
2028 1866 2373 1949 interrupit
2418 1885 2492 1929 ac
2542 1866 2897 1948 impedivit.
2950 1865 3247 1928 Pluribus
3296 1884 3530 1948 nempe

405 1966 851 2050 adipiscentur
887 1969 1272 2030 mercedem.

2027 1966 2363 2028 intendens
2402 1966 2675 2035 animus,
2711 1964 2980 2046 singulis
3012 1984 3139 2027 non
3170 1983 3351 2047 aeque
3386 1982 3530 2046 per-

185 2072 264 2127 40
491 2069 762 2129 illm-tha
799 2076 1018 2127 autem
1053 2068 1404 2144 sataqebat,
1448 2067 1569 2129 hoe
1612 2074 1728 2141 est,
1763 2066 1914 2128 satis
2024 2065 2191 2127 fecte
2239 2065 2404 2128 valet
2451 2065 2780 2126 intendere
2832 2071 2899 2125 ut
2950 2064 3084 2139 uni,
3125 2064 3279 2145 quia
3322 2064 3526 2126 virtus

403 2164 654 2245 agebat,
706 2172 1144 2246 occupataque
1203 2164 1348 2237 ruit,
1403 2182 1514 2226 seu
1563 2164 1910 2240 laborabat,
2026 2164 2205 2225 unita
2246 2170 2340 2224 est
2380 2162 2604 2225 fortior
2645 2180 2839 2242 quam
2884 2160 3187 2243 dispersa.

401 2267 580 2323 eirca
619 2265 929 2343 frequens
975 2264 1447 2331 ministerium,
1489 2263 1554 2325 id
1604 2270 1702 2325 est
1747 2264 1915 2326 circa
2091 2267 2317 2331 Porro,
2344 2281 2550 2323 unum
2570 2270 2659 2321 est
2685 2263 3137 2321 necessarium.
3164 2259 3291 2323 Hoc
3322 2278 3522 2323 unum
3656 2264 3729 2321 42

401 2362 755 2444 corporalis
803 2360 1168 2424 refectionis
1207 2362 1496 2442 quotidie
1545 2363 1916 2425 necessariae
2026 2362 2199 2442 quod
2233 2379 2363 2442 prae
2397 2358 2624 2421 ceteris
2654 2358 3084 2420 necessarium
3128 2357 3381 2432 dicitur,
3418 2378 3528 2440 po-

402 2462 938 2543 praeparationem
983 2467 1048 2522 et
1084 2458 1571 2522 exhibitionem.
1610 2463 1764 2529 Quae
1799 2463 1917 2521 s'ce-
2024 2466 2149 2521 test
2199 2458 2323 2520 dici
2383 2458 2521 2539 ipsa
2568 2455 2840 2519 felicitas
2900 2456 3139 2538 patriae,
3193 2474 3305 2517 seu
3363 2456 3526 2518 Deus

403 2562 508 2627 tit,
549 2559 632 2621 ab
683 2558 996 2639 obsequio
1033 2565 1098 2620 et
1144 2558 1437 2620 discursu
1489 2559 1736 2621 modice
1785 2578 1917 2621 ces·
2025 2556 2453 2638 omnipotenS,
2492 2555 2816 2635 objectum
2856 2564 2919 2617 et
2967 2556 3145 2618 dator
3193 2554 3532 2618 beatitudi-

401 2676 574 2731 sam,
617 2663 688 2718 ut
726 2655 1048 2719 Christum
1095 2656 1599 2718 reverentialiter
1637 2657 1918 2738 alloque-
2027 2656 2126 2738 nis
2182 2653 2397 2734 hujuS,
2451 2653 2550 2716 vel
2612 2653 3063 2735 contemplatio
3112 2672 3224 2716 seu
3275 2653 3531 2717 dilectio

400 2762 604 2827 retur,
640 2762 705 2815 et
733 2753 876 2834 ejus
919 2753 1389 2835 praestolaretur
1423 2772 1826 2837 responsum,
1859 2765 1918 2816 et
2026 2752 2137 2814 Dei
2171 2753 2237 2814 in
2270 2753 2399 2815 vita
2431 2752 2569 2827 hac,
2596 2769 2707 2813 seu
2740 2770 2861 2833 pax
2892 2752 3124 2813 mentis
3156 2752 3221 2814 in
3253 2752 3399 2827 Deo,
3423 2760 3532 2813 aut

399 2856 502 2914 m't
531 2874 556 2912 .·
588 2854 888 2919 Domine,
932 2871 1062 2912 non
1100 2860 1192 2913 esc
1235 2852 1356 2911 tibi
1396 2872 1569 2913 curae
1613 2856 1786 2932 quod
1825 2873 1918 2913 so·
2029 2850 2183 2913 unio
2232 2850 2439 2913 cordis
2491 2868 2637 2912 cum
2688 2867 2783 2923 eo,
2838 2867 2950 2912 seu
3001 2849 3125 2913 Deo
3174 2849 3385 2913 debite
3431 2851 3533 2911 de-

398 2972 518 3011 ror
557 2970 704 3011 mea
749 2950 1022 3028 reliquit
1075 2969 1172 3010 me
1221 2954 1420 3010 solam
1481 2951 1861 3011 ministrare
1889 2953 1920 3011 ?
2029 2949 2292 3023 servire,
2318 2956 2382 3011 et
2409 2948 2597 3010 saluti
2629 2947 2905 3030 propriae
2935 2947 3289 3029 providere.
3318 2946 3534 3020 Quam-

397 3050 534 3111 Hoe
577 3048 914 3111 videbatur
957 3047 1390 3110 irrationabile
1442 3047 1716 3123 Marthoe,
1768 3049 1920 3130 quia
1955 3055 2000 3118 C
2031 3048 2126 3109 vis
2176 3054 2389 3109 autem
2438 3046 2517 3107 ad
2556 3045 2967 3109 obtinendam
3015 3045 3283 3107 salutem
3332 3046 3533 3107 multa

397 3147 708 3229 apparuit
749 3146 808 3208 ei
851 3147 1025 3228 quod
1066 3146 1147 3209 ob
1192 3145 1424 3211 Christi
1468 3146 1921 3209 honorabilita-
2029 3145 2160 3208 sint
2208 3144 2583 3217 necessaria,
2635 3144 2879 3205 scilicet
2924 3142 3111 3219 fides,
3160 3162 3328 3225 speS‚
3375 3143 3532 3206 cari-

398 3255 558 3319 tem,
592 3245 998 3326 aliorumque
1039 3244 1367 3327 hospitum
1412 3244 1913 3322 multitudinem,
2027 3250 2144 3317 taS,
2200 3248 2613 3317 sacramenta,
2667 3240 2955 3323 impletio
3014 3249 3527 3323 Praeceptorum3

396 3344 596 3406 Maria
634 3342 864 3405 merito
900 3342 1274 3424 adjuvisset.
1316 3343 1534 3424 Itaque
1574 3344 1918 3425 interroga·
2031 3360 2231 3404 unum
2273 3348 2485 3402 tamen
2528 3340 2959 3401 necessarium
2999 3340 3235 3401 dicitur
3270 3347 3533 3403 antono-

399 3444 519 3517 vit‚
553 3442 845 3515 Domine,
881 3454 1009 3504 non
1042 3450 1138 3503 est
1167 3440 1286 3504 tibi
1317 3446 1530 3505 curaet
1562 3461 1688 3505 non
1731 3444 1915 3524 quasi
2029 3439 2311 3513 mastice,
2346 3438 2498 3519 quia
2530 3456 2659 3520 prae
2698 3438 2923 3499 ceteris
2965 3438 3393 3499 necessarium
3425 3456 3533 3500 ex-

396 3542 732 3605 Christum
783 3540 1260 3621 reprehendens
1311 3541 1484 3621 quod
1531 3539 1736 3602 Mariae
1787 3560 1913 3604 non
2028 3544 2171 3611 stat,
2225 3536 2325 3599 vel
2385 3536 2758 3598 necessitate
2806 3534 2982 3610 finis,
3034 3541 3097 3597 et
3155 3543 3415 3618 propter
3463 3554 3531 3598 se

396 3640 674 3713 dixerat,
709 3638 958 3719 Adjuva
997 3656 1278 3701 sororem
1319 3646 1535 3717 tuam3
1579 3640 1689 3701 sed
1731 3640 1912 3720 quasi
2026 3641 2218 3716 atque
2249 3633 2648 3715 simpliciter,
2682 3633 2805 3695 alia
2840 3651 2991 3696 vero
3025 3651 3137 3714 per
3168 3641 3527 3715 respectum

395 3738 732 3801 admirans
779 3737 857 3799 de
901 3737 1042 3799 hoc.
1083 3736 1230 3799 Ideo
1277 3737 1520 3799 addidit
1554 3755 1568 3798 :
1603 3739 1726 3797 Dic
1765 3758 1914 3815 erqo
2026 3735 2103 3795 ad
2135 3733 2359 3807 finem,
2394 3740 2455 3794 et
2486 3739 2746 3814 propter
2776 3731 2916 3812 ejus
2945 3732 3531 3814 adeptionem.Ma-

397 3839 516 3899 illi
544 3846 620 3898 ut
647 3856 750 3896 me
778 3836 1048 3913 adjuvet
1078 3858 1102 3895 .·
1132 3836 1287 3916 quia
1321 3836 1400 3898 ad
1436 3835 1708 3897 litteram
1752 3837 1917 3897 mul-
2026 3834 2133 3892 ria
2170 3832 2485 3908 optimam
2516 3840 2774 3908 partem
2815 3830 3025 3907 elegit,
3067 3829 3365 3892 videlieet
3402 3829 3527 3893 Deo

399 3944 466 3999 ta
509 3942 696 3997 erant
740 3934 984 4015 agenda
1031 3934 1097 3995 in
1140 3940 1234 3997 tot
1280 3933 1608 4015 hospitum
1657 3934 1918 3998 cibatio·
2027 3948 2251 3993 vacare
2294 3928 2502 4011 (juxta
2558 3928 2718 3989 illud
2767 3926 2997 3989 Psalmi
3050 3946 3063 3989 :
3116 3926 3263 3989 Mihi
3313 3935 3525 3990 autem
3583 3947 3811 3999 patna.

399 4053 510 4097 ne.
555 4032 632 4096 Et
675 4033 849 4113 quod
889 4030 1126 4093 Martha
1172 4031 1327 4094 dicit
1369 4050 1437 4093 se
1481 4031 1679 4095 solam
1728 4032 1916 4095 mini·
2025 4028 2347 4090 adhaerere
2376 4026 2501 4089 Deo
2540 4026 2780 4088 bonum
2822 4028 2963 4105 est),
3000 4025 3198 4087 Deum
3236 4025 3519 4107 diligere,
3553 4012 3621 4054 ²⁸·

398 4142 631 4206 strare,
675 4149 804 4193 non
848 4137 944 4192 est
993 4129 1480 4210 intelligendum
1523 4131 1695 4210 quod
1739 4131 1916 4193 nulla
2027 4133 2241 4188 mente
2288 4125 2505 4206 quieta
2553 4124 3109 4205 contemplativam
3160 4125 3390 4187 ducere
3434 4125 3525 4187 vi-

397 4230 648 4293 femina
681 4227 1001 4309 adjuverit
1032 4244 1171 4289 eam
1207 4246 1220 4291 :
1258 4227 1482 4289 habuit
1514 4228 1685 4290 enim
1719 4229 1916 4291 ancil·
1945 4232 1994 4295 D
2025 4232 2177 4298 tam,
2202 4232 2265 4285 et
2294 4224 2506 4305 ipsum
2539 4221 3060 4285 incommutabile
3090 4222 3329 4285 bonum
3362 4242 3526 4304 quae-

399 4330 532 4391 lam
577 4328 910 4409 juvantem
958 4345 1152 4388 unam
1189 4334 1300 4388 aut
1337 4326 1577 4407 plureS,
1622 4333 1692 4387 ut
1729 4344 1910 4405 reor;
2028 4340 2167 4384 rere
2213 4340 2285 4383 ac
2335 4320 2589 4395 habere,
2637 4320 2714 4381 de
2762 4338 2891 4400 quo
2938 4320 3007 4382 in
3057 4319 3324 4382 Threnis
3374 4320 3527 4383 scri-

399 4428 517 4491 sed
551 4426 754 4489 solam
789 4443 857 4487 se
886 4424 1113 4486 asserit
1140 4424 1523 4498 ministrare,
1561 4442 1674 4506 per
1704 4426 1917 4487 exclu-
2028 4428 2209 4503 ptum
2242 4427 2335 4481 est
2370 4438 2383 4481 :
2418 4418 2565 4480 Pars
2594 4436 2736 4480 mea
2765 4418 3091 4493 DominuS,
3127 4418 3286 4481 dixit
3313 4418 3526 4481 anima
3580 4437 3816 4489 ranna...

400 4526 658 4589 sionem
703 4542 836 4585 suae
879 4522 1136 4597 sororIS,
1177 4524 1254 4585 ad
1293 4541 1488 4604 quam
1531 4522 1916 4586 ministratio
2026 4538 2169 4581 mea
2202 4538 2216 4583 ε
2254 4525 2588 4601 propterea
2617 4517 2999 4600 exspectabo
3028 4536 3197 4579 eum.
3230 4518 3403 4581 Hanc
3434 4520 3527 4581 di-
3552 4502 3623 4544 ²⁴·

402 4624 520 4686 illa
549 4640 734 4704 aeque
765 4620 1097 4703 pertinuit,
1117 4621 1470 4683 secundum
1501 4619 1754 4683 Marthae-
1782 4622 1920 4703 opi·
2026 4618 2399 4699 gnissimam
2450 4622 2693 4697 partem
2752 4615 2942 4695 elegit
2993 4613 3203 4691 Maria,
3254 4618 3524 4680 terrenis

405 4722 695 4785 nionem.
2030 4716 2432 4798 contemptiS,
2486 4722 2547 4777 et
2604 4713 3041 4796 corporalibus
3098 4717 3528 4799 occupationi-

183 4826 254 4883 «Η
492 4822 580 4881 Ει
609 4820 1026 4895 respondens,
1046 4819 1222 4879 dimit
1255 4820 1363 4877 illi
1391 4818 1712 4878 Dominus
1737 4816 1918 4879 Jesus
2030 4817 2174 4890 bus,
2208 4824 2511 4897 tanquam
2543 4814 2757 4875 minus
2788 4812 2973 4875 bonis
3005 4814 3391 4897 majorisque
3423 4816 3528 4881 bo-

2033 4914 2098 4977 ni
2148 4913 2563 4995 impeditiviS,
2610 4911 2869 4973 relictis·
2907 4914 3061 4982 Quoe
3103 4932 3230 4973 non
3274 4916 3528 4992 aufere-

2035 5023 2144 5073 tur
2184 5014 2263 5073 ab
2298 5032 2374 5072 ea
2404 5032 2427 5071 .·
2457 5010 2760 5092 quoniam
2813 5028 2957 5091 pars
3007 5009 3139 5071 haec
3186 5009 3414 5093 incipit
3460 5013 3526 5075 in

119 5138 381 5188 mamm.
409 5114 547 5187 bat,
579 5112 889 5195 quoniam
927 5112 1240 5194 sapientia
1281 5112 1526 5194 plenuS‚
1561 5112 1689 5175 imo
1727 5120 1789 5173 et
1828 5113 1924 5194 ip-
2035 5112 2154 5173 hac
2185 5110 2335 5184 vita,
2368 5118 2431 5171 et
2468 5108 2875 5172 continuatur
2906 5126 2979 5169 ac
3010 5117 3422 5189 perpetuatur
3461 5111 3529 5173 in

99 5238 384 5287 Jmm.
413 5232 490 5275 sa
539 5210 873 5293 sapientia,
925 5208 1164 5290 Deique
1212 5209 1408 5271 Patris
1461 5208 1719 5271 unicum
1770 5208 1922 5271 Ver·
2038 5208 2280 5292 patria3
2326 5207 2957 5289 perficitur-quoque
2998 5206 3061 5267 in
3096 5224 3191 5281 ea,
3226 5210 3527 5288 quoniam

417 5311 580 5373 bum
631 5307 755 5371 fuit
791 5324 806 5368 :
840 5310 1136 5377 Martha,
1165 5310 1452 5369 Martha.
1490 5306 1590 5370 Bis
1641 5306 1926 5370 nominat
2039 5305 2489 5388 contemplatio
2529 5304 2645 5367 viae
2687 5321 2800 5385 per
2841 5302 3061 5379 sidem,
3102 5313 3199 5367 est
3239 5308 3529 5388 quaedam

407 4918 726 4990 ChristuS,
758 4916 873 4997 qui
913 4917 994 4978 ad
1024 4916 1540 4997 respondendum
1579 4915 1914 4997 sapienter,

409 5014 898 5089 deliberatione,
923 5013 1363 5095 inquisitione,
1384 5012 1593 5075 studio
1623 5032 1749 5075 non
1783 5030 1922 5093 ege-
