4300 6259
855 467 974 532 160

1657 481 2008 531 mammo
2050 480 2115 526 m
2157 479 2295 528 CAP-
2340 477 2449 525 xlx
2493 477 2681 525 LDCAE.
2728 497 2809 509 —
2848 479 2990 527 Aur.
3037 479 3159 526 xm

852 663 948 718 est
995 653 1280 720 Christus
1325 655 1521 718 Filius
1565 653 1864 737 Virginis,
1897 671 2209 734 quaerere,
2248 650 2358 713 do-
2386 648 2435 710 A
2467 649 2559 712 xit
2588 650 2665 713 ad
2696 649 3017 731 Virginem
3054 669 3069 713 :
3102 649 3285 712 Dabit
3316 650 3410 712 illi
3450 649 3752 714 Dominus
3790 651 3960 713 Deus
4004 662 4217 712 Luam.

853 755 1076 829 condo,
1118 761 1180 816 et
1229 772 1344 836 per
1391 754 1643 816 diversa
1691 753 1827 816 loca
1875 752 2084 814 eundo
2126 750 2205 813 ad
2244 749 2371 811 ho--

852 852 1081 927 mines,
1127 863 1187 914 et
1231 857 1490 914 salvum
1526 853 1763 930 facere,
1815 851 1934 914 hoc
1982 857 2079 912 est
2125 867 2163 909 a
2211 866 2357 929 pec-

853 950 1009 1012 catis
1053 957 1116 1012 et
1165 951 1373 1033 poenis
1422 950 1676 1013 aeternis
1724 949 1995 1031 eripere,
2037 955 2229 1028 atque
2278 947 2354 1008 ad

853 1044 1223 1110 felicitatem
1273 1049 1597 1112 coelestem
1641 1048 1963 1121 reducere,
2007 1047 2180 1124 quod
2210 1063 2358 1121 per-

855 1147 1047 1218 ierat,
1087 1147 1208 1210 hoc
1249 1155 1346 1210 est
1391 1164 1594 1227 genus
1632 1146 1988 1208 humanum
2036 1143 2103 1205 in
2148 1142 2357 1224 primo

856 1251 1121 1325 parente
1157 1244 1552 1325 originaliter
1592 1244 1907 1318 vitiatum,
1941 1250 2004 1304 et
2043 1240 2126 1304 ob
2167 1240 2361 1320 origi-

859 1342 1002 1403 nale
1041 1351 1370 1425 peccatum
1419 1342 1620 1424 gratia
1661 1351 1724 1405 et
1759 1341 1962 1422 gloria
2010 1340 2354 1423 privatum,

859 1441 1078 1504 multis
1120 1459 1379 1523 quoque
1415 1439 1771 1504 actualibus
1812 1447 1875 1502 et
1914 1437 2358 1522 personalibus

860 1546 1259 1621 posterorum
1320 1539 1594 1621 peccatis
1654 1536 1964 1600 infectum
2021 1555 2095 1599 ac
2153 1535 2362 1618 perdi-

573 1655 831 1706 lfimaas.
861 1644 1021 1699 tum.
1063 1638 1304 1702 Idcirco
1341 1637 1496 1700 dicit
1534 1636 1872 1720 Apostolus
1907 1655 1921 1698 :
1955 1635 2189 1697 Fidelis
2233 1651 2362 1695 ser-

865 1756 991 1812 m0,
1024 1745 1089 1800 et
1115 1738 1291 1802 omni
1319 1737 1687 1820 acceptione
1718 1736 1970 1816 dignuS,
2003 1735 2155 1817 quia
2181 1734 2359 1796 Jesus

2464 750 2680 811 sedem
2728 749 2923 811 David
2972 749 3169 830 patris
3218 748 3381 830 ejuS,
3435 756 3499 811 et
3545 748 3833 830 regnabit
3889 749 3959 810 in

2464 847 2651 911 domo
2697 847 2885 912 Jacob
2936 847 3002 910 in
3053 856 3383 910 aeternum.
3433 847 3631 911 Judaei
3688 847 3961 929 quippe,

2466 946 2595 1009 imo
2624 955 2687 1008 et
2726 946 3027 1029 discipuli
3058 946 3291 1009 Christi
3328 953 3474 1009 ante
3512 946 3717 1027 ipsius
3746 964 3969 1008 ascen-

2466 1044 2734 1120 sionem,
2768 1045 3110 1108 credebant
3144 1045 3464 1108 Christum
3501 1045 3567 1106 in
3601 1045 3809 1126 primo
3846 1062 3970 1106 suo

2465 1144 2742 1206 adventu
2791 1143 3225 1225 temporaliter
3262 1143 3329 1206 in
3368 1143 3490 1207 hoc
3531 1143 3784 1217 saeculo,
3817 1161 3970 1204 cum

2468 1241 2744 1304 maxima
2780 1242 3107 1323 opulentia
3136 1251 3201 1304 et
3232 1240 3709 1322 magnificentia
3748 1258 3975 1321 regna-

2469 1345 2708 1413 turum,
2752 1337 3068 1421 promissa
3112 1337 3566 1420 Prophetarum
3610 1338 3690 1399 de
3730 1336 3968 1400 Christi

2469 1455 2664 1518 regno
2713 1437 3115 1519 loquentium
3164 1439 3242 1500 ad
3298 1438 3570 1500 litteram
3630 1436 3971 1499 carnaliter

2469 1535 2917 1616 intelligentes.
2950 1535 3212 1619 Propter
3241 1537 3416 1617 quod
3443 1535 3725 1618 Apostoli
3758 1535 3823 1597 in
3859 1535 3967 1597 die

2468 1635 2857 1697 ascensionis
2907 1635 3101 1698 locuti
3152 1642 3302 1697 sunt
3345 1633 3593 1698 Christo
3625 1652 3639 1697 :
3674 1634 3965 1708 Domine,
4026 1651 4202 1694 ame.

2471 1732 2524 1793 si
2572 1733 2639 1794 in
2697 1740 2984 1816 tempore
3039 1733 3159 1797 hoc
3218 1733 3509 1796 restitues
3569 1751 3833 1814 regnum
3880 1733 3972 1794 ls-

866 1835 1152 1898 Christus
1197 1836 1372 1900 venit
1411 1836 1477 1899 in
1517 1835 1690 1897 hunc
1721 1835 2034 1896 mundum
2076 1839 2361 1915 peccato-
2396 1829 2443 1892 B
2474 1831 2645 1893 rael?
2680 1832 2756 1895 Et
2804 1833 2957 1913 quia
2992 1832 3337 1894 Jerusalem
3384 1831 3506 1895 tuit
3541 1831 3767 1895 Judaeae
3810 1832 3969 1894 urbs

865 1952 966 1996 res
997 1935 1202 1998 salvos
1233 1933 1462 1997 facere.
1495 1933 1572 1996 Et
1610 1951 1725 2016 per
1752 1932 1974 1994 isaiam
2004 1932 2082 1994 de
2113 1930 2361 1994 Christo

869 2035 1242 2116 praedictum
1289 2041 1387 2096 est
1437 2052 1450 2096 :
1503 2032 1662 2095 Vere
1719 2033 2053 2114 languores
2112 2037 2361 2093 nostros

867 2133 1008 2214 ipse
1051 2131 1218 2206 tulit,
1259 2139 1323 2194 et
1370 2131 1617 2194 dolores
1667 2138 1914 2194 nostros
1965 2130 2103 2212 ipse
2154 2137 2362 2209 porta-

570 2245 838 2298 uaccam.
869 2231 981 2295 vit.
1014 2230 1291 2311 Angelus
1321 2247 1580 2312 quoque
1610 2229 1772 2292 dixit
1799 2230 1876 2291 ad
1905 2228 2136 2310 Joseph
2173 2246 2187 2290 ε
2221 2226 2363 2308 Ipse

867 2329 1114 2392 salvum
1167 2328 1358 2391 faciet
1405 2328 1716 2411 populum
1767 2346 1954 2389 suum
1999 2345 2036 2388 a
2083 2324 2359 2407 peccatis

865 2445 1109 2492 eorum.

947 2525 1104 2588 Ecce
1160 2525 1280 2587 iste
1337 2524 1630 2587 Zachaeus
1688 2522 1987 2587 omnibus
2049 2521 2234 2586 nobis
2294 2521 2361 2583 in

865 2625 1232 2707 exemplum
1282 2632 1379 2685 est
1425 2623 1691 2705 positus,
1745 2629 1814 2683 ut
1861 2621 2002 2703 ejus
2052 2621 2363 2703 poeniten-

865 2723 1041 2798 tiam,
1083 2722 1421 2797 fervorem,
1464 2721 1908 2784 liberalitatem
1959 2727 2020 2781 et
2061 2719 2361 2801 pietatem

866 2828 1203 2884 sectemur.
1257 2821 1432 2892 Quod
1481 2819 1534 2882 si
1584 2819 1730 2901 quis
1781 2825 2036 2901 paratus
2089 2836 2218 2880 non
2268 2823 2365 2878 est

865 2919 1104 3001 injuste
1132 2919 1346 2982 habita
1373 2919 1438 2980 in
1468 2917 1904 3000 quadruplum
1937 2917 2220 2990 reddere,
2246 2915 2366 2977 sal-

588 2050 655 2094 18.
680 2063 763 2100 ιιιι,
780 2051 820 2090 4.

2471 1931 2957 2012 metropolitana
2990 1950 3063 1994 ac
3094 1931 3285 2012 regia,
3311 1931 3619 2014 putabant
3645 1930 3969 1994 Christum

2472 2028 2539 2092 in
2608 2047 2682 2091 ea
2747 2049 2939 2092 suum
3004 2031 3236 2094 solium
3306 2029 3685 2111 positurum,
3750 2030 3967 2092 statim

2471 2146 2675 2209 quum
2723 2128 2842 2192 hac
2889 2129 3029 2191 vice
3083 2146 3224 2190 eam
3281 2127 3510 2190 fuisset
3573 2129 3895 2209 ingressus
3951 2148 3966 2190 :

2474 2227 2827 2309 praesertim
2865 2226 3020 2308 quia
3054 2227 3186 2308 jam
3224 2234 3315 2290 tot
3342 2245 3415 2289 ac
3454 2233 3626 2290 tanta
3662 2225 3815 2289 fecit
3850 2226 3973 2288 mi·

2474 2325 2707 2400 racula,
2741 2325 2828 2386 ita
2866 2325 3037 2406 quod
3067 2344 3104 2386 a
3134 2324 3430 2407 plurimis
3466 2324 3839 2387 credebatur
3870 2341 3976 2386 es-

2473 2441 2541 2486 se
2576 2423 2829 2485 Messias
2870 2441 2979 2486 rex
3019 2423 3229 2499 Israel,
3264 2423 3593 2506 multaque
3632 2423 3833 2486 millia
3874 2442 3975 2486 se-

2472 2521 2831 2605 quebantur
2886 2540 3057 2597 eum,
3118 2530 3422 2604 tanquam
3481 2531 3695 2604 parata
3752 2522 3971 2604 ipsum

2470 2628 2801 2702 acceptare
2850 2621 2914 2682 in
2956 2639 3192 2702 regem.
3225 2621 3401 2683 Unde
3447 2629 3509 2684 et
3559 2621 3747 2703 paulo
3798 2628 3967 2703 post,

2472 2720 2717 2782 scilicet
2764 2719 2831 2782 in
2882 2719 2985 2782 die
3025 2719 3405 2796 Palmarum,
3447 2728 3860 2783 occurrerunt
3910 2720 3972 2782 ci
4016 2735 4217 2778 ,ιω-..ιι

2473 2837 2619 2882 cum
2668 2818 2948 2881 mirabili
3000 2819 3355 2882 reverentia
3404 2819 3586 2901 quasi
3636 2819 3767 2900 regi
3814 2818 3973 2881 Mes·
4002 2800 4139 2848 ¹²¹³·

2473 2917 2603 2980 siae.
2637 2953 2715 2963 —
2746 2919 2936 2978 Dioeit
2972 2937 3121 2995 erqo
3164 2925 3535 2998 sequentem
3577 2917 3969 3001 parabolam,
4100 2916 4155 2970 {²

863 3025 993 3080 tem
1038 3020 1102 3082 in
1146 3019 1452 3106 simplum
1503 3018 1835 3096 restituat;
1887 3025 1949 3078 et
1989 3017 2041 3078 si
2084 3015 2245 3077 alter
2287 3032 2363 3077 ex
2398 3014 2443 3077 C
2471 3017 2550 3078 ad
2588 3017 3055 3079 excludendum
3096 3015 3175 3078 ab
3216 3017 3307 3078 eis
3348 3016 3541 3079 istum
3578 3033 3885 3080 errorem.

867 3137 980 3181 sua
1017 3117 1493 3180 defraudatione
1531 3117 1832 3178 damnum
1873 3133 2213 3198 perpessus
2244 3119 2360 3188 est,

867 3235 994 3279 non
1033 3216 1100 3279 in
1129 3215 1338 3278 ablato
1366 3216 1712 3289 dumtaxat,
1747 3213 1857 3275 sed
1893 3213 2084 3276 etiam
2124 3213 2191 3274 in
2223 3212 2365 3274 aliis

865 3333 1010 3396 quae
1061 3333 1176 3397 per
1220 3314 1467 3377 licitum
1522 3332 1708 3375 usum
1761 3312 1954 3374 ablati
2008 3311 2220 3393 quivit
2270 3311 2365 3372 lu—

867 3413 1051 3488 crari,
1093 3414 1339 3476 studeat
1383 3431 1498 3494 pro
1539 3430 1724 3495 posse
1767 3411 2129 3474 satisfacere
2171 3417 2363 3491 atque

867 3510 1228 3574 refundere.
1281 3510 1457 3573 Unde
1503 3518 1566 3572 et
1613 3528 1790 3572 mora
1847 3509 1913 3571 in
1972 3508 2363 3571 restituendo

868 3617 963 3673 est
992 3610 1350 3692 periculosa
1377 3629 1450 3672 ac
1479 3609 1726 3684 vitiosa,
1760 3626 1961 3689 quum
2002 3608 2162 3670 alter
2192 3607 2365 3668 dam-

870 3728 1025 3771 num
1070 3708 1344 3791 patiatur
1385 3727 1463 3770 ex
1505 3725 1598 3770 ea.

666 3817 730 3873 11
949 3812 1104 3871 Hoec
1131 3809 1270 3868 illis
1300 3809 1738 3879 audientibus,
1772 3806 1894 3868 hoc
1935 3813 2051 3880 est,
2085 3804 2367 3887 discipu-

869 3906 946 3969 lis
978 3906 1230 3980 Christi,
1253 3905 1480 3968 ceteris
1510 3923 1768 3987 quoque
1797 3903 1909 3985 qui
1941 3904 2223 3976 aderant,
2258 3920 2365 3963 au-

866 4004 1188 4068 dientibus
1235 4005 1406 4086 quod
1456 4004 1740 4067 Christus
1791 4002 1950 4065 dixit
1997 4021 2064 4064 se
2113 4001 2365 4065 venisse

865 4105 944 4166 ad
967 4104 1384 4184 quaerendum
1414 4111 1604 4183 atque
1633 4101 1996 4165 salvandum
2029 4101 2198 4182 quod
2231 4117 2365 4183 per-

2554 3118 2759 3176 Homo
2788 3116 3060 3195 quidam
3090 3116 3350 3183 nobilis,
3391 3114 3511 3178 hoc
3547 3122 3644 3176 est
3681 3114 3973 3178 Christus

2475 3213 2828 3275 secundum
2880 3220 3216 3293 utramque
3260 3230 3439 3274 suam
3480 3220 3768 3275 naturam
3807 3232 3976 3295 prze-

2474 3310 2730 3386 nobilis,
2763 3311 2916 3393 quia
2946 3312 3297 3373 secundum
3328 3310 3722 3374 divinitatem
3753 3329 3830 3374 ex
3860 3311 3977 3374 Pa-

2474 3417 2569 3472 tre
2599 3417 2835 3473 aeterno
2864 3409 3243 3472 aeternaliter
3274 3416 3481 3484 natuS,
3514 3416 3576 3470 et
3616 3411 3973 3472 secundum

2474 3508 2933 3570 humanitatem
2975 3525 3052 3569 ex
3088 3506 3346 3588 Virgine
3386 3507 3572 3588 regiae
3608 3526 3682 3570 ac
3718 3509 3975 3571 Davidi—

2474 3625 2563 3670 cae
2592 3605 2810 3688 stirpis
2840 3613 3039 3679 ortuS,
3071 3607 3236 3666 abiit
3268 3608 3339 3666 in
3366 3607 3689 3683 reqionem
3722 3609 3976 3684 lonqin-

2472 3725 2695 3785 qaam,
2737 3704 2857 3767 hoc
2897 3711 2994 3766 est
3041 3703 3119 3765 de
3165 3703 3287 3766 hoc
3334 3704 3573 3766 mundo
3619 3704 3685 3767 in
3734 3704 3971 3768 coelum

2473 3820 2869 3886 empyreum,
2906 3803 2981 3864 de
3012 3821 3140 3883 quo
3171 3800 3374 3863 fertur
3404 3801 3469 3864 in
3510 3800 3755 3864 Psalmo
3788 3821 3803 3864 :
3836 3801 3975 3865 Pla·
4000 3817 4073 3861 1³1.
4088 3815 4213 3857 ems.

2474 3900 2633 3964 cebo
2664 3900 2929 3963 Domino
2965 3899 3030 3961 in
3064 3900 3321 3980 regione
3352 3899 3685 3980 vivorum3
3730 3903 3975 3978 accipe-

2472 4019 2544 4060 re
2589 4001 2717 4059 sibi
2763 4019 3037 4076 requam
3086 4016 3279 4080 super
3337 3998 3667 4062 universos
3716 3999 3973 4062 ordines

2474 4098 2842 4178 angelorum
2889 4115 2903 4160 ε
2945 4097 3058 4178 qui
3106 4096 3258 4159 licet
3307 4095 3385 4158 ab
3440 4097 3699 4160 exordio
3746 4098 3972 4159 mundi

867 4203 962 4277 iit,
997 4203 1318 4278 adjiciens
1357 4219 1503 4282 quae
1545 4208 1924 4282 sequuntur,
1957 4202 2137 4261 dimit
2164 4219 2364 4277 para·
2396 4199 2445 4262 D
2475 4195 2719 4259 fuerint
2764 4196 3011 4260 Christo
3062 4194 3333 4276 subjecti
3392 4196 3739 4257 secundum
3800 4197 3974 4277 quod

867 4303 1078 4362 bolam
1125 4318 1269 4381 quae
1318 4298 1530 4360 statim
1581 4298 2031 4379 subjungitur3
2083 4318 2154 4358 eo
2192 4300 2365 4376 quod

865 4408 1019 4460 esset
1041 4417 1242 4476 prope
1265 4400 1649 4465 Jerusalem,
1682 4397 1800 4460 hoc
1839 4405 1957 4471 est,
1993 4395 2233 4459 civitati
2267 4394 2361 4456 illi

869 4497 1380 4580 propinquaret3
1429 4503 1488 4554 et
1533 4497 1692 4576 quia
1735 4497 2131 4557 castimarenc
2178 4494 2366 4556 disci-

869 4595 1004 4678 puli
1044 4595 1183 4676 ejus
1221 4612 1295 4656 ac
1324 4593 1456 4668 alii,
1489 4597 1663 4674 quod
1690 4593 2053 4670 confestim,
2083 4593 2203 4655 hoc
2244 4600 2359 4666 est,

865 4713 1012 4757 mox
1051 4712 1253 4775 quum
1279 4692 1458 4755 Jesus
1498 4692 1564 4753 in
1592 4691 1938 4754 Jerusalem
1977 4691 2359 4768 advenisset,

866 4813 1136 4870 reqmcm
1175 4793 1296 4852 Dei
1335 4793 1892 4872 manifestaretur,
1933 4791 2053 4852 hoo
2102 4797 2219 4864 est,
2271 4807 2366 4851 re-

864 4910 1061 4972 gnum
1104 4891 1275 4972 quod
1314 4889 1476 4952 Deus
1517 4907 1631 4971 per
1659 4888 2000 4971 Prophetas
2041 4888 2360 4951 Christum

868 4989 1236 5052 habiturum
1288 4987 1598 5071 praedixit,
1640 4988 1967 5050 evidenter
2015 4987 2364 5069 possidere-

869 5095 976 5150 tur
1021 5095 1084 5150 et
1130 5087 1470 5149 haberetur
1517 5105 1552 5147 a
1600 5085 1846 5149 Christo
1899 5105 1913 5148 :
1964 5085 2144 5166 juxta
2202 5086 2362 5149 illud

607 5203 816 5258 1·.1x,·1.
869 5187 1066 5262 lsaiae,
1118 5185 1322 5268 Super
1379 5184 1608 5247 solium
1670 5184 1863 5246 David
1907 5191 1970 5246 et
2017 5203 2211 5267 super
2266 5203 2365 5247 re—

871 5303 1070 5367 gnum
1104 5284 1245 5366 ejus
1285 5282 1551 5346 sedebit.
1585 5281 1670 5345 De
1709 5301 1838 5364 quo
1866 5290 1930 5344 et
1966 5283 2229 5364 angelus
2269 5283 2363 5345 di-

2475 4295 2638 4357 Dcus
2683 4303 2799 4370 est,
2840 4303 3053 4357 tamen
3101 4293 3167 4355 in
3213 4312 3326 4355 sua
3373 4294 3741 4357 ascensione
3779 4296 3975 4376 coepit

2476 4393 2737 4477 speciali
2795 4393 2983 4456 modo
3044 4409 3238 4474 super
3296 4411 3401 4454 eos
3462 4409 3725 4472 regnare
3780 4392 3971 4455 etiam

2475 4494 2825 4556 secundum
2885 4511 3065 4554 suam
3127 4491 3582 4553 humanitatem
3643 4497 3713 4552 ut
3766 4490 3973 4556 Verbo

2476 4593 2741 4654 unitam.
2766 4590 2995 4654 Omnes
3027 4589 3198 4652 enim
3230 4589 3499 4671 angelici
3532 4589 3795 4672 spiritus
3824 4590 3975 4652 sub-

2476 4691 2715 4753 duntur
2742 4707 2816 4751 ac
2846 4689 3133 4750 serviunt
3162 4687 3409 4750 homini
3439 4687 3706 4760 Christo,
3731 4696 3793 4749 et
3822 4707 3975 4770 pur-

2472 4796 2723 4870 gantur,
2775 4787 3225 4849 illuminantur
3279 4805 3353 4848 ac
3412 4785 3836 4868 perficiuntur
3890 4787 3973 4849 ab

2475 4906 2570 4962 eo,
2605 4888 2734 4950 imo
2764 4895 2826 4948 et
2852 4886 2932 4948 ab
2961 4885 3102 4967 ejus
3134 4884 3549 4961 humanitate,
3585 4903 3695 4947 seu
3733 4885 3968 4961 anima,

2475 4987 2828 5049 secundum
2873 4985 3075 5048 divini
3119 4983 3399 5066 Dionysii
3445 4985 3841 5048 documenta.
3882 4987 3973 5046 Et

2473 5086 2711 5147 reverti
2742 5085 2807 5146 in
2847 5084 2950 5146 die
2986 5083 3234 5164 judicii,
3268 5084 3346 5145 ad
3386 5082 3663 5145 dandum
3698 5082 3971 5163 singulis

2472 5185 2644 5266 quod
2697 5190 3044 5257 merentur,
3096 5181 3632 5263 quemadmodum
3691 5180 3758 5243 in
3806 5181 3971 5263 Apo-
4007 5229 4206 5283 ,px-m,

2474 5282 2713 5366 calypsi
2743 5281 2977 5344 fatetur
3006 5300 3019 5344 :
3053 5280 3214 5344 Ecce
3242 5279 3430 5345 venio
3457 5279 3603 5355 cito,
3629 5287 3692 5341 et
3723 5297 3967 5342 merces
3998 5293 4055 5334 ¹2-
