4300 6259
547 1469 624 1511 Pe.
644 1482 784 1518 cxx-ui,

523 1532 616 1573 ¹36.

537 2073 610 2114 1³2.
631 2085 714 2122 uv,
732 2073 772 2114 8.

554 2664 708 2708 Galat.
730 2679 788 2716 vi,

527 2729 593 2770 ¹7.

522 2789 718 2896 5Colone.
727 2803 787 2841 ιιι,

561 2953 716 2996 Galat.
746 2968 787 3006 v,

523 3017 593 3061 24.

807 483 930 548 602

1561 501 1911 548 mannum
1955 501 2015 546 m
2061 500 2201 548 cn.
2247 503 2331 546 xx
2371 500 2648 548 somma.
2694 493 2794 530 —‘
2815 502 2957 547 aar.
3003 500 3167 547 nvn

808 693 1010 755 quum
1062 675 1188 736 sint
1233 675 1584 750 notissima,
1629 694 1801 737 nunc
1845 674 2159 756 relinquo,
2201 673 2311 735 ali·
2339 669 2390 732 A
2422 691 2536 756 per
2585 674 2981 738 devotionem
3040 674 3600 758 experimentalem
3656 683 3721 736 et·
3768 695 3914 738 con-

809 791 910 835 am
951 774 1366 837 moralitatem
1408 774 1690 837 breviter
1719 781 2003 854 tangenS.
2038 773 2153 835 Per
2189 771 2313 834 Ma-

811 872 970 934 riam
1030 872 1264 954 itaque,
1316 891 1461 954 quae
1520 873 1972 954 interpretatur
2021 891 2308 934 amarum

811 989 1004 1044 mare,
1058 971 1440 1053 exprimitur
1497 972 1812 1053 peccatrix
1871 980 1934 1033 et
1993 971 2309 1054 poenitens

810 1069 1022 1130 anima
1057 1087 1070 1130 z
1104 1088 1249 1150 quae
1279 1088 1482 1150 quum
1513 1069 1539 1130 l'
1543 1071 1706 1131 uerit
1733 1070 2006 1151 gratiosa
2035 1089 2106 1132 ac
2137 1069 2309 1132 dulci

812 1166 1042 1230 Christi
1105 1168 1440 1248 praescntia
1497 1168 1786 1251 spoliata,
1840 1187 1908 1230 se
1966 1168 2171 1250 ipsam
2220 1167 2311 1230 af·

813 1264 980 1347 fligit
1036 1267 1461 1328 amaritudine
1513 1268 2023 1350 compunctionis
2071 1275 2132 1329 et
2182 1285 2311 1349 poe-

815 1364 1098 1427 nitentiae
1138 1365 1440 1439 lacrimiS,
1485 1366 1704 1428 dicens
1742 1385 1889 1428 cum
1928 1365 2257 1428 Psalmista
2290 1385 2304 1428 :

817 1461 1034 1524 Exitus
1091 1482 1400 1544 aquarum
1464 1464 1865 1526 deduxerunt
1921 1464 2091 1527 oculi
2156 1464 2305 1535 mei,

815 1561 968 1643 quia
1027 1581 1150 1626 non
1212 1563 1650 1625 custodierunt
1697 1563 1899 1643 legem
1953 1571 2150 1625 tuam.
2199 1562 2309 1624 Per

815 1671 1300 1724 monumentum
1351 1660 1669 1743 figuratur
1718 1660 2128 1726 mortificatio
2179 1681 2312 1724 car-

817 1759 938 1832 niS,
982 1760 1081 1822 vel
1125 1760 1457 1823 absconsio
1507 1760 1784 1822 hominis
1829 1779 1956 1842 qua
2003 1778 2069 1822 se
2119 1767 2313 1822 retra-

2418 773 2789 836 solationem
2851 773 3186 836 internam.
3238 773 3407 837 Solet
3454 792 3687 856 nempe
3746 793 3911 856 saepe

2419 872 2783 952 hujusmodi
2839 873 3233 954 praesentiam
3294 891 3471 934 suam
3518 873 3909 945 abstrahere,

2416 972 2825 1052 animamque
2879 973 2943 1034 in
3002 971 3463 1035 afflictionibus
3524 973 3793 1052 magniS,
3848 974 3913 1034 in

2420 1071 2626 1134 cordis
2688 1071 2999 1144 ariditate,
3063 1071 3295 1134 mentis
3358 1090 3617 1152 quoque
3680 1073 3918 1134 duritia

2419 1171 2691 1252 quadam
2753 1170 3137 1251 relinquere,
3190 1160 3583 1233 abscondens
3632 1172 3713 1233 ad
3766 1181 3918 1233 tem-

2420 1287 2539 1351 pus
2598 1266 2827 1330 faciem
2886 1287 3087 1342 suam,
3143 1275 3211 1330 ut
3266 1277 3588 1350 quaeratur
3638 1270 3913 1342 avidius,

2418 1367 2781 1429 inveniatur
2818 1366 3215 1442 affluentiuS,
3258 1375 3548 1428 teneatur
3594 1367 3915 1444 stabilim,

2418 1465 2819 1547 possideatur
2886 1465 3162 1527 feliciuS.
3228 1465 3675 1527 Verumtamen
3742 1468 3920 1528 adest

2420 1563 2853 1625 indesinenter
2910 1582 3025 1646 per
3079 1563 3399 1627 occultum
3460 1564 3680 1644 gratiae
3736 1565 3919 1626 habi-

2420 1669 2578 1736 tum,
2632 1680 2746 1745 per
2775 1664 2957 1726 dona
3005 1671 3068 1724 et
3114 1681 3307 1745 opera
3360 1681 3505 1743 quae
3562 1666 3922 1726 necessaria

2422 1768 2570 1822 sunt
2605 1762 2683 1823 ad
2724 1761 3015 1835 salutem,
3060 1761 3354 1842 quamvis
3396 1769 3657 1843 putetur
3694 1761 3923 1824 abesse

816 1858 912 1919 hit
949 1866 1010 1919 et
1047 1858 1378 1922 abscondit
1418 1859 1496 1920 ab
1538 1859 1638 1921 his
1682 1878 1826 1940 quae
1869 1859 2091 1922 mundi
2136 1866 2306 1934 sunt,
2346 1855 2393 1919 B
2421 1867 2484 1921 et
2542 1860 2904 1941 indignatus
2962 1861 3217 1922 abiisse.
3279 1861 3601 1923 Interdum
3660 1880 3922 1943 quoque

813 1957 994 2038 juxta
1033 1956 1189 2019 illud
1229 1957 1572 2020 Psalmistae
1608 1958 1670 2020 in
1715 1957 1962 2040 psalmo
1999 1957 2312 2039 quinqua-

814 2056 1056 2137 gesimo
1094 2065 1321 2137 quarto
1355 2075 1368 2118 z
1403 2055 1562 2118 Ecce
1600 2057 1886 2137 elongavi
1933 2055 2207 2136 fugiens,
2250 2064 2314 2118 et

820 2156 1022 2217 mansi
1075 2155 1138 2216 in
1189 2155 1554 2217 solitudine.
1599 2156 1794 2236 Igitur
1839 2155 2052 2217 anima
2099 2164 2311 2218 nostra

818 2273 964 2335 quae
992 2254 1192 2317 Deum
1221 2253 1592 2335 frequenter
1620 2254 1913 2331 offendit,
1947 2262 2191 2336 quaerat
2217 2253 2313 2316 Je-

820 2372 960 2414 sum
1021 2352 1086 2414 in
1146 2359 1579 2426 monumento,
1631 2353 1694 2415 id
1747 2361 1842 2415 est
1891 2353 1954 2415 in
2008 2353 2309 2417 vitiorum

820 2450 1331 2526 mortificatione,
1394 2459 1458 2512 et
1515 2452 1612 2512 sui
1674 2452 1876 2534 ipsius
1935 2451 2311 2534 sepelitione

818 2567 854 2610 a
896 2549 1128 2612 saeculo
1175 2549 1317 2622 isto,
1359 2551 1897 2631 quemadmodum
1946 2549 2101 2613 dicit
2148 2550 2313 2632 Apo·-

819 2649 1017 2712 stolus
1053 2668 1066 2712 :
1101 2647 1230 2729 Ego
1269 2649 1560 2730 stigmata
1602 2648 1848 2712 Domini
1886 2649 2034 2712 Jesu
2077 2649 2143 2712 in
2186 2669 2312 2712 cor-

819 2766 971 2829 pore
1031 2766 1172 2810 meo
1232 2756 1453 2830 port03
1506 2767 1880 2830 rursusque,
1941 2747 2312 2812 Mortificate

819 2847 1104 2909 membra
1151 2855 1358 2909 vestra
1405 2866 1549 2929 quae
1605 2855 1754 2909 sunt
1809 2866 2004 2930 super
2051 2855 2306 2910 terram.

817 2943 932 3018 Qui
974 2945 1146 3007 enim
1187 2953 1336 3008 sunt
1366 2945 1620 3021 Christi,
1655 2964 1911 3008 carnem
1950 2965 2129 3008 suam
2172 2966 2313 3008 cru-

2420 1959 2633 2021 anima
2672 1977 2739 2020 se
2774 1957 3071 2038 affligens
3113 1977 3239 2022 non
3281 1958 3527 2020 invenit
3563 1959 3779 2021 Jesum
3822 1961 3921 2022 vel

2422 2077 2721 2140 magnum
2762 2057 3118 2140 profectum
3161 2059 3224 2120 in
3266 2057 3575 2139 corporali
3616 2059 3924 2120 exercita-

2418 2157 2613 2231 tione,
2666 2156 2731 2218 in
2792 2156 3214 2238 poenitentiali
3270 2155 3504 2226 labore,
3558 2156 3623 2218 in
3676 2157 3781 2218 via
3840 2159 3924 2219 ri-

2419 2255 2612 2336 goris,
2658 2255 2812 2337 quia
2860 2274 2986 2318 non
3036 2255 3265 2336 quaerit
3308 2253 3519 2316 Jesum
3571 2274 3721 2317 cum
3770 2273 3921 2320 vera

2419 2354 2801 2418 discretione
2850 2361 2913 2416 et
2958 2361 3175 2416 sancta
3228 2353 3607 2428 humilitate,
3659 2356 3917 2434 quando

2422 2453 2717 2515 videlicet
2774 2471 2900 2516 non
2952 2459 3047 2514 est
3106 2451 3477 2514 rationabile
3530 2452 3917 2534 obsequium
3945 2479 4080 2523 120...
4096 2483 4211 2530 xm!-
4267 2423 4268 2426 ¹

2422 2551 2582 2632 ejuS,
2644 2551 2744 2613 vel
2820 2551 3097 2632 propriis
3161 2551 3405 2613 viribus
3464 2558 3528 2611 et
3587 2550 3916 2614 laboribus

2422 2651 2567 2732 plus
2622 2650 2793 2731 justo
2848 2649 3166 2724 innititur,
3229 2668 3353 2713 non
3418 2667 3663 2731 ponens
3718 2657 3915 2713 totam
3962 2673 4211 2722 pamm,

2422 2767 2601 2830 spem
2643 2767 2819 2810 suam
2862 2747 2929 2808 in
2974 2747 3096 2810 Deo
3128 2755 3191 2809 et
3230 2747 3471 2809 meritis
3513 2746 3770 2823 Christi,
3804 2750 3915 2810 sed
3946 2739 3987 2778 ⁷·

2422 2855 2651 2929 putans
2696 2863 2765 2908 se
2805 2845 3048 2928 aliquid
3088 2845 3317 2908 fecisse
3357 2853 3467 2908 aut
3506 2863 3669 2920 esse,
3711 2865 3917 2928 quum
3948 2871 4210 2919 caiuma.

2424 2947 2508 3008 ita
2552 2965 2679 3009 non
2722 2945 2823 3007 sit.

817 3042 1158 3106 cifixerunt
1214 3063 1356 3106 cum
1415 3044 1585 3106 vitiis
1639 3053 1701 3107 et
1751 3045 2306 3127 concupiscentiis,
2348 3041 2393 3108 C
2502 3045 2825 3118 Praeterea,
2861 3063 2975 3127 per
3018 3062 3277 3106 cursum
3325 3042 3485 3105 Petri
3531 3050 3595 3104 et
3632 3043 3917 3114 Ioannis,

893 3141 1097 3216 Quum
1139 3161 1288 3206 vero
1326 3143 1538 3205 anima
1579 3162 1703 3207 non
1743 3144 2060 3206 invenerit
2096 3143 2311 3206 Jesum

812 3241 878 3302 in
932 3241 1177 3304 tumulo
1226 3241 1367 3314 isto,
1424 3241 1542 3304 hoc
1591 3248 1708 3316 est,
1757 3243 2011 3323 quando
2061 3241 2125 3302 in
2180 3261 2311 3304 cor-

812 3339 1013 3421 porali
1078 3338 1431 3403 afflictione
1490 3347 1552 3401 et
1607 3340 1854 3402 actibus
1919 3340 2311 3422 poenitentiae

809 3456 934 3500 non
980 3438 1227 3500 invenit
1265 3438 1759 3501 consolationem
1800 3445 1863 3500 et
1898 3439 2163 3519 gratiam
2205 3457 2311 3499 ex-

808 3536 1314 3618 perimentalem,
1340 3545 1552 3598 currat
1581 3545 1642 3598 et
1675 3536 1924 3598 nuntiet
1953 3536 2157 3610 Petro,
2192 3537 2304 3618 qui

808 3635 1261 3715 interpretatur
1299 3635 1550 3708 firmuS,
1586 3653 1954 3715 agnoscens,
1992 3635 2090 3698 vel
2139 3635 2309 3717 prin-

806 3734 1053 3817 cipaliS,
1097 3734 1161 3797 id
1204 3742 1299 3796 est
1347 3736 1481 3797 viro
1525 3733 1672 3797 forti
1723 3735 1785 3796 in
1834 3733 1986 3804 fide,
2021 3736 2204 3797 docto
2248 3742 2310 3796 et

805 3835 882 3895 ad
927 3833 1200 3896 aliorum
1247 3833 1772 3914 gubernationem
1823 3833 2072 3905 idoneo,
2117 3841 2309 3914 atque

803 3932 1048 4006 Joanni,
1105 3932 1216 4012 qui
1277 3932 1731 4014 interpretatur
1788 3932 1990 4012 gratia
2049 3931 2180 4006 Dei,
2244 3932 2308 3994 id

805 4041 900 4093 est
956 4031 1014 4093 ei
1070 4031 1180 4112 qui
1236 4049 1449 4095 veram
1507 4031 1765 4094 sortitus
1826 4037 1920 4092 est
1977 4032 2311 4113 experien-

807 4130 956 4193 tiam
1002 4131 1166 4191 inter
1207 4130 1449 4192 bonum
1494 4137 1557 4192 et
1597 4130 1834 4191 malum
1889 4148 2000 4211 per
2040 4130 2305 4210 gratiam

2424 3143 2786 3223 designatur
2834 3141 3222 3204 affectuosus
3263 3159 3552 3203 accessus
3602 3142 3723 3203 viri
3771 3143 3925 3204 acti-

2422 3242 2483 3304 vi
2530 3261 2603 3304 ac
2648 3240 3123 3324 contemplativi
3172 3241 3249 3302 ad
3286 3240 3522 3314 Jesum,
3558 3248 3629 3301 ut
3667 3241 3927 3304 videant

2422 3359 2593 3414 eum,
2628 3340 2739 3421 qui
2792 3348 2888 3402 est
2925 3339 3211 3403 omnium
3253 3339 3427 3400 finis.
3462 3339 3672 3402 Currit
3708 3348 3923 3402 autem

2417 3441 2685 3503 Ioannes
2736 3458 2845 3501 seu
2898 3438 3452 3520 contemplativum
3502 3439 3691 3500 citius
3744 3438 3927 3502 Petro

2422 3557 2534 3602 seu
2583 3538 2811 3610 actim,
2846 3538 2999 3618 quia
3046 3535 3393 3600 ferventior
3441 3537 3599 3600 solet
3647 3556 3790 3599 esse
3836 3547 3931 3599 at-

2421 3655 2547 3717 que
2587 3637 2873 3699 stabilior
2904 3637 2967 3697 in
3010 3635 3283 3715 divinis3
3316 3636 3423 3696 sed
3467 3654 3589 3697 non
3632 3635 3829 3698 intrat
3858 3637 3923 3698 in

2423 3735 2669 3818 primiS,
2704 3736 2903 3798 donec
2933 3734 3151 3796 Petrus
3182 3734 3595 3814 ingrediatur,
3620 3735 3776 3816 quia
3804 3735 3927 3796 fre-

2420 3841 2691 3914 quenter
2748 3832 2937 3895 activi
2997 3840 3143 3896 ante
3198 3832 3721 3914 contemplativos
3783 3851 3927 3915 per-

2420 3933 2675 4013 tingunt
2716 3932 2793 3994 ad
2837 3931 3062 3993 finem.

2500 4030 2810 4092 Abierunt
2862 4048 3011 4110 ergo
3061 4029 3384 4111 discipuli,
3440 4049 3565 4092 non
3612 4031 3923 4093 audentes

2420 4130 2659 4192 diutius
2693 4145 3099 4211 perseverare
3134 4128 3314 4209 juxta
3352 4127 3740 4210 sepulcrum,
3778 4148 3925 4211 pro-

806 4228 1146 4311 specialem
1186 4247 1258 4290 ac
1297 4228 1696 4291 devotionem
1739 4227 2162 4310 frequentem.
2200 4228 2307 4290 His
2338 4225 2389 4289 D
2423 4236 2561 4311 pter
2600 4227 2867 4290 ludaeos,
2902 4229 3123 4288 Maria
3156 4237 3366 4287 autem
3400 4225 3755 4306 Magdalene
3793 4237 3926 4288 sta-

805 4328 999 4408 igitur
1028 4327 1214 4400 dicat,
1251 4326 1559 4389 Tulcrunt
1590 4325 1928 4388 Dominum
1970 4327 2047 4388 de
2093 4346 2311 4389 monn-

806 4433 1042 4499 ment0‚
1098 4425 1160 4486 id
1209 4431 1325 4498 est,
1379 4424 1443 4485 in
1496 4424 1886 4505 poenitentiae
1939 4425 2187 4486 actibus
2238 4444 2310 4487 ac

2420 4331 2524 4388 bat
2554 4329 2640 4386 ad
2678 4334 3160 4386 monumentum
3188 4325 3369 4401 fori-3,
3397 4325 3456 4385 id
3490 4331 3585 4386 est
3612 4325 3679 4386 in
3712 4325 3920 4401 horte,

2423 4442 2616 4508 prope
2646 4423 3089 4485 domunculam
3124 4423 3187 4484 in
3220 4441 3348 4504 qua
3375 4431 3509 4484 erat
3536 4423 3924 4504 sepulcrum,

811 4522 1102 4585 lamentis
1149 4523 1364 4584 Jesum
1414 4541 1538 4584 non
1601 4522 1859 4584 invenio
1905 4524 2123 4598 (modo
2179 4523 2309 4603 jam
2412 4528 2687 4602 plorans
2735 4521 3297 4594 inconsolabiliter,
3337 4520 3488 4602 quia
3537 4539 3661 4584 non
3712 4520 3923 4585 solum

809 4624 1021 4702 tacto).
1070 4621 1246 4683 Tunc
1292 4621 1395 4683 isti
1448 4621 1568 4683 hoc
1618 4622 1853 4695 audito,
1897 4621 2307 4695 admiranteS,

811 4727 1071 4784 current
1118 4739 1308 4782 cursu
1358 4719 1615 4781 mentali
1671 4721 1745 4781 ad
1799 4728 2308 4795 monumentum,

813 4820 1272 4883 considerando
1330 4817 1698 4900 qualitatem
1755 4837 2022 4900 operum
2085 4818 2314 4882 animae

814 4919 999 4996 talis;
1042 4927 1105 4980 et
1147 4937 1272 4980 non
1319 4917 1579 4980 invento
1624 4917 1756 4979 illic
1793 4917 1960 4992 Jesu,
2007 4918 2317 4980 videbunt

817 5016 1188 5079 linteamina
1229 5015 1431 5098 posita
1461 5022 1524 5076 et
1561 5015 1885 5077 sudarium
1929 5015 2312 5092 involutum,

821 5116 884 5178 id
932 5123 1028 5176 est
1085 5114 1340 5177 habitus
1396 5115 1612 5193 gratiae
1658 5121 1722 5174 et
1779 5114 2111 5189 donorum,
2168 5132 2313 5176 cum

821 5213 1152 5276 laboriosis
1195 5213 1340 5274 vitae
1389 5211 1608 5274 activae
1655 5212 1978 5293 operibuS‚
2024 5213 2317 5293 quamvis

824 5312 1162 5395 praesentia
1222 5310 1468 5373 Domini
1531 5309 1675 5373 Jesu
1737 5329 1863 5375 non
1929 5310 2320 5393 percipiatur

2426 4622 2677 4684 vivente
2723 4611 3022 4700 magistro
3067 4618 3189 4680 fuit
3232 4619 3497 4701 privata,
3530 4620 3639 4681 sed
3682 4627 3746 4681 et
3788 4639 3927 4682 cor-

2425 4719 2597 4802 poris
2636 4718 2776 4799 ejus
2823 4718 3044 4782 solatio
3081 4716 3400 4790 destituta,
3436 4734 3552 4778 nec
3593 4717 3751 4779 vidit
3793 4737 3929 4780 mo-

2424 4819 2577 4879 dum
2630 4816 3045 4897 recuperandi
3095 4817 3216 4879 hoc
3268 4816 3620 4896 damnum;
3672 4824 3735 4878 et
3784 4835 3966 4878 esse-

2424 4925 2533 4978 aut
2586 4915 2801 4979 vivere
2859 4915 2996 4976 sine
3050 4914 3218 4988 Jesu,
3274 4915 3339 4976 in
3399 4931 3589 4995 quem
3648 4915 3933 4978 totaliter

2425 5014 2632 5076 fuerat
2680 5012 3123 5075 transformata
3163 5029 3277 5094 per
3316 5012 3659 5086 caritatem,
3694 5019 3829 5074 erat
3866 5016 3928 5076 ei

2425 5119 2833 5175 tormentum.
2870 5109 3083 5173 Stabat
3113 5127 3261 5190 ergo
3298 5111 3375 5171 ad
3408 5117 3921 5173 monumentum.

2424 5212 2491 5273 In
2543 5229 2672 5292 quo
2718 5209 3017 5272 elucescit
3065 5208 3203 5289 ejus
3255 5208 3625 5282 constantia,
3668 5210 3929 5272 ardens—

2428 5327 2557 5392 que
2615 5307 2890 5383 dilectio,
2952 5307 3105 5389 quia
3160 5305 3475 5389 Apostolis
3539 5306 3961 5370 abeuntibus-

4066 4235 4125 4288 ss
