4300 6259
885 459 1006 524 682

883 650 1177 710 Articulus
1214 655 1398 712 XLIX.
1429 657 1721 729 Expositio
1761 659 1998 760 capituli
2035 659 2238 716 vicesi-

955 742 1036 796 mi
1081 744 1279 801 tertii:
1312 747 1378 801 Et
1405 764 1650 819 surgens
1692 748 1885 804 omnis
1923 749 2237 806 multitudo

952 847 1174 897 eorum,
1210 836 1504 891 duxerunt
1542 836 1709 892 illum
1751 839 1825 893 ad
1869 839 2136 896 Pilatum.

879 920 1174 978 Articulus
1223 924 1278 978 L.
1329 925 1622 997 Expositio
1680 927 1916 1000 capituli
1974 928 2233 984 vicesimi

2168 487 2351 533 INDEX
2394 487 2727 536 GENERALIS

2564 661 2698 716 Post
2729 661 2852 717 haec
2880 666 3003 719 erat
3034 663 3157 720 dies
3194 662 3372 720 festus
3398 664 3755 729 Iudaeorum,
3786 667 3841 721 et

2560 752 2821 807 ascendit
2846 753 3009 808 Jesus
3045 753 3461 825 lerosolymam
3542 797 3553 808 .
3636 798 3648 808 .
3822 799 3833 810 .
3871 756 3959 810 361

2220 841 2379 897 ,230
2488 840 2783 897 Articulus
2801 843 2937 897 XIV.
2952 843 3281 898 Prosecutio
3308 842 3714 900 elucidationis
3740 844 3841 900 hu·

2549 932 2651 1004 jus
2688 931 2922 1002 capituli
2958 932 3164 1005 quinti,
3194 934 3265 988 ab
3295 950 3361 989 eo
3392 933 3516 988 loeo
3545 951 3660 1006 quo
3697 934 3836 990 dici·

952 1012 1140 1082 quarti
1173 1030 1185 1066 ι
1220 1013 1341 1068 Una
1379 1017 1574 1070 autem
1617 1016 1836 1071 sabbati
1875 1017 2042 1074 valde
2082 1017 2233 1073 dilu-
2556 1026 2653 1078 tur
2685 1039 2697 1076 ε
2730 1023 2891 1078 Sicut
2918 1023 3076 1078 enim
3115 1024 3283 1078 Pater
3309 1022 3549 1079 suscitat
3578 1028 3837 1080 mortuos

951 1101 1079 1157 culo
1123 1107 1404 1158 venerunt
1449 1106 1521 1159 ad
1571 1109 2042 1162 monumentum.
2124 1151 2135 1162 .
2216 1151 2228 1162 .
2270 1109 2377 1164 250
2557 1114 2614 1167 et
2634 1111 2881 1167 viviticat
2891 1155 3832 1169 ...........
3868 1116 3961 1172 368

2487 1201 2779 1257 Articulus
2822 1201 2933 1255 XV.
2976 1202 3318 1274 Explanatio
3364 1202 3612 1259 residuae
3660 1203 3838 1274 partis

2556 1291 2731 1364 hujus
2761 1290 2999 1362 capituli
3030 1291 3219 1363 quinti
3252 1310 3265 1348 :
3296 1293 3421 1348 Non
3462 1309 3699 1364 possum
3732 1310 3834 1366 ego

1021 1352 1372 1400 ENARRATIO
1403 1355 1466 1400 IN
1495 1355 1882 1402 EVANGELIUM
1913 1355 2228 1405 SECUNDUM
2557 1396 2590 1436 a
2622 1397 2713 1436 me
2744 1379 2869 1452 ipso
2899 1378 3085 1436 facere
3116 1379 3437 1453 quidquam
3447 1423 3831 1437 .....
3868 1385 3961 1440 374

1474 1453 1774 1499 JOANNEM.
2483 1471 2780 1527 Articulus
2826 1471 2961 1525 XVI.
3002 1470 3295 1542 Expositio
3342 1471 3577 1543 capituli
3626 1473 3773 1528 sexti
3818 1491 3831 1529 :

2554 1559 2689 1616 Post
2732 1561 2857 1616 haec
2903 1560 3045 1617 abiit
3090 1561 3251 1617 Jesus
3305 1565 3465 1618 trans
3520 1579 3681 1620 mare
3730 1564 3834 1620 Ga-

873 1640 1226 1696 Prooemium
1271 1683 2226 1699 ...........
2268 1647 2373 1702 265
2554 1650 2721 1706 lilaeae
2799 1693 3828 1708 ............
3868 1656 3961 1710 382

873 1731 1166 1786 Articulus
1197 1731 1236 1784 I.
1270 1733 1346 1786 De
1377 1731 1656 1804 dignitate
1685 1734 1742 1788 et
1769 1732 2112 1789 excellentia
2139 1751 2228 1790 sa·
2483 1739 2776 1795 Articulus
2820 1740 2982 1794 XVII.
3034 1740 3363 1797 Prosecutio
3406 1741 3835 1812 explanationis

943 1819 1255 1875 cratissimi
1313 1820 1680 1891 evangelistae
1741 1823 1797 1876 S.
1857 1822 2113 1888 Joannis,
2174 1827 2232 1879 et
2552 1829 2727 1902 buJus
2766 1829 3004 1901 capituli
3042 1829 3207 1894 sexti,
3238 1831 3309 1885 ab
3340 1847 3407 1886 eo
3436 1831 3559 1886 loeo
3592 1849 3711 1903 quo
3750 1833 3832 1888 di·

943 1911 1096 1981 quod
1141 1910 1288 1966 liber
1324 1911 1606 1981 evangelii
1646 1912 1884 1966 Ioannis
1923 1911 2223 1969 universos
2552 1919 2702 1975 citur
2754 1937 2767 1974 :
2820 1919 2983 1975 Jesus
3038 1936 3175 1990 ergo
3232 1936 3412 1991 quum
3473 1923 3831 1992 cognovisset

941 2001 1253 2072 Scripturae
1282 2000 1578 2056 canonicae
1614 2001 1789 2056 libros
1817 2001 2044 2057 excedit
2119 2047 2130 2058 .
2213 2047 2224 2060 .
2265 2007 2370 2060 267
2552 2009 2689 2079 quia
2716 2008 2943 2064 venturi
2982 2012 3172 2064 essent
3208 2012 3271 2064 ut
3302 2014 3570 2080 raperent
3598 2013 3655 2066 et
3682 2010 3828 2068 face·

871 2089 1162 2146 Articulus
1200 2090 1268 2144 II.
1298 2090 1590 2161 Expositio
1631 2090 1804 2162 primi
1844 2092 2080 2162 capituli
2115 2111 2128 2149 :
2163 2095 2223 2148 In
2550 2098 2676 2150 rent
2706 2111 2839 2150 eum
2874 2112 3067 2167 regem
3078 2136 3825 2152 ,,,,,,,,,
3864 2097 3957 2152 388

939 2179 1226 2250 principio
1264 2183 1388 2234 erat
1414 2181 1666 2236 Verbum
1739 2223 2221 2237 ......
2262 2185 2368 2238 268
2478 2183 2771 2240 Articulus
2799 2184 2986 2238 XVIII.
3020 2183 3341 2240 Elueidatio
3370 2184 3620 2242 residuae
3650 2187 3829 2257 part-is

867 2269 1160 2325 Articulus
1192 2269 1282 2323 111.
1315 2269 1646 2325 Prosecutio
1675 2269 2086 2326 elucidationis
2115 2272 2225 2343 pri-

939 2359 1020 2413 mi
1070 2358 1328 2430 capituli,
1377 2359 1448 2414 ab
1496 2375 1562 2415 eo
1614 2358 1738 2415 loco
1785 2377 1900 2432 quo
1948 2362 2163 2418 dicitur
2208 2381 2219 2418 :

937 2450 1103 2514 Quod
1147 2446 1364 2503 sactum
1403 2451 1506 2510 est,
1549 2449 1607 2504 in
1655 2448 1778 2520 ipso
1814 2449 1932 2506 vita
1977 2455 2119 2507 erat.
2152 2484 2225 2492 —

939 2539 996 2593 In
1032 2555 1146 2610 quo
1173 2537 1366 2610 agitur
1390 2540 1458 2594 de
1491 2538 1634 2594 ideis
1643 2581 2217 2596 .......
2258 2543 2365 2599 274

863 2626 1156 2682 Articulus
1198 2629 1284 2682 IV.
1315 2627 1638 2683 Elueidatio
1685 2627 1860 2701 hujus
1903 2630 2077 2701 primi
2129 2647 2221 2687 ca·

935 2715 1122 2788 pituli.
1156 2716 1227 2772 ab
1257 2733 1324 2772 eo
1354 2715 1479 2772 loco
1519 2734 1633 2788 quo
1663 2717 1880 2773 dicitur
1910 2735 1922 2773 :
1956 2719 2086 2774 FuIt
2119 2719 2221 2775 ho-

935 2822 1032 2860 mo
1061 2805 1274 2861 missus
1303 2821 1336 2861 a
1367 2807 1481 2862 Deo
1551 2849 2217 2865 ........
2260 2811 2365 2866 280

866 2895 1158 2951 Articulus
1192 2896 1248 2948 V.
1283 2895 1625 2966 Explanatio
1657 2896 1832 2968 hujus
1863 2897 2036 2968 primi
2067 2899 2222 2970 capi-

933 2985 1060 3049 tuli,
1103 2985 1174 3040 ab
1219 3000 1285 3040 eo
1331 2985 1455 3039 loco
1504 3003 1618 3056 quo
1663 2987 1947 3057 scriptum
1992 2992 2122 3044 est:
2155 2991 2222 3044 Et

932 3075 1186 3131 Verbum
1221 3089 1354 3130 caro
1391 3073 1608 3130 factum
1640 3079 1724 3132 est
1732 3117 2215 3132 ......
2257 3079 2363 3134 285

864 3165 1154 3220 Articulus
1195 3165 1285 3218 VI.
1327 3165 1648 3220 Elueidatio
1691 3165 1866 3237 hujus
1910 3167 2081 3237 primi
2128 3185 2220 3223 ca·

932 3253 1121 3325 pituli,
1168 3253 1238 3308 ab
1291 3270 1357 3308 eo
1401 3253 1526 3308 loeo
1579 3271 1695 3326 quo
1747 3254 2014 3310 dicitur:
2069 3256 2221 3312 Alte-

932 3360 998 3398 ra
1038 3344 1129 3399 die
1175 3342 1321 3399 vidIt
1355 3343 1606 3399 Ioannes
1647 3343 1843 3400 Jesum
1887 3343 2215 3401 venientem

931 3434 2361 3490 adse............302

861 3522 1154 3578 ArtIculus
1192 3520 1305 3577 VII.
1335 3521 1677 3593 Explanatio
1726 3522 1963 3594 capituli
2012 3541 2216 3581 secun-

932 3612 990 3667 di
1024 3629 1036 3668 :
1069 3614 1136 3667 Et
1173 3610 1342 3667 tertia
1373 3610 1464 3666 die
1505 3612 1725 3683 nuptiae
1764 3611 1928 3667 sactae
1965 3616 2118 3668 sunt.
2200 3658 2209 3668 .
2254 3615 2359 3669 312

861 3702 1153 3758 Articulus
1202 3702 1341 3756 VIII.
1387 3699 1679 3772 Expositio
1729 3701 1965 3773 capituli
2013 3702 2215 3760 tertii:

931 3792 1064 3846 Erat
1093 3794 1286 3846 autem
1327 3790 1503 3844 homo
1532 3807 1600 3846 ex
1633 3790 1937 3846 Pliarisaeis
1975 3792 2215 3850 Nicode-

931 3881 1360 3937 musnomine.
1442 3924 1453 3935 .
1537 3924 1549 3934 .
1631 3923 1642 3934 .
1725 3924 1737 3936 .
1819 3923 1832 3936 .
1913 3925 1925 3936 .
2009 3923 2020 3934 .
2102 3926 2113 3937 .
2198 3885 2357 3940 ,323

858 3971 1151 4028 Articulus
1171 3971 1259 4025 IX.
1275 3971 1605 4026 Prosecutio
1634 3969 2039 4026 elucidationis
2068 3989 2213 4042 prae-

931 4061 1108 4118 sentis
1144 4059 1380 4131 capituli
1415 4059 1588 4123 tertii,
1621 4060 1692 4115 ab
1723 4076 1788 4115 eo
1819 4059 1943 4114 loeo
1974 4078 2088 4132 quo
2128 4062 2217 4116 di-

931 4152 1080 4207 citur
1117 4167 1129 4205 ε
1164 4150 1256 4204 Sic
1286 4149 1440 4205 enim
1485 4149 1633 4204 Deus
1663 4147 1866 4203 dilexit
1899 4150 2209 4213 mundum,

929 4244 993 4299 ut
1021 4241 1233 4295 Filium
1262 4255 1432 4294 suum
1468 4237 1836 4309 unigenitum
1869 4239 2032 4294 daret
2101 4283 2110 4293 .
2194 4283 2205 4294 .
2248 4241 2353 4296 332

858 4331 1151 4389 Articulus
1174 4328 1594 4399 X Explanati0
1622 4329 1874 4384 residuae
1903 4329 2083 4400 partis
2113 4329 2213 4385 hu-

921 4423 1021 4494 jus
1060 4418 1296 4491 capituli
1336 4417 1509 4480 tertii,
1543 4417 1613 4472 ab
1645 4433 1710 4472 eo
1749 4417 1875 4472 loco
1914 4435 2028 4488 quo
2067 4418 2209 4474 dici-

929 4515 1067 4566 tur:
1100 4511 1232 4564 Post
1277 4508 1400 4563 haec
1441 4507 1599 4563 venit
1634 4506 1798 4562 Iesus
1839 4510 1896 4562 et
1937 4507 2209 4578 discipuli

927 4601 1054 4672 ejus
1097 4599 1154 4654 in
1202 4601 1418 4654 terram
1457 4598 1716 4652 Judaeam
1727 4638 2205 4652 ......
2248 4599 2353 4654 338

856 4689 1150 4746 Articulus
1187 4687 1277 4742 XI.
1317 4685 1639 4742 Elucidatio
1683 4684 1917 4756 capituli
1969 4686 2159 4758 quarti
2194 4703 2206 4742 :

926 4779 997 4835 Ut
1023 4781 1220 4834 autem
1251 4775 1520 4848 cognovit
1544 4775 1704 4830 Jesus
1734 4773 1870 4845 quia
1899 4774 2213 4831 audierunt

926 4865 1198 4924 Pharisaei
1255 4905 2204 4919 ...........
2248 4866 2354 4920 345

853 4957 1148 5015 Articulus
1177 4956 1290 5010 XII.
1323 4953 1653 5011 Prosecutio
1691 4953 2068 5025 expositionis
2105 4953 2210 5010 hu-

916 5048 1016 5120 jus
1047 5045 1283 5117 capituli
1325 5043 1534 5115 quarti,
1567 5043 1637 5098 ab
1670 5059 1736 5098 eo
1763 5043 1889 5098 loco
1928 5061 2042 5114 quo
2073 5043 2211 5098 dici-

924 5139 1020 5192 tur
1052 5152 1064 5189 :
1096 5136 1163 5190 Et
1199 5135 1324 5190 erat
1362 5132 1602 5202 quidam
1643 5131 1898 5204 regulus,
1932 5132 2100 5205 cujus
2137 5132 2207 5187 fi-

924 5225 1039 5281 lius
1069 5222 1479 5278 infirmabatur
1542 5262 2205 5276 ........
2248 5222 2353 5276 357

856 5314 1150 5372 Articulus
1191 5311 1331 5368 XIII.
1363 5309 1658 5383 Expositio
1696 5309 1886 5382 quinti
1925 5310 2163 5384 capituli
2196 5328 2208 5368 ε

2547 2272 2721 2344 buJus
2778 2273 3014 2344 capituli
3072 2274 3235 2337 sexti,
3286 2274 3357 2330 ab
3409 2291 3475 2330 eo
3531 2275 3655 2330 loco
3714 2293 3825 2347 quo

2547 2362 2762 2418 dieitur
2790 2380 2802 2417 :
2833 2364 2949 2434 Ego
2998 2381 3128 2420 sum
3178 2364 3345 2436 panis
3388 2364 3568 2429 vivus,
3610 2365 3707 2437 qui
3758 2367 3826 2422 de

2547 2451 2989 2508 coelodescendi
3068 2496 3079 2507 .
3160 2495 3171 2507 .
3253 2497 3264 2508 .
3345 2497 3358 2508 .
3438 2497 3450 2508 .
3532 2497 3543 2507 .
3625 2497 3637 2508 .
3716 2457 3956 2511 ..399

2476 2541 2765 2597 Articulus
2808 2542 2944 2597 XIX.
2995 2542 3314 2599 Declaratio
3370 2543 3605 2615 capituli
3661 2546 3826 2616 septi·

2548 2631 2627 2685 mi
2662 2648 2675 2686 :
2708 2632 2841 2686 Post
2883 2631 3005 2686 haee
3048 2635 3241 2688 autem
3286 2633 3625 2688 ambulabat
3663 2635 3824 2690 Iesus

2546 2718 2604 2774 in
2636 2719 2933 2775 Galilaeam
2974 2763 3822 2778 ..........
3860 2725 3957 2779 407

2474 2809 2766 2866 Articulus
2798 2811 2909 2865 XX.
2946 2811 3274 2868 Prosecutio
3308 2811 3684 2883 expositionis
3720 2813 3827 2869 hu-

2536 2900 2636 2971 jus
2684 2899 2919 2971 capituli
2968 2900 3219 2972 septimi,
3270 2902 3340 2956 ab
3390 2900 3488 2956 illo
3536 2902 3661 2958 loco
3713 2919 3826 2974 quo

2545 2989 2759 3044 dicitur
2792 3007 2803 3044 :
2835 2991 2903 3044 Et
2942 2989 3229 3046 miserunt
3267 2991 3558 3062 principes
3595 2995 3652 3048 et
3687 2992 3827 3047 Pha·

2542 3078 2695 3134 risaei
2728 3078 3043 3142 ministros
3058 3082 3121 3134 ut
3141 3079 3641 3151 apprehenderent
3666 3097 3821 3137 eum.
3862 3083 3959 3136 418

2474 3168 2765 3224 Articulus
2794 3168 2933 3222 XXI.
2965 3168 3287 3224 Elueidatio
3326 3169 3565 3240 capituli
3596 3169 3779 3226 octavi
3808 3189 3822 3226 :

2542 3258 2705 3312 Jesus
2752 3261 2947 3313 autem
2996 3257 3246 3329 perrexit
3294 3258 3352 3312 in
3398 3262 3660 3315 montem
3711 3259 3824 3315 Oli-

2540 3345 2653 3401 vcti
2685 3386 3821 3402 .............
3860 3350 3960 3403 423

2470 3434 2762 3490 Articulus
2792 3434 2953 3488 XXII.
2982 3434 3289 3505 Expositio-
3315 3437 3610 3506 sequentis
3646 3439 3825 3508 partis

2540 3522 2715 3595 hujus
2761 3521 2997 3594 capituli
3047 3523 3248 3586 octavi,
3296 3525 3367 3578 ab
3413 3541 3480 3580 eo
3528 3524 3653 3580 loco
3710 3540 3823 3597 quo

2538 3612 2785 3668 habetur
2816 3630 2827 3667 :
2860 3613 2977 3683 Ego
3012 3613 3179 3675 vad0,
3212 3615 3268 3668 et
3306 3613 3575 3685 quaeretis
3614 3631 3727 3670 me.
3806 3658 3819 3669 .
3859 3617 3959 3671 430

2468 3701 2761 3757 Articulus
2803 3701 2990 3755 XXIII.
3022 3701 3361 3773 Explanatio
3402 3701 3652 3758 residuae
3698 3721 3824 3775 par-

2536 3791 2611 3845 tis
2650 3791 2824 3862 hujus
2858 3790 3095 3862 capItuli
3134 3791 3316 3846 octavi
3350 3807 3363 3846 ε
3396 3791 3533 3856 Quis
3562 3809 3631 3848 ex
3662 3794 3822 3849 vobis

2538 3884 2743 3953 arguet
2772 3896 2865 3935 me
2896 3882 2965 3936 de
2998 3884 3231 3952 peccato
3252 3880 3278 3934 ⁶3
3333 3920 3819 3938 ......
3856 3886 3957 3941 440

2466 3970 2758 4026 Articulus
2802 3970 2985 4024 XXIV.
3017 3970 3312 4042 Expositio
3350 3970 3588 4042 capituli
3633 3973 3768 4028 noni
3804 3992 3817 4028 ι

2536 4061 2602 4114 Et
2632 4058 2967 4130 praeteriens
2995 4060 3177 4125 Jesus,
3210 4059 3351 4114 vidit
3379 4059 3677 4118 hominem
3712 4079 3819 4118 cae·

2538 4166 2671 4204 eum
2704 4166 2738 4204 a
2766 4148 3063 4204 nativitate
3142 4191 3810 4208 ,,,,,,,,
3852 4155 3953 4208 446

2464 4238 2756 4294 Articulus
2806 4238 2965 4292 XXV.
3012 4237 3333 4293 Elucidatio
3380 4239 3617 4310 capituli
3667 4241 3817 4296 deei-

2535 4327 2616 4382 mi
2652 4345 2664 4383 :
2699 4330 2901 4392 Amen,
2942 4344 3114 4383 amen
3161 4328 3290 4384 dico
3335 4328 3515 4393 vobiS‚
3551 4331 3651 4400 qui
3696 4347 3813 4386 non

2535 4417 2712 4472 intrat
2748 4433 2850 4487 per
2878 4415 3089 4472 ostium
3134 4417 3191 4472 in
3233 4417 3377 4474 ovile
3406 4418 3622 4474 ovium.
3704 4463 3715 4476 .
3796 4465 3811 4475 .
3850 4423 3955 4478 458

2464 4506 2755 4562 Articulus
2810 4505 2994 4559 XXVI.
3055 4506 3383 4562 Prosecutio
3440 4508 3817 4579 expositionis

2533 4597 2708 4668 hujus
2755 4595 2991 4666 capituli
3042 4596 3273 4658 decimi,
3306 4597 3378 4651 ab
3422 4614 3488 4654 eo
3527 4599 3654 4654 loco
3701 4617 3815 4672 quo

2534 4685 2747 4741 dieitur
2788 4702 2800 4738 :
2841 4686 2957 4757 Ego
3006 4701 3137 4741 sum
3179 4689 3375 4756 pastor
3420 4687 3625 4744 bonuS.
3705 4732 3718 4744 .
3796 4733 3811 4745 .
3851 4691 3957 4746 463

2462 4774 2755 4830 ArtIculus
2789 4775 2999 4829 XXVII.
3032 4775 3375 4846 Explanatio
3412 4776 3660 4833 residuae
3686 4795 3816 4850 par-

2532 4865 2605 4919 tis
2650 4863 2825 4936 huJ‘us
2868 4863 3106 4936 capituli
3157 4865 3367 4920 decimi
3410 4882 3424 4921 ε
3464 4866 3637 4923 Facta
3677 4872 3816 4924 sunt

2532 4954 2803 5010 Encaenia
2840 4953 2899 5009 in
2938 4953 3307 5026 Jerosolymis
3332 4997 3808 5014 ......
3850 4962 3959 5016 469

2462 5043 2755 5098 Articulus
2792 5043 3025 5097 XXVIII.
3068 5043 3388 5100 Declaratio
3426 5045 3662 5117 capituli
3706 5065 3814 5104 un-

2532 5132 2745 5188 decimi
2779 5133 2954 5187 :Erat
3000 5135 3193 5189 autem
3241 5134 3479 5205 quidam
3530 5135 3815 5208 languens

2532 5223 2777 5278 Lazarus
2813 5239 2846 5277 a
2880 5223 3163 5278 Bethania
3235 5263 3810 5282 .......
3851 5231 3961 5285 476

2462 5311 2759 5367 Articulus
2796 5311 2979 5366 XXIX.
3022 5311 3315 5384 Expositio
3358 5315 3651 5385 sequentis
3692 5332 3819 5388 par-
