4300 6259
1128 502 1483 550 muliano
1525 500 1591 546 m
1631 500 1771 548 cu.
1816 500 1899 546 XV
1940 497 2129 548 LUGAE.
2173 519 2255 528 —
2297 500 2438 547 ΛΒΤ.
2483 498 2720 546 xxxvm

3360 475 3478 542 107

118 683 331 740 sapam,
362 666 519 730 liam
556 668 909 734 Jerusalem
952 675 1311 749 denotatur,
1346 681 1417 736 ut
1454 680 1627 756 patet
1670 671 1736 735 in
1774 670 1879 734 So-
1907 671 1959 734 A
1988 691 2087 732 me
2134 674 2479 750 concinyit,
2529 672 2593 735 id
2653 678 2750 735 est
2797 669 3262 754 possessionem
3325 665 3479 731 boni

81 751 149 796 ¹4:
186 747 328 790 Zaeh.

78 813 183 860 mv.
361 766 609 847 phonia
637 777 702 832 et
732 769 1048 834 Zacharia.
1081 772 1209 834 Nec
1238 772 1413 834 solus
1454 771 1731 854 populus
1767 770 1876 832 ille

354 863 687 942 JudaicuS,
732 870 841 932 sed
888 877 953 932 et
998 870 1280 952 gentilis,
1324 870 1410 932 ita
1452 889 1489 932 a
1530 869 1656 932 Deo
1695 886 1875 932 voca-

79 981 327 1030 12.1..vu.¹.
358 969 491 1038 tur,
532 963 717 1045 juxta
759 966 919 1029 illud
962 967 1139 1031 Isaiae
1173 987 1188 1031 ε
1223 967 1563 1042 Descende,
1606 967 1757 1028 sede
1806 966 1871 1027 in

359 1061 649 1143 pulvere,
672 1064 849 1145 virgo
877 1064 1017 1128 filia
1045 1065 1339 1149 Babylon.
1366 1065 1542 1139 Quod
1570 1063 1648 1127 fit
1676 1065 1754 1126 ad
1786 1063 1874 1126 in·

356 1160 757 1225 sinuandum
786 1164 957 1245 quod
986 1164 1126 1246 ipsa
1157 1171 1379 1226 natura
1408 1164 1757 1226 secundum
1786 1180 1869 1237 se,

354 1277 395 1320 a
440 1259 737 1324 creatore
774 1270 1038 1343 paterno
1080 1280 1296 1327 amore
1334 1263 1518 1345 quasi
1561 1262 1699 1324 filia
1739 1261 1876 1324 dili-

350 1365 562 1437 gatur.
578 1359 905 1422 Interdum
936 1379 1191 1444 quoque
1218 1361 1454 1444 aliquis
1486 1368 1651 1424 totus
1684 1379 1874 1442 popu-

354 1455 464 1518 lus
503 1457 742 1521 dicitur
773 1458 975 1534 filius,
1011 1468 1202 1543 prout
1240 1478 1355 1543 per
1385 1459 1539 1523 Osee
1568 1459 1873 1523 Dominus

84 1570 183 1613 om
201 1575 321 1622 xm.
356 1556 653 1638 loquitur
704 1577 719 1622 ε
772 1559 933 1622 Puer
981 1561 1195 1636 Israel,
1242 1569 1306 1623 et
1354 1561 1548 1623 dilexi
1598 1579 1770 1634 eum,
1812 1569 1875 1622 et

354 1673 437 1718 ex
470 1657 739 1740 AEgypto
774 1660 993 1722 vocavi
1024 1659 1239 1721 filium
1270 1678 1509 1723 meum.
1544 1660 1869 1732 Praetcrea,

355 1773 479 1836 per
519 1755 635 1819 hos
684 1758 845 1820 duos
890 1756 1085 1832 filios,
1132 1757 1641 1830 indeterminate,
1687 1756 1873 1818 intel-

1960 765 2415 850 ‘pertinentem
2444 772 2522 833 ad
2555 789 2677 846 me,
2697 789 2841 852 quae
2873 767 3186 852 possessio
3215 773 3311 828 est
3341 784 3480 847 por-

1983 868 2073 930 tio
2100 868 2487 942 substantiae,
2514 870 2577 932 id
2607 877 2706 932 est
2734 888 2880 951 pars
2910 867 3062 931 boni
3093 864 3304 942 creati,
3318 862 3477 925 mihi

1984 967 2393 1042 convenienS,
2442 986 2553 1030 seu
2610 967 2894 1050 partialis
2941 963 3295 1028 substantia
3339 979 3480 1044 spe-

1983 1073 2160 1127 ctans
2209 1066 2286 1128 ad
2326 1084 2450 1128 me.
2493 1064 2691 1128 Omne
2738 1065 2981 1146 quippe
3028 1063 3268 1126 bonum
3314 1077 3482 1122 crea-

1984 1169 2141 1236 tum,
2178 1172 2272 1226 est
2311 1164 2618 1228 Creatoris
2658 1162 3012 1226 substantia
3048 1161 3183 1224 sive
3233 1176 3480 1240 posses-

1982 1261 2098 1336 si0,
2152 1263 2317 1325 sicut
2364 1263 2428 1324 in
2479 1262 2702 1326 Genesi
2750 1262 3066 1324 Abraham
3115 1259 3204 1320 ait
3244 1276 3258 1320 :
3311 1256 3476 1320 Levo
3549 1273 3766 1325 amm,

1982 1380 2244 1423 manum
2275 1380 2480 1424 meam
2511 1363 2588 1424 ad
2619 1361 2955 1425 Dominum
2989 1359 3186 1422 Deum
3228 1374 3478 1440 posses·
3501 1338 3571 1381 '¹‘

1980 1478 2186 1523 sorem
2219 1461 2362 1523 coeli
2395 1470 2458 1522 et
2493 1468 2698 1524 terrae.
2732 1459 2822 1522 Ex
2853 1459 2970 1521 hac
3001 1476 3150 1521 vero
3187 1455 3480 1518 substan-

1978 1558 2065 1620 tia
2120 1559 2366 1641 aliquid
2415 1561 2492 1622 ad
2546 1559 2869 1622 hominem
2921 1556 3280 1640 specialiter
3339 1571 3481 1636 per-

1982 1657 2161 1730 tinet,
2226 1665 2443 1740 utpote
2502 1677 2734 1740 corpus
2793 1656 2955 1738 ejuS,
3017 1663 3078 1718 et
3133 1653 3365 1728 anima,
3418 1660 3482 1715 et

1984 1757 2297 1818 naturalia
2326 1758 2490 1820 dona
2520 1757 2745 1838 ipsiuS‚
2781 1753 3287 1838 supernaturalia
3321 1770 3482 1834 quo-

351 1854 471 1933 ligi
519 1864 790 1936 possunt
835 1855 1231 1938 quicumque
1271 1856 1484 1937 justus
1529 1875 1641 1918 seu
1692 1855 1874 1918 inno-
1906 1855 1953 1918 B
1982 1873 2109 1936 que
2148 1856 2314 1919 dona
2355 1856 2478 1918 sibi
2521 1873 2840 1929 concessa,
2881 1862 2941 1915 et
2977 1853 3145 1916 bona
3180 1850 3473 1914 fortunae.

350 1972 535 2030 66113,
555 1962 619 2016 et
648 1962 1099 2035 transgressor,
1117 1955 1271 2037 quia
1300 1963 1364 2018 et
1394 1955 1631 2037 impius
1661 1954 1873 2037 appel-

348 2051 529 2113 latur
554 2053 1028 2134 quodammodo
1066 2052 1243 2115 filius
1283 2053 1415 2128 Dei,
1449 2053 1515 2116 in
1555 2061 1869 2134 quantum

346 2151 431 2211 ad
472 2149 619 2231 ejus
662 2149 1006 2231 imaginem
1056 2159 1152 2213 est
1188 2160 1459 2226 creatuS,
1504 2151 1603 2214 vel
1649 2151 1714 2212 in
1757 2151 1869 2212 Ba-

350 2249 598 2330 ptismo
646 2249 1067 2330 spiritualiter
1110 2258 1538 2330 regeneratus.

150 2339 214 2392 ¹2
432 2349 526 2408 Ec
572 2349 753 2408 dimit
801 2349 1263 2409 adolescentior
1307 2369 1390 2408 em
1428 2350 1567 2409 illis
1616 2347 1865 2410 duobus

338 2445 561 2522 patri,
601 2444 723 2507 hoc
762 2452 859 2506 est
901 2445 1179 2526 populus
1226 2445 1485 2526 gentilis
1530 2464 1544 2508 :
1590 2445 1702 2527 qui
1746 2447 1865 2508 rite

341 2542 821 2606 adolescentior
851 2542 1219 2606 nominatur
1253 2561 1267 2605 :
1302 2543 1533 2618 Primo,
1557 2544 1861 2625 quoniam

340 2641 425 2704 ab
460 2640 727 2704 exordio
754 2641 1009 2722 generis
1050 2641 1337 2716 humani,
1374 2642 1549 2724 prior
1579 2640 1701 2703 fuit
1731 2641 1865 2704 cul-

338 2749 450 2803 tus
507 2741 645 2802 veri
694 2739 803 2802 Dei
852 2758 1046 2821 quam
1104 2739 1479 2820 gentilitatis
1530 2758 1727 2814 error,
1782 2741 1865 2802 ri-

342 2847 451 2900 tus
498 2857 573 2901 ac
622 2839 875 2917 cultus3
931 2837 1062 2902 imo
1109 2845 1251 2921 post
1299 2839 1615 2901 diluvium
1666 2838 1865 2902 idolo-

339 2937 536 3000 latria
593 2937 811 3018 coepit.
864 2936 1177 3011 Secundo,
1230 2936 1538 3018 quoniam
1591 2937 1863 3018 gentiles

334 3035 581 3099 Judaeis
621 3033 887 3098 suerunt
926 3034 1325 3118 puerilioreS,
1360 3034 1859 3118 insipientiore8‚
1901 3039 1944 3102 C
1975 3055 2099 3100 non
2161 3035 2495 3110 intellexit,
2556 3043 2956 3117 comparatus
3013 3043 3109 3096 est
3161 3035 3468 3115 jumentis

338 3143 406 3197 et
456 3134 860 3197 bestialiores
908 3152 923 3197 τ
974 3135 1127 3215 quia
1176 3143 1247 3197 ut
1293 3134 1520 3196 asserit
1567 3133 1865 3216 Augusti-

342 3254 496 3302 nus,
534 3232 707 3294 Nihil
750 3239 875 3294 tam
918 3232 1184 3314 puerile,
1220 3240 1291 3294 ut
1329 3233 1498 3296 idola
1536 3232 1765 3306 colere,
1800 3241 1861 3295 et

344 3333 520 3395 nihil
550 3331 862 3403 stolidiuS,
885 3350 1077 3412 quam
1110 3331 1343 3394 divinae
1373 3331 1529 3412 legis
1563 3349 1688 3394 non
1720 3330 1860 3394 obe-

345 3429 493 3492 dire
553 3429 914 3511 praeceptis.
967 3428 1125 3491 Hinc
1181 3447 1440 3510 quoque
1494 3430 1571 3491 de
1622 3430 1860 3511 populo

95 3539 229 3582 ema.
258 3557 317 3594 n.
342 3527 718 3590 Judaeorum
749 3526 911 3588 Deus
942 3533 1208 3588 testatur
1242 3544 1255 3588 :
1290 3525 1487 3588 Filius
1517 3544 1699 3588 meus
1732 3527 1861 3610 pri-

74 3601 313 3716 ἰωή
344 3626 719 3706 mogenitus
766 3624 997 3704 Israel;
1050 3632 1112 3685 et
1162 3641 1277 3705 per
1319 3623 1678 3700 Jeremiam,
1728 3625 1861 3686 Pri-

344 3722 719 3804 mogenitus
776 3740 959 3784 meus
1014 3720 1340 3803 Ephraim.
1403 3722 1615 3796 Porr0,
1666 3721 1859 3786 Gorra

341 3822 436 3885 ait
487 3821 611 3886 hoc
660 3819 799 3884 loco
848 3839 863 3882 ε
916 3819 1034 3893 Qui
1083 3819 1252 3882 idola
1298 3819 1654 3896 coluerunt,
1707 3829 1859 3903 puta

338 3919 646 4004 gentileS‚
688 3918 1043 3981 amiserunt
1089 3936 1323 3981 nomen
1367 3919 1601 3982 divinae
1642 3920 1859 3982 filiati-

341 4021 518 4094 oniS,
573 4026 639 4081 et
684 4016 835 4080 dicti
888 4025 1039 4079 sunt
1086 4016 1209 4078 filii
1260 4016 1617 4090 hominum,
1672 4026 1741 4081 ut
1791 4019 1856 4082 in

91 4133 312 4184 sensus.
340 4120 581 4185 Genesi
617 4137 631 4182 :
668 4119 966 4181 Videntes
998 4116 1123 4180 filii
1154 4117 1261 4179 Dei
1295 4116 1463 4180 filias
1496 4117 1853 4180 hominum.

1980 1951 2166 2016 Petiit
2204 1954 2663 2017 adolescentior
2691 1952 2870 2016 filius
2901 1951 3023 2014 sibi
3068 1958 3310 2032 partem
3342 1968 3479 2032 per·

1979 2051 2288 2113 tinentem
2329 2072 2366 2114 a
2407 2059 2582 2133 patre
2629 2051 2977 2133 suscipere,
3028 2049 3182 2131 quia
3229 2056 3481 2110 natura-

1980 2149 2149 2212 libus
2207 2151 2390 2214 donis
2448 2169 2522 2212 ac
2579 2151 2804 2212 ceteris
2852 2149 3037 2212 bonis
3097 2147 3221 2211 sibi
3268 2166 3307 2210 a
3353 2146 3479 2210 Deo

1980 2248 2224 2312 collatis
2265 2249 2466 2312 voluit
2514 2250 2865 2311 secundum
2906 2247 3294 2310 voluntatem
3341 2264 3480 2326 pro·

1977 2347 2186 2430 priam
2218 2347 2332 2422 uti,
2368 2349 2579 2429 potius
2615 2356 2826 2409 autem
2858 2346 3056 2420 abuti,
3097 2363 3212 2407 nec
3243 2343 3476 2424 subjici

1977 2445 2099 2526 legi
2150 2445 2403 2518 divium,
2445 2453 2554 2508 aut
2595 2445 2837 2527 protegi
2883 2442 3474 2526 supernaturalibus

1975 2544 2159 2607 donis
2225 2543 2444 2625 gratiae
2508 2543 2868 2618 SalvatoriS,
2932 2542 3468 2624 quemadmodum

1976 2661 2090 2724 per
2124 2643 2462 2705 Ieremiam
2499 2642 2884 2724 quibusdam
2928 2639 3210 2722 loquitur
3251 2639 3414 2701 Deus
3449 2657 3463 2702 ε

1974 2741 2021 2802 Α
2073 2742 2304 2805 saeculo
2353 2741 2717 2823 confregisti
2764 2740 3011 2821 jugum,
3057 2738 3285 2821 rupisti
3337 2737 3470 2801 vin-
3513 2763 3758 2813 ser-,mm

1974 2840 2137 2912 cula,
2200 2848 2263 2900 et
2318 2838 2556 2912 dixisti,
2617 2838 2751 2902 Non
2815 2837 3105 2900 serviam.
3167 2837 3327 2899 Hinc
3382 2837 3472 2898 ait

1976 2937 2302 3000 Psalmista
2345 2956 2358 3000 :
2403 2937 2601 3000 Homo
2644 2954 2845 3017 quum
2887 2937 2951 2998 in
2991 2937 3231 2998 honore
3279 2943 3464 3010 esset,
3525 2961 3760 3014 amm,

3499 3025 3656 3074 ιλιι.

1973 3134 2450 3216 insipientibus.
2474 3135 2646 3196 Istud
2684 3153 2942 3216 quoque
2982 3134 3278 3196 similiter
3317 3133 3471 3196 dicit

1972 3233 2181 3297 omnis
2223 3240 2650 3314 transgressor
2693 3233 2850 3313 legis
2892 3232 3146 3297 divinae.

2054 3336 2139 3395 Et
2197 3334 2426 3393 divisit
2481 3333 2619 3393 illis
2665 3333 3121 3401 substanciam,
3172 3332 3290 3395 hoc
3347 3338 3464 3406 est,

1974 3431 2324 3512 unicuique
2368 3430 2542 3493 dedit
2576 3431 2748 3512 quod
2789 3430 2992 3513 petiit,
3025 3437 3088 3494 et
3116 3430 3470 3512 quemlibet

1970 3528 2181 3591 facere
2219 3529 2510 3611 permisit
2548 3529 2719 3610 quod
2751 3529 2972 3602 voluit,
3005 3530 3354 3591 secundum
3398 3529 3468 3590 il-

1971 3629 2079 3690 lud
2114 3627 2535 3690 Ecclesiastici
2572 3647 2584 3690 :
2619 3627 2784 3689 Deus
2811 3627 2892 3688 ab
2923 3627 3106 3690 initio
3140 3627 3469 3692 constituit
3522 3652 3758 3704 Beatam.

1971 3726 2319 3802 hominem,
2361 3735 2424 3788 et
2472 3726 2734 3808 reliquit
2779 3744 2926 3787 eum
2968 3727 3034 3788 in
3077 3745 3271 3789 manu
3320 3745 3469 3789 eon-
3496 3719 3562 3766 ¹⁴·
3586 3721 3652 3761 ¹⁷·

1971 3824 2099 3886 silii
2148 3825 2272 3887 sui.
2315 3825 2627 3907 Apposuit
2663 3824 2780 3886 tibi
2818 3843 3049 3906 aquam
3089 3833 3152 3887 et
3188 3825 3402 3906 ignem
3447 3843 3462 3888 ε

1968 3925 2047 3986 ad
2085 3925 2540 4005 quodcumque
2577 3923 2876 3996 volueris,
2911 3924 3162 4005 porrige
3203 3942 3464 3986 manum

1971 4030 2165 4084 tuam.
2199 4021 2359 4084 Hinc
2389 4028 2452 4083 et
2479 4020 2818 4104 Apostolus
2855 4021 3062 4083 fassus
3093 4031 3186 4083 est
3216 4041 3229 4084 :
3267 4023 3752 4100 Unus-100r‚v..‚7,

1969 4120 2248 4202 quisque
2306 4121 2639 4203 proprium
2696 4121 2934 4182 donum
2993 4120 3183 4183 babet
3228 4141 3265 4183 a
3311 4122 3458 4185 Deo.

338 4219 805 4282 Verumtamen
854 4214 975 4278 boc
1025 4214 1513 4296 intelligendum
1559 4234 1687 4278 non
1736 4224 1853 4290 est,
1890 4218 2198 4283 Dsudaeis
2245 4238 2504 4302 quoque
2553 4219 2725 4282 dedit
2772 4220 2936 4282 dona
2978 4221 3217 4300 gratiae,
3260 4239 3333 4284 ac
3381 4221 3464 4284 le-

338 4317 533 4400 quasi
579 4315 672 4378 illi
704 4315 817 4396 qui
848 4313 973 4376 filii
1006 4313 1341 4378 hominum
1376 4322 1851 4396 nuncupantur,

336 4417 455 4497 qui
507 4413 733 4496 utique
780 4412 1097 4477 diluvium
1147 4421 1631 4495 praecesserunt,
1668 4431 1859 4476 vene-

336 4514 461 4577 rati
516 4513 649 4575 sint
696 4511 884 4586 idola,
928 4519 1039 4573 aut
1086 4511 1260 4592 quod
1302 4511 1656 4575 idololatria
1696 4512 1856 4573 dilu-

336 4613 529 4676 vium
559 4611 774 4693 ipsum
808 4609 1221 4692 praecesserit.
1255 4607 1431 4671 Unde
1460 4610 1633 4691 quod
1661 4609 1855 4673 Gorra

334 4712 578 4792 allegat
616 4711 695 4772 de
743 4707 1115 4781 idololatriS,
1156 4708 1236 4769 ad
1285 4707 1561 4769 litteram
1610 4707 1851 4769 dictum

338 4831 471 4874 non
514 4815 635 4882 est,
670 4808 783 4869 sed
818 4807 901 4869 de
941 4806 1307 4888 posteritate
1355 4806 1529 4880 Cain,
1571 4806 1685 4887 qui
1724 4825 1852 4868 non

334 4909 421 4973 ob
474 4904 925 4978 idololatriam,
966 4904 1076 4966 sed
1123 4903 1206 4967 ob
1254 4902 1409 4966 vitia
1450 4904 1680 4978 carniS‚
1726 4903 1850 4966 filii

339 5007 687 5071 hominum
731 5001 1139 5085 appellantur
1182 5001 1443 5064 ibidem.

418 5107 643 5186 ltaque
688 5100 1153 5165 adolescentior
1202 5099 1380 5162 filius
1429 5099 1591 5163 dixit
1630 5101 1846 5176 verbo,

336 5223 451 5266 seu
490 5201 710 5286 potius
756 5198 947 5274 facto,
994 5197 1157 5280 patri
1201 5215 1339 5269 suo,
1382 5197 1629 5260 scilicet
1670 5198 1796 5262 Deo
1830 5219 1843 5262 :

338 5303 559 5374 Pater,
582 5302 673 5360 da
712 5298 883 5359 mihi
902 5298 1269 5374 porcionem
1294 5297 1669 5359 substantiae
1704 5317 1849 5376 quoe

1964 4336 2108 4399 gem
2171 4319 2471 4401 scriptam
2537 4319 2819 4381 divinam
2875 4337 2948 4381 ac
3009 4328 3461 4401 supernatura-

1966 4416 2131 4497 lem3
2173 4417 2521 4498 gentilibus
2568 4435 2739 4492 vero,
2783 4420 2946 4481 dona
2995 4426 3256 4493 naturae,
3299 4437 3460 4501 quos

1964 4523 2028 4576 et
2073 4515 2138 4578 in
2191 4516 2461 4578 naturali
2507 4517 2644 4598 lege
2692 4516 2975 4598 reliquit,
3028 4535 3222 4599 quam
3273 4519 3458 4600 pauci

1963 4631 2186 4676 eorum
2228 4631 2634 4677 conservasse
2676 4614 2993 4696 leguntur.

2044 4715 2129 4772 Ec
2169 4732 2300 4773 non
2331 4722 2475 4789 post
2519 4717 2750 4774 multos
2785 4717 2944 4786 die-3,
2986 4714 3050 4778 id
3091 4724 3206 4788 est,
3237 4715 3455 4797 paucis
3593 4739 3662 4794 13

1962 4809 2233 4873 evolutis
2274 4809 2520 4884 diebus,
2553 4815 2954 4889 conareyatis
2979 4817 3278 4876 omnibus
3313 4833 3457 4896 quae

1960 4907 2035 4968 ad
2076 4925 2143 4968 se
2187 4907 2610 4988 pertinebant,
2645 4907 2764 4971 hoc
2800 4916 2918 4989 est,
2961 4909 3146 4973 bonis
3189 4911 3310 4973 sibi
3352 4913 3458 4973 de-

1962 5022 2156 5087 super
2196 5005 2513 5086 praestitiS‚
2555 5006 2633 5068 ad
2679 5006 3007 5089 proprium
3053 5010 3457 5072 commodum

1964 5101 2200 5183 pariter
2241 5101 2568 5174 ordinatiS,
2610 5119 2682 5162 ac
2725 5101 2950 5163 vitiose
2993 5101 3272 5178 reflexis,
3304 5109 3458 5166 ado-

1960 5201 2291 5261 lescentior
2314 5200 2499 5276 filiu-s·
2519 5219 2804 5277 pereyre,
2827 5219 2864 5261 a
2896 5201 3096 5282 patria
3124 5201 3456 5266 Beatorum

1961 5315 2075 5380 per
2105 5297 2370 5380 impiam
2403 5297 2596 5360 vitam
2635 5315 2704 5360 se
2741 5298 3095 5379 elongando
3129 5319 3142 5363 :
3178 5320 3322 5383 quae
3360 5312 3454 5366 est
