4300 6259
636 2455 805 2498 Marta.

584 2520 843 2568 uvido—23.

873 474 994 540 234

1648 493 1997 541 manuario
2039 492 2104 539 m
2144 492 2284 540 CAP-
2329 493 2486 541 xxm
2526 492 2718 540 LUCAE.
2761 512 2843 525 —-
2883 495 3025 542 ART.
3072 496 3216 541 xux

877 665 979 727 die
1029 666 1300 728 naturali
1340 666 1668 746 (videlicet
1717 665 1781 727 in
1832 683 2077 739 aurora,
2123 671 2194 726 ut
2241 682 2372 726 cre-
2402 662 2456 725 A
2485 671 2642 739 tum,
2678 672 2742 726 et
2797 684 3050 728 causam
3112 666 3334 730 mortis
3391 667 3532 748 ejus
3577 666 3826 730 facietis
3877 686 3983 730 ve-

875 763 1068 839 ditur,
1104 784 1306 845 quum
1344 763 1575 826 Pilatus
1616 764 1995 826 surrexisset
2034 764 2112 825 de
2155 764 2318 825 lecto
2353 780 2368 825 :

870 863 1025 944 quia
1062 863 1353 937 dominae,
1389 864 1821 944 conjugesque
1870 870 2234 943 magnatum
2275 880 2373 924 so-

871 962 1004 1025 lent
1030 963 1107 1024 ad
1138 970 1382 1045 tempus
1410 981 1666 1025 manere
1696 962 1763 1025 in
1793 963 1955 1025 lecto
1985 968 2126 1043 post
2155 961 2367 1041 viros),

873 1061 1037 1135 visu,
1072 1061 1135 1124 id
1184 1070 1278 1125 est
1327 1064 1390 1123 in
1432 1062 1679 1125 visione
1726 1068 1785 1123 et
1832 1079 2075 1141 somne,
2112 1068 2372 1142 propter

871 1178 1041 1235 eum,
1086 1160 1149 1223 id
1190 1169 1286 1223 est
1331 1163 1410 1224 ad
1454 1160 1573 1223 hoc
1622 1167 1691 1220 ut
1738 1159 1877 1239 ejus
1925 1158 2366 1221 liberationem

872 1277 1207 1339 procurem
1248 1279 1285 1321 a
1324 1268 1404 1321 te.
1440 1260 1531 1321 Ad
1567 1259 1760 1340 quod,
1796 1265 1866 1319 ut
1905 1258 2208 1331 creditur,
2241 1258 2372 1319 dia-

846 1356 1057 1420 .bolus
1098 1357 1271 1420 illam
1311 1358 1615 1420 feminam
1658 1356 2003 1438 instigavit,
2036 1356 2168 1437 jam
2215 1375 2372 1438 qua-

872 1456 923 1517 si
978 1475 1093 1537 pro
1140 1464 1311 1519 certo
1361 1456 1710 1536 conjiciens
1759 1457 1931 1537 quod
1976 1455 2157 1518 Jesus
2207 1464 2370 1517 esset

871 1553 1145 1629 MessiaS‚
1180 1555 1333 1636 quia
1367 1555 1622 1619 videbat
1668 1554 2065 1616 ineffabilem
2116 1572 2371 1616 mansu-

872 1654 1221 1727 etudinem,
1274 1654 1641 1736 patientiam
1700 1660 1893 1734 atque
1950 1651 2369 1715 constantiam

874 1751 1103 1815 Christi
1153 1752 1217 1813 in
1268 1753 1441 1816 omni
1494 1772 1607 1814 sua
1650 1751 2061 1832 injuriatione
2104 1770 2178 1813 ae
2227 1770 2368 1833 pas-

2484 766 2735 824 stram?
2783 762 3019 826 Deinde
3075 764 3137 826 S.
3193 764 3451 846 Brigitta
3509 766 3751 841 scribit,
3803 768 3980 849 quod

2484 881 2630 925 caro
2678 871 2741 925 et
2790 863 2975 945 pellis
3020 863 3248 928 Christi
3298 872 3487 928 tanta)
3533 865 3982 928 teneritudinis

2483 960 2628 1036 fuit,
2685 965 2857 1044 quod
2917 964 3173 1044 sanguis
3225 964 3558 1027 videbatur
3612 982 3728 1046 per
3783 982 3978 1043 eam;

2484 1060 2660 1133 item,
2712 1063 2883 1143 quod
2946 1062 3010 1123 in
3071 1063 3280 1144 primo
3337 1062 3467 1125 ictu
3519 1062 3780 1143 flagelli,
3835 1083 3982 1129 caro

2484 1157 2623 1239 ejus
2675 1158 3135 1241 perforabatur‚
3189 1168 3252 1222 et
3300 1161 3555 1241 sanguis
3607 1162 3870 1236 exsiliit,
3921 1170 3983 1224 et

2483 1259 2655 1338 quod
2687 1258 2865 1338 virgo
2895 1256 3084 1320 Maria
3111 1258 3416 1333 adstabat,
3452 1258 3866 1341 primumque
3897 1261 3985 1323 ic-

2480 1362 2619 1417 tum
2660 1356 2843 1417 illum
2879 1364 2944 1417 et
2971 1356 3113 1418 Filii
3155 1357 3252 1419 sui
3288 1358 3791 1421 vulnerationem
3833 1359 3982 1421 inde

2482 1460 2857 1534 sequentem
2901 1455 3324 1537 conspicienS,
3363 1456 3592 1518 cecidit
3635 1456 3699 1517 in
3745 1464 3980 1519 terram

2482 1558 2550 1613 ut
2604 1560 2872 1627 mortua,
2921 1570 3040 1615 nec
3090 1554 3278 1615 rediit
3325 1556 3403 1617 ad
3457 1573 3526 1617 se
3576 1556 3803 1637 ipsam,
3855 1556 3980 1618 nisi

2479 1646 2906 1730 flagellatione
2963 1652 3299 1734 completa,
3352 1659 3633 1735 tuncque
3689 1654 3984 1735 adspexit

2480 1767 2711 1830 corpus
2761 1748 2903 1810 Filii
2953 1750 3052 1811 sui
3098 1750 3531 1826 dilaceratum,
3580 1758 3645 1813 et
3695 1752 3982 1835 undique

870 1851 1069 1924 sione,
1106 1858 1167 1913 et
1207 1851 1359 1932 quia
1398 1851 1865 1913 damnationem
1905 1850 2080 1911 Judae
2114 1849 2244 1930 jam
2277 1850 2370 1912 vi-
2403 1844 2452 1907 B
2481 1856 2904 1911 cruentatum.

870 1949 983 2022 dit,
1018 1950 1301 2030 itemque
1332 1949 1652 2012 insolitam
1691 1948 2187 2011 consolationem
2227 1968 2368 2010 san-

870 2055 1115 2110 ctorum
1168 2047 1233 2109 in
1284 2047 1503 2119 limbo,
1558 2056 1627 2109 ut
1673 2046 1925 2109 fertur:
1962 2047 2104 2110 ideo
2150 2046 2368 2109 timuit

871 2146 1210 2226 exspoliari
1271 2153 1334 2207 et
1382 2145 1550 2208 vinci
1602 2164 1639 2207 a
1683 2145 1850 2219 Jesu,
1902 2164 2106 2226 quum
2157 2152 2366 2207 tamen

876 2244 1063 2324 paulo
1101 2251 1245 2306 ante
1274 2243 1496 2306 Judam
1527 2245 1603 2306 ad
1644 2243 1785 2324 ejus
1824 2243 2250 2317 traditionem,
2284 2252 2368 2306 at-

874 2358 1001 2420 que
1030 2340 1273 2403 Judaeos
1312 2341 1387 2402 ad
1419 2340 1557 2419 ejus
1594 2340 1977 2403 occisionem
2018 2340 2363 2403 incitasset.

876 2436 1179 2500 Praeterea
1225 2440 1314 2501 ait
1358 2438 1680 2501 Matthaeus
1725 2457 1739 2501 ε
1784 2436 2107 2520 Principes
2155 2445 2366 2500 autem

875 2538 1269 2600 sacerdotum
1320 2546 1382 2599 et
1428 2537 1707 2599 seniores
1759 2544 2211 2618 persuaserunt
2259 2556 2370 2619 po-

875 2636 1067 2716 puliS‚
1112 2644 1182 2697 ut
1221 2644 1509 2718 peterent
1552 2634 1922 2708 Barabbam,
1961 2635 2174 2697 Jesum
2220 2653 2370 2699 vero

874 2735 1230 2815 perderent,
1265 2735 1387 2797 hoc
1416 2742 1531 2807 est,
1564 2734 1767 2797 occidi
1800 2735 2235 2816 deposcerent.
2263 2733 2370 2795 Re-

872 2834 1193 2914 spondens
1223 2840 1435 2895 autem
1477 2852 1732 2915 praeseS‚
1769 2832 1928 2896 dixit
1958 2832 2087 2894 illis
2123 2851 2136 2895 :
2171 2831 2366 2905 Quem

872 2931 1066 2993 vultis
1097 2932 1278 2994 vobis
1318 2933 1394 2993 de
1433 2931 1681 2994 duobus
1720 2930 1999 2993 dimitti?
2030 2930 2109 2993 At
2147 2930 2239 2992 illi
2276 2932 2372 2993 di-

2560 1945 2798 2009 Deinde
2832 1947 3100 2009 Joannes
3141 1956 3202 2009 et
3235 1947 3558 2012 Matthaeus
3596 1949 3824 2013 dicunt
3859 1970 3874 2014 ε
3905 1950 3984 2013 Et
4057 1969 4226 2075 mutit
4242 1992 4243 2029 ³

4007 2034 4162 2079 smmi?

2479 2043 2714 2106 milites
2757 2045 3042 2126 praesidis
3071 2046 3400 2126 (videlicet
3437 2049 3768 2129 garciones
3801 2068 3818 2111 τ
3853 2069 3980 2113 non

2482 2248 2631 2302 sunt
2675 2242 2927 2323 aurati),
2972 2244 3394 2325 suscipientes
3438 2244 3652 2308 Jesum
3702 2245 3772 2308 in
3821 2266 3982 2329 prae·

2480 2339 2663 2413 tori0,
2698 2350 3239 2421 congregaverunt
3283 2343 3361 2404 ad
3413 2360 3559 2405 eum
3607 2345 3978 2408 universam

2481 2437 2841 2516 cohortem3
2882 2447 2946 2501 et
2993 2448 3296 2503 exuentes
3336 2441 3551 2503 Jesum
3600 2444 3982 2507 vestimenta

2482 2554 2614 2607 sua,
2670 2537 3067 2620 chlamydem
3125 2539 3484 2602 coccineam
3546 2540 3982 2605 circumdede-

2482 2641 2633 2695 runt
2680 2635 2761 2708 ei,
2798 2635 2918 2698 hoc
2963 2644 3078 2711 est,
3114 2643 3288 2699 veste
3330 2638 3528 2700 rubea
3563 2639 3642 2700 ad
3683 2639 3981 2702 similitu-

2481 2733 2697 2795 dinem
2738 2753 3040 2816 purpura>
3080 2735 3427 2798 induerunt
3463 2754 3634 2799 eum.
3669 2737 3846 2801 Unde
3884 2739 3982 2803 Jo-

2480 2850 2677 2893 annes
2707 2833 2833 2895 ait:
2858 2833 3041 2895 Veste
3072 2852 3394 2916 purpurea
3423 2833 3982 2901 circumdederunt

2480 2947 2652 2991 cum.
2697 2930 2770 2991 Et
2815 2930 3014 3013 aliqui
3066 2932 3308 3007 dicunt,
3344 2934 3514 3015 quod
3561 2932 3686 2995 fuit
3733 2935 3980 3017 aliquid

871 3037 1102 3091 xerunt
1157 3048 1170 3091 :
1224 3028 1592 3091 Barabbam.
1656 3029 1819 3092 Dicit
1877 3028 2003 3091 illis
2062 3028 2296 3091 Pilatus
2351 3048 2364 3091 :
2408 3026 2450 3089 C
2482 3028 2752 3089 rubeum
2793 3028 2918 3091 vile
2958 3028 3166 3091 simile
3216 3049 3539 3112 purpurae.
3573 3029 3651 3092 Et
3699 3032 3982 3114 plecten-

870 3127 1029 3201 Quid
1060 3145 1208 3208 ergo
1237 3126 1463 3189 faciam
1497 3128 1574 3190 de
1600 3128 1761 3196 Jesu‚
1789 3128 1901 3209 qui
1933 3128 2168 3190 dicitur
2199 3128 2371 3191 Chri·

874 3227 1052 3287 stus?
1102 3225 1332 3287 Dicunt
1376 3244 1595 3288 omnes
1650 3244 1663 3287 ε
1718 3224 2162 3306 crucifigatur.
2215 3225 2374 3289 Pila-

874 3330 975 3384 tus
1004 3330 1216 3385 autem
1249 3326 1433 3384 tertio
1462 3325 1640 3384 dimit
1668 3326 1758 3384 ad
1786 3325 1973 3385 illos:
1995 3326 2171 3393 Quid
2192 3328 2370 3385 enim

878 3424 1040 3481 mali
1069 3423 1275 3498 fecit?
1313 3424 1582 3484 Nullam
1622 3443 1887 3483 causam
1925 3424 2150 3483 mortis
2200 3426 2372 3484 inve-

874 3522 985 3581 nio
1035 3522 1104 3579 in
1157 3540 1225 3579 eo
1256 3540 1279 3579 .·
1309 3522 1665 3595 corripiam
1710 3540 1859 3597 erqo
1908 3522 2130 3589 illum,
2163 3530 2222 3581 et
2269 3524 2372 3581 di-

876 3622 1152 3679 mittam.
1200 3618 1327 3681 Hoc
1370 3618 1637 3680 verbum
1680 3618 1905 3680 asserit
1944 3618 2166 3681 LucaS.

975 3716 1163 3780 Porro
1210 3718 1381 3799 quod
1429 3718 1719 3799 sequitur
1766 3717 1991 3780 scribit
2034 3718 2302 3781 Joannes
2351 3736 2365 3782 ε

670 3839 729 3868 rm
761 3840 845 3875 nx.
876 3814 1052 3877 Tune
1100 3833 1247 3895 ergo
1296 3815 1717 3896 apprehendit
1765 3814 1998 3877 Pilatus
2039 3816 2276 3891 Jesum,
2309 3823 2372 3878 et

876 3912 1243 3993 flagellavit,
1296 3914 1415 3975 hoc
1462 3921 1576 3981 est.
1629 3913 1829 3976 servis
1883 3915 2017 3976 suis
2068 3914 2372 3996 praecepit

874 4012 1084 4073 Jesum
1120 4013 1380 4085 nudare,
1410 4012 1723 4075 columnae
1761 4012 2039 4093 alligare,
2065 4021 2127 4073 et
2156 4011 2374 4093 flagel-

876 4110 955 4172 lis
1010 4118 1363 4192 percutere.
1415 4109 1462 4172 Ο
1510 4129 1703 4192 quam
1753 4111 2177 4173 erubescibile
2225 4111 2368 4185 fuit,

2481 3134 2574 3187 tes
2629 3144 2924 3189 coronam
2982 3128 3060 3189 de
3115 3128 3319 3209 spinis
3379 3138 3728 3209 posuerunt
3787 3150 3980 3213 super

2481 3231 2674 3305 eaput
2727 3224 2890 3305 ejuS,
2954 3232 3016 3287 et
3073 3226 3474 3300 arundinem,
3535 3227 3600 3290 id
3658 3236 3757 3291 est
3813 3230 3978 3291 cala·

2481 3342 2683 3395 mum,
2719 3322 2784 3385 in
2817 3324 3136 3386 dexteram
3180 3324 3339 3405 ejuS,
3371 3326 3668 3389 videlicet
3705 3346 3824 3409 pro
3853 3347 3979 3390 sce-

2483 3428 2625 3503 ptro
2666 3422 2880 3502 regali.
2916 3421 2991 3483 Et
3027 3440 3196 3503 genu
3235 3422 3406 3488 flexo
3443 3433 3588 3487 ante
3625 3444 3802 3501 eum,
3837 3426 3981 3488 illu-

2483 3519 2717 3581 debant
2746 3537 2916 3593 eum,
2941 3520 3222 3583 dicentes
3247 3540 3261 3583 :
3287 3522 3432 3595 Ave,
3459 3540 3567 3584 rex
3593 3522 3974 3588 Judaeorum.

2483 3616 2558 3678 Et
2587 3618 2820 3680 dabant
2848 3618 2905 3679 ei
2935 3618 3170 3701 alapaS.
3196 3618 3272 3681 Et
3299 3628 3679 3702 exspuentes
3709 3622 3778 3684 in
3809 3641 3974 3695 eum,

2481 3724 2864 3797 acceperunt
2927 3716 3330 3792 arundinem,
3399 3725 3462 3780 et
3525 3728 3978 3800 percusserunt

2483 3823 2675 3896 caput
2716 3815 2878 3895 ejus.

2577 3911 2786 3975 Exivit
2842 3913 3057 3994 itaque
3115 3914 3347 3977 iterum
3405 3913 3662 3990 Pilatus,
3715 3926 3782 3979 et
3826 3918 3975 3981 dicit
4001 3939 4218 3983 amm.

2479 4011 2710 4074 Judaeis
2745 4030 2759 4075 :
2793 4010 2954 4074 Ecce
2999 4013 3244 4076 adduco
3283 4031 3430 4075 eum
3467 4014 3646 4077 vohis
3685 4014 3877 4090 foras,
3909 4026 3976 4079 ut
4001 4004 4082 4045 ⁴⁴·

2484 4110 2873 4190 cognoscatis
2931 4110 3083 4191 quia
3139 4111 3381 4173 nullam
3441 4131 3696 4175 causam
3757 4116 3974 4179 mortis

876 4208 943 4270 in
986 4217 1074 4271 tot
1112 4208 1389 4271 millium
1426 4210 1729 4290 adspectu
1772 4209 2039 4271 nudari!
2078 4217 2142 4271 et
2178 4228 2372 4291 quam
2404 4210 2453 4271 D
2485 4209 2548 4270 in
2599 4226 2673 4272 eo
2731 4208 3010 4272 invenio.
3065 4208 3232 4271 Exiit
3288 4228 3438 4292 crgo
3483 4211 3660 4275 Jesus
3723 4224 3973 4295 portans

879 4306 1385 4389 poenalissimum
1416 4307 1537 4369 fuit
1568 4307 1911 4370 tenerrimo
1951 4327 2025 4370 ac
2059 4308 2376 4371 nobilissi-

876 4425 981 4469 mo
1018 4405 1270 4487 corpori
1307 4405 1561 4479 Christi,
1598 4415 1721 4468 tam
1759 4406 2055 4469 atrociter
2094 4405 2376 4487 flagella-

880 4505 967 4566 ri!
1008 4503 1239 4566 Scribit
1276 4504 1446 4565 enim
1485 4504 1907 4566 sacratissima
1936 4506 2129 4567 vidua
2157 4505 2218 4568 S.
2243 4506 2375 4568 Bri-

875 4602 1033 4683 gitta
1082 4602 1146 4663 in
1185 4600 1696 4664 Revelationibus
1746 4602 1900 4676 suis,
1935 4602 2270 4666 benedicta
2311 4611 2374 4666 et

874 4700 1149 4783 gloriosa
1196 4699 1441 4780 virgine
1486 4698 1675 4761 Maria
1722 4699 1841 4762 sibi
1902 4700 1963 4763 id
2014 4710 2369 4779 enarrante,

876 4800 1049 4881 quod
1087 4806 1216 4860 tam
1255 4797 1365 4860 diu
1414 4816 1488 4860 ac
1533 4798 1840 4860 acerrime
1888 4799 2375 4881 flagellaverunt

877 4898 1218 4969 Christum,
1270 4896 1439 4977 quod
1498 4903 1686 4959 costae
1744 4896 1882 4977 ejus
1942 4899 2263 4980 patebant,
2309 4899 2372 4961 in

875 5003 1120 5058 tantum
1166 4995 1338 5075 quod
1376 5013 1542 5055 unus
1582 4994 1660 5056 de
1698 4996 2075 5059 adversariis
2116 4997 2371 5074 Christi,

876 5092 1148 5156 abscidit
1203 5091 1423 5153 funem
1480 5082 1623 5173 quo.
1665 5092 1787 5155 fuit
1840 5095 2090 5176 ligatuS‚
2138 5103 2201 5157 ct
2259 5095 2377 5158 fla-

875 5189 1287 5272 gellatoribus
1338 5189 1497 5251 dixit
1540 5209 1554 5252 :
1600 5190 1921 5273 Numquid
1974 5192 2376 5256 interficietis

880 5306 1029 5350 eum
1079 5288 1363 5351 nondum
1413 5287 1834 5368 dijudicatum
1885 5298 1948 5352 et
1996 5291 2377 5354 condemna-

2485 4307 2774 4389 spineam
2805 4326 3101 4370 coronam
3131 4316 3194 4369 et
3224 4327 3614 4391 purpureum
3651 4313 3976 4375 vestimen·

2483 4412 2644 4466 tum.
2680 4404 2755 4467 Et
2802 4406 2956 4467 dicit
3002 4404 3094 4467 eis
3131 4424 3144 4468 :
3178 4405 3338 4469 Ecce
3386 4407 3595 4470 homo.
3628 4407 3838 4480 Quum
3883 4430 3974 4474 er-

2484 4520 2564 4583 go
2613 4503 2921 4566 vidissent
2972 4522 3115 4565 eum
3177 4504 3516 4586 pontifices
3565 4513 3629 4568 et
3675 4508 3968 4582 ministri,

2487 4603 2864 4678 clamabant,
2890 4604 3170 4666 dicentes
3206 4603 3442 4685 :Tolle,
3473 4604 3639 4681 tolle,
3675 4609 3974 4690 crucifige

2485 4720 2656 4764 eum.
2691 4701 2855 4764 Dicit
2890 4702 2983 4764 eis
3021 4702 3252 4765 Pilatus
3287 4721 3301 4765 :
3336 4703 3621 4786 Accipite
3658 4724 3804 4769 cum
3847 4727 3970 4781 voS,

2485 4808 2547 4863 et
2595 4799 2953 4881 crucifigite
2995 4819 3008 4863 :
3054 4819 3168 4882 ego
3213 4800 3385 4863 enim
3435 4820 3559 4865 non
3606 4801 3866 4869 invenio
3909 4806 3972 4868 in

2485 4916 2560 4961 eo
2607 4917 2884 4961 causam.
2918 4897 3403 4981 Responderunt
3446 4899 3664 4973 Judaei,
3697 4909 3763 4963 et
3809 4904 3976 4967 dixe-

2488 5003 2636 5057 runt
2670 5014 2683 5057 :
2716 4994 2839 5058 Nos
2889 4996 3093 5075 legem
3141 4995 3474 5069 habemuS,
3517 5003 3581 5058 et
3627 5002 3968 5063 secundum

2487 5094 2690 5173 legem
2731 5092 2919 5155 debet
2957 5093 3141 5165 mori,
3176 5094 3330 5174 quia
3366 5092 3598 5156 Filium
3639 5094 3746 5157 Dei
3789 5116 3858 5160 se
3887 5098 3974 5159 fe-

2487 5191 2594 5255 cit.
2629 5190 2834 5263 Quum
2873 5207 3022 5270 ergo
3061 5190 3342 5253 audisset
3371 5190 3602 5255 Pilatus
3643 5193 3816 5257 hunc
3852 5214 3973 5257 ser-

2487 5308 2766 5364 monem,
2802 5289 3004 5371 magis
3041 5287 3254 5351 timuit
3287 5306 3301 5351 :
3338 5296 3554 5371 utpote
3585 5309 3664 5353 ne
3699 5290 3860 5356 forte
3885 5293 3970 5357 sic

2481 2142 2654 2203 enim
2693 2151 2873 2206 erant
2910 2143 3156 2208 nobiles
3189 2145 3333 2222 viri,
3368 2146 3533 2209 sicut
3569 2146 3701 2227 jam
3742 2148 3980 2211 milites
4007 2094 4224 2205 {ozam
