4300 6259
874 484 994 548 442

1620 507 1970 555 ENARnArlo
2013 509 2074 554 ΙΝ
2117 509 2253 555 CAP-
2300 508 2409 553 Vssl
2448 508 2726 557 somnis.
2770 528 2851 539 --
2890 510 3035 557 AnT.
3077 510 3229 556 xxm

872 672 1108 754 ju'torio
1139 676 1295 738 dicis
1327 684 1390 739 et
1417 676 1574 741 sacis
1605 678 1728 741 alta
1757 697 1829 741 ac
1857 678 2040 754 mira,
2073 698 2215 762 quae
2252 678 2362 741 alii
2394 678 2442 739 A
2476 687 2690 741 tamen
2733 681 3043 743 daemonia
3091 680 3247 743 mihi
3298 680 3583 761 subjecta
3630 688 3803 742 sunt.
3834 684 3971 743 Sed

873 780 934 834 te
974 772 1182 836 facere
1219 784 1280 837 et
1316 776 1526 839 dicere
1567 784 1792 859 putant
1829 778 2062 840 virtute
2101 777 2360 841 divina?

872 869 1242 935 Samaritani
1277 881 1455 935 erant
1485 875 1737 938 natione
1764 876 2056 956 gentileS,
2081 877 2190 938 sed
2223 895 2363 939 con-

874 971 1228 1034 versatione
1256 973 1948 1056 semijudaei,quoniam
1980 974 2177 1037 libros
2208 974 2364 1059 Moy-

871 1069 957 1131 sis
1004 1079 1400 1151 receperunt,
1435 1080 1498 1134 et
1537 1090 1604 1134 se
1643 1073 2203 1136 circumciderunt.
2243 1074 2361 1137 No·

873 1178 1092 1231 verant
1137 1178 1347 1232 autem
1389 1170 1492 1233 isti
1531 1172 1725 1233 Judaei
1769 1173 1938 1253 quod
1975 1172 2155 1235 Jesus
2195 1179 2361 1236 esset

871 1268 1124 1331 natione
1151 1268 1400 1331 Judaeus
1426 1289 1441 1349 3
1485 1271 1592 1331 sed
1633 1288 1709 1332 ex
1739 1278 2106 1352 contemptu
2137 1272 2359 1353 appel-

869 1366 1083 1429 labant
1128 1386 1271 1429 eum
1311 1367 1797 1443 Samaritanum,
1832 1370 1893 1431 id
1937 1378 2032 1431 est
2074 1370 2139 1433 in
2184 1378 2360 1453 parte

870 1465 1027 1545 legis
1065 1466 1558 1541 observatorem,
1593 1475 1655 1529 et
1694 1468 1756 1529 in
1801 1476 1977 1549 parte
2013 1476 2362 1549 transgres-

869 1583 1098 1627 sorem.
1158 1564 1390 1647 Sicque
1456 1566 1833 1647 reputabant
1899 1585 2046 1629 eum
2112 1568 2362 1631 haereti-

870 1682 1017 1725 cum
1073 1682 1086 1725 :
1141 1664 1315 1726 velut
1368 1664 1420 1726 si
1473 1684 1643 1727 nunc
1691 1665 1882 1727 alicui
1929 1665 2287 1729 diceremus
2341 1685 2354 1730 :

868 1761 1121 1824 Hussita
1160 1780 1227 1824 es
1269 1770 1360 1823 tu.

2476 781 2827 857 honorifico
2855 782 3124 842 Patrem
3154 801 3393 849 meum,
3416 780 3479 841 id
3518 787 3635 853 est,
3672 780 3863 843 verbo
3904 788 3967 841 et

2475 896 2687 959 opere,
2727 879 2790 941 in
2824 879 3123 942 omnibus
3162 878 3432 943 exhibeo
3472 878 3797 953 honorem,
3830 879 3971 940 cul-

2477 983 2611 1037 tum
2652 984 2715 1039 et
2756 978 3178 1040 obedientiam
3221 978 3345 1041 Deo
3384 976 3566 1052 Patri,
3614 978 3967 1039 secundum

2475 1078 2645 1158 quod
2695 1076 2885 1138 homo
2932 1095 3121 1138 sum:
3156 1094 3233 1137 ex
3281 1095 3409 1157 quo
3459 1082 3629 1157 patet
3672 1075 3969 1137 sanctitas

2478 1175 2619 1237 vitae
2668 1193 2845 1249 meae,
2878 1183 2939 1236 et
2986 1175 3156 1257 quod
3206 1194 3349 1237 cum
3395 1174 3789 1237 daemonibus
3836 1192 3966 1237 non

2476 1276 2827 1353 concord03
2866 1276 2974 1336 sed
3006 1292 3223 1337 eorum
3256 1274 3499 1337 cultum
3530 1274 3806 1346 destruo,
3842 1274 3970 1335 ido-

2476 1371 2787 1435 lolatriam
2836 1371 3125 1453 reprobo,
3171 1371 3325 1434 vitia
3362 1372 3613 1444 damno,
3646 1370 3971 1433 homines·

2473 1487 2602 1552 que
2630 1470 2707 1531 ad
2740 1469 2935 1532 Deum
2969 1477 3281 1542 converto,
3294 1477 3363 1530 ut
3392 1487 3538 1530 eum
3570 1468 3635 1530 in
3665 1469 3969 1532 omnibus

2419 1617 2427 1625 .
2475 1576 2604 1631 toto
2634 1569 2823 1631 corde
2852 1568 3116 1649 diligant
3146 1586 3219 1630 ac
3250 1568 3580 1630 honorent.
3618 1570 3701 1629 Et
3730 1588 3837 1627 vos
3866 1570 3971 1627 in-

2474 1668 2835 1728 honorastis
2886 1686 3001 1737 me,
3055 1666 3118 1727 id
3178 1674 3295 1741 est,
3348 1665 3843 1747 contempsistiS‚
3906 1674 3971 1727 et

2474 1763 2631 1826 falsa
2670 1764 2829 1826 mihi
2878 1764 3297 1846 imposuistiS‚
3342 1782 3535 1845 opera
3584 1762 3689 1825 Dei
3732 1764 3975 1826 adscri-

947 1859 1308 1922 Secundum
1337 1860 1728 1941 Gregorium‚
1774 1860 2059 1924 Christus
2093 1880 2220 1925 non
2254 1882 2362 1924 ne-
2398 1861 2443 1923 B
2474 1864 2693 1926 bentes
2736 1863 3008 1926 diabolo.
3044 1862 3117 1925 Et
3165 1863 3228 1925 in
3281 1864 3401 1926 hoc
3439 1870 3861 1945 peccaverunt
3901 1863 3967 1925 in

864 1959 1036 2038 gavit
1064 1977 1134 2020 se
1162 1977 1299 2020 esse
1329 1958 1812 2033 Samaritanum,
1848 1962 1956 2021 sed
1987 1960 2106 2023 hoc
2137 1979 2359 2022 verum

867 2064 962 2118 est
1027 2064 1339 2137 quantum
1406 2059 1482 2119 ad
1552 2058 1829 2121 nominis
1899 2058 2363 2140 interpretatio-

869 2174 1015 2218 nem
1051 2175 1064 2219 :
1099 2175 1224 2220 non
1265 2165 1472 2219 tamen
1512 2158 1768 2219 admisit
1812 2176 1879 2233 se
1920 2176 2058 2220 esse
2089 2158 2361 2220 Samari-

867 2262 1083 2317 tanum
1125 2273 1200 2319 eo
1251 2256 1437 2319 modo
1476 2276 1604 2338 quo
1642 2257 1839 2319 Judaei
1888 2257 2010 2319 sibi
2053 2258 2116 2319 id
2156 2258 2361 2340 impo-

865 2362 1153 2415 suerunt.
1178 2352 1606 2416 Samaritanus
1633 2355 1878 2437 quippe
1909 2356 2361 2438 interpretatur

867 2460 1100 2516 custos.
1137 2452 1420 2516 Christus
1456 2472 1604 2518 vero
1634 2462 1730 2515 est
1768 2462 1979 2518 custos
2009 2456 2359 2518 electorum

676 2578 769 2605 cm·
827 2570 1128 2631 -suorum
1183 2570 1198 2613 ε
1251 2553 1329 2614 de
1370 2572 1499 2633 quo
1544 2551 1872 2615 psalmista
1917 2560 2207 2627 testatur,
2242 2553 2361 2616 Cu-

604 2676 642 2705 ο.
667 2676 752 2713 ιιι,
828 2649 1146 2713 .stodiens
1193 2650 1488 2731 parvulos
1518 2651 1862 2731 Dominus;
1906 2659 1968 2713 et
2008 2651 2217 2726 lsaiaS,
2253 2650 2363 2714 Cu-

575 3258 686 3301 Luc.
703 3272 760 3309 xi,
775 3260 840 3301 15.

672 5200 742 5255 ⁴9

867 2748 1183 2830 st05,quid
1214 2750 1293 2811 de
1323 2752 1538 2811 nocte?
1570 2749 1876 2812 Dixerunt
1902 2768 2161 2831 quoque
2193 2750 2363 2813 Chri-

868 2856 1035 2909 stum
1073 2847 1304 2910 habere
1353 2848 1758 2923 daemonium,
1793 2867 1920 2912 non
1974 2850 2144 2930 quod
2196 2857 2363 2911 esset

865 2944 1162 3008 obsessus
1209 2954 1272 3007 et
1313 2963 1554 3020 amens,
1589 2948 1698 3009 sed
1741 2948 1910 3028 quod
1957 2947 2217 3009 haberet
2259 2966 2363 3010 oc-

2471 1961 2779 2043 Spiritum
2827 1961 3149 2024 Sanctum.
3202 1960 3362 2025 Ecce
3412 1980 3606 2043 quam
3655 1961 3973 2043 patienter

2471 2068 2533 2121 et
2580 2067 2908 2123 mansuete
2956 2059 3153 2121 Filius
3186 2059 3313 2132 Dei,
3346 2068 3519 2121 tanta
3565 2066 3823 2142 accepta
3869 2060 3971 2121 in-

2468 2158 2657 2240 juria,
2712 2159 3133 2240 respondebat
3167 2176 3181 2220 ε
3214 2158 3367 2239 quia
3410 2166 3479 2219 ut
3516 2157 3735 2220 Petrus
3774 2166 3971 2220 testa-

2470 2265 2596 2331 tur,
2647 2256 2851 2329 Quum
2901 2256 3404 2331 malediceretur,
3456 2274 3581 2318 non
3629 2257 3970 2319 maledice-
4036 2270 4169 2313 ¹Petr.
4196 2284 4217 2313 1-

2472 2355 2599 2417 bat.
2644 2355 2965 2417 Discamus
3014 2364 3077 2418 et
3124 2374 3236 2419 nos
3284 2356 3425 2435 ejus
3468 2354 3781 2436 exemplo,
3836 2374 3967 2419 non
3996 2334 4221 2440 'fimus‘

2472 2454 2735 2516 reddere
2790 2454 3028 2516 malum
3095 2472 3211 2536 pro
3267 2453 3451 2523 malo,
3515 2472 3639 2516 non
3698 2454 3868 2517 vinci
3930 2474 3968 2515 a
4000 2463 4064 2503 ¹⁵·

2476 2553 2731 2635 proprio
2773 2552 3007 2625 anim0,
3056 2570 3181 2615 non
3222 2552 3597 2633 passionari.
3646 2551 3774 2615 Hoc
3812 2551 3971 2615 facit

2471 2651 2659 2713 facile
2706 2650 2817 2732 qui
2864 2669 2989 2713 non
3042 2651 3273 2732 quaerit
3330 2650 3651 2732 propriam
3711 2650 3971 2713 laudem

2470 2751 2867 2833 gloriamque
2904 2750 3315 2822 mundanam,
3351 2748 3461 2830 qui
3500 2749 3817 2831 privatum
3862 2768 3975 2811 ex-

2474 2849 2695 2912 stinxit
2735 2866 3039 2922 amorem,
3074 2856 3137 2909 et
3178 2848 3410 2929 gaudet
3452 2847 3757 2910 adversis.
3790 2846 3977 2909 Nem-

2473 2966 2574 3029 pe,
2625 2954 2693 3008 ut
2721 2946 2808 3008 ait
2845 2944 2905 3007 S.
2941 2944 3375 3026 HieronymuS‚
3410 2944 3523 3025 qui
3568 2964 3694 3007 non
3737 2946 3973 3027 quaerit

867 3043 1110 3105 cultum
1161 3043 1368 3107 foedus
1412 3063 1555 3105 cum
1607 3045 1822 3126 aliquo
1872 3046 2179 3120 daemone,
2234 3045 2362 3107 imo
2400 3044 2445 3108 C
2470 3045 2759 3127 gloriam,
2796 3062 2921 3105 non
2952 3043 3145 3105 sentit
3171 3042 3644 3106 contumeliam.
3675 3042 3971 3124 Magnum

866 3160 1012 3204 cum
1056 3144 1305 3204 Summo
1349 3142 1618 3217 diabolo,
1664 3150 1816 3225 puta
1860 3142 2231 3217 Beelzebub,
2266 3160 2361 3205 se-

869 3241 1150 3303 cundum
1201 3241 1370 3321 quod
1418 3241 1569 3303 alibi
1622 3241 1856 3303 dixisse
1906 3241 2249 3321 leguntur:
2293 3242 2359 3304 In

869 3338 1220 3401 Beelzebub
1293 3339 1582 3421 principe
1659 3340 2114 3403 daemoniorum
2188 3340 2363 3422 ejicit

871 3436 1201 3499 daemonia.
1229 3436 1355 3500 Hoc
1386 3456 1533 3517 ergo
1565 3438 1845 3519 perversi
1879 3438 2364 3520 dixer-unaquo-

869 3535 1039 3597 niam
1071 3534 1254 3596 aliter
1284 3534 1527 3597 salvare
1560 3555 1682 3598 non
1716 3542 2004 3616 poterant
2042 3538 2360 3616 quomodo

866 3640 956 3696 tot
988 3632 1304 3695 mirabilia
1347 3632 1575 3705 facere,
1612 3642 1828 3714 totque
1865 3640 2108 3701 secreta
2155 3641 2217 3695 et
2264 3634 2363 3696 fu-

867 3739 1010 3793 tura
1042 3749 1341 3804 reserare,
1376 3738 1438 3792 et
1479 3739 1603 3792 tam
1645 3731 1903 3794 subtilia
1931 3751 2004 3794 ac
2046 3730 2363 3813 profunda

867 3831 1113 3902 docere,
1169 3848 1294 3892 non
1350 3829 1697 3891 instructus
1749 3829 1829 3890 ab
1884 3828 2164 3905 homine,
2221 3848 2363 3912 pos-

867 3936 982 3999 set,
1019 3927 1140 3990 nisi
1177 3929 1346 4010 quod
1381 3928 1481 3989 vel
1511 3947 1548 3989 a
1584 3928 1706 3990 Deo
1739 3928 1838 3989 vel
1873 3947 1910 3989 a
1943 3928 2195 3991 diabolo
2228 3929 2364 3991 haec

870 4026 1149 4087 haberet.
1200 4025 1551 4089 Noluerunt
1605 4032 1813 4087 autem
1876 4027 2133 4088 credere
2192 4028 2362 4107 quod

870 4123 1129 4185 haberet
1167 4142 1241 4185 ea
1276 4143 1312 4185 a
1349 4123 1494 4197 Deo,
1533 4131 1792 4206 propter
1832 4124 2096 4185 nimiam
2142 4124 2362 4206 displi-

2473 3152 2569 3206 est
2610 3144 2687 3204 de
2732 3142 2909 3205 nullo
2953 3142 3248 3222 gaudere,
3282 3140 3403 3203 nisi
3452 3159 3565 3224 per
3606 3142 3779 3223 quod
3828 3162 3975 3223 pro-

2472 3259 2807 3305 movemur
2849 3240 3016 3322 apud
3067 3239 3306 3319 Deum3
3352 3240 3431 3301 de
3478 3238 3658 3301 nullo
3704 3258 3969 3321 quoque

2472 3340 2707 3413 dolere,
2762 3338 2884 3400 nisi
2935 3356 3051 3420 per
3096 3338 3270 3419 quod
3315 3357 3352 3400 a
3390 3337 3515 3401 Deo
3556 3338 3963 3400 abducimur.

2552 3438 2626 3500 Et
2670 3456 2751 3499 ne
2796 3437 2992 3499 Judaei
3036 3436 3319 3499 dicerent
3366 3436 3634 3510 Christo,
3686 3435 3969 3497 Inaniter

2470 3545 2533 3598 te
2580 3554 2865 3607 excusem,
2907 3534 3187 3614 adjecit:
3226 3537 3357 3611 qu
3400 3554 3527 3595 mm
3569 3554 3783 3614 quoero
3822 3539 3969 3613 ylo—
4094 3540 4155 3595 50

2470 3638 2645 3695 riam
2692 3654 2923 3694 meam.
2957 3631 3177 3695 Simile
3224 3638 3319 3694 est
3366 3632 3536 3714 quod
3587 3652 3780 3714 supra
3818 3634 3961 3695 ait:

2471 3732 2827 3795 Claritatem
2856 3730 2935 3792 ab
2962 3731 3328 3795 hominibus
3361 3750 3485 3793 non
3514 3731 3965 3813 accipio.Quod
4032 3745 4217 3787 lom-v-

2470 3831 2789 3913 quomodo
2838 3848 3059 3891 verum
3120 3829 3223 3903 sit,
3268 3829 3399 3891 illic
3446 3829 3781 3911 diligenter
3838 3839 3969 3892 tra-
3994 3812 4060 3852 ‘¹’

2472 3937 2706 3992 etatum
2737 3928 3121 3991 est.Certum
3153 3934 3247 3989 est
3276 3928 3446 3990 enim
3477 3930 3647 4009 quod
3678 3928 3970 3991 Christus

2469 4028 2653 4111 jubet
2681 4046 2748 4089 se
2791 4028 3060 4100 adorari,
3096 4026 3415 4102 honorari,
3450 4027 3710 4108 suisque
3748 4028 3971 4091 verbis

2473 4126 2537 4187 in
2589 4125 2887 4189 omnibus
2931 4124 3176 4187 obediri
3223 4144 3237 4187 :
3284 4124 3479 4187 trium
3530 4126 3701 4187 enim
3752 4125 3973 4189 Perso-

869 4222 1139 4285 centiam
1187 4230 1378 4304 atque
1437 4223 1740 4285 invidiam
1802 4242 1996 4303 quam
2055 4241 2365 4304 concepe-
2397 4227 2443 4289 D
2476 4244 2702 4287 narum
2732 4242 2859 4285 una
2896 4232 2994 4285 est
3034 4223 3256 4303 gloria.
3292 4222 3523 4285 Verum
3554 4222 3840 4285 Christus
3874 4243 3974 4286 se-

871 4327 1020 4382 runt
1049 4321 1113 4381 in
1145 4338 1292 4383 eum
1327 4339 1340 4382 :
1378 4320 1517 4383 ideo
1546 4321 1758 4383 omnia
1793 4320 1942 4382 talia
1977 4321 2365 4402 deputabant

868 4418 1139 4491 diabolo,
1183 4419 1718 4499 quemadmodum
1768 4419 1934 4498 magi
1985 4427 2047 4481 et
2095 4419 2365 4500 arrepti-

870 4518 950 4580 cii
995 4525 1187 4598 atque
1230 4516 1540 4599 pythones
1588 4517 1751 4578 mira
1793 4517 2008 4598 aliqua
2050 4525 2114 4579 et
2155 4517 2367 4580 occul-

870 4622 931 4675 ta
974 4622 1318 4696 operantur
1359 4633 1433 4676 ac
1474 4615 1771 4694 pandunt.
1805 4612 1923 4676 Sed
1966 4615 2030 4676 in
2072 4617 2192 4680 hoc
2232 4618 2365 4680 elu-

870 4714 1065 4776 cescit
1105 4713 1460 4775 Judaeorum
1515 4713 1908 4776 intoleranda
1957 4716 2359 4795 perversitas

869 4810 1022 4873 Nam
1064 4811 1264 4873 multa
1301 4810 1609 4873 miracula
1638 4811 1867 4874 Christi
1903 4830 2156 4875 omnem
2194 4822 2367 4876 natu-

872 4910 1066 4972 ralem
1116 4916 1489 4992 potestatem
1542 4911 2086 4984 transcenderunt,
2129 4920 2194 4973 et
2241 4919 2367 4976 tota

874 5008 1160 5071 doctrina
1199 5015 1260 5069 et
1305 5008 1697 5070 conversatio
1741 5007 1880 5089 ejus
1930 5010 2370 5090 repugnabant

876 5106 1147 5169 diabolo.
1196 5105 1455 5187 Propter
1497 5107 1666 5187 quod
1712 5106 2054 5168 subditur:

955 5207 1308 5282 Respondit
1348 5204 1528 5265 Jesus
1557 5226 1580 5265 .·
1611 5208 1748 5282 Eyo
1795 5207 2190 5267 dcemonium
2240 5227 2367 5268 non

2475 4325 2756 4386 cundum
2788 4323 2951 4403 quod
2986 4322 3196 4394 homo,
3224 4339 3347 4384 non
3378 4321 3675 4403 quaesivit
3698 4321 3971 4402 gloriam

2475 4421 2865 4493 saecularem,
2900 4420 3295 4481 mundanum
3339 4420 3668 4491 honorem,
3715 4420 3813 4482 vel
3856 4420 3975 4482 ali-

2475 4538 2667 4601 quam
2698 4519 3063 4591 vanitatem,
3098 4517 3265 4579 sicut
3294 4516 3719 4598 opinabantur
3743 4518 3969 4581 Judaei.

2473 4616 3058 4698 Incomparabiliter
3107 4615 3298 4696 igitur
3339 4615 3553 4677 minus
3604 4624 3841 4697 spectat
3893 4618 3971 4678 ad

2476 4735 2591 4779 nos
2621 4715 2966 4778 vilissimos
2999 4721 3357 4796 peccatores
3386 4732 3672 4796 quaerere
3698 4714 3967 4795 gloriam

2479 4814 2822 4897 propriam,
2867 4812 3031 4875 velle
3069 4812 3404 4883 dominari,
3450 4830 3737 4893 praeesse,
3771 4812 3971 4893 glori-

2476 4910 2679 4973 ficari.
2713 4910 2889 4972 Unde
2927 4928 3003 4971 ex
3042 4910 3254 4973 animo
3294 4910 3579 4972 dicamus
3619 4929 3761 4972 cum
3800 4910 3969 4992 Apo—

2477 5010 2637 5073 stolo
2672 5027 2685 5071 :
2720 5008 2845 5071 Soli
2889 5007 3012 5071 Deo
3061 5008 3263 5071 honor
3316 5014 3377 5070 et
3420 5008 3641 5088 gloria.
3693 5010 3809 5069 Est
3844 5012 3968 5089 qui
3996 5022 4211 5069 triam?-

2476 5117 2727 5189 quoerat
2766 5117 2824 5167 et
2857 5108 3140 5185 judicet,
3175 5108 3236 5169 id
3280 5115 3395 5179 est,
3429 5106 3591 5169 Deus
3642 5106 3816 5168 Pater
3866 5108 3965 5171 vel

2479 5206 2749 5268 Trinitas
2795 5205 3075 5287 requiret
3111 5224 3148 5266 a
3184 5204 3365 5267 vobis
3404 5206 3571 5286 quod
3618 5224 3743 5267 non
3784 5205 3970 5286 glori-

878 5304 1072 5363 habeo
1103 5311 1570 5384 cooperatorem
1600 5312 1663 5365 et
1692 5302 2071 5366 familiarem
2108 5322 2121 5367 :
2158 5306 2373 5368 omnia
2480 5304 2721 5367 ficastis
2749 5322 2853 5367 me
2891 5312 3191 5385 tanquam
3230 5320 3448 5368 verum
3484 5302 3712 5365 Filium
3744 5302 3874 5379 Dei,
3908 5311 3969 5365 et
