4300 6259
66 1497 313 1548 Imaum.

76 1985 231 2036 Yobnv,
248 1988 291 2028 2¹
303 2017 315 2028 .

74 2279 103 2321 ll
114 2280 195 2322 Cor

1124 523 1481 570 ENARRATlo
1523 523 1587 568 m
1628 523 1767 569 CAP.
1814 523 1918 568 xvl
1960 522 2150 567 LUGAE.
2198 542 2278 552 —
2319 523 2463 568 ΛΒΤ.
2510 523 2702 568 XXXIX

3346 500 3462 564 119

350 694 575 758 rabola
608 695 747 770 ista,
782 697 1135 758 secundum
1167 695 1629 776 expositionem
1671 693 1857 767 hanc,
1889 689 1940 750 A
1972 702 2354 768 mereantur,
2389 695 2924 774 quemadmodum
2955 696 3034 757 ad
3063 694 3462 756 Timotheum

348 813 484 856 non
531 801 709 856 tenet
758 795 823 856 in
864 793 1165 859 omnibus
1198 809 1211 852 ε
1251 794 1405 875 quia
1440 801 1502 854 et
1539 810 1727 855 omne
1778 791 1863 852 si-

347 890 531 964 mile,
583 898 681 953 est
736 891 955 972 aliquo
1014 892 1203 954 modo
1262 890 1627 969 dissimile3
1678 889 1862 950 aliter

350 989 527 1051 idem
570 999 757 1064 esset,
804 1008 931 1052 non
978 989 1213 1051 simile.
1256 989 1393 1052 Non
1443 1006 1593 1068 ergo
1642 1005 1861 1048 neces-

348 1106 421 1150 se
464 1097 561 1150 est
602 1095 671 1150 ut
709 1088 1011 1169 parabola
1053 1105 1165 1150 seu
1210 1086 1567 1150 similitudo
1610 1103 1862 1168 semper

346 1195 631 1268 quatuor
694 1187 967 1268 pedibus
1026 1193 1259 1248 currat.
1322 1185 1590 1248 Possunt
1648 1193 1860 1246 tamen

348 1303 471 1366 per
508 1293 769 1347 centum
820 1285 1007 1348 cados
1060 1285 1356 1347 universa
1404 1285 1697 1346 humanae
1741 1282 1865 1344 fra-

342 1383 617 1464 gilitatis
668 1391 925 1465 peccata
972 1383 1234 1462 signari,
1279 1383 1433 1464 quia
1484 1389 1551 1443 ut
1597 1381 1863 1445 lacobus

344 1482 462 1556 ait,
500 1483 567 1544 in
610 1481 830 1544 multis
873 1480 1267 1544 offendimus
1315 1499 1559 1544 omnes.
1591 1479 1708 1553 Qui
1757 1499 1867 1541 au-

348 1589 483 1642 tem
526 1580 669 1642 vult
708 1581 833 1642 sibi
875 1579 1117 1661 ignosci
1150 1599 1187 1640 a
1216 1579 1362 1652 Deo,
1397 1578 1585 1641 debet
1625 1586 1688 1642 et
1722 1579 1863 1640 aliis

347 1678 635 1740 libenter
684 1678 1035 1759 ignoscere.
1074 1679 1389 1756 Dioeitque
1434 1679 1544 1737 illi
1578 1699 1602 1737 .·
1631 1680 1867 1756 Accipe

344 1780 725 1838 cautionem
760 1787 967 1846 tuam,
999 1776 1062 1838 id
1094 1783 1191 1838 est
1220 1776 1505 1837 chartam
1536 1775 1602 1837 in
1634 1794 1761 1855 qua
1788 1775 1863 1836 ad

1972 792 2195 855 scribit
2233 793 2570 875 Apostolus
2607 813 2620 856 :
2656 795 2968 856 Divitibus
3010 794 3202 874 hujus
3249 791 3464 855 saeculi
3535 803 3754 855 {Timar

1973 893 2248 974 praecipe
2287 912 2414 955 non
2453 893 2730 955 sublime
2768 911 3010 974 sapere,
3055 911 3174 954 nec
3212 909 3466 974 sperare
3497 871 3560 917 ¹⁷¹
3583 869 3649 910 ¹⁸·

1972 990 2037 1052 in
2082 991 2321 1054 incerto
2359 991 2748 1062 divitiarum,
2784 993 2892 1054 sed
2935 991 3122 1053 facile
3160 990 3462 1052 tribuere.

2054 1092 2139 1150 Ει
2185 1093 2484 1150 laudavit
2526 1093 2830 1152 dominus
2873 1091 3172 1151 villicum
3219 1090 3469 1168 iniqui·
3609 1093 3646 1148 8

1975 1191 2147 1258 tatia,
2181 1188 2243 1248 id
2275 1195 2371 1249 est
2399 1188 2898 1268 dispensatorem
2929 1188 3122 1250 istum
3155 1187 3469 1270 iniquum,

1974 1287 2086 1368 qui
2119 1293 2183 1347 et
2219 1293 2365 1347 ante
2396 1285 2561 1348 bona
2600 1285 2699 1346 sui
2744 1285 2983 1348 domini
3023 1285 3375 1366 dissipavit,
3410 1291 3473 1345 et

1975 1403 2147 1446 nunc
2197 1385 2274 1446 de
2323 1383 2578 1447 residuo
2626 1381 2870 1444 furtum
2923 1383 3264 1456 commisit,
3315 1384 3473 1462 quia

1968 1486 2331 1560 prudenter
2357 1484 2580 1560 eyisset
2610 1503 2632 1541 .·
2664 1482 2728 1543 id
2767 1489 2882 1555 est,
2918 1500 3044 1545 non
3085 1482 3163 1543 de
3200 1480 3371 1543 furto
3413 1487 3478 1541 et

1977 1582 2430 1662 dilapidatione
2462 1582 2551 1644 rei
2583 1581 2806 1644 alienae
2834 1599 2980 1643 eum
3011 1581 3306 1653 laudavit,
3330 1597 3478 1661 quo-

1978 1679 2145 1742 niam
2195 1680 2332 1741 laus
2376 1680 2642 1743 debetur
2682 1680 2924 1753 virtuti,
2961 1699 3086 1742 non
3128 1680 3323 1757 vitio;
3365 1678 3475 1740 sed

1977 1780 2054 1840 dc
2094 1780 2369 1860 quadam
2407 1780 2738 1860 apparenti
2784 1779 3122 1861 prudentia
3155 1797 3168 1839 :
3203 1795 3347 1859 quae
3389 1785 3478 1838 ta-

348 1875 673 1937 cautelam
705 1873 1091 1936 describitur
1119 1871 1327 1936 forma
1366 1879 1723 1936 contractus
1754 1889 1867 1933 seu
1908 1878 1951 1939 B
1976 1895 2121 1939 men
2167 1897 2291 1940 non
2331 1877 2456 1938 suit
2495 1897 2643 1939 vera
2683 1877 3038 1959 prudentia,
3073 1878 3182 1938 sed
3224 1875 3479 1956 injusti-

348 1973 651 2037 debitum
685 1993 699 2036 :
734 1992 879 2055 quae
916 1993 953 2034 a
993 1972 1187 2036 Tobia
1231 1972 1723 2053 chirographum
1768 1991 1869 2052 ap-

350 2074 657 2156 pellatur.
705 2076 870 2135 Sede
917 2075 1065 2133 cito.
1120 2071 1421 2134 Celeriter
1467 2071 1640 2132 enim
1686 2088 1871 2150 agen-

350 2174 433 2235 da
478 2180 631 2234 sunt
679 2172 867 2245 bona,
911 2179 975 2232 et
1018 2171 1370 2252 praesertim
1418 2169 1868 2232 misericordiae

196 2285 316 2329 .ιι.τ-
348 2289 576 2353 opera.
611 2269 788 2332 Sicut
826 2270 1002 2332 enim
1044 2269 1335 2341 hilarem,
1371 2269 1457 2329 ita
1496 2276 1557 2329 et
1596 2267 1869 2329 celerem

350 2372 647 2433 datorem
688 2368 896 2448 diligit
938 2366 1126 2428 DeuS.
1165 2366 1238 2428 Et
1276 2366 1389 2448 qui
1430 2367 1556 2428 cito
1599 2366 1725 2438 dat,
1773 2365 1871 2426 bis

348 2469 505 2542 dat;
554 2466 757 2529 nescit
796 2466 969 2539 dare,
1002 2464 1116 2546 qui
1156 2465 1305 2527 dare
1343 2465 1567 2527 tardat.
1611 2463 1874 2544 Propter

348 2567 533 2648 quod
580 2565 809 2628 asserit
861 2563 1255 2645 Augustinus
1301 2582 1314 2625 :
1358 2562 1435 2624 Et
1486 2581 1619 2624 rem
1666 2562 1875 2644 perdit

350 2673 417 2726 et
460 2665 789 2736 meritum,
834 2663 950 2743 qui
990 2679 1337 2743 pauperem
1388 2661 1652 2724 molesta
1698 2679 1873 2723 mora

1976 1976 2104 2052 tia;
2146 1983 2422 2038 attamen
2463 1976 2706 2057 aliquid
2749 1976 2958 2037 simile
2999 1994 3162 2037 verae
3203 1976 3480 2056 pruden-

1979 2073 2083 2134 tiae
2132 2073 2196 2135 in
2248 2073 2388 2153 ejus
2449 2093 2640 2156 opere
2692 2072 2832 2148 fuit,
2889 2093 3034 2135 nam
3094 2073 3479 2135 industriose

1981 2172 2103 2234 sibi
2160 2173 2458 2253 providit,
2512 2180 2574 2234 et
2619 2179 2802 2234 acute
2853 2172 3250 2252 excogitavit.
3303 2171 3478 2232 Unde

1982 2277 2045 2332 et
2079 2271 2356 2333 laudatio
2388 2271 2528 2350 ejus
2561 2290 2686 2333 non
2719 2269 2840 2332 fuit
2873 2270 3007 2331 laus
3038 2270 3345 2342 absoluta,
3369 2271 3480 2332 scd

1982 2370 2335 2431 secundum
2365 2369 2544 2450 quid.
2579 2369 2768 2431 Multo
2801 2369 2998 2448 magis
3029 2368 3335 2440 ChristuS,
3367 2369 3480 2448 qui

1982 2467 2230 2528 nullum
2283 2468 2555 2529 sustinet
2605 2468 2930 2540 damnum,
2975 2475 3037 2528 et
3075 2484 3224 2529 vere
3273 2466 3484 2547 piissi-

1985 2585 2125 2627 mus
2177 2575 2292 2637 est,
2343 2565 2624 2628 laudabit
2672 2565 2961 2646 praelatos
3008 2584 3081 2626 ac
3131 2565 3379 2637 diviteS,
3427 2564 3480 2626 si

1982 2664 2256 2726 subditis
2287 2673 2348 2726 et
2377 2665 2593 2745 egenis
2624 2664 3067 2726 misericordes
3097 2663 3476 2725 exstiterint.

112 2777 321 2829 Pomm.
351 2761 720 2844 suspendit.
774 2761 934 2823 Hinc
987 2759 1279 2824 Salomon
1329 2760 1417 2821 ait
1469 2778 1483 2820 ε
1536 2758 1625 2820 Νο
1674 2759 1867 2832 dicaS,
2065 2765 2234 2831 Quia
2271 2765 2406 2840 filii
2443 2763 2642 2840 hujus
2681 2765 2923 2835 soeculi,
2972 2763 3034 2823 id
3083 2769 3177 2824 est
3226 2762 3483 2824 dilecto-

75 2841 135 2884 ’δ’
350 2861 553 2934 Vade,
606 2879 745 2924 cras
798 2859 961 2922 dabo
1010 2859 1152 2930 tibi,
1205 2877 1408 2939 quum
1464 2857 1677 2920 statim
1723 2858 1873 2919 dare
1984 2881 2084 2924 res
2125 2861 2371 2932 mundi,
2406 2860 2520 2941 qui
2559 2861 2870 2923 mundum
2903 2861 3095 2922 istum
3133 2879 3248 2941 pro
3281 2860 3483 2941 patria

354 2959 595 3041 possiS.
618 2960 923 3021 Rescribe
943 2958 1452 3037 quinquaqinta.
1478 2955 1712 3036 Sicque
1742 2973 1873 3017 me-
1982 2968 2217 3033 amant,
2263 2959 2327 3020 in
2372 2958 2640 3020 terrenis
2692 2959 3103 3020 hereditatem
3156 2965 3478 3039 exoptant,

351 3058 533 3120 diam
580 3064 827 3138 partem
871 3055 1157 3118 dimittit·
1906 3061 1951 3124 C
1982 3058 2216 3122 saeculo
2279 3076 2346 3120 se
2413 3056 2829 3128 conformant,
2892 3056 3482 3136 temporalibusque

174 3155 205 3209 '1
435 3158 695 3218 Deinde
721 3157 880 3227 alio,
914 3154 1269 3216 secundum
1306 3153 1636 3233 antiquam
1669 3170 1873 3232 gram·
1983 3157 2196 3239 potius
2225 3175 2418 3237 quam
2462 3155 2698 3217 divinis
2737 3154 2964 3216 intenti
3007 3161 3158 3216 sunt
3191 3171 3203 3216 τ
3237 3155 3315 3217 de
3344 3153 3483 3235 qui-

354 3254 687 3326 maticam,
739 3252 804 3314 id
864 3260 963 3314 est
1016 3251 1222 3324 alteri,
1274 3251 1452 3310 dimit
1502 3270 1525 3309 .·
1580 3253 1677 3311 Tu
1724 3269 1869 3309 vero

351 3361 689 3433 quantum
728 3352 956 3412 debes?
1008 3351 1136 3418 Qui
1177 3350 1273 3408 ait
1316 3368 1339 3407 .·
1383 3349 1647 3408 Centum
1696 3366 1869 3406 coros

354 3451 595 3514 critici.
648 3449 846 3512 Corus
897 3448 1002 3510 hic
1052 3447 1329 3509 sumitur
1380 3464 1496 3528 pro
1544 3463 1863 3506 mensura.

350 3553 481 3613 Ait
518 3549 629 3608 illi
656 3569 681 3608 .·
709 3549 949 3624 Accipe
993 3548 1243 3606 litteras
1286 3555 1431 3605 tuas
1468 3548 1640 3625 (quae
1682 3541 1869 3623 paulo

350 3659 509 3712 ante
548 3648 735 3712 dictae
772 3653 925 3708 sunt
963 3644 1219 3724 cautio),
1258 3653 1318 3704 et
1353 3645 1553 3703 scribe
1586 3643 1869 3720 octogin-

353 3761 449 3810 ta.
488 3747 615 3811 Cur
661 3745 875 3808 minus
922 3742 1167 3804 dimisit
1209 3741 1359 3803 huic
1398 3758 1592 3821 quam
1637 3757 1865 3821 praece-

352 3846 579 3910 denti?
608 3843 1072 3924 Respondetur‚
1100 3840 1271 3920 quod
1304 3839 1380 3901 ad
1410 3837 1867 3899 insinuandum

352 3943 536 4025 quod
596 3937 1131 4020 indigentioribus
1193 3935 1393 4016 magis
1450 3935 1532 3996 sit
1588 3935 1872 3996 tribuen-

353 4044 553 4118 dum3
586 4057 833 4111 rursuiS,
868 4037 946 4098 ad
990 4035 1389 4097 innuendum
1429 4034 1601 4114 quod
1636 4033 1871 4095 cordia-

354 4140 491 4201 lius
521 4136 869 4199 debeamus
901 4132 1337 4214 indigentibus
1369 4131 1644 4212 compati
1676 4149 1867 4210 quam

358 4332 601 4417 passio,
626 4331 841 4393 tritico
870 4337 1083 4390 autem
1115 4326 1451 4388 subventio
1481 4326 1866 4405 designatur.

462 4432 685 4511 Itaque
740 4429 820 4490 ad
878 4427 999 4490 hoc
1058 4424 1343 4489 Christus
1403 4424 1567 4485 hanc
1623 4423 1872 4485 induxit

360 4528 758 4615 parabolam,
795 4533 866 4588 ut
904 4525 1178 4588 sciamus
1215 4523 1385 4603 quod
1426 4521 1591 4583 sicut
1620 4522 1874 4603 dispen-

357 4638 539 4693 sator
576 4625 691 4708 qui
737 4625 817 4686 de
855 4622 1043 4687 bonis
1083 4620 1323 4683 domini
1374 4619 1472 4680 sui
1522 4619 1674 4680 fecit
1719 4618 1875 4680 libe-

360 4728 683 4790 ralitatem
724 4731 788 4784 et
826 4719 1269 4792 curialitatem,
1306 4718 1371 4779 in
1413 4717 1669 4780 illorum
1713 4735 1874 4780 rece-

364 4835 519 4908 ptus
556 4831 652 4885 est
692 4819 991 4884 domibus
1030 4816 1267 4899 quibus
1305 4815 1516 4878 taliter
1556 4814 1707 4877 fecit
1741 4835 1754 4878 :
1791 4817 1877 4878 ita

362 4932 427 4986 et
462 4940 579 4984 nos
610 4920 691 4982 de
720 4917 907 4980 bonis
941 4914 1124 4978 nobis
1165 4913 1503 4986 concessiS,
1534 4913 1677 4976 aliis
1708 4933 1879 4976 com-

1979 3254 2101 3318 bus
2148 3254 2418 3316 Joannes
2477 3253 2652 3326 dicit,
2707 3252 2832 3334 lpsi
2883 3253 2960 3314 de
3009 3252 3248 3314 mundo
3307 3261 3768 3325 sunt,1.eoann.1v,

1980 3353 2122 3416 ideo
2152 3354 2229 3414 de
2270 3352 2508 3414 mundo
2549 3351 2920 3431 loquuntur,
2956 3357 3018 3411 et
3057 3350 3335 3412 mundus
3373 3369 3479 3414 eos
3507 3335 3548 3376 ³·

1978 3451 2178 3513 audit.
2233 3449 2410 3512 Tales
2459 3450 2536 3511 ad
2587 3449 2780 3510 Deum
2843 3467 2968 3512 non
3029 3447 3369 3529 pertinent,
3419 3455 3482 3510 et

1981 3551 2350 3630 frequenter
2408 3547 2633 3610 mundi
2695 3547 2953 3610 nomine
3009 3546 3476 3627 exprimuntur.

1980 3649 2064 3710 De
2104 3648 2342 3728 quibus
2389 3644 2674 3726 loquitur
2710 3644 2907 3706 Filius
2953 3644 3060 3707 Dei
3099 3643 3262 3705 Patri
3303 3651 3484 3706 aeter-

1982 3765 2063 3808 no
2122 3765 2135 3808 ε
2187 3743 2322 3807 Νοῃ
2374 3762 2490 3825 pro
2543 3744 2782 3806 mundo
2831 3760 3002 3822 rogo,
3057 3743 3166 3805 sed
3217 3760 3332 3823 pro
3381 3741 3479 3803 his
3506 3763 3775 3814 Joanmvn,

1980 3863 2141 3925 quos
2203 3841 2431 3904 dedisti
2496 3841 2653 3903 mihi
2715 3843 2793 3903 de
2854 3840 3114 3912 mundo,
3176 3839 3330 3920 quia
3385 3841 3478 3902 tui
3505 3828 3548 3869 ⁹·

1980 3949 2152 4005 sunt.
2185 3940 2264 4003 Ut
2301 3958 2450 4020 ergo
2489 3958 2614 4002 non
2657 3939 2857 4000 simus
2898 3940 2975 4000 de
3008 3955 3277 4002 numero
3315 3937 3483 4002 filio-

1982 4059 2123 4102 rum
2185 4038 2401 4100 saeculi
2461 4037 2679 4117 hujus,
2739 4036 3254 4116 obtemperemus
3311 4037 3479 4117 Apo-

1982 4136 2142 4200 stolo
2192 4135 2546 4197 exhortanti
2592 4153 2605 4197 ε

1982 4341 2149 4394 strae.
2191 4332 2681 4399 PrudentioreS,
2729 4330 2848 4392 hoc
2896 4336 2993 4392 est
3039 4330 3374 4392 astutiores
3421 4338 3487 4392 et

1983 4429 2418 4510 diligentiores
2454 4429 2518 4490 in
2561 4429 3014 4510 temporalibus
3051 4428 3480 4508 acquirendiS,

1984 4527 2436 4592 conservandis
2486 4535 2549 4588 et
2595 4526 3030 4608 expediendiS,
3082 4529 3246 4604 filiis
3296 4529 3483 4595 lucis,

1986 4626 2049 4688 id
2090 4633 2186 4686 est
2225 4623 2468 4686 devotis
2507 4630 2570 4684 et
2610 4623 3050 4704 spiritualibus
3091 4623 3481 4698 hominibuS,

1984 4728 2061 4785 in
2094 4723 2510 4800 ,qeneratione
2546 4741 2666 4782 sua
2707 4723 2965 4794 carnali,
3008 4722 3126 4784 hoe
3176 4729 3273 4783 est
3321 4721 3487 4783 inter

1988 4840 2158 4893 sum,
2199 4829 2376 4880 sunt.
2425 4819 2552 4882 Hoc
2592 4820 2840 4893 dicitur,
2887 4839 3010 4882 non
3049 4820 3222 4899 quod
3267 4819 3484 4900 impiis

1990 4918 2141 4980 insit
2181 4934 2330 4977 vera
2369 4917 2728 4996 prudentia,
2774 4935 2974 4998 quum
3019 4915 3184 4978 dicat
3223 4916 3486 4999 Aposto-

2649 4133 2852 4196 Nolite
2900 4133 3280 4196 conformari
3331 4135 3481 4197 huic
3522 4147 3771 4200 Roman&

356 4251 743 4300 succurrere
788 4232 1137 4296 valeamus·
1181 4229 1329 4292 0¹⁶0
1379 4247 1655 4308 namque
1698 4247 1870 4291 Gom·
1903 4237 1953 4299 D
1982 4234 2251 4300 saeculo:
2285 4234 2393 4294 sed
2427 4231 2818 4294 renovamini
2851 4233 3080 4312 spiritu
3115 4233 3346 4294 mentis
3379 4251 3483 4294 ve·
3509 4209 3676 4316 ἕξω·
3712 4223 3771 4264 Ν*

364 5019 703 5084 municare
752 5015 1103 5081 debemus:
1155 5019 1219 5075 et
1267 5011 1587 5092 praecipue
1649 5011 1876 5074 divites
1990 5015 2115 5092 lus,
2146 5012 2484 5074 Prudentia
2516 5013 2722 5074 carnis
2755 5031 2922 5076 mors
2951 5019 3086 5092 est3
3119 5013 3486 5076 Aristoteles
3515 5035 3776 5085 noma-ms.

366 5118 588 5184 saeculi
636 5116 857 5196 hujus,
893 5112 1285 5196 pauperibus
1324 5111 1559 5173 debent
1601 5111 1882 5174 liberali·
1990 5129 2250 5193 quoque
2292 5110 2355 5171 in
2399 5109 2637 5172 Ethicis
2679 5111 2923 5192 probat,
2956 5112 3126 5192 quod
3171 5111 3322 5174 solis
3362 5111 3490 5172 vir-

367 5227 469 5280 ter
516 5213 887 5287 subvenire,
940 5219 1011 5273 ut
1062 5229 1173 5292 per
1221 5210 1342 5272 hoc
1390 5209 1456 5270 in
1507 5211 1695 5272 domo
1746 5210 1882 5272 illo-
1994 5209 2194 5273 tuosis
2247 5208 2398 5268 insit
2446 5209 2827 5288 prudentia:
2863 5210 2970 5271 sed
3022 5209 3161 5271 ideo
3205 5208 3488 5271 Christus

376 5335 547 5390 rum,
600 5313 668 5376 id
727 5319 824 5374 est
881 5311 949 5372 in
1009 5325 1203 5389 regno
1260 5305 1590 5381 eoelorum,
1644 5307 1881 5389 suscipi
2000 5308 2092 5370 sie
2140 5305 2448 5388 loquitur,
2488 5305 2640 5386 quia
2684 5307 2988 5369 mundani
3039 5306 3327 5370 homines
3367 5307 3492 5371 sol-
