4300 6259
1139 528 1493 575 mAnMTlo
1537 527 1601 572 m
1644 526 1781 573 cn.
1829 525 1892 570 Vl
1934 523 2212 572 JOANNIS.
2257 544 2338 554 —
2380 525 2520 571 ΛΒΤ.
2567 524 2671 570 xv1

3331 509 3450 572 383

332 697 530 759 lestia
587 716 660 760 ac
716 699 936 763 divina
982 706 1111 763 toto
1160 698 1398 761 affectu
1446 698 1777 780 requirere
1829 715 1843 758 ε
1876 696 1929 758 Α
1957 714 2072 778 per
2110 695 2256 773 fuit,
2287 704 2351 760 et
2390 716 2616 780 parum
2649 697 2747 761 vel
2788 696 2948 759 nihil
2979 714 3193 759 secum
3222 695 3452 759 detulit

60 815 296 864 Colman,
330 803 665 876 quatenus
704 814 849 858 cum
881 796 1182 879 Apostolo
1221 816 1366 878 quae
1404 815 1659 858 sursum
1701 802 1852 858 sunt

44 882 133 928 ¹¹²·
331 911 711 975 quaeramus
759 913 831 956 ac
889 895 1235 976 sapiamus,
1290 914 1413 959 non
1464 913 1609 976 quae
1657 911 1851 975 super

42 1014 301 1070 murman,
333 1000 625 1073 terram3
677 999 741 1055 et
788 1011 933 1075 quae
982 1001 1150 1057 retro
1198 1001 1345 1057 sunt
1386 993 1591 1066 obliti,
1628 993 1691 1056 in
1742 1011 1852 1053 an-

46 1080 103 1120 ¹·''·
333 1091 581 1153 teriora
620 1091 1037 1154 extendamus
1078 1111 1191 1156 nos
1233 1092 1429 1175 ipSOS‚
1464 1090 1679 1154 omnia
1709 1108 1853 1151 sen-

78 1211 191 1255 [bid.
216 1215 255 1254 s.
334 1189 563 1252 sibilia
621 1209 783 1252 vana
831 1198 1021 1272 atque
1070 1193 1309 1254 caduca
1354 1189 1733 1252 arbitrantes
1786 1194 1854 1248 ut

335 1296 645 1363 stercora,
676 1297 747 1350 ut
776 1289 1288 1370 superinvisibili
1322 1288 1445 1352 Deo
1474 1287 1721 1349 ardenti
1752 1287 1852 1348 de-

336 1386 582 1450 siderio
632 1386 953 1449 uniamur.
1000 1390 1083 1450 Ec
1124 1389 1221 1448 ibi
1263 1389 1515 1448 sedebat
1560 1406 1705 1446 cum
1748 1387 1853 1445 cli-

333 1487 615 1562 scipulis
660 1487 821 1557 suis,
878 1487 1111 1548 docens
1160 1503 1288 1559 eos,
1340 1493 1403 1547 et
1450 1483 1849 1546 latitudinem

339 1591 531 1645 terrae
569 1602 763 1665 quam
808 1583 1093 1647 condidit
1139 1583 1688 1665 circumspicienS,
1722 1600 1853 1643 ma-

334 1681 439 1761 gis
470 1689 683 1744 autem
719 1681 1185 1744 habitatoribus
1212 1690 1396 1744 terrae
1432 1680 1846 1763 compatienS,

338 1780 571 1862 eisque
612 1780 909 1842 auxiliari
955 1799 1343 1863 proponenS.

1956 798 2033 859 de
2074 804 2333 879 argento
2377 805 2441 859 et
2481 816 2656 861 auro.

2036 898 2175 957 Hoc
2210 905 2429 957 autem
2465 898 2714 956 dicebat
2755 905 3006 956 tentans
3043 914 3210 965 eum,
3252 901 3454 956 tenta—
3597 905 3632 960 6

1957 992 2127 1056 tione
2170 994 2291 1075 piae
2330 993 2722 1076 probationis
2761 993 3065 1056 ordinatae
3100 993 3179 1054 ad
3220 993 3454 1054 instru-

1959 1091 2258 1166 ctionem,
2309 1097 2437 1174 qua
2483 1093 2751 1155 tentavit
2799 1099 2861 1154 et
2905 1091 3220 1154 Abraham
3267 1109 3281 1154 t
3325 1110 3451 1154 non
3483 1110 3745 1162 Gemma.

1958 1191 2305 1254 tentatione
2361 1191 2752 1254 seductionis
2809 1191 3111 1254 ordinatae
3167 1193 3244 1254 ad
3304 1209 3455 1254 con-

1958 1287 2299 1364 fusionem,
2334 1290 2412 1351 de
2459 1309 2586 1370 qua
2632 1288 2901 1352 lacobus
2946 1289 3034 1350 ait
3083 1289 3146 1350 in
3193 1307 3308 1350 sua
3347 1288 3456 1352 Ca·-

1960 1388 2190 1450 nonica
2224 1407 2237 1450 :
2269 1387 2465 1451 Nemo
2503 1395 3049 1474 quum-tentatur,
3093 1388 3259 1450 dicat
3299 1388 3454 1469 quia
3476 1406 3744 1458 Μυκη.

1958 1504 1995 1547 a
2024 1485 2148 1548 Deo
2186 1493 2504 1566 tentatur3
2536 1485 2700 1548 Deus
2741 1486 2912 1550 enim
2953 1486 3294 1550 intentator
3323 1506 3454 1549 ma-

1958 1583 2166 1646 lorum
2217 1590 2330 1644 est.
2372 1583 2459 1646 De
2501 1583 2708 1666 prima
2752 1583 3094 1646 tentatione
3139 1584 3448 1665 scriptum

1958 1690 2053 1744 est
2092 1683 2158 1744 in
2199 1681 2365 1745 libro
2403 1682 2741 1763 Sapientiae
2782 1701 2796 1747 ε
2841 1683 3002 1744 Deus
3046 1682 3311 1745 tentavit
3353 1682 3454 1763 ju-
3481 1703 3671 1759 Sap-m.
3702 1705 3744 1746 s.

1958 1789 2110 1855 stOS,
2163 1788 2226 1843 et
2273 1779 2519 1843 invenit
2565 1781 2707 1843 illos
2756 1780 2979 1861 dignos
3029 1798 3136 1862 se;
3182 1781 3248 1843 in
3296 1780 3456 1842 Deu-
3667 1767 3676 1776 ”

152 1876 187 1932 4
453 1881 624 1940 Erat
680 1889 901 1940 autem
948 1882 1335 1957 proximum
1386 1881 1664 1948 Pascha,
1711 1878 1851 1938 dies
1885 1876 1932 1939 B
1959 1879 2312 1942 teronomio
2374 1896 2631 1960 quoque
2689 1878 2944 1953 dicitur,
3005 1877 3454 1942 Recordaberis
3510 1900 3746 1950 neuram,

338 1978 549 2054 festus
595 1980 1005 2048 Judoeorum,
1055 1977 1119 2040 id
1176 1986 1294 2051 est,
1349 1977 1426 2039 de
1486 1976 1849 2059 propinquo

337 2074 474 2155 jam
526 2075 929 2137 imminebat.
964 2075 1177 2156 Porro,
1213 2082 1280 2138 ut
1330 2075 1492 2138 Beda
1537 2075 1645 2153 ait,
1684 2075 1851 2136 inter

341 2173 831 2237 decollationem
892 2173 1150 2237 Ioannis
1207 2181 1270 2236 et
1328 2173 1557 2237 Christi
1610 2173 1851 2255 passio-

342 2291 518 2347 nem,
555 2273 747 2336 unius
796 2273 949 2336 anni
998 2273 1242 2336 exstitit
1290 2273 1588 2356 spatium.
1635 2272 1711 2335 Et
1758 2273 1851 2335 sic

342 2372 515 2434 istud
576 2370 701 2433 fuit
751 2370 988 2434 Pascha
1036 2373 1411 2446 secundum,
1464 2371 1632 2433 circa
1677 2371 1847 2452 quod

340 2470 695 2534 decollatus
743 2479 839 2532 est
884 2470 1155 2534 Joannes
1208 2489 1221 2535 ε
1269 2471 1337 2532 in
1386 2489 1515 2552 quo
1564 2469 1849 2533 Christus

52 2585 307 2634 uanam.
343 2587 471 2631 non
513 2567 641 2630 fuit
680 2569 747 2630 in
786 2569 1159 2642 Jerusalem,
1196 2571 1425 2632 cedens
1468 2569 1848 2632 adversariis

56 2651 114 2690 ¹³·
342 2667 501 2729 suis.
549 2667 729 2742 Nam,
772 2667 939 2730 sicut
982 2686 1151 2750 saepe
1192 2667 1553 2731 observavit
1600 2667 1844 2748 legalia,

56 2783 311 2832 Gala-tud.
341 2765 737 2827 ostendendo
806 2783 873 2827 se
932 2765 1259 2828 hominem
1318 2783 1539 2828 verum
1608 2764 1845 2826 factum

343 2862 463 2924 sub
524 2862 705 2943 lege3
756 2863 851 2924 sic
909 2863 1230 2926 interdum
1289 2863 1693 2946 praetermisit
1749 2881 1843 2939 ea,

341 2961 687 3024 ostendens
746 2979 815 3022 se
874 2979 1097 3024 verum
1150 2961 1349 3024 Deum
1406 2981 1479 3025 ac
1537 2961 1848 3044 legislato-

1960 1977 2172 2039 cuncti
2223 1977 2471 2039 itineris
2524 1995 2637 2059 per
2684 1977 2856 2059 quod
2913 1977 3177 2039 adduxit
3227 1986 3288 2039 te
3339 1977 3456 2040 Do-
3483 1965 3524 2007 ²·

1961 2074 2177 2136 minus
2225 2075 2388 2136 Deus
2449 2084 2618 2149 tuuS,
2674 2083 2740 2136 ut
2786 2074 3104 2156 affligeret
3151 2082 3214 2137 te
3262 2082 3454 2157 atque

1962 2179 2253 2234 tentaret.
2300 2173 2384 2234 De
2429 2175 2707 2236 secunda
2749 2192 3002 2236 oramus
3043 2191 3058 2236 :
3102 2172 3177 2237 Et
3215 2192 3297 2236 ne
3338 2192 3453 2237 nos
3506 2197 3745 2246 stanam.

1962 2271 2224 2334 inducas
2262 2271 2328 2333 in
2369 2272 2801 2334 tentationem.
2833 2307 2913 2318 -
2943 2271 3061 2335 Sed
3093 2291 3294 2354 quum
3326 2281 3456 2335 ten·
3486 2263 3552 2303 ¹³·

1962 2379 2093 2432 tare
2132 2369 2214 2431 sit
2253 2370 2761 2451 experimentum
2807 2371 2886 2432 de
2929 2378 3167 2433 tentato
3204 2371 3454 2454 accipe-

1963 2486 2051 2541 re,
2086 2468 2406 2549 quomodo
2436 2468 2598 2530 Deus
2639 2466 2918 2550 aliquem
2958 2477 3178 2545 tentat,
3221 2469 3334 2551 qui
3379 2472 3458 2533 de

1962 2567 2140 2630 nullo
2168 2566 2401 2649 accipit
2429 2567 2960 2648 experimentum,
2980 2568 3224 2651 quippe
3254 2588 3456 2650 quum

1962 2666 2020 2726 ei
2073 2667 2288 2728 omnia
2343 2675 2681 2747 antequam
2732 2665 2912 2741 fiant,
2969 2671 3332 2748 patescant?
3381 2667 3459 2729 Et

1963 2764 2503 2846 respondendum,
2545 2764 2715 2845 quod
2755 2764 2946 2827 etiam
2992 2764 3060 2826 in
3108 2765 3454 2848 Scripturis

1962 2863 2196 2925 dicitur
2244 2862 2407 2925 Deus
2458 2862 2758 2943 experiri,
2811 2881 2922 2925 seu
2974 2863 3190 2944 aliqua
3245 2863 3454 2927 facere

1960 2963 2036 3024 ad
2095 2963 2576 3044 experiendum,
2636 2961 2816 3042 juxta
2873 2961 3032 3024 illud
3088 2962 3380 3026 Judicum
3433 2983 3448 3027 t
3535 2945 3550 2954 ⁸

342 3078 481 3122 rem
532 3079 731 3142 supra
775 3059 1003 3141 legem.
1046 3060 1201 3133 Quia
1250 3061 1355 3124 hic
1404 3061 1657 3136 dicitur,
1700 3059 1849 3122 Erat
1886 3062 1931 3126 C
1960 3061 2213 3123 Dimisit
2258 3059 2562 3123 Dominus
2610 3058 3013 3135 ChananaeOS,
3063 3068 3133 3123 ut
3179 3061 3245 3123 in
3295 3062 3453 3144 ipsis
3480 3079 3744 3132 anamma.

342 3159 715 3242 proximum
755 3157 1012 3232 Pascha,
1046 3159 1447 3240 evangelium
1486 3160 1657 3222 istud
1702 3159 1851 3240 legi-

344 3265 448 3319 tur
478 3256 547 3319 in
580 3256 793 3320 medio
821 3255 1345 3338 Quadragesimae,
1380 3259 1849 3341 propinquante

344 3356 631 3439 paschali
676 3356 1077 3419 solennitate.

165 3465 199 3518 5
428 3457 649 3523 Quum
675 3455 1061 3514 sublevasset
1089 3473 1238 3531 erqo
1268 3459 1480 3515 oculos
1505 3457 1709 3527 Jews,
1733 3455 1845 3536 qui

342 3552 551 3616 oculis
604 3569 799 3633 vagus
848 3571 976 3616 non
1024 3550 1169 3627 fuit,
1224 3554 1333 3615 sed
1382 3571 1629 3615 summe
1678 3572 1849 3616 com-

344 3651 637 3733 positus;
691 3668 807 3712 nec
857 3649 996 3712 sine
1044 3650 1284 3731 ingenti
1344 3669 1532 3713 causa
1578 3651 1852 3714 circum-

342 3750 577 3832 spexit,
611 3750 723 3810 sed
767 3749 833 3811 in
883 3748 1183 3811 omnibus
1230 3749 1544 3812 universae
1587 3749 1850 3812 maturi-

343 3849 491 3911 tatis
550 3855 615 3910 et
675 3846 1008 3929 probitatis
1076 3847 1251 3910 dedit
1311 3849 1730 3930 exemplum3
1788 3859 1849 3911 et

345 3949 615 4008 vidisset
662 3947 822 4024 quia
870 3947 1224 4008 multitudo
1276 3949 1587 4019 maxima,
1627 3948 1851 4010 videli-

342 4053 445 4108 cet
492 4044 787 4126 quinque
836 4044 1041 4105 millia
1090 4044 1395 4119 virorum,
1435 4054 1664 4127 praeter
1709 4066 1851 4109 mu-

345 4146 539 4208 lieres
586 4152 652 4207 et
696 4161 949 4226 puel-OS,
985 4146 1161 4204 venit
1203 4145 1291 4206 ad
1335 4164 1509 4215 eum,
1549 4147 1725 4205 dixit
1761 4149 1850 4207 acl

1957 3159 2355 3242 experiretur
2424 3158 2741 3233 lsraelem,
2817 3167 3032 3222 utrum
3109 3161 3455 3224 custodiret

1957 3259 2251 3322 mandata
2298 3257 2570 3332 Domini,
2616 3277 2696 3319 an
2748 3276 2896 3320 non.
2948 3257 3190 3320 Dicitur
3237 3259 3452 3342 itaque

1957 3355 2121 3419 Deus
2180 3374 2431 3419 sumere
2489 3356 3025 3438 experimentum,
3079 3377 3204 3421 non
3267 3365 3338 3420 ut
3391 3361 3450 3422 ei

1956 3455 2204 3536 aliquid
2252 3454 2623 3529 innotescat,
2667 3454 2777 3517 sed
2827 3463 2898 3516 ut
2942 3461 3217 3518 tentatus
3264 3475 3454 3538 agno-

1959 3561 2091 3616 scat
2138 3572 2206 3615 se
2255 3553 2489 3635 ipsum,
2546 3553 2645 3616 vel
2691 3553 2800 3615 alii
2849 3554 2926 3615 ad
2975 3553 3114 3634 ejus
3162 3556 3450 3619 notitiam

1960 3654 2409 3735 perducantur.
2444 3651 2547 3713 Sic
2584 3669 2732 3732 ergo
2764 3652 3027 3715 tentavit
3056 3652 3446 3736 Philippum,

1958 3751 2099 3832 ejus
2146 3751 2564 3832 ignorantiam
2617 3749 3126 3826 demonstrando,
3178 3771 3306 3816 non
3355 3773 3454 3817 so-

1960 3849 2093 3912 lum
2141 3850 2220 3911 ad
2268 3847 2753 3911 instructionem
2803 3847 3103 3930 Philippi,
3155 3851 3264 3912 sed
3313 3870 3450 3913 om-

1959 3948 2137 4010 nium
2184 3946 2666 4028 discipulorum,
2707 3954 3023 4027 quatenus
3070 3947 3450 4012 miraculum

1958 4045 2158 4127 magis
2189 4045 2652 4120 ostenderetur,
2684 4052 2747 4107 et
2780 4044 2979 4107 virtus
3011 4045 3240 4108 Christi
3271 4066 3453 4129 agno-

1959 4151 2262 4208 sceretur.
2305 4141 2621 4206 Perfectos
2665 4150 2877 4205 autem
2921 4151 3119 4206 tentat
3161 4145 3346 4222 DeuS,
3383 4156 3453 4210 ut

68 4257 312 4311 loo-mia.
344 4246 771 4322 Philippum,
818 4241 933 4323 qui
1003 4241 1211 4325 primo
1267 4243 1557 4305 omnium
1617 4244 1851 4307 dicitur
1880 4247 1929 4308 D
1958 4261 2177 4306 eorum
2213 4241 2518 4326 perfectio
2547 4241 2689 4303 aliis
2721 4250 2929 4324 pateat
2954 4244 3032 4305 ad
3063 4245 3448 4327 exemplum,

340 4362 378 4404 a
429 4342 682 4406 Christo
737 4342 817 4404 ad
874 4340 1295 4422 apostolatum
1345 4349 1624 4404 vocatus.
1679 4342 1849 4405 Unde

345 4459 521 4503 nunc
569 4438 736 4502 forte
786 4446 1047 4521 propter
1096 4437 1591 4502 familiaritatem
1641 4449 1705 4502 et
1752 4460 1851 4504 ca-

344 4538 549 4601 ritatis
580 4537 1037 4611 ostensionem,
1072 4536 1433 4619 specialiter
1470 4538 1687 4620 dirigit
1723 4558 1852 4602 ser-

344 4655 603 4700 monem
653 4638 733 4699 ad
782 4655 955 4698 eum.
1002 4634 1216 4717 Aliqui
1268 4635 1850 4714 tamenaffirmant

342 4737 517 4818 quod
570 4734 904 4817 Philippus
962 4734 1188 4796 ceteris
1245 4735 1580 4816 discipulis
1633 4738 1850 4801 rudior

343 4832 491 4908 fuit,
546 4833 691 4896 ideo
748 4832 951 4913 magis
1010 4832 1287 4913 indiguit
1336 4832 1665 4897 informari
1719 4857 1732 4901 :
1788 4845 1851 4899 et

343 4932 499 4995 hinc
548 4930 839 4994 Christus
888 4949 1037 4992 eum
1088 4931 1452 5012 interrogat,
1489 4951 1615 4996 non
1664 4935 1846 5016 quasi

344 5031 669 5111 ignoranS,
713 5030 822 5091 sed
870 5027 1214 5092 informare
1262 5029 1619 5092 intendens.
1673 5035 1851 5095 Unde

341 5147 631 5190 ememus
656 5117 857 5204 pan'es
886 5136 957 5187 uc
989 5129 1383 5188 manducent
1421 5130 1495 5189 hi
1514 5131 1545 5190 ἒ
1580 5128 1851 5194 Noverat

344 5227 637 5292 Christus
688 5244 814 5288 non
864 5227 1085 5288 adesse
1128 5227 1463 5308 pecuniam
1514 5229 1592 5290 ad
1636 5246 1852 5292 emen-

348 5327 505 5390 dum
536 5333 630 5390 tot
659 5342 856 5410 panes
886 5324 1341 5402 sufficientem,
1366 5328 1669 5408 quoniam
1702 5349 1853 5412 pau.

1962 4351 2029 4404 ut
2071 4341 2187 4404 Job
2235 4350 2298 4404 et
2346 4340 2648 4420 Tobiam3
2702 4341 3108 4423 imperfectos
3158 4361 3328 4419 vero,
3384 4353 3454 4408 ut
3486 4363 3742 4414 roamst.

1957 4459 2181 4504 eorum
2210 4438 2610 4522 imperfectio
2638 4439 2729 4501 eis
2759 4438 2993 4502 clareat
3018 4441 3096 4504 ad
3129 4443 3450 4525 propriam

1959 4537 2494 4602 humiliationem.
2529 4573 2608 4584 —-
2637 4540 2782 4616 Ipse
2816 4541 2991 4600 enim
3026 4541 3262 4603 sciebat
3288 4545 3453 4622 quid

1957 4647 2108 4698 essee
2135 4638 2479 4715 facturus:
2511 4637 2652 4700 ideo
2683 4656 2811 4701 non
2843 4637 3280 4701 sciscitabatur
3309 4660 3453 4704 con-

1958 4736 2174 4798 silium
2220 4735 2319 4799 vel
2361 4736 2670 4797 auxilium
2718 4735 3118 4819 postulando.

2034 4836 2389 4911 Respondit
2437 4837 2500 4894 ei
2547 4836 2902 4911 Philippus
2939 4856 2962 4894 .·
3011 4838 3452 4902 Ducentorum
3596 4845 3630 4901 '¹1

1956 4937 2381 4995 denariorum
2420 4952 2625 5010 panes
2673 4953 2800 4994 non
2849 4935 3184 5009 sufficiunt
3229 4940 3348 5008 εἰς,
3379 4950 3452 5001 ul

1956 5034 2400 5112 unusquisque
2449 5033 2773 5092 modicum
2821 5033 2984 5110 quid
3029 5035 3331 5112 accipiat,
3385 5038 3450 5100 id

1957 5139 2072 5206 est,
2110 5149 2377 5213 parvum
2415 5128 2694 5191 frustum
2734 5131 3090 5192 manducet.
3126 5131 3450 5216 Tanquam

1956 5230 2196 5293 diceret
2230 5247 2243 5290 :
2276 5227 2411 5292 Non
2455 5226 2762 5289 habemus
2803 5227 3080 5308 pretium
3123 5231 3201 5292 ad
3237 5249 3453 5296 emen-

1957 5330 2135 5406 dum,
2189 5344 2307 5389 nec
2366 5345 2704 5408 possumus
2764 5325 2855 5388 eis
2904 5327 3239 5408 providere
3292 5350 3307 5394 :
3359 5332 3453 5396 id-
