4300 6259
627 1375 694 1431 ⁴1

830 496 952 561 458

1622 514 1973 563 manuario
2015 515 2079 561 m
2119 515 2260 562 cn.
2307 516 2350 561 Χ
2387 514 2664 562 mamus,

2709 535 2790 545 —
2828 516 2971 563 ΛΒΤ.
3017 518 3141 563 XXV

833 686 1095 768 protulit
1122 705 1137 766 ;
1169 696 1228 747 et
1255 688 1571 748 dixerunt
1597 690 1681 761 ei,
1713 704 1791 749 ex
1821 686 2122 769 superbia
2153 705 2323 748 mur-
2351 685 2400 746 A
2430 685 2664 748 heretis
2710 694 3062 767 peccatum,
3094 686 3394 768 quoniam
3446 687 3589 749 talis
3632 686 3925 767 ignoran-

830 786 1140 847 murando
1184 805 1198 848 :
1255 788 1598 866 Numquid
1637 796 1697 846 et
1747 806 1858 847 nos
1905 788 2056 847 coeci
2097 804 2325 846 sumus

830 902 902 945 ea
950 884 1228 946 caecitate
1274 903 1467 965 quam
1523 884 1681 947 dicis
1728 884 2011 947 futuram
2058 884 2327 965 quibus-

830 984 974 1045 dam
1004 982 1404 1045 videntibus?
1449 983 1568 1046 hoc
1603 990 1719 1055 est,
1753 982 2074 1064 Numquid
2115 990 2178 1044 et
2210 1002 2324 1046 nos

831 1100 939 1143 cor
986 1090 1368 1144 excaecatum
1421 1082 1774 1145 habemus?
1827 1081 2327 1164 Suspicabantur

831 1180 1003 1241 enim
1033 1179 1325 1243 Pharisaei
1357 1182 1528 1261 quod
1564 1199 1788 1243 verum
1823 1179 1967 1254 fuit,
2003 1180 2321 1255 videlicet,

831 1279 1004 1359 quod
1041 1278 1220 1341 Jesus
1265 1297 1440 1342 more
1480 1280 1666 1343 solito
1707 1279 1914 1361 tetigit
1952 1298 2080 1342 eos

927 1378 1118 1439 Dixit
1161 1378 1254 1437 eis
1294 1379 1476 1437 Jesus
1525 1398 1548 1438 .·
1601 1380 1682 1440 Si
1729 1379 1880 1439 coeci
1923 1381 2159 1449 ‹ss-secia,
2206 1378 2327 1441 hoc

833 1483 942 1548 est,
977 1476 1028 1537 si
1063 1476 1392 1539 humiliter
1427 1477 1850 1556 agnosceretis
1891 1474 2323 1558 insipientiam

834 1574 1330 1656 iniquitatesque
1360 1582 1620 1649 vestraS,
1655 1583 1714 1636 et
1747 1593 1850 1637 me
1880 1576 2199 1639 doctorem
2227 1576 2329 1656 ju-

833 1673 1021 1735 stitiae
1067 1672 1393 1746 audiretiS,
1433 1693 1564 1733 non
1613 1675 1926 1733 haberetis
1964 1682 2325 1751 peccatum,

833 1772 1134 1853 quoniam
1178 1779 1457 1834 vestrum
1510 1770 1958 1853 imperfectum
2014 1772 2327 1836 confiten-

831 1967 1312 2049 justificantem.
1349 1970 1544 2031 Nunc
1570 1987 1714 2027 vero
1743 1969 1992 2039 dicitis,
2032 1972 2227 2039 Quia,
2260 1970 2322 2032 id

836 2072 933 2127 est
969 2065 1163 2145 quod,
1205 2067 1524 2135 vide-mua,
1566 2064 1685 2127 hoc
1727 2072 1842 2135 est,
1881 2066 2034 2146 quia
2074 2085 2185 2129 vos
2231 2066 2327 2148 ip-

835 2182 936 2226 sos
976 2163 1223 2244 jactatis
1267 2164 1480 2226 doctos
1517 2181 1592 2225 ac
1629 2164 1968 2246 sapienteS‚
1993 2176 2325 2241 peccatum

837 2272 1113 2323 vestrum
1154 2271 1370 2323 manet
1411 2261 1475 2323 in
1515 2262 1697 2325 vobis
1737 2262 2091 2326 insanabile
2131 2272 2325 2347 atque

835 2360 1286 2422 damnandum.
1319 2359 1428 2421 Vel
1469 2360 1562 2422 sic
1595 2379 1608 2422 :
1644 2358 1706 2421 Si
1750 2361 1898 2423 caeci
1937 2363 2181 2436 essetis,
2216 2362 2327 2425 ha-

835 2458 1044 2521 bendo
1082 2457 1500 2539 ignorantiam
1541 2456 2003 2533 invincibilem,
2039 2478 2165 2524 non
2217 2461 2327 2523 ha-

2433 784 2520 846 tia
2554 784 2816 847 omnino
2858 794 3118 849 excusat
3159 805 3195 848 a
3234 785 3442 867 culpa.
3492 784 3626 859 Vel,
3658 784 3723 847 Si
3771 784 3921 847 caeci

2433 883 2678 958 essetiS,
2712 884 2989 946 caecitate
3018 902 3130 946 seu
3164 884 3515 965 ignorantia
3544 884 3713 947 facti.
3745 883 3925 964 Igno-

2433 982 2635 1044 rantia
2666 1000 2816 1045 vero
2843 982 3004 1062 juris
3033 981 3326 1045 affectata
3354 1002 3481 1045 non
3512 989 3785 1055 excusat,
3808 982 3922 1043 sed

2432 1088 2619 1160 auget
2648 1089 2991 1163 peccatum.
3030 1081 3383 1161 lgnorantia
3414 1099 3563 1143 vero
3602 1099 3745 1161 quae
3774 1098 3925 1142 con-

2433 1179 2621 1259 tingit
2666 1197 2744 1241 ex
2798 1180 3183 1261 negligentia
3238 1181 3535 1261 quadam,
3586 1186 3841 1241 excusat
3884 1198 3923 1241 a

2434 1284 2628 1353 tanto,
2673 1297 2799 1341 non
2843 1298 2881 1340 a
2922 1286 3071 1342 toto.
3120 1278 3267 1340 Plus
3308 1278 3503 1359 igitur
3549 1284 3768 1359 peccat
3807 1276 3923 1357 qui

2434 1375 2791 1458 Scripturas
2842 1378 3184 1457 cognoscit,
3234 1396 3427 1458 quam
3470 1376 3655 1449 aliuS,
3696 1374 3923 1437 ceteris

2436 1474 2717 1555 paribuS,
2752 1483 2971 1557 utpote
3018 1475 3070 1536 si
3119 1474 3473 1555 ignorantia
3517 1472 3777 1536 alterius
3818 1490 3925 1534 ex-

2434 1573 2736 1636 cusabilis
2765 1574 2954 1635 estin
2995 1581 3126 1637 toto
3163 1574 3263 1636 vel
3315 1574 3379 1636 in
3429 1580 3627 1655 parte.
3662 1572 3923 1653 Propter

2434 1673 2605 1753 quod
2641 1671 2909 1735 Jacobus
2952 1679 3333 1754 protestatur
3367 1691 3380 1734 ε
3414 1671 3649 1734 Scienti
3680 1670 3919 1733 bonum

3975 1690 4139 1733 Jacob.
4157 1704 4219 1737 w,

2433 1778 2497 1831 et
2544 1789 2670 1833 non
2713 1770 2992 1843 facienti,
3030 1779 3356 1852 peccatum
3404 1777 3497 1833 est
3540 1768 3677 1850 illi;
3720 1778 3783 1831 et
3810 1767 3923 1830 Pe-
3950 1756 4021 1795 ¹⁷·

833 1872 934 1943 d0,
977 1869 1382 1931 mereremini
1432 1868 1891 1949 indulgentiam
1941 1878 2005 1931 et
2056 1870 2322 1950 gratiam
2364 1872 2407 1934 Β
2434 1877 2569 1931 trus
2598 1868 2662 1931 in
2694 1869 2972 1931 secunda
3016 1888 3131 1931 sua
3169 1867 3499 1941 Canonica,
3539 1866 3759 1929 Melius
3788 1876 3923 1929 erat
3974 1886 4013 1929 ιι
4030 1887 4157 1929 pm.
4174 1902 4219 1931 a.

2436 1987 2561 2031 non
2602 1985 2981 2049 cognoscere
3020 1967 3185 2030 viam
3222 1966 3504 2048 justitiae,
3538 1986 3731 2048 quam
3780 1976 3925 2048 post
3950 1952 4020 1992 ³¹·

2432 2066 2820 2147 agnitionem
2882 2073 3225 2129 retrorsum
3292 2063 3547 2129 reverti.
3612 2064 3919 2146 Denique,

2434 2182 2655 2228 servus
2704 2165 2912 2227 sciens
2960 2165 3347 2229 voluntatem
3396 2162 3635 2227 domini
3686 2162 3809 2237 sui,
3862 2170 3925 2223 et

2434 2283 2561 2327 non
2605 2263 2867 2337 faciem,
2901 2263 3101 2345 plagis
3146 2262 3469 2345 vapulabit
3508 2261 3767 2327 multis:
3808 2248 3999 2343 qui⁴⁴

2432 2371 2645 2424 autem
2676 2381 2802 2425 non
2834 2362 3150 2443 cognovit,
3184 2369 3247 2423 et
3275 2359 3429 2423 fecit
3466 2360 3659 2441 digna
3698 2330 3923 2443 plagiS‚

2436 2460 2762 2543 vapulabit
2807 2460 3049 2543 paucis,

1890 2840 2541 2928 ARTICULUS
2624 2842 2857 2925 XXV

955 3084 1310 3131 ammonio
1351 3084 1624 3132 caurum
1667 3085 1871 3132 ⁰1³:ch
1915 3087 1928 3132 :
1977 3086 2168 3147 Anu,

2214 3084 2385 3132 Ani-:N
2425 3086 2563 3132 mco
2607 3086 2801 3146 vonis,
2846 3086 2948 3141 Qu!
2990 3085 3112 3132 NON
3154 3085 3381 3131 m‘rnu·
3424 3086 3543 3131 PER
3584 3086 3805 3133 osvin!

2115 3184 2181 3229 IN
2222 3184 2397 3230 OVILE
2438 3185 2647 3231 ovum.

957 3434 1142 3497 1ch
1177 3434 1243 3496 in
1287 3434 1421 3496 fine
1462 3434 1875 3516 praecedentis
1919 3434 2179 3516 capituli
2222 3453 2330 3515 pa·
2364 3433 2409 3497 c
2522 3432 2628 3495 nst
2676 3433 2869 3515 igitur
2917 3384 3325 3497 inteneotus:

978 3532 1120 3607 tuit,
1157 3532 1451 3595 Pharisaei
1484 3532 1802 3613 jactabant
1839 3551 1906 3595 se
1937 3550 2076 3595 esse
2113 3532 2331 3597 viden-

836 3642 953 3707 teS‚
1004 3632 1124 3695 hoc
1179 3641 1275 3694 est
1332 3632 1612 3694 eruditos
1668 3640 1730 3693 et
1786 3633 2009 3713 dignos
2057 3632 2327 3695 aliorum

837 3738 1152 3809 rectores;
1203 3749 1330 3794 non
1389 3740 1596 3793 tamen
1654 3730 1995 3793 credebant
2046 3730 2110 3792 in
2161 3729 2332 3793 Chri-

838 3838 1029 3903 stum,
1065 3831 1174 3892 sed
1217 3846 1363 3890 eum
1405 3828 1737 3908 negabant.
1771 3828 2009 3893 Idcirco
2047 3828 2332 3891 Salvator

838 3929 902 3990 in
947 3928 1206 3991 exordio
1243 3927 1436 4007 hujus
1482 3928 1742 4009 capituli
1792 3929 2012 4009 pandit
2048 3946 2329 3991 errorem

836 4046 910 4088 ac
947 4025 1286 4088 falsitatem
1325 4025 1581 4088 illorum
1634 4044 1747 4107 per
1784 4027 2123 4108 quamdam
2158 4044 2331 4107 para-

838 4124 1072 4196 bolam,
1106 4142 1298 4205 quam
1344 4123 1613 4205 ipsemet
1659 4131 1800 4205 post
1850 4143 2050 4206 pauca
2098 4124 2327 4206 partim

838 4222 1118 4305 exponit.

921 4321 1023 4383 Ait
1069 4338 1218 4401 ergo
1265 4337 1279 4383 ε
1331 4322 1564 4391 Amen,
1617 4341 1801 4382 amen
1852 4323 1995 4382 dico
2046 4322 2242 4390 vebia,
2294 4339 2331 4384 ο

839 4419 985 4481 elati
1026 4418 1343 4493 Pharisaei‚
1376 4421 1494 4499 qui
1523 4439 1650 4480 non
1695 4420 1905 4480 intrat
1935 4439 2056 4496 per
2092 4421 2329 4481 ostium

839 4521 912 4579 in
943 4520 1110 4579 ovile
1147 4521 1391 4589 ovium,
1432 4520 1544 4578 sed
1573 4521 1862 4579 ascendit
1891 4520 2185 4591 aliunde,
2220 4520 2333 4580 ille

3372 3434 3499 3503 Qui
3544 3454 3676 3495 non
3722 3436 3933 3495 intrat

2438 3531 2753 3613 spirituali
2806 3550 2919 3595 seu
2968 3532 3281 3614 corporali
3330 3532 3616 3607 introitu,
3672 3553 3790 3611 per
3834 3552 3935 3593 os-

2441 3634 2632 3703 tium,
2665 3631 2727 3694 id
2768 3639 2866 3694 est
2906 3632 3193 3694 ordinate
3236 3649 3349 3714 per
3388 3631 3730 3705 Christum,
3764 3630 3935 3693 vide-

2439 3730 2587 3792 licet
2623 3731 2977 3793 secundum
3022 3729 3258 3794 Christi
3310 3730 3722 3803 voluntatem,
3755 3730 3933 3792 licite

2437 3846 2511 3889 ac
2559 3828 2841 3903 honeste,
2878 3828 2976 3892 vel
3027 3846 3141 3910 per
3190 3828 3384 3891 fidem
3428 3828 3801 3890 catholicam
3846 3836 3935 3890 at-

2438 3942 2565 4006 que
2595 3926 2991 3988 individuam
3022 3926 3368 3999 caritatem,
3386 3928 3457 3987 in
3485 3928 3653 3987 ovile
3678 3927 3927 3998 ovium,

2440 4022 2559 4087 hoc
2607 4032 2703 4086 est
2750 4024 2817 4086 in
2869 4023 3235 4099 Ecclesiam,
3270 4024 3333 4086 in
3379 4024 3929 4105 congregationem

2437 4120 2755 4195 fidelium,
2797 4124 2874 4185 ad
2927 4122 3393 4204 praesidendum
3433 4123 3609 4203 gregi
3657 4124 3933 4187 domini-

3952 2182 4111 2285 um
4148 2195 4216 2222 ιιι,

4046 2248 4117 2285 ὁὶ

2441 4240 2535 4295 co,
2567 4224 2678 4281 sed
2706 4223 2993 4281 ascendit
3038 4222 3337 4291 aliunde,
3367 4220 3431 4283 id
3478 4228 3595 4295 est,
3628 4221 3751 4283 sibi
3802 4221 3925 4305 ipsi
3961 4248 4101 4291 near.
4126 4252 4214 4294 m.

2439 4320 2706 4382 assumit
2745 4320 3071 4393 honorem,
3106 4338 3232 4383 non
3266 4327 3521 4382 vocatus
3558 4338 3596 4381 a
3634 4320 3758 4383 Deo
3794 4328 3935 4383 tan-

2440 4438 2633 4501 quam
2671 4418 2897 4482 Aaron.
2932 4418 3173 4482 Idcirco
3214 4419 3553 4481 ascendere
3582 4419 3831 4493 dicitur,
3866 4420 3933 4483 id

2442 4526 2537 4579 est
2580 4515 2855 4600 superbe
2898 4516 3154 4592 intrare,
3190 4534 3305 4599 per
3333 4516 3748 4581 ambitionem
3788 4537 3937 4600 pro-

835 4619 955 4695 fur
990 4625 1080 4678 est
1127 4626 1186 4677 ec
1237 4620 1424 4676 latro,
1461 4615 1588 4678 Hoc
1629 4624 1831 4679 totum
1876 4616 1940 4678 in
1992 4617 2333 4699 corporali—
2363 4622 2412 4683 D
2442 4616 2670 4698 priam,
2724 4634 2837 4697 per
2877 4615 3146 4678 aliorum
3198 4615 3641 4693 intrusionem,
3690 4634 3803 4698 per
3848 4617 3937 4679 si-

835 4715 956 4777 bus
991 4715 1180 4777 rebus
1212 4714 1298 4775 ita
1335 4732 1404 4775 se
1447 4712 1658 4775 habet.
1693 4712 1815 4777 Sed
1854 4714 1973 4776 ista
2010 4730 2333 4797 exponen-

837 4815 915 4876 da
973 4820 1122 4875 sunt
1180 4811 1601 4893 spiritualiter
1658 4812 2012 4874 secundum
2071 4831 2331 4875 sensum

834 4932 871 4975 a
929 4911 1174 4975 Christo
1223 4910 1560 4972 intentum.
1606 4910 1674 4972 In
1721 4909 2040 4973 locutione
2087 4912 2331 4993 quippe

838 5009 1220 5093 parabolica,
1244 5007 1452 5090 qualis
1498 5016 1594 5070 est
1642 5008 1781 5083 ista,
1817 5026 2041 5071 sensus
2090 5009 2331 5091 princi-

839 5109 1000 5192 palis
1038 5128 1112 5171 ac
1156 5107 1444 5169 litteralis
1495 5126 1620 5169 non
1670 5113 1766 5169 est
1807 5108 1918 5189 qui
1967 5108 2329 5169 immediate

841 5227 955 5291 per
995 5206 1187 5271 verba
1225 5204 1644 5287 significatur,
1678 5207 1788 5267 scd
1837 5206 1948 5287 qui
2001 5225 2116 5288 per
2161 5206 2330 5289 ipsas

841 5325 940 5369 res
985 5304 1247 5370 vocibus
1291 5304 1643 5384 designatas
1687 5304 2068 5367 insinuatur.

2442 4714 2792 4778 moniacam
2854 4714 3249 4795 pravitatem,
3299 4731 3412 4795 per
3457 4723 3821 4796 corruptam
3870 4724 3938 4777 et

2442 4831 2568 4875 non
2618 4812 2987 4875 canonicam
3034 4810 3432 4885 electionem,
3480 4830 3605 4875 non
3656 4831 3934 4895 sequens

2442 4910 2671 4975 Christi
2713 4910 2996 4991 vestigia,
3032 4911 3111 4973 de
3150 4928 3280 4991 quo
3320 4911 3398 4972 ad
3442 4908 3733 4975 Hebraeos
3776 4912 3935 4975 dicit

2442 5008 2798 5091 ApostoluS,
2849 5008 3018 5088 quod
3070 5026 3195 5071 non
3246 5008 3658 5089 semetipsum
3701 5010 3936 5073 clarifi-

2443 5106 2607 5169 cavit
2657 5114 2725 5167 ut
2777 5105 3060 5187 pontifex
3112 5105 3318 5180 fieret,
3362 5106 3472 5168 sed
3518 5106 3630 5187 qui
3677 5107 3933 5171 locutus

2442 5213 2537 5267 est
2573 5205 2652 5267 ad
2690 5223 2837 5266 eum
2873 5224 2886 5267 :
2924 5204 3013 5265 Tu
3054 5222 3121 5267 es
3160 5204 3448 5267 sacerdos
3492 5204 3557 5267 in
3596 5212 3931 5271 aeternum.

2442 5308 2567 5367 Ille
2607 5305 2728 5381 fur
2772 5312 2861 5365 est
2917 5313 2975 5365 et
3024 5307 3212 5367 latro.
3260 5302 3485 5365 Furem
3533 5304 3937 5387 appellamus

3978 5031 4103 5076 nid.
4122 5036 4161 5082 ⁵,
4176 5036 4209 5074 6.
