4300 6259
1261 521 1617 570 manimo
1658 521 1721 568 m
1764 519 1903 567 cu.
1948 519 2035 566 x11
2077 519 2268 566 Luca.
2311 541 2393 551 —
2433 523 2575 570 Am.
2621 524 2794 572 xxxn
3485 509 3565 572 53

68 703 276 747 geete.
300 718 401 757 ιιι,
442 709 593 773 que
619 710 633 753 :
659 692 860 754 Deum
892 692 1045 755 time
1075 700 1139 754 et
1166 694 1460 756 mandata
1490 692 1629 774 cjus
1659 691 1963 756 observa:
2002 689 2049 750 A
2078 690 2342 772 spiritus
2373 693 2704 756 stultitiam
2743 694 3052 776 judicant,
3086 714 3212 758 non
3241 696 3471 757 dantur
3500 693 3566 756 in

50 771 129 810 ¹³·
444 790 587 853 hoc
635 799 733 852 est
772 791 946 853 enim
990 791 1196 854 omnis
1242 792 1453 855 hom0.

560 889 834 971 Insuper
882 889 1076 952 Filius
1134 890 1241 952 Dei
1299 891 1482 954 docet
1540 892 1965 953 inordinatum

442 987 765 1050 timorem
803 988 1105 1068 abjicere,
1148 997 1340 1070 atque
1381 1009 1497 1072 pro
1536 990 1659 1052 Deo
1699 997 1968 1052 mortem

440 1085 745 1148 libenter
774 1087 1071 1162 sufferre,
1099 1104 1177 1150 ex
1207 1088 1709 1151 consideratione
1740 1086 1971 1150 divinae

446 1185 907 1267 providentiae,
941 1205 1086 1266 quae
1115 1186 1365 1248 nullum
1395 1187 1636 1248 malum
1668 1185 1973 1266 relinquit

444 1283 772 1357 inultum,
817 1301 934 1346 nec
972 1283 1232 1366 aliquod
1274 1285 1515 1348 bonum
1557 1286 1973 1347 irremunera-

192 1387 245 1441 6
450 1389 633 1443 tum.
668 1383 899 1445 Nonne
926 1384 1219 1462 quinque
1248 1403 1535 1460 passeres
1574 1393 1871 1454 veneunt,
1906 1383 1970 1445 id

445 1489 563 1542 est
594 1481 980 1556 venduntur,
1023 1483 1367 1560 dipondiO,
1406 1482 1471 1543 id
1510 1489 1604 1544 est
1647 1481 1848 1563 pretio
1888 1481 1971 1542 le-

446 1578 717 1643 vissimi
758 1579 1080 1660 ponderiS,
1115 1580 1287 1660 quod
1318 1597 1395 1641 ex
1436 1579 1683 1642 duobus
1722 1579 1969 1642 assibus

444 1685 735 1751 constat,
774 1677 1072 1741 videlieet
1125 1677 1331 1760 pretio
1378 1697 1575 1760 parvo
1622 1697 1696 1740 ac
1744 1679 1879 1752 vili,
1913 1689 1971 1738 ec

446 1797 647 1838 unus
685 1797 765 1837 ex
802 1779 943 1838 illis
984 1797 1114 1838 non
1153 1787 1245 1838 est
1286 1779 1357 1840 in
1396 1779 1718 1838 oblivione
1752 1797 1969 1838 coram

444 1878 599 1937 Deo
622 1877 653 1935 ?
690 1875 811 1938 hoc
848 1882 965 1950 est,
1008 1873 1284 1956 quilibet
1324 1893 1543 1957 passer
1581 1875 1705 1938 Deo
1745 1883 1839 1937 est
1876 1876 1973 1936 in-

444 1972 863 2036 variabiliter
906 1973 1217 2054 cognituS,
1257 1971 1325 2034 'et
1371 1973 1511 2054 ejus
1562 1973 1974 2056 providentiae

448 2071 782 2152 subjacet.
818 2071 946 2134 Nec
992 2072 1175 2134 obest
1210 2073 1381 2154 quod
1420 2071 1648 2134 Paulus
1688 2072 1776 2134 ait
1810 2073 1975 2153 Apo—

48 2193 233 2236 icoe.
256 2197 405 2240 mo.
446 2170 695 2244 stoluS,
726 2169 1051 2251 Numquid
1102 2189 1254 2232 cura
1300 2177 1395 2232 est
1432 2169 1556 2233 Deo
1603 2171 1679 2232 de
1710 2161 1971 2233 bobus?

444 2269 782 2350 Loquitur
830 2269 1003 2330 enim
1061 2270 1139 2330 de
1196 2287 1350 2331 cura
1407 2287 1520 2332 seu
1578 2269 1975 2349 providentia

446 2365 756 2448 speciali,
794 2374 947 2448 puta
985 2365 1287 2429 doctrinae
1324 2385 1397 2428 ac
1436 2366 1813 2448 disciplinae,
1848 2386 1975 2448 qua

446 2471 789 2528 creaturas
822 2463 1157 2526 rationales
1184 2464 1533 2545 gubernat3
1565 2465 1669 2527 hic
1701 2482 1849 2527 vero
1880 2473 1975 2526 est

444 2581 683 2626 sermo
725 2563 803 2624 de
851 2562 1251 2644 providentia
1296 2564 1599 2644 generali,
1635 2582 1762 2644 qua
1810 2563 1972 2625 Deus

445 2669 701 2726 cuncta
740 2661 1022 2743 disponit
1064 2669 1127 2722 et
1165 2661 1346 2742 regit,
1378 2661 1559 2743 juxta
1598 2661 1756 2723 illud
1796 2659 1975 2743 Sapi-

50 2787 403 2842 Sap-xu‚13.
444 2761 661 2825 entiae
692 2779 707 2822 ε
740 2758 876 2822 Non
926 2765 1023 2820 est
1070 2759 1235 2821 alius
1284 2759 1447 2821 Deus
1494 2779 1685 2841 quam
1736 2767 1829 2834 tu,
1869 2761 1969 2822 cui

204 2878 253 2931 7
447 2879 625 2924 cura
654 2864 749 2920 est
776 2858 856 2919 de
884 2857 1207 2921 omnibus.
1235 2860 1363 2919 Sed
1390 2868 1450 2919 et
1479 2860 1712 2934 capilli
1740 2861 1976 2936 capitis

445 2959 671 3020 vestri
715 2957 971 3035 [omnes]
1013 2957 1346 3016 numerati
1383 2965 1561 3026 sunt,
1605 2955 1667 3018 id
1708 2963 1803 3018 est
1849 2956 1974 3019 Deo

2010 1871 2192 1934 BJob
2243 1873 2529 1953 loquitur
2571 1874 2695 1937 Deo
2734 1893 2747 1936 :
2786 1873 3056 1954 Signasti
3102 1876 3285 1956 quasi
3333 1877 3400 1938 in
3445 1896 3576 1939 sac-

2076 789 2398 853 oblivione
2437 810 2646 854 coram
2687 792 2830 856 Deo.
2867 793 3188 868 Praeterea‚
3223 812 3337 875 per
3375 793 3571 874 capil-

2077 887 2194 969 los,
2248 891 2596 952 secundum
2646 890 3036 973 Gregorium‚
3090 893 3354 974 mystice
3408 893 3571 955 desi-

2076 995 2352 1067 gnantur
2381 989 2825 1052 minutissimae
2855 991 3276 1072 cogitationeS,
3299 991 3453 1073 quia
3479 991 3571 1054 sic

2079 1085 2242 1146 Deus
2275 1086 2405 1148 vias
2448 1096 2689 1150 nostras
2721 1091 3074 1152 considerat
3103 1097 3165 1152 et
3199 1107 3452 1171 gressus
3483 1091 3572 1152 di·
3597 1109 3682 1154 ,τοῦ
3701 1113 3868 1162 mm.

2081 1191 2394 1261 numerat,
2428 1191 2498 1246 ut
2537 1204 2652 1247 nec
2691 1188 3136 1250 minutissimae
3165 1188 3571 1268 cogitationes

2079 1299 2152 1342 ac
2207 1281 2579 1344 tenuissima
2627 1282 2820 1345 verba
2870 1303 3014 1366 quae
3061 1286 3230 1366 apud
3283 1305 3396 1349 nos
3451 1304 3573 1347 usu

2081 1379 2426 1454 viluerunt,
2479 1380 2618 1460 ejus
2666 1381 2910 1462 judicio
2959 1390 3325 1445 remaneant
3375 1383 3572 1446 indis-

2080 1495 2284 1538 cussa.
2331 1477 2466 1542 Non
2519 1497 2667 1560 ergo
2719 1487 2868 1542 sunt
2912 1481 3302 1561 negligendae
3345 1481 3574 1563 cogita-

2078 1574 2306 1650 tioneS,
2340 1575 2709 1640 affectiones
2748 1586 2812 1641 et
2848 1580 3197 1643 locutiones
3235 1588 3576 1662 quantum-

2079 1674 2240 1736 libet
2267 1693 2496 1756 parvae‚
2533 1677 2610 1738 de
2639 1677 2876 1758 quibus
2917 1679 3233 1741 reddenda
3265 1687 3360 1742 est
3391 1679 3568 1743 ratio.

2080 1771 2240 1835 Hinc
2270 1773 2518 1855 sapiens
2549 1775 2615 1837 in
2645 1775 2936 1838 omnibus
2966 1777 3202 1839 metuit.
3225 1777 3296 1839 Et
3326 1785 3574 1840 sanctus
3601 1799 3866 1849 Eccum-n,

3599 1864 3686 1969 {zib
3700 1927 3863 1974 xiv,l'e'.

2083 1971 2228 2032 culo
2285 1972 2514 2033 delicta
2572 1991 2732 2034 mea.
2791 1972 3129 2049 Postremo,
3181 1975 3348 2037 circa
3403 1976 3576 2038 hunc

2082 2068 2291 2132 locum
2338 2070 2718 2133 Athanasius
2767 2071 2921 2134 dicit
2965 2091 2979 2134 :
3023 2072 3242 2144 Quaero
3287 2073 3366 2136 ab
3406 2074 3579 2136 Aria-

2084 2168 2206 2243 niS,
2227 2168 2280 2229 si
2311 2169 2494 2250 quasi
2527 2169 2975 2250 dedignaretur
3002 2171 3164 2233 Deus
3193 2171 3317 2234 alia
3347 2171 3575 2248 facere,

2083 2266 2291 2328 solum
2323 2267 2553 2330 Filium
2582 2268 2750 2346 fecit,
2769 2275 2973 2332 cetera
3006 2288 3154 2333 vero
3182 2269 3340 2333 Filio
3372 2271 3584 2335 subro-

2080 2366 2254 2446 gavit
2301 2385 2313 2427 :
2357 2367 2676 2448 quomodo
2723 2368 3088 2450 provisione
3139 2369 3338 2431 utitur
3378 2387 3580 2450 usque

2082 2465 2160 2526 ad
2208 2471 2337 2526 tam
2384 2465 2652 2539 modica,
2687 2466 2931 2528 scilicet
2980 2466 3283 2548 capillum
3332 2475 3393 2528 et
3443 2485 3583 2548 pas-

2084 2566 2336 2624 serem?
2366 2561 2644 2635 Quorum
2677 2564 2848 2626 enim
2881 2565 3245 2646 provisione
3275 2564 3577 2645 fungitur,

2084 2661 2315 2724 horum
2358 2669 2602 2724 creator
2644 2670 2741 2724 est
2781 2681 2896 2725 suo
2939 2663 3167 2725 Verbo.

2165 2758 2472 2842 Deinceps
2511 2760 2787 2822 ostendit
2819 2761 3100 2824 Salvator
3140 2761 3318 2824 nullo
3354 2761 3582 2824 timore

2082 2877 2119 2920 a
2157 2875 2225 2919 se
2263 2876 2402 2920 esse
2441 2859 2886 2934 recedendum,
2923 2878 3000 2921 ex
3037 2859 3271 2922 intuitu
3313 2859 3583 2922 retribu-

2082 2957 2277 3019 tionis
2321 2957 2632 3019 bonorum
2678 2965 2870 3039 atque
2909 2958 3243 3022 malorum.
3277 2961 3435 3020 Dico
3466 2980 3583 3020 au·
3725 2969 3761 3024 8

440 3055 751 3141 perfecte
797 3053 1227 3134 distincteque
1277 3054 1535 3134 cogniti.
1572 3057 1789 3116 Nolite
1826 3075 1975 3132 erqo
2013 3051 2055 3113 C
2087 3066 2212 3117 tem
2263 3058 2435 3116 vobis
2483 3077 2505 3116 .·
2551 3059 2775 3119 Omnis
2824 3059 3214 3137 quicumque
3261 3059 3582 3135 confessus

441 3158 695 3216 timere
734 3171 1075 3234 corporum
1117 3152 1471 3232 occisores3
1505 3154 1731 3214 multis
1761 3173 1977 3230 passe-

439 3256 651 3314 ribus
670 3253 892 3328 pluris
919 3252 1068 3312 estis
1100 3269 1232 3321 υοε,
1273 3250 1337 3312 id
1378 3257 1473 3312 est
1511 3251 1840 3332 amplioris
1883 3251 1977 3314 di-

436 3349 723 3434 gnitatis
752 3369 824 3411 ac
856 3348 1062 3431 pretii.
1088 3349 1232 3411 Ideo
1264 3349 1315 3410 si
1349 3367 1635 3430 passeres
1666 3357 1729 3411 et
1759 3350 1972 3432 capilli

440 3449 583 3513 sub
626 3447 845 3510 divina
887 3447 979 3508 sic
1032 3448 1265 3509 cadunt
1316 3447 1735 3529 providentia,
1772 3447 1974 3511 multo

444 3545 669 3627 magis
712 3545 905 3607 homo
939 3563 953 3606 :
988 3545 1157 3606 unde
1190 3563 1257 3606 se
1299 3545 1422 3608 Deo
1462 3546 1651 3608 debet
1688 3547 1977 3608 commit-

442 3656 620 3719 tere,
664 3660 783 3706 nec
828 3643 1061 3707 timore
1104 3643 1555 3706 adversitatum
1601 3665 1638 3706 a
1686 3644 1975 3707 Creatore

444 3749 741 3828 ejusque
769 3743 909 3824 lege
939 3742 1253 3816 recedere,
1289 3749 1497 3804 certus
1537 3743 1614 3804 de
1645 3746 1975 3825 providen-

444 3847 553 3910 tia
581 3844 693 3906 Dei
726 3841 941 3906 omnia
970 3841 1377 3904 moderantis
1402 3841 1619 3922 Itaque
1654 3842 1705 3904 si
1738 3862 1970 3925 passer,

446 3943 657 4025 cujus
699 3939 978 4023 pretium
1008 3946 1107 4000 est
1146 3958 1449 4001 nummus
1480 3940 1850 4016 vilissimuS,
1887 3942 1978 4004 di-

448 4042 639 4104 vinae
681 4037 1097 4122 providentiae
1126 4037 1560 4100 moderamine
1589 4038 1839 4120 incipit,
1874 4041 1979 4102 de-

449 4141 623 4205 fluit
670 4146 735 4200 et
778 4136 1032 4210 finitur,
1084 4154 1289 4216 quum
1339 4135 1421 4197 sit
1468 4136 1575 4198 Dei
1627 4145 1913 4199 creatura
1959 4157 1971 4200 :

2083 3156 2293 3233 fuerit
2334 3174 2436 3214 me
2477 3175 2694 3216 coram
2737 3156 3131 3228 hominibus,
3164 3155 3227 3217 id
3276 3163 3392 3228 est,
3427 3163 3585 3217 tem-

2085 3271 2240 3334 pore
2271 3253 2730 3334 persecutionis
2765 3273 2890 3317 non
2922 3254 3210 3318 omiserit
3239 3273 3342 3318 me
3371 3273 3582 3317 coram

2084 3351 2604 3432 quibuscumque
2641 3353 2926 3436 tyrannis
2964 3372 3037 3415 ac
3080 3353 3346 3435 persidis
3386 3352 3588 3416 confi-

2087 3449 2227 3524 teri,
2263 3467 2340 3510 ex
2386 3450 2636 3524 timore,
2673 3451 2935 3531 pudore,
2969 3459 3077 3513 aut
3125 3451 3322 3513 simili
3373 3470 3580 3526 causa,

2086 3549 2196 3610 sed
2243 3547 2441 3609 fidem
2492 3567 2671 3609 suam
2713 3548 2925 3611 verbis
2976 3557 3334 3612 constanter
3378 3548 3587 3612 fideli-

2086 3655 2310 3726 terque
2369 3645 2774 3725 expresserit,
2828 3648 3235 3709 contestando
3285 3665 3386 3708 me
3445 3665 3583 3708 esse

2088 3745 2350 3806 unicum
2400 3743 2509 3805 Dei
2559 3743 2812 3818 Filium,
2847 3743 3044 3807 Deum
3086 3763 3305 3808 verum
3355 3763 3428 3807 ac
3474 3745 3585 3808 ho-

2088 3844 2350 3918 minem,
2384 3851 2446 3903 et
2476 3850 2683 3905 cetera
2711 3861 2855 3924 quae
2885 3844 2962 3905 ad
2994 3842 3402 3904 christianam
3442 3861 3585 3925 per-

2086 3942 2292 4004 tinent
2341 3939 2539 4003 fidem
2576 3961 2591 4020 ;
2641 3951 2701 4002 ec
2742 3943 2958 4003 Filius
3007 3943 3292 4002 hominis
3328 3946 3585 4020 confite-

2088 4043 2266 4100 bitur
2295 4042 2489 4100 illum
2519 4059 2736 4101 coram
2766 4042 3016 4116 amyclis
3045 4041 3188 4111 Dei,
3222 4039 3285 4101 id
3321 4047 3434 4114 est,
3469 4058 3584 4120 ego

2087 4137 2284 4198 Filius
2343 4137 2618 4217 Virginis
2677 4137 2742 4198 in
2809 4144 3151 4218 conspectu
3213 4137 3582 4217 angelorum

450 4244 717 4322 quanto
764 4235 963 4315 magis
1014 4235 1227 4307 hom0,
1273 4233 1457 4314 cujus
1507 4236 1785 4317 pretium
1836 4256 1979 4299 san-
2011 4241 2059 4302 D
2088 4242 2451 4298 sanctorum
2493 4233 2884 4315 protestabor
2921 4234 3105 4296 illum
3148 4235 3468 4317 pertinere
3504 4235 3584 4297 ad

93 4375 233 4418 Gen.
256 4385 295 4420 ,‚
326 4369 409 4410 27,
447 4337 615 4421 guis
666 4340 763 4396 est
800 4332 1055 4405 Christi,
1090 4339 1153 4394 et
1191 4331 1305 4413 qui
1354 4333 1431 4394 ad
1481 4333 1821 4414 imaginem
1866 4335 1972 4396 Dei

112 4473 221 4518 Jos
246 4470 377 4518 ns,
450 4442 725 4500 creatus
766 4433 905 4494 est?
949 4429 1111 4492 Hinc
1155 4429 1466 4512 scriptum
1510 4438 1605 4492 est
1640 4449 1653 4494 :
1696 4431 1866 4494 Nihil
1907 4433 1973 4494 in

446 4544 643 4598 terra
684 4531 821 4592 sine
864 4547 1055 4592 causa
1095 4527 1195 4589 fit.

544 4629 915 4693 Secundum
945 4625 1301 4708 Origenem,
1333 4628 1624 4708 quinque
1666 4647 1973 4710 passereS,

446 4723 699 4794 sensus
730 4725 1090 4807 spirituales
1118 4725 1437 4806 justorum
1470 4726 1838 4806 designant:
1863 4728 1973 4808 qui

448 4845 699 4894 sensus
758 4823 1005 4886 excelsa
1054 4831 1116 4886 et
1166 4842 1361 4906 super
1412 4825 1738 4887 hominem
1786 4826 1979 4888 senti-

448 4933 600 4999 unt,
637 4923 839 4986 Deum
874 4922 1217 4996 intuenteS,
1251 4940 1473 4985 vocem
1512 4923 1841 4986 audientes
1882 4925 1977 4986 di-

452 5025 717 5101 vinam,
762 5037 993 5102 panem
1035 5019 1183 5083 vitae
1220 5027 1569 5100 gustanteS,
1610 5020 1979 5085 olfacientes

2089 4351 2192 4395 me
2219 4332 2350 4394 fide
2381 4339 2444 4394 et
2472 4340 2637 4408 actu,
2665 4342 2850 4414 atque
2881 4334 3191 4414 condigne
3221 4353 3257 4395 a
3285 4351 3387 4396 me
3417 4333 3584 4396 Chri-

2088 4439 2184 4494 sto
2228 4431 2645 4494 christianum
2693 4432 2892 4494 fuisse
2940 4441 3278 4495 vocatum:
3325 4439 3585 4514 propter

2088 4531 2260 4611 quod
2308 4537 2606 4592 aeternam
2656 4531 3112 4593 beatitudinem
3163 4532 3221 4594 ei
3273 4532 3585 4595 condona-

2089 4628 2192 4702 bo,
2242 4628 2424 4708 juxta
2475 4629 2633 4690 illud
2682 4628 3114 4711 ApocalypsiS,
3168 4629 3314 4693 Esto
3371 4628 3582 4692 ridelis
3609 4648 3873 4702 Apamiam.

2092 4745 2294 4808 usque
2342 4727 2420 4788 ad
2469 4735 2760 4806 mortem,
2803 4735 2864 4789 et
2913 4728 3074 4790 dabo
3121 4725 3237 4788 tibi
3288 4745 3583 4790 coronam

2092 4826 2257 4888 vitae.
2281 4825 2440 4886 Hinc
2469 4825 2547 4886 ad
2577 4823 2888 4889 Romanos
2917 4826 3004 4887 ait
3033 4825 3364 4907 Apostolus
3399 4845 3412 4889 ε
3449 4826 3587 4891 Cor-
3612 4845 3874 4896 Romano.

2090 4925 2168 4986 de
2217 4923 2495 4986 creditur
2533 4923 2611 4984 ad
2656 4923 2991 5004 justitiam,
3024 4943 3132 4988 ore
3179 4932 3390 4987 autem
3439 4944 3586 4989 con-

2088 5023 2283 5085 fessio
2313 5020 2391 5083 rit
2418 5021 2496 5083 ad
2526 5021 2816 5084 salutem.
2841 5023 2983 5085 Haec
3015 5041 3244 5105 nempe
3273 5023 3586 5088 confessio

452 5123 737 5189 odorem
802 5125 1277 5198 unguentorum
1337 5118 1591 5194 Christi,
1656 5120 1982 5201 palpantes
2091 5128 2188 5183 est
2225 5119 2377 5182 fidei
2425 5129 2622 5194 actuS,
2657 5128 2875 5202 utpote
2917 5121 3282 5203 protestatio
3329 5123 3588 5184 creden-

458 5221 699 5286 vivum
743 5215 1026 5278 Verbum
1052 5235 1070 5296 ;
1119 5216 1231 5298 qui
1284 5217 1589 5298 dipondio
1632 5217 1980 5294 venienteS‚

2094 5221 2343 5283 dorum.
2374 5256 2456 5265 —
2485 5219 2808 5292 Quomodo
2847 5229 3059 5282 autem
3108 5218 3423 5284 confessio
3471 5221 3589 5284 ista

462 5320 539 5384 id
588 5323 712 5392 est,
748 5312 1053 5395 vilipensi
1102 5315 1183 5376 ab
1232 5314 1323 5376 eis
1372 5315 1485 5396 qui
1528 5333 1602 5378 ea
1647 5335 1791 5396 quae
1837 5323 1987 5378 sunt
2098 5317 2184 5378 sit
2225 5317 2582 5379 necessaria
2619 5318 2698 5379 ad
2749 5318 3040 5392 salutem,
3073 5317 3340 5380 Thomas
3383 5317 3448 5380 in
3493 5337 3590 5381 se-
