<?xml version="1.0" encoding="UTF-8"?>
<!DOCTYPE html PUBLIC "-//W3C//DTD XHTML 1.0 Transitional//EN"
    "http://www.w3.org/TR/xhtml1/DTD/xhtml1-transitional.dtd">
<html xmlns="http://www.w3.org/1999/xhtml" xml:lang="en" lang="en">
 <head>
  <title>
</title>
<meta http-equiv="Content-Type" content="text/html;charset=utf-8" />
  <meta name='ocr-system' content='tesseract 3.04.00' />
  <meta name='ocr-capabilities' content='ocr_page ocr_carea ocr_par ocr_line ocrx_word'/>
</head>
<body>
  <div class='ocr_page' id='page_1' title='image "./doctorisecstati09unkngoog_0521.png"; bbox 0 0 4300 6259; ppageno 0'>
   <div class='ocr_carea' id='block_1_1' title="bbox 1102 471 3449 539">
    <p class='ocr_par' dir='ltr' id='par_1_1' title="bbox 1102 471 3449 539">
     <span class='ocr_line' id='line_1_1' title="bbox 1102 471 3449 539; baseline -0.001 -2"><span class='ocrx_word' id='word_1_1' title='bbox 1102 490 1454 539; x_wconf 66' lang='lat' dir='ltr'><strong>munnxno</strong></span> <span class='ocrx_word' id='word_1_2' title='bbox 1495 490 1558 536; x_wconf 74' lang='lat' dir='ltr'><strong>m</strong></span> <span class='ocrx_word' id='word_1_3' title='bbox 1599 490 1738 537; x_wconf 61' lang='lat' dir='ltr'><strong>car.</strong></span> <span class='ocrx_word' id='word_1_4' title='bbox 1781 490 1892 537; x_wconf 85' lang='lat' dir='ltr'><strong>vm</strong></span> <span class='ocrx_word' id='word_1_5' title='bbox 1933 489 2212 537; x_wconf 63' lang='lat' dir='ltr'><strong>tomis.</strong></span> <span class='ocrx_word' id='word_1_6' title='bbox 2260 510 2337 519; x_wconf 97' lang='lat'><strong>—</strong></span> <span class='ocrx_word' id='word_1_7' title='bbox 2379 491 2521 537; x_wconf 52' lang='lat' dir='ltr'><strong>aar.</strong></span> <span class='ocrx_word' id='word_1_8' title='bbox 2566 491 2699 537; x_wconf 78' lang='lat'>1111</span> <span class='ocrx_word' id='word_1_9' title='bbox 3334 471 3449 537; x_wconf 75' lang='lat'><strong>431</strong></span> 
     </span>
    </p>
   </div>
   <div class='ocr_carea' id='block_1_2' title="bbox 325 658 3455 744">
    <p class='ocr_par' dir='ltr' id='par_1_2' title="bbox 325 658 3455 744">
     <span class='ocr_line' id='line_1_2' title="bbox 325 658 3455 744; baseline 0.001 -23"><span class='ocrx_word' id='word_1_10' title='bbox 325 658 736 722; x_wconf 79' lang='lat' dir='ltr'><strong>creationem</strong></span> <span class='ocrx_word' id='word_1_11' title='bbox 794 660 896 724; x_wconf 87' lang='lat' dir='ltr'><strong>vel</strong></span> <span class='ocrx_word' id='word_1_12' title='bbox 955 660 1426 743; x_wconf 78' lang='lat' dir='ltr'><strong>susceptionem</strong></span> <span class='ocrx_word' id='word_1_13' title='bbox 1477 668 1718 725; x_wconf 82' lang='lat' dir='ltr'><strong>naturae</strong></span> <span class='ocrx_word' id='word_1_14' title='bbox 1772 661 1851 724; x_wconf 91' lang='lat' dir='ltr'><strong>ab</strong></span> <span class='ocrx_word' id='word_1_15' title='bbox 1881 662 1934 726; x_wconf 85' lang='lat' dir='ltr'>A</span> <span class='ocrx_word' id='word_1_16' title='bbox 1959 662 2351 744; x_wconf 84' lang='lat' dir='ltr'><strong>plenumque</strong></span> <span class='ocrx_word' id='word_1_17' title='bbox 2398 680 2535 725; x_wconf 90' lang='lat' dir='ltr'><strong>esse</strong></span> <span class='ocrx_word' id='word_1_18' title='bbox 2594 661 2817 737; x_wconf 89' lang='lat' dir='ltr'><strong>habeo,</strong></span> <span class='ocrx_word' id='word_1_19' title='bbox 2872 662 2937 724; x_wconf 92' lang='lat' dir='ltr'><strong>id</strong></span> <span class='ocrx_word' id='word_1_20' title='bbox 2985 669 3079 725; x_wconf 89' lang='lat' dir='ltr'><strong>est</strong></span> <span class='ocrx_word' id='word_1_21' title='bbox 3135 661 3299 724; x_wconf 91' lang='lat' dir='ltr'><strong>Deus</strong></span> <span class='ocrx_word' id='word_1_22' title='bbox 3350 678 3455 725; x_wconf 82' lang='lat' dir='ltr'><strong>ve-</strong></span> 
     </span>
    </p>
   </div>
   <div class='ocr_carea' id='block_1_3' title="bbox 13 755 1856 1827">
    <p class='ocr_par' dir='ltr' id='par_1_3' title="bbox 13 755 1856 1827">
     <span class='ocr_line' id='line_1_3' title="bbox 329 755 1856 839; baseline 0.003 -22"><span class='ocrx_word' id='word_1_23' title='bbox 329 755 480 831; x_wconf 85' lang='lat' dir='ltr'><strong>illo,</strong></span> <span class='ocrx_word' id='word_1_24' title='bbox 516 759 628 821; x_wconf 91' lang='lat' dir='ltr'><strong>sed</strong></span> <span class='ocrx_word' id='word_1_25' title='bbox 657 776 774 839; x_wconf 92' lang='lat' dir='ltr'><strong>per</strong></span> <span class='ocrx_word' id='word_1_26' title='bbox 803 758 1226 823; x_wconf 88' lang='lat' dir='ltr'><strong>imitationem</strong></span> <span class='ocrx_word' id='word_1_27' title='bbox 1257 778 1388 822; x_wconf 81' lang='grc' dir='ltr'><strong>3οω</strong></span> <span class='ocrx_word' id='word_1_28' title='bbox 1417 760 1695 822; x_wconf 83' lang='lat' dir='ltr'><strong>malitiae.</strong></span> <span class='ocrx_word' id='word_1_29' title='bbox 1740 760 1856 822; x_wconf 91' lang='lat' dir='ltr'><strong>Un-</strong></span> 
     </span>
     <span class='ocr_line' id='line_1_4' title="bbox 13 856 1851 939; baseline 0.001 -20"><span class='ocrx_word' id='word_1_30' title='bbox 13 866 291 921; x_wconf 59' lang='lat' dir='ltr'><strong>mmmm,</strong></span> <span class='ocrx_word' id='word_1_31' title='bbox 329 856 424 919; x_wconf 90' lang='lat' dir='ltr'><strong>de</strong></span> <span class='ocrx_word' id='word_1_32' title='bbox 456 856 524 918; x_wconf 89' lang='lat' dir='ltr'><strong>in</strong></span> <span class='ocrx_word' id='word_1_33' title='bbox 558 857 766 939; x_wconf 90' lang='lat' dir='ltr'><strong>prima</strong></span> <span class='ocrx_word' id='word_1_34' title='bbox 793 857 1050 920; x_wconf 79' lang='lat' dir='ltr'><strong>loannis</strong></span> <span class='ocrx_word' id='word_1_35' title='bbox 1081 858 1393 921; x_wconf 88' lang='lat' dir='ltr'><strong>Canonica</strong></span> <span class='ocrx_word' id='word_1_36' title='bbox 1421 858 1655 920; x_wconf 87' lang='lat' dir='ltr'><strong>dicitur</strong></span> <span class='ocrx_word' id='word_1_37' title='bbox 1687 877 1701 921; x_wconf 73' lang='grc' dir='ltr'>ε</span> <span class='ocrx_word' id='word_1_38' title='bbox 1735 858 1851 932; x_wconf 85' lang='lat' dir='ltr'><strong>Qui</strong></span> 
     </span>
     <span class='ocr_line' id='line_1_5' title="bbox 13 934 1849 1039; baseline 0.001 -20"><span class='ocrx_word' id='word_1_39' title='bbox 13 934 46 973; x_wconf 81' lang='lat'><strong>⁵·</strong></span> <span class='ocrx_word' id='word_1_40' title='bbox 327 964 590 1038; x_wconf 90' lang='lat' dir='ltr'><strong>peccat,</strong></span> <span class='ocrx_word' id='word_1_41' title='bbox 624 974 703 1019; x_wconf 90' lang='lat' dir='ltr'><strong>ex</strong></span> <span class='ocrx_word' id='word_1_42' title='bbox 747 957 998 1021; x_wconf 89' lang='lat' dir='ltr'><strong>diabolo</strong></span> <span class='ocrx_word' id='word_1_43' title='bbox 1037 965 1172 1037; x_wconf 83' lang='lat' dir='ltr'><strong>cst3</strong></span> <span class='ocrx_word' id='word_1_44' title='bbox 1218 965 1281 1019; x_wconf 90' lang='lat' dir='ltr'><strong>et</strong></span> <span class='ocrx_word' id='word_1_45' title='bbox 1310 975 1426 1039; x_wconf 86' lang='lat' dir='ltr'><strong>per</strong></span> <span class='ocrx_word' id='word_1_46' title='bbox 1461 956 1849 1039; x_wconf 79' lang='lat' dir='ltr'><strong>Sapientem,</strong></span> 
     </span>
     <span class='ocr_line' id='line_1_6' title="bbox 13 1054 1852 1139; baseline 0.006 -31"><span class='ocrx_word' id='word_1_47' title='bbox 13 1064 188 1122; x_wconf 47' lang='lat' dir='ltr'><strong>sapas,</strong></span> <span class='ocrx_word' id='word_1_48' title='bbox 213 1068 293 1109; x_wconf 80' lang='lat'><strong>25.</strong></span> <span class='ocrx_word' id='word_1_49' title='bbox 327 1054 682 1119; x_wconf 84' lang='lat' dir='ltr'><strong>Imitantur</strong></span> <span class='ocrx_word' id='word_1_50' title='bbox 718 1063 934 1119; x_wconf 88' lang='lat' dir='ltr'><strong>autem</strong></span> <span class='ocrx_word' id='word_1_51' title='bbox 977 1054 1163 1117; x_wconf 90' lang='lat' dir='ltr'><strong>illum</strong></span> <span class='ocrx_word' id='word_1_52' title='bbox 1202 1055 1315 1137; x_wconf 90' lang='lat' dir='ltr'><strong>qui</strong></span> <span class='ocrx_word' id='word_1_53' title='bbox 1357 1065 1504 1118; x_wconf 86' lang='lat' dir='ltr'><strong>sunt</strong></span> <span class='ocrx_word' id='word_1_54' title='bbox 1546 1074 1624 1117; x_wconf 86' lang='lat' dir='ltr'><strong>ex</strong></span> <span class='ocrx_word' id='word_1_55' title='bbox 1675 1064 1852 1139; x_wconf 88' lang='lat' dir='ltr'><strong>parte</strong></span> 
     </span>
     <span class='ocr_line' id='line_1_7' title="bbox 13 1152 1852 1237; baseline 0.001 -22"><span class='ocrx_word' id='word_1_56' title='bbox 13 1164 194 1215; x_wconf 70' lang='lat' dir='ltr'><strong>toton-1.</strong></span> <span class='ocrx_word' id='word_1_57' title='bbox 211 1168 292 1209; x_wconf 69' lang='lat'><strong>2⁵.</strong></span> <span class='ocrx_word' id='word_1_58' title='bbox 327 1152 545 1216; x_wconf 90' lang='lat' dir='ltr'><strong>illius.</strong></span> <span class='ocrx_word' id='word_1_59' title='bbox 580 1154 720 1237; x_wconf 87' lang='lat' dir='ltr'><strong>Ipse</strong></span> <span class='ocrx_word' id='word_1_60' title='bbox 764 1172 998 1236; x_wconf 87' lang='lat' dir='ltr'><strong>nempe</strong></span> <span class='ocrx_word' id='word_1_61' title='bbox 1045 1162 1142 1216; x_wconf 89' lang='lat' dir='ltr'><strong>est</strong></span> <span class='ocrx_word' id='word_1_62' title='bbox 1179 1161 1359 1236; x_wconf 85' lang='lat' dir='ltr'><strong>pater</strong></span> <span class='ocrx_word' id='word_1_63' title='bbox 1399 1172 1592 1237; x_wconf 88' lang='lat' dir='ltr'><strong>super</strong></span> <span class='ocrx_word' id='word_1_64' title='bbox 1631 1173 1852 1218; x_wconf 87' lang='lat' dir='ltr'><strong>omnes</strong></span> 
     </span>
     <span class='ocr_line' id='line_1_8' title="bbox 329 1251 1851 1336; baseline 0.001 -23"><span class='ocrx_word' id='word_1_65' title='bbox 329 1251 519 1316; x_wconf 81' lang='lat' dir='ltr'><strong>filios</strong></span> <span class='ocrx_word' id='word_1_66' title='bbox 561 1252 903 1336; x_wconf 85' lang='lat' dir='ltr'><strong>superbiae.</strong></span> <span class='ocrx_word' id='word_1_67' title='bbox 937 1256 1074 1331; x_wconf 73' lang='lat' dir='ltr'><strong>Eyo</strong></span> <span class='ocrx_word' id='word_1_68' title='bbox 1118 1255 1198 1313; x_wconf 85' lang='lat' dir='ltr'><strong>de</strong></span> <span class='ocrx_word' id='word_1_69' title='bbox 1242 1256 1544 1333; x_wconf 80' lang='lat' dir='ltr'><strong>supernis</strong></span> <span class='ocrx_word' id='word_1_70' title='bbox 1583 1274 1752 1327; x_wconf 82' lang='lat' dir='ltr'><strong>sum,</strong></span> <span class='ocrx_word' id='word_1_71' title='bbox 1786 1253 1851 1315; x_wconf 92' lang='lat' dir='ltr'><strong>id</strong></span> 
     </span>
     <span class='ocr_line' id='line_1_9' title="bbox 331 1350 1849 1434; baseline 0.001 -21"><span class='ocrx_word' id='word_1_72' title='bbox 331 1357 444 1413; x_wconf 88' lang='lat' dir='ltr'><strong>est</strong></span> <span class='ocrx_word' id='word_1_73' title='bbox 471 1358 658 1413; x_wconf 90' lang='lat' dir='ltr'><strong>natus</strong></span> <span class='ocrx_word' id='word_1_74' title='bbox 686 1370 724 1413; x_wconf 88' lang='lat' dir='ltr'><strong>a</strong></span> <span class='ocrx_word' id='word_1_75' title='bbox 758 1352 880 1415; x_wconf 88' lang='lat' dir='ltr'><strong>Deo</strong></span> <span class='ocrx_word' id='word_1_76' title='bbox 908 1350 1107 1426; x_wconf 88' lang='lat' dir='ltr'><strong>Patre,</strong></span> <span class='ocrx_word' id='word_1_77' title='bbox 1141 1358 1204 1413; x_wconf 89' lang='lat' dir='ltr'><strong>et</strong></span> <span class='ocrx_word' id='word_1_78' title='bbox 1241 1368 1355 1434; x_wconf 91' lang='lat' dir='ltr'><strong>per</strong></span> <span class='ocrx_word' id='word_1_79' title='bbox 1396 1352 1849 1415; x_wconf 86' lang='lat' dir='ltr'><strong>incarnationis</strong></span> 
     </span>
     <span class='ocr_line' id='line_1_10' title="bbox 331 1449 1854 1532; baseline 0.001 -21"><span class='ocrx_word' id='word_1_80' title='bbox 331 1449 726 1532; x_wconf 80' lang='lat' dir='ltr'><strong>mysterium</strong></span> <span class='ocrx_word' id='word_1_81' title='bbox 755 1450 1054 1513; x_wconf 90' lang='lat' dir='ltr'><strong>descendi</strong></span> <span class='ocrx_word' id='word_1_82' title='bbox 1093 1469 1131 1512; x_wconf 89' lang='lat' dir='ltr'><strong>a</strong></span> <span class='ocrx_word' id='word_1_83' title='bbox 1169 1468 1422 1513; x_wconf 88' lang='lat' dir='ltr'><strong>summo</strong></span> <span class='ocrx_word' id='word_1_84' title='bbox 1470 1449 1662 1531; x_wconf 88' lang='lat' dir='ltr'><strong>coelo;</strong></span> <span class='ocrx_word' id='word_1_85' title='bbox 1714 1470 1854 1515; x_wconf 88' lang='lat' dir='ltr'><strong>cor-</strong></span> 
     </span>
     <span class='ocr_line' id='line_1_11' title="bbox 337 1547 1854 1631; baseline 0.001 -22"><span class='ocrx_word' id='word_1_86' title='bbox 337 1567 472 1630; x_wconf 89' lang='lat' dir='ltr'><strong>pus</strong></span> <span class='ocrx_word' id='word_1_87' title='bbox 509 1566 772 1630; x_wconf 89' lang='lat' dir='ltr'><strong>quoque</strong></span> <span class='ocrx_word' id='word_1_88' title='bbox 802 1566 1016 1611; x_wconf 91' lang='lat' dir='ltr'><strong>meum</strong></span> <span class='ocrx_word' id='word_1_89' title='bbox 1051 1548 1623 1631; x_wconf 90' lang='lat' dir='ltr'><strong>supernaturaliter</strong></span> <span class='ocrx_word' id='word_1_90' title='bbox 1648 1568 1685 1610; x_wconf 94' lang='lat' dir='ltr'><strong>a</strong></span> <span class='ocrx_word' id='word_1_91' title='bbox 1714 1547 1854 1631; x_wconf 92' lang='lat' dir='ltr'><strong>Spi-</strong></span> 
     </span>
     <span class='ocr_line' id='line_1_12' title="bbox 338 1646 1853 1729; baseline 0.001 -21"><span class='ocrx_word' id='word_1_92' title='bbox 338 1647 478 1710; x_wconf 88' lang='lat' dir='ltr'><strong>ritu</strong></span> <span class='ocrx_word' id='word_1_93' title='bbox 533 1646 762 1711; x_wconf 84' lang='lat' dir='ltr'><strong>Sancto</strong></span> <span class='ocrx_word' id='word_1_94' title='bbox 807 1646 1152 1710; x_wconf 78' lang='lat' dir='ltr'><strong>formatum</strong></span> <span class='ocrx_word' id='word_1_95' title='bbox 1207 1654 1304 1709; x_wconf 89' lang='lat' dir='ltr'><strong>est</strong></span> <span class='ocrx_word' id='word_1_96' title='bbox 1361 1666 1440 1710; x_wconf 87' lang='lat' dir='ltr'><strong>ex</strong></span> <span class='ocrx_word' id='word_1_97' title='bbox 1489 1647 1853 1729; x_wconf 88' lang='lat' dir='ltr'><strong>purissimis</strong></span> 
     </span>
     <span class='ocr_line' id='line_1_13' title="bbox 335 1744 1388 1827; baseline 0.001 -21"><span class='ocrx_word' id='word_1_98' title='bbox 335 1744 628 1827; x_wconf 83' lang='lat' dir='ltr'><strong>Virginis</strong></span> <span class='ocrx_word' id='word_1_99' title='bbox 672 1754 904 1809; x_wconf 79' lang='lat' dir='ltr'><strong>sanctae</strong></span> <span class='ocrx_word' id='word_1_100' title='bbox 946 1745 1388 1827; x_wconf 79' lang='lat' dir='ltr'><strong>sanguinibus.</strong></span> 
     </span>
    </p>
   </div>
   <div class='ocr_carea' id='block_1_4' title="bbox 1960 760 3746 1827">
    <p class='ocr_par' dir='ltr' id='par_1_4' title="bbox 1963 760 3457 843">
     <span class='ocr_line' id='line_1_14' title="bbox 1963 760 3457 843; baseline 0.001 -22"><span class='ocrx_word' id='word_1_101' title='bbox 1963 780 2092 835; x_wconf 81' lang='lat' dir='ltr'><strong>ruS,</strong></span> <span class='ocrx_word' id='word_1_102' title='bbox 2141 760 2326 840; x_wconf 88' lang='lat' dir='ltr'><strong>cujus</strong></span> <span class='ocrx_word' id='word_1_103' title='bbox 2386 760 2776 843; x_wconf 84' lang='lat' dir='ltr'><strong>praecipuum</strong></span> <span class='ocrx_word' id='word_1_104' title='bbox 2830 779 2903 823; x_wconf 89' lang='lat' dir='ltr'><strong>ac</strong></span> <span class='ocrx_word' id='word_1_105' title='bbox 2954 760 3285 843; x_wconf 86' lang='lat' dir='ltr'><strong>proprium</strong></span> <span class='ocrx_word' id='word_1_106' title='bbox 3346 777 3457 822; x_wconf 89' lang='lat' dir='ltr'><strong>no-</strong></span> 
     </span>
    </p>

    <p class='ocr_par' dir='ltr' id='par_1_5' title="bbox 1963 857 3456 940">
     <span class='ocr_line' id='line_1_15' title="bbox 1963 857 3456 940; baseline 0 -21"><span class='ocrx_word' id='word_1_107' title='bbox 1963 876 2110 920; x_wconf 91' lang='lat' dir='ltr'><strong>men</strong></span> <span class='ocrx_word' id='word_1_108' title='bbox 2154 866 2249 919; x_wconf 91' lang='lat' dir='ltr'><strong>est</strong></span> <span class='ocrx_word' id='word_1_109' title='bbox 2291 875 2449 933; x_wconf 88' lang='lat' dir='ltr'><strong>esse,</strong></span> <span class='ocrx_word' id='word_1_110' title='bbox 2486 859 2585 921; x_wconf 87' lang='lat' dir='ltr'><strong>vel</strong></span> <span class='ocrx_word' id='word_1_111' title='bbox 2634 859 2747 940; x_wconf 91' lang='lat' dir='ltr'><strong>qui</strong></span> <span class='ocrx_word' id='word_1_112' title='bbox 2796 865 2938 921; x_wconf 90' lang='lat' dir='ltr'><strong>est:</strong></span> <span class='ocrx_word' id='word_1_113' title='bbox 2973 858 3085 940; x_wconf 92' lang='lat' dir='ltr'><strong>qui</strong></span> <span class='ocrx_word' id='word_1_114' title='bbox 3128 857 3283 921; x_wconf 91' lang='lat' dir='ltr'><strong>olim</strong></span> <span class='ocrx_word' id='word_1_115' title='bbox 3324 857 3456 920; x_wconf 83' lang='lat' dir='ltr'><strong>dixi</strong></span> 
     </span>
    </p>

    <p class='ocr_par' dir='ltr' id='par_1_6' title="bbox 1960 955 3746 1433">
     <span class='ocr_line' id='line_1_16' title="bbox 1963 955 3746 1039; baseline -0.001 -21"><span class='ocrx_word' id='word_1_116' title='bbox 1963 958 2040 1020; x_wconf 89' lang='lat' dir='ltr'><strong>ad</strong></span> <span class='ocrx_word' id='word_1_117' title='bbox 2077 956 2329 1039; x_wconf 81' lang='lat' dir='ltr'><strong>Moysen</strong></span> <span class='ocrx_word' id='word_1_118' title='bbox 2377 975 2391 1020; x_wconf 92' lang='lat'><strong>:</strong></span> <span class='ocrx_word' id='word_1_119' title='bbox 2438 955 2568 1038; x_wconf 79' lang='lat' dir='ltr'><strong>Ego</strong></span> <span class='ocrx_word' id='word_1_120' title='bbox 2606 976 2749 1019; x_wconf 90' lang='lat' dir='ltr'><strong>sum</strong></span> <span class='ocrx_word' id='word_1_121' title='bbox 2790 957 2902 1039; x_wconf 92' lang='lat' dir='ltr'><strong>qui</strong></span> <span class='ocrx_word' id='word_1_122' title='bbox 2948 976 3091 1019; x_wconf 91' lang='lat' dir='ltr'><strong>sum</strong></span> <span class='ocrx_word' id='word_1_123' title='bbox 3126 974 3142 1037; x_wconf 90' lang='lat'>;</span> <span class='ocrx_word' id='word_1_124' title='bbox 3185 956 3319 1019; x_wconf 82' lang='lat' dir='ltr'><strong>baec</strong></span> <span class='ocrx_word' id='word_1_125' title='bbox 3365 955 3460 1018; x_wconf 91' lang='lat' dir='ltr'><strong>di-</strong></span> <span class='ocrx_word' id='word_1_126' title='bbox 3510 974 3659 1019; x_wconf 63' lang='lat' dir='ltr'><strong>asoa.</strong></span> <span class='ocrx_word' id='word_1_127' title='bbox 3686 989 3746 1027; x_wconf 79' lang='lat' dir='ltr'><strong>m,</strong></span> 
     </span>
     <span class='ocr_line' id='line_1_17' title="bbox 1963 1039 3553 1131; baseline -0.002 -13"><span class='ocrx_word' id='word_1_128' title='bbox 1963 1074 2066 1118; x_wconf 90' lang='lat' dir='ltr'><strong>ces</strong></span> <span class='ocrx_word' id='word_1_129' title='bbox 2103 1054 2260 1117; x_wconf 81' lang='lat' dir='ltr'><strong>filiis</strong></span> <span class='ocrx_word' id='word_1_130' title='bbox 2289 1055 2500 1131; x_wconf 87' lang='lat' dir='ltr'><strong>lsrael,</strong></span> <span class='ocrx_word' id='word_1_131' title='bbox 2533 1054 2651 1128; x_wconf 85' lang='lat' dir='ltr'><strong>Qui</strong></span> <span class='ocrx_word' id='word_1_132' title='bbox 2691 1063 2807 1131; x_wconf 89' lang='lat' dir='ltr'><strong>est,</strong></span> <span class='ocrx_word' id='word_1_133' title='bbox 2845 1056 3021 1118; x_wconf 88' lang='lat' dir='ltr'><strong>misit</strong></span> <span class='ocrx_word' id='word_1_134' title='bbox 3060 1071 3161 1117; x_wconf 88' lang='lat' dir='ltr'><strong>me</strong></span> <span class='ocrx_word' id='word_1_135' title='bbox 3200 1056 3280 1117; x_wconf 92' lang='lat' dir='ltr'><strong>ad</strong></span> <span class='ocrx_word' id='word_1_136' title='bbox 3320 1074 3451 1119; x_wconf 92' lang='lat' dir='ltr'><strong>vos.</strong></span> <span class='ocrx_word' id='word_1_137' title='bbox 3488 1039 3553 1083; x_wconf 79' lang='lat'><strong>¹⁴·</strong></span> 
     </span>
     <span class='ocr_line' id='line_1_18' title="bbox 1960 1154 3457 1236; baseline 0.001 -22"><span class='ocrx_word' id='word_1_138' title='bbox 1960 1154 2122 1215; x_wconf 88' lang='lat' dir='ltr'><strong>Deus</strong></span> <span class='ocrx_word' id='word_1_139' title='bbox 2180 1172 2457 1236; x_wconf 88' lang='lat' dir='ltr'><strong>namque</strong></span> <span class='ocrx_word' id='word_1_140' title='bbox 2516 1160 2612 1216; x_wconf 91' lang='lat' dir='ltr'><strong>est</strong></span> <span class='ocrx_word' id='word_1_141' title='bbox 2670 1173 2871 1217; x_wconf 91' lang='lat' dir='ltr'><strong>unum</strong></span> <span class='ocrx_word' id='word_1_142' title='bbox 2930 1171 3069 1217; x_wconf 90' lang='lat' dir='ltr'><strong>esse</strong></span> <span class='ocrx_word' id='word_1_143' title='bbox 3127 1154 3328 1216; x_wconf 90' lang='lat' dir='ltr'><strong>ideale</strong></span> <span class='ocrx_word' id='word_1_144' title='bbox 3384 1172 3457 1216; x_wconf 89' lang='grc'><strong>66</strong></span> 
     </span>
     <span class='ocr_line' id='line_1_19' title="bbox 1961 1252 3453 1335; baseline 0.001 -22"><span class='ocrx_word' id='word_1_145' title='bbox 1961 1259 2345 1334; x_wconf 87' lang='lat' dir='ltr'><strong>separatum,</strong></span> <span class='ocrx_word' id='word_1_146' title='bbox 2398 1252 2464 1314; x_wconf 89' lang='lat' dir='ltr'><strong>in</strong></span> <span class='ocrx_word' id='word_1_147' title='bbox 2515 1271 2647 1335; x_wconf 89' lang='lat' dir='ltr'><strong>quo</strong></span> <span class='ocrx_word' id='word_1_148' title='bbox 2693 1260 2787 1315; x_wconf 90' lang='lat' dir='ltr'><strong>est</strong></span> <span class='ocrx_word' id='word_1_149' title='bbox 2843 1253 3051 1315; x_wconf 90' lang='lat' dir='ltr'><strong>omnis</strong></span> <span class='ocrx_word' id='word_1_150' title='bbox 3103 1252 3453 1334; x_wconf 88' lang='lat' dir='ltr'><strong>plenitudo,</strong></span> 
     </span>
     <span class='ocr_line' id='line_1_20' title="bbox 1964 1350 3460 1433; baseline -0.001 -20"><span class='ocrx_word' id='word_1_151' title='bbox 1964 1350 2270 1433; x_wconf 79' lang='lat' dir='ltr'><strong>perfectio</strong></span> <span class='ocrx_word' id='word_1_152' title='bbox 2304 1350 2731 1433; x_wconf 78' lang='lat' dir='ltr'><strong>nobilitasque</strong></span> <span class='ocrx_word' id='word_1_153' title='bbox 2770 1351 3044 1414; x_wconf 88' lang='lat' dir='ltr'><strong>essendi.</strong></span> <span class='ocrx_word' id='word_1_154' title='bbox 3078 1352 3460 1414; x_wconf 79' lang='lat' dir='ltr'><strong>Moriemini</strong></span> 
     </span>
    </p>

    <p class='ocr_par' dir='ltr' id='par_1_7' title="bbox 1963 1448 3742 1728">
     <span class='ocr_line' id='line_1_21' title="bbox 1965 1448 3742 1531; baseline 0.004 -22"><span class='ocrx_word' id='word_1_155' title='bbox 1965 1450 2038 1510; x_wconf 80' lang='lat' dir='ltr'><strong>in</strong></span> <span class='ocrx_word' id='word_1_156' title='bbox 2071 1458 2328 1526; x_wconf 81' lang='lat' dir='ltr'><strong>peccato</strong></span> <span class='ocrx_word' id='word_1_157' title='bbox 2377 1458 2598 1519; x_wconf 71' lang='lat' dir='ltr'><strong>vestro,</strong></span> <span class='ocrx_word' id='word_1_158' title='bbox 2631 1450 2936 1531; x_wconf 91' lang='lat' dir='ltr'><strong>quoniam</strong></span> <span class='ocrx_word' id='word_1_159' title='bbox 2983 1450 3123 1511; x_wconf 89' lang='lat' dir='ltr'><strong>sine</strong></span> <span class='ocrx_word' id='word_1_160' title='bbox 3166 1449 3297 1512; x_wconf 84' lang='lat' dir='ltr'><strong>l&#39;ide</strong></span> <span class='ocrx_word' id='word_1_161' title='bbox 3341 1448 3460 1511; x_wconf 88' lang='lat' dir='ltr'><strong>im-</strong></span> <span class='ocrx_word' id='word_1_162' title='bbox 3487 1471 3742 1523; x_wconf 51' lang='lat' dir='ltr'><strong>morano.</strong></span> 
     </span>
     <span class='ocr_line' id='line_1_22' title="bbox 1965 1547 3456 1629; baseline 0.001 -19"><span class='ocrx_word' id='word_1_163' title='bbox 1965 1548 2269 1629; x_wconf 90' lang='lat' dir='ltr'><strong>possibile</strong></span> <span class='ocrx_word' id='word_1_164' title='bbox 2297 1556 2393 1610; x_wconf 89' lang='lat' dir='ltr'><strong>est</strong></span> <span class='ocrx_word' id='word_1_165' title='bbox 2424 1548 2673 1629; x_wconf 86' lang='lat' dir='ltr'><strong>placere</strong></span> <span class='ocrx_word' id='word_1_166' title='bbox 2716 1548 2859 1612; x_wconf 89' lang='lat' dir='ltr'><strong>Deo.</strong></span> <span class='ocrx_word' id='word_1_167' title='bbox 2893 1547 3004 1610; x_wconf 90' lang='lat' dir='ltr'><strong>Vel</strong></span> <span class='ocrx_word' id='word_1_168' title='bbox 3048 1548 3141 1610; x_wconf 91' lang='lat' dir='ltr'><strong>sic</strong></span> <span class='ocrx_word' id='word_1_169' title='bbox 3175 1564 3188 1609; x_wconf 90' lang='lat'>:</span> <span class='ocrx_word' id='word_1_170' title='bbox 3223 1547 3288 1610; x_wconf 93' lang='lat' dir='ltr'><strong>Si</strong></span> <span class='ocrx_word' id='word_1_171' title='bbox 3330 1565 3456 1611; x_wconf 90' lang='lat' dir='ltr'><strong>non</strong></span> 
     </span>
     <span class='ocr_line' id='line_1_23' title="bbox 1963 1645 3459 1728; baseline 0.002 -22"><span class='ocrx_word' id='word_1_172' title='bbox 1963 1645 2359 1708; x_wconf 77' lang='lat' dir='ltr'><strong>credideritis</strong></span> <span class='ocrx_word' id='word_1_173' title='bbox 2406 1647 2561 1728; x_wconf 90' lang='lat' dir='ltr'><strong>quia</strong></span> <span class='ocrx_word' id='word_1_174' title='bbox 2602 1665 2717 1728; x_wconf 88' lang='lat' dir='ltr'><strong>ego</strong></span> <span class='ocrx_word' id='word_1_175' title='bbox 2759 1665 2897 1708; x_wconf 89' lang='lat' dir='ltr'><strong>sum</strong></span> <span class='ocrx_word' id='word_1_176' title='bbox 2935 1664 3129 1728; x_wconf 90' lang='lat' dir='ltr'><strong>quem</strong></span> <span class='ocrx_word' id='word_1_177' title='bbox 3180 1662 3281 1708; x_wconf 89' lang='lat' dir='ltr'><strong>me</strong></span> <span class='ocrx_word' id='word_1_178' title='bbox 3320 1664 3459 1709; x_wconf 89' lang='lat' dir='ltr'><strong>esse</strong></span> 
     </span>
    </p>

    <p class='ocr_par' dir='ltr' id='par_1_8' title="bbox 1963 1744 3457 1827">
     <span class='ocr_line' id='line_1_24' title="bbox 1963 1744 3457 1827; baseline 0.001 -21"><span class='ocrx_word' id='word_1_179' title='bbox 1963 1744 2128 1825; x_wconf 86' lang='lat' dir='ltr'><strong>dico,</strong></span> <span class='ocrx_word' id='word_1_180' title='bbox 2171 1744 2467 1807; x_wconf 87' lang='lat' dir='ltr'><strong>videlicet</strong></span> <span class='ocrx_word' id='word_1_181' title='bbox 2514 1744 2801 1808; x_wconf 85' lang='lat' dir='ltr'><strong>Christus</strong></span> <span class='ocrx_word' id='word_1_182' title='bbox 2850 1744 3031 1809; x_wconf 86' lang='lat' dir='ltr'><strong>vobis</strong></span> <span class='ocrx_word' id='word_1_183' title='bbox 3080 1745 3457 1827; x_wconf 76' lang='lat' dir='ltr'><strong>promissuS,</strong></span> 
     </span>
    </p>
   </div>
   <div class='ocr_carea' id='block_1_5' title="bbox 447 1844 3463 1927">
    <p class='ocr_par' dir='ltr' id='par_1_9' title="bbox 447 1844 3463 1927">
     <span class='ocr_line' id='line_1_25' title="bbox 447 1844 3463 1927; baseline 0.001 -22"><span class='ocrx_word' id='word_1_184' title='bbox 447 1845 563 1905; x_wconf 83' lang='lat' dir='ltr'><strong>Vos</strong></span> <span class='ocrx_word' id='word_1_185' title='bbox 596 1846 678 1904; x_wconf 86' lang='lat' dir='ltr'><strong>de</strong></span> <span class='ocrx_word' id='word_1_186' title='bbox 714 1847 959 1906; x_wconf 84' lang='lat' dir='ltr'><strong>mundo</strong></span> <span class='ocrx_word' id='word_1_187' title='bbox 997 1847 1112 1905; x_wconf 74' lang='lat' dir='ltr'><strong>hoc</strong></span> <span class='ocrx_word' id='word_1_188' title='bbox 1147 1847 1320 1917; x_wconf 81' lang='lat' dir='ltr'><strong>estis,</strong></span> <span class='ocrx_word' id='word_1_189' title='bbox 1369 1844 1434 1907; x_wconf 91' lang='lat' dir='ltr'><strong>id</strong></span> <span class='ocrx_word' id='word_1_190' title='bbox 1476 1852 1572 1907; x_wconf 92' lang='lat' dir='ltr'><strong>est</strong></span> <span class='ocrx_word' id='word_1_191' title='bbox 1615 1846 1694 1908; x_wconf 92' lang='lat' dir='ltr'><strong>de</strong></span> <span class='ocrx_word' id='word_1_192' title='bbox 1738 1864 1856 1907; x_wconf 88' lang='lat' dir='ltr'><strong>nu·</strong></span> <span class='ocrx_word' id='word_1_193' title='bbox 1888 1847 1938 1911; x_wconf 90' lang='lat' dir='ltr'>B</span> <span class='ocrx_word' id='word_1_194' title='bbox 1965 1844 2328 1908; x_wconf 87' lang='lat' dir='ltr'><strong>moriemini</strong></span> <span class='ocrx_word' id='word_1_195' title='bbox 2377 1845 2443 1907; x_wconf 90' lang='lat' dir='ltr'><strong>in</strong></span> <span class='ocrx_word' id='word_1_196' title='bbox 2496 1846 2770 1927; x_wconf 90' lang='lat' dir='ltr'><strong>peccatis</strong></span> <span class='ocrx_word' id='word_1_197' title='bbox 2818 1845 3047 1908; x_wconf 87' lang='lat' dir='ltr'><strong>vestris</strong></span> <span class='ocrx_word' id='word_1_198' title='bbox 3097 1864 3114 1908; x_wconf 73' lang='grc' dir='ltr'>ε</span> <span class='ocrx_word' id='word_1_199' title='bbox 3158 1846 3463 1927; x_wconf 87' lang='lat' dir='ltr'><strong>quemad-</strong></span> 
     </span>
    </p>
   </div>
   <div class='ocr_carea' id='block_1_6' title="bbox 23 1942 1862 2906">
    <p class='ocr_par' dir='ltr' id='par_1_10' title="bbox 23 1942 1862 2906">
     <span class='ocr_line' id='line_1_26' title="bbox 339 1942 1856 2025; baseline 0.002 -22"><span class='ocrx_word' id='word_1_200' title='bbox 339 1959 528 2005; x_wconf 86' lang='lat' dir='ltr'><strong>mero</strong></span> <span class='ocrx_word' id='word_1_201' title='bbox 571 1942 907 2006; x_wconf 91' lang='lat' dir='ltr'><strong>hominum</strong></span> <span class='ocrx_word' id='word_1_202' title='bbox 950 1944 1442 2019; x_wconf 86' lang='lat' dir='ltr'><strong>mundanorum,</strong></span> <span class='ocrx_word' id='word_1_203' title='bbox 1477 1944 1556 2006; x_wconf 91' lang='lat' dir='ltr'><strong>de</strong></span> <span class='ocrx_word' id='word_1_204' title='bbox 1595 1961 1856 2025; x_wconf 87' lang='lat' dir='ltr'><strong>genera-</strong></span> 
     </span>
     <span class='ocr_line' id='line_1_27' title="bbox 341 2040 1854 2126; baseline 0.002 -25"><span class='ocrx_word' id='word_1_205' title='bbox 341 2040 523 2103; x_wconf 84' lang='lat' dir='ltr'><strong>tione</strong></span> <span class='ocrx_word' id='word_1_206' title='bbox 581 2040 916 2115; x_wconf 89' lang='lat' dir='ltr'><strong>malorum,</strong></span> <span class='ocrx_word' id='word_1_207' title='bbox 975 2048 1040 2103; x_wconf 92' lang='lat' dir='ltr'><strong>et</strong></span> <span class='ocrx_word' id='word_1_208' title='bbox 1095 2041 1428 2123; x_wconf 87' lang='lat' dir='ltr'><strong>pertinetis</strong></span> <span class='ocrx_word' id='word_1_209' title='bbox 1487 2042 1564 2104; x_wconf 88' lang='lat' dir='ltr'><strong>ad</strong></span> <span class='ocrx_word' id='word_1_210' title='bbox 1623 2060 1854 2126; x_wconf 88' lang='lat' dir='ltr'><strong>corpus</strong></span> 
     </span>
     <span class='ocr_line' id='line_1_28' title="bbox 341 2137 1850 2221; baseline 0.003 -20"><span class='ocrx_word' id='word_1_211' title='bbox 341 2137 610 2201; x_wconf 88' lang='lat' dir='ltr'><strong>diaboli.</strong></span> <span class='ocrx_word' id='word_1_212' title='bbox 671 2139 758 2201; x_wconf 91' lang='lat' dir='ltr'><strong>De</strong></span> <span class='ocrx_word' id='word_1_213' title='bbox 813 2158 944 2221; x_wconf 91' lang='lat' dir='ltr'><strong>quo</strong></span> <span class='ocrx_word' id='word_1_214' title='bbox 1001 2141 1244 2204; x_wconf 90' lang='lat' dir='ltr'><strong>mundo</strong></span> <span class='ocrx_word' id='word_1_215' title='bbox 1299 2140 1566 2204; x_wconf 71' lang='lat' dir='ltr'><strong>lacobus</strong></span> <span class='ocrx_word' id='word_1_216' title='bbox 1624 2140 1778 2203; x_wconf 87' lang='lat' dir='ltr'><strong>dicit</strong></span> <span class='ocrx_word' id='word_1_217' title='bbox 1837 2159 1850 2205; x_wconf 75' lang='grc' dir='ltr'><strong>ε</strong></span> 
     </span>
     <span class='ocr_line' id='line_1_29' title="bbox 23 2237 1860 2320; baseline 0.003 -25"><span class='ocrx_word' id='word_1_218' title='bbox 23 2253 308 2304; x_wconf 48' lang='lat' dir='ltr'><strong>means.</strong></span> <span class='ocrx_word' id='word_1_219' title='bbox 343 2237 650 2299; x_wconf 83' lang='lat' dir='ltr'><strong>Amicitia</strong></span> <span class='ocrx_word' id='word_1_220' title='bbox 677 2238 872 2318; x_wconf 88' lang='lat' dir='ltr'><strong>hujus</strong></span> <span class='ocrx_word' id='word_1_221' title='bbox 917 2238 1139 2301; x_wconf 89' lang='lat' dir='ltr'><strong>mundi</strong></span> <span class='ocrx_word' id='word_1_222' title='bbox 1172 2238 1436 2301; x_wconf 87' lang='lat' dir='ltr'><strong>inimica</strong></span> <span class='ocrx_word' id='word_1_223' title='bbox 1463 2246 1558 2301; x_wconf 91' lang='lat' dir='ltr'><strong>est</strong></span> <span class='ocrx_word' id='word_1_224' title='bbox 1586 2239 1754 2320; x_wconf 92' lang='lat' dir='ltr'><strong>Deo;</strong></span> <span class='ocrx_word' id='word_1_225' title='bbox 1797 2248 1860 2301; x_wconf 91' lang='lat' dir='ltr'><strong>et</strong></span> 
     </span>
     <span class='ocr_line' id='line_1_30' title="bbox 41 2336 1861 2419; baseline 0.004 -26"><span class='ocrx_word' id='word_1_226' title='bbox 41 2352 236 2397; x_wconf 65' lang='lat' dir='ltr'><strong>uma.</strong></span> <span class='ocrx_word' id='word_1_227' title='bbox 261 2368 310 2405; x_wconf 73' lang='lat' dir='ltr'><strong>v.</strong></span> <span class='ocrx_word' id='word_1_228' title='bbox 343 2336 644 2411; x_wconf 80' lang='lat' dir='ltr'><strong>JoanneS,</strong></span> <span class='ocrx_word' id='word_1_229' title='bbox 677 2336 946 2399; x_wconf 85' lang='lat' dir='ltr'><strong>Mundus</strong></span> <span class='ocrx_word' id='word_1_230' title='bbox 982 2336 1252 2419; x_wconf 89' lang='lat' dir='ltr'><strong>(inquit)</strong></span> <span class='ocrx_word' id='word_1_231' title='bbox 1277 2344 1446 2401; x_wconf 91' lang='lat' dir='ltr'><strong>totus</strong></span> <span class='ocrx_word' id='word_1_232' title='bbox 1485 2338 1550 2399; x_wconf 93' lang='lat' dir='ltr'><strong>in</strong></span> <span class='ocrx_word' id='word_1_233' title='bbox 1582 2338 1861 2419; x_wconf 86' lang='lat' dir='ltr'><strong>maligno</strong></span> 
     </span>
     <span class='ocr_line' id='line_1_31' title="bbox 34 2420 1860 2520; baseline 0.001 -22"><span class='ocrx_word' id='word_1_234' title='bbox 34 2420 100 2459; x_wconf 75' lang='lat'><strong>¹⁹·</strong></span> <span class='ocrx_word' id='word_1_235' title='bbox 351 2436 604 2519; x_wconf 88' lang='lat' dir='ltr'><strong>positus</strong></span> <span class='ocrx_word' id='word_1_236' title='bbox 651 2443 770 2498; x_wconf 85' lang='lat' dir='ltr'><strong>est.</strong></span> <span class='ocrx_word' id='word_1_237' title='bbox 820 2435 1091 2500; x_wconf 87' lang='lat' dir='ltr'><strong>Noverat</strong></span> <span class='ocrx_word' id='word_1_238' title='bbox 1133 2437 1309 2499; x_wconf 89' lang='lat' dir='ltr'><strong>enim</strong></span> <span class='ocrx_word' id='word_1_239' title='bbox 1356 2436 1641 2500; x_wconf 89' lang='lat' dir='ltr'><strong>Christus</strong></span> <span class='ocrx_word' id='word_1_240' title='bbox 1689 2438 1860 2520; x_wconf 90' lang='lat' dir='ltr'><strong>quod</strong></span> 
     </span>
     <span class='ocr_line' id='line_1_32' title="bbox 35 2535 1862 2618; baseline 0.001 -23"><span class='ocrx_word' id='word_1_241' title='bbox 35 2551 74 2595; x_wconf 69' lang='lat' dir='ltr'><strong>a</strong></span> <span class='ocrx_word' id='word_1_242' title='bbox 75 2565 236 2603; x_wconf 66' lang='lat' dir='ltr'><strong>oooooo</strong></span> <span class='ocrx_word' id='word_1_243' title='bbox 241 2554 312 2597; x_wconf 76' lang='lat'><strong>22.</strong></span> <span class='ocrx_word' id='word_1_244' title='bbox 351 2536 422 2598; x_wconf 88' lang='lat' dir='ltr'><strong>hi</strong></span> <span class='ocrx_word' id='word_1_245' title='bbox 464 2535 873 2618; x_wconf 84' lang='lat' dir='ltr'><strong>pertinebant</strong></span> <span class='ocrx_word' id='word_1_246' title='bbox 911 2536 990 2598; x_wconf 85' lang='lat' dir='ltr'><strong>ad</strong></span> <span class='ocrx_word' id='word_1_247' title='bbox 1022 2554 1170 2598; x_wconf 87' lang='lat' dir='ltr'><strong>vasa</strong></span> <span class='ocrx_word' id='word_1_248' title='bbox 1201 2535 1332 2611; x_wconf 82' lang='lat' dir='ltr'><strong>irae,</strong></span> <span class='ocrx_word' id='word_1_249' title='bbox 1368 2554 1495 2599; x_wconf 90' lang='lat' dir='ltr'><strong>non</strong></span> <span class='ocrx_word' id='word_1_250' title='bbox 1525 2537 1604 2599; x_wconf 89' lang='lat' dir='ltr'><strong>ad</strong></span> <span class='ocrx_word' id='word_1_251' title='bbox 1643 2554 1862 2599; x_wconf 91' lang='lat' dir='ltr'><strong>nume-</strong></span> 
     </span>
     <span class='ocr_line' id='line_1_33' title="bbox 349 2634 1862 2716; baseline 0.001 -20"><span class='ocrx_word' id='word_1_252' title='bbox 349 2654 500 2697; x_wconf 90' lang='lat' dir='ltr'><strong>rum</strong></span> <span class='ocrx_word' id='word_1_253' title='bbox 544 2634 918 2710; x_wconf 89' lang='lat' dir='ltr'><strong>electorum,</strong></span> <span class='ocrx_word' id='word_1_254' title='bbox 956 2635 1311 2697; x_wconf 91' lang='lat' dir='ltr'><strong>secundum</strong></span> <span class='ocrx_word' id='word_1_255' title='bbox 1354 2636 1524 2716; x_wconf 92' lang='lat' dir='ltr'><strong>quod</strong></span> <span class='ocrx_word' id='word_1_256' title='bbox 1568 2634 1735 2697; x_wconf 81' lang='lat' dir='ltr'><strong>infra</strong></span> <span class='ocrx_word' id='word_1_257' title='bbox 1777 2642 1862 2697; x_wconf 88' lang='lat' dir='ltr'><strong>te-</strong></span> 
     </span>
     <span class='ocr_line' id='line_1_34' title="bbox 41 2732 1858 2815; baseline -0.001 -19"><span class='ocrx_word' id='word_1_258' title='bbox 41 2744 310 2797; x_wconf 60' lang='lat' dir='ltr'><strong>lenum-mn,</strong></span> <span class='ocrx_word' id='word_1_259' title='bbox 348 2742 558 2797; x_wconf 88' lang='lat' dir='ltr'><strong>statur</strong></span> <span class='ocrx_word' id='word_1_260' title='bbox 590 2752 606 2796; x_wconf 74' lang='grc' dir='ltr'>ε</span> <span class='ocrx_word' id='word_1_261' title='bbox 637 2732 768 2814; x_wconf 81' lang='lat' dir='ltr'><strong>Ego</strong></span> <span class='ocrx_word' id='word_1_262' title='bbox 810 2732 943 2796; x_wconf 90' lang='lat' dir='ltr'><strong>scio</strong></span> <span class='ocrx_word' id='word_1_263' title='bbox 990 2751 1152 2815; x_wconf 90' lang='lat' dir='ltr'><strong>quos</strong></span> <span class='ocrx_word' id='word_1_264' title='bbox 1193 2733 1515 2814; x_wconf 84' lang='lat' dir='ltr'><strong>elegerim.</strong></span> <span class='ocrx_word' id='word_1_265' title='bbox 1551 2736 1690 2811; x_wconf 74' lang='lat' dir='ltr'><strong>qu</strong></span> <span class='ocrx_word' id='word_1_266' title='bbox 1728 2754 1858 2795; x_wconf 81' lang='lat' dir='ltr'><strong>non</strong></span> 
     </span>
     <span class='ocr_line' id='line_1_35' title="bbox 39 2810 1858 2906; baseline 0.001 -13"><span class='ocrx_word' id='word_1_267' title='bbox 39 2810 104 2852; x_wconf 76' lang='lat'><strong>¹⁸·</strong></span> <span class='ocrx_word' id='word_1_268' title='bbox 345 2854 498 2894; x_wconf 84' lang='lat' dir='ltr'><strong>sum</strong></span> <span class='ocrx_word' id='word_1_269' title='bbox 525 2836 608 2893; x_wconf 81' lang='lat' dir='ltr'><strong>de</strong></span> <span class='ocrx_word' id='word_1_270' title='bbox 631 2834 750 2893; x_wconf 74' lang='lat' dir='ltr'><strong>hoc</strong></span> <span class='ocrx_word' id='word_1_271' title='bbox 777 2835 1046 2903; x_wconf 81' lang='lat' dir='ltr'><strong>munde,</strong></span> <span class='ocrx_word' id='word_1_272' title='bbox 1079 2831 1144 2893; x_wconf 85' lang='lat' dir='ltr'><strong>id</strong></span> <span class='ocrx_word' id='word_1_273' title='bbox 1183 2839 1300 2906; x_wconf 91' lang='lat' dir='ltr'><strong>est,</strong></span> <span class='ocrx_word' id='word_1_274' title='bbox 1333 2832 1412 2894; x_wconf 90' lang='lat' dir='ltr'><strong>ad</strong></span> <span class='ocrx_word' id='word_1_275' title='bbox 1457 2832 1858 2895; x_wconf 82' lang='lat' dir='ltr'><strong>saecularium</strong></span> 
     </span>
    </p>
   </div>
   <div class='ocr_carea' id='block_1_7' title="bbox 347 2930 1860 3012">
    <p class='ocr_par' dir='ltr' id='par_1_11' title="bbox 347 2930 1860 3012">
     <span class='ocr_line' id='line_1_36' title="bbox 347 2930 1860 3012; baseline -0.001 -18"><span class='ocrx_word' id='word_1_276' title='bbox 347 2930 692 2994; x_wconf 83' lang='lat' dir='ltr'><strong>hominum</strong></span> <span class='ocrx_word' id='word_1_277' title='bbox 751 2930 1117 2993; x_wconf 89' lang='lat' dir='ltr'><strong>societatem</strong></span> <span class='ocrx_word' id='word_1_278' title='bbox 1182 2948 1309 2993; x_wconf 92' lang='lat' dir='ltr'><strong>non</strong></span> <span class='ocrx_word' id='word_1_279' title='bbox 1367 2931 1678 3012; x_wconf 87' lang='lat' dir='ltr'><strong>pertineo,</strong></span> <span class='ocrx_word' id='word_1_280' title='bbox 1743 2948 1860 2994; x_wconf 90' lang='lat' dir='ltr'><strong>nec</strong></span> 
     </span>
    </p>
   </div>
   <div class='ocr_carea' id='block_1_8' title="bbox 1965 1942 3751 3014">
    <p class='ocr_par' dir='ltr' id='par_1_12' title="bbox 1965 1942 3749 2223">
     <span class='ocr_line' id='line_1_37' title="bbox 1967 1942 3749 2027; baseline 0.001 -24"><span class='ocrx_word' id='word_1_281' title='bbox 1967 1944 2225 2006; x_wconf 93' lang='lat' dir='ltr'><strong>modum</strong></span> <span class='ocrx_word' id='word_1_282' title='bbox 2273 1942 2509 2027; x_wconf 81' lang='lat' dir='ltr'><strong>Moyses</strong></span> <span class='ocrx_word' id='word_1_283' title='bbox 2552 1944 2661 2019; x_wconf 89' lang='lat' dir='ltr'><strong>ait,</strong></span> <span class='ocrx_word' id='word_1_284' title='bbox 2704 1942 2921 2006; x_wconf 88' lang='lat' dir='ltr'><strong>Omnis</strong></span> <span class='ocrx_word' id='word_1_285' title='bbox 2964 1943 3075 2025; x_wconf 92' lang='lat' dir='ltr'><strong>qui</strong></span> <span class='ocrx_word' id='word_1_286' title='bbox 3118 1962 3243 2007; x_wconf 91' lang='lat' dir='ltr'><strong>non</strong></span> <span class='ocrx_word' id='word_1_287' title='bbox 3283 1944 3463 2007; x_wconf 81' lang='lat' dir='ltr'><strong>audi·</strong></span> <span class='ocrx_word' id='word_1_288' title='bbox 3487 1959 3749 2011; x_wconf 52' lang='lat' dir='ltr'><strong>Acamas.</strong></span> 
     </span>
     <span class='ocr_line' id='line_1_38' title="bbox 1965 2040 3460 2125; baseline 0.001 -22"><span class='ocrx_word' id='word_1_289' title='bbox 1965 2040 2087 2103; x_wconf 89' lang='lat' dir='ltr'><strong>erit</strong></span> <span class='ocrx_word' id='word_1_290' title='bbox 2132 2040 2507 2125; x_wconf 89' lang='lat' dir='ltr'><strong>Prophetam</strong></span> <span class='ocrx_word' id='word_1_291' title='bbox 2557 2042 2764 2117; x_wconf 90' lang='lat' dir='ltr'><strong>illum,</strong></span> <span class='ocrx_word' id='word_1_292' title='bbox 2806 2040 3334 2105; x_wconf 86' lang='lat' dir='ltr'><strong>exterminabitur</strong></span> <span class='ocrx_word' id='word_1_293' title='bbox 3380 2042 3460 2104; x_wconf 90' lang='lat' dir='ltr'><strong>de</strong></span> 
     </span>
     <span class='ocr_line' id='line_1_39' title="bbox 1969 2141 2385 2223; baseline -0.002 -19"><span class='ocrx_word' id='word_1_294' title='bbox 1969 2141 2209 2223; x_wconf 91' lang='lat' dir='ltr'><strong>populo</strong></span> <span class='ocrx_word' id='word_1_295' title='bbox 2248 2161 2385 2205; x_wconf 88' lang='lat' dir='ltr'><strong>suo.</strong></span> 
     </span>
    </p>

    <p class='ocr_par' dir='ltr' id='par_1_13' title="bbox 1969 2239 3751 3014">
     <span class='ocr_line' id='line_1_40' title="bbox 2048 2239 3666 2321; baseline 0.002 -20"><span class='ocrx_word' id='word_1_296' title='bbox 2048 2242 2360 2301; x_wconf 78' lang='lat' dir='ltr'><strong>Dicebant</strong></span> <span class='ocrx_word' id='word_1_297' title='bbox 2405 2260 2552 2318; x_wconf 70' lang='lat' dir='ltr'><strong>erqo</strong></span> <span class='ocrx_word' id='word_1_298' title='bbox 2598 2241 2661 2299; x_wconf 82' lang='lat' dir='ltr'><strong>ei</strong></span> <span class='ocrx_word' id='word_1_299' title='bbox 2707 2260 2731 2301; x_wconf 92' lang='lat'><strong>.·</strong></span> <span class='ocrx_word' id='word_1_300' title='bbox 2783 2243 2875 2301; x_wconf 81' lang='lat' dir='ltr'><strong>Tu</strong></span> <span class='ocrx_word' id='word_1_301' title='bbox 2922 2242 3069 2321; x_wconf 80' lang='lat' dir='ltr'><strong>quis</strong></span> <span class='ocrx_word' id='word_1_302' title='bbox 3114 2260 3201 2312; x_wconf 80' lang='grc'><strong>63,</strong></span> <span class='ocrx_word' id='word_1_303' title='bbox 3252 2239 3314 2302; x_wconf 90' lang='lat' dir='ltr'><strong>id</strong></span> <span class='ocrx_word' id='word_1_304' title='bbox 3364 2248 3462 2303; x_wconf 83' lang='lat' dir='ltr'><strong>est</strong></span> <span class='ocrx_word' id='word_1_305' title='bbox 3594 2249 3666 2305; x_wconf 80' lang='lat'><strong>25</strong></span> 
     </span>
     <span class='ocr_line' id='line_1_41' title="bbox 1970 2337 3463 2420; baseline 0.001 -21"><span class='ocrx_word' id='word_1_306' title='bbox 1970 2338 2157 2419; x_wconf 91' lang='lat' dir='ltr'><strong>cujus</strong></span> <span class='ocrx_word' id='word_1_307' title='bbox 2201 2338 2612 2413; x_wconf 87' lang='lat' dir='ltr'><strong>auctoritatis,</strong></span> <span class='ocrx_word' id='word_1_308' title='bbox 2663 2337 2873 2420; x_wconf 86' lang='lat' dir='ltr'><strong>qualis</strong></span> <span class='ocrx_word' id='word_1_309' title='bbox 2930 2346 2993 2401; x_wconf 88' lang='lat' dir='ltr'><strong>et</strong></span> <span class='ocrx_word' id='word_1_310' title='bbox 3040 2346 3340 2420; x_wconf 88' lang='lat' dir='ltr'><strong>quantus,</strong></span> <span class='ocrx_word' id='word_1_311' title='bbox 3392 2346 3463 2401; x_wconf 90' lang='lat' dir='ltr'><strong>ut</strong></span> 
     </span>
     <span class='ocr_line' id='line_1_42' title="bbox 1973 2435 3751 2519; baseline -0.002 -20"><span class='ocrx_word' id='word_1_312' title='bbox 1973 2436 2039 2499; x_wconf 85' lang='lat' dir='ltr'><strong>in</strong></span> <span class='ocrx_word' id='word_1_313' title='bbox 2081 2444 2142 2499; x_wconf 90' lang='lat' dir='ltr'><strong>te</strong></span> <span class='ocrx_word' id='word_1_314' title='bbox 2185 2437 2559 2500; x_wconf 65' lang='lat' dir='ltr'><strong>credamus?</strong></span> <span class='ocrx_word' id='word_1_315' title='bbox 2588 2436 2725 2500; x_wconf 92' lang='lat' dir='ltr'><strong>Non</strong></span> <span class='ocrx_word' id='word_1_316' title='bbox 2769 2437 2943 2499; x_wconf 92' lang='lat' dir='ltr'><strong>enim</strong></span> <span class='ocrx_word' id='word_1_317' title='bbox 2986 2435 3161 2500; x_wconf 92' lang='lat' dir='ltr'><strong>omni</strong></span> <span class='ocrx_word' id='word_1_318' title='bbox 3204 2436 3457 2519; x_wconf 90' lang='lat' dir='ltr'><strong>spiritui</strong></span> <span class='ocrx_word' id='word_1_319' title='bbox 3490 2454 3751 2505; x_wconf 54' lang='lat' dir='ltr'><strong>mmmm,</strong></span> 
     </span>
     <span class='ocr_line' id='line_1_43' title="bbox 1971 2520 3751 2630; baseline 0.001 -32"><span class='ocrx_word' id='word_1_320' title='bbox 1971 2543 2065 2598; x_wconf 90' lang='lat' dir='ltr'><strong>est</strong></span> <span class='ocrx_word' id='word_1_321' title='bbox 2111 2537 2521 2598; x_wconf 87' lang='lat' dir='ltr'><strong>credendum.</strong></span> <span class='ocrx_word' id='word_1_322' title='bbox 2576 2534 2651 2597; x_wconf 83' lang='lat' dir='ltr'><strong>Et</strong></span> <span class='ocrx_word' id='word_1_323' title='bbox 2698 2535 2810 2617; x_wconf 90' lang='lat' dir='ltr'><strong>qui</strong></span> <span class='ocrx_word' id='word_1_324' title='bbox 2860 2536 2985 2599; x_wconf 85' lang='lat' dir='ltr'><strong>cito</strong></span> <span class='ocrx_word' id='word_1_325' title='bbox 3034 2535 3253 2611; x_wconf 90' lang='lat' dir='ltr'><strong>credit,</strong></span> <span class='ocrx_word' id='word_1_326' title='bbox 3301 2535 3460 2599; x_wconf 87' lang='lat' dir='ltr'><strong>levis</strong></span> <span class='ocrx_word' id='word_1_327' title='bbox 3492 2520 3751 2630; x_wconf 36' lang='lat' dir='ltr'><strong>zedam,</strong></span> 
     </span>
     <span class='ocr_line' id='line_1_44' title="bbox 1971 2633 3531 2716; baseline -0.001 -19"><span class='ocrx_word' id='word_1_328' title='bbox 1971 2641 2066 2697; x_wconf 91' lang='lat' dir='ltr'><strong>est</strong></span> <span class='ocrx_word' id='word_1_329' title='bbox 2124 2635 2333 2709; x_wconf 86' lang='lat' dir='ltr'><strong>corde,</strong></span> <span class='ocrx_word' id='word_1_330' title='bbox 2393 2633 2765 2716; x_wconf 87' lang='lat' dir='ltr'><strong>falliturque</strong></span> <span class='ocrx_word' id='word_1_331' title='bbox 2818 2633 3211 2715; x_wconf 86' lang='lat' dir='ltr'><strong>frequenter.</strong></span> <span class='ocrx_word' id='word_1_332' title='bbox 3273 2636 3463 2697; x_wconf 68' lang='lat' dir='ltr'><strong>Dia-it</strong></span> <span class='ocrx_word' id='word_1_333' title='bbox 3491 2647 3531 2688; x_wconf 69' lang='lat'><strong>⁴-</strong></span> 
     </span>
     <span class='ocr_line' id='line_1_45' title="bbox 1970 2733 3467 2813; baseline -0.001 -18"><span class='ocrx_word' id='word_1_334' title='bbox 1970 2737 2060 2795; x_wconf 79' lang='lat' dir='ltr'><strong>eis</strong></span> <span class='ocrx_word' id='word_1_335' title='bbox 2095 2737 2279 2795; x_wconf 75' lang='lat' dir='ltr'><strong>Jesus</strong></span> <span class='ocrx_word' id='word_1_336' title='bbox 2308 2754 2331 2794; x_wconf 93' lang='lat'><strong>.·</strong></span> <span class='ocrx_word' id='word_1_337' title='bbox 2358 2734 2808 2811; x_wconf 78' lang='lat' dir='ltr'><strong>Principium,</strong></span> <span class='ocrx_word' id='word_1_338' title='bbox 2841 2733 2959 2813; x_wconf 80' lang='lat' dir='ltr'><strong>qui</strong></span> <span class='ocrx_word' id='word_1_339' title='bbox 2998 2742 3059 2793; x_wconf 82' lang='lat' dir='ltr'><strong>et</strong></span> <span class='ocrx_word' id='word_1_340' title='bbox 3104 2736 3325 2813; x_wconf 77' lang='lat' dir='ltr'><strong>loquor</strong></span> <span class='ocrx_word' id='word_1_341' title='bbox 3364 2752 3467 2794; x_wconf 91' lang='grc' dir='ltr'><strong>υο-</strong></span> 
     </span>
     <span class='ocr_line' id='line_1_46' title="bbox 1969 2830 3465 2913; baseline 0 -20"><span class='ocrx_word' id='word_1_342' title='bbox 1969 2834 2092 2903; x_wconf 81' lang='lat' dir='ltr'><strong>bis,</strong></span> <span class='ocrx_word' id='word_1_343' title='bbox 2121 2831 2188 2894; x_wconf 91' lang='lat' dir='ltr'><strong>id</strong></span> <span class='ocrx_word' id='word_1_344' title='bbox 2228 2839 2344 2906; x_wconf 91' lang='lat' dir='ltr'><strong>est,</strong></span> <span class='ocrx_word' id='word_1_345' title='bbox 2379 2850 2494 2913; x_wconf 91' lang='lat' dir='ltr'><strong>ego</strong></span> <span class='ocrx_word' id='word_1_346' title='bbox 2524 2851 2664 2894; x_wconf 91' lang='lat' dir='ltr'><strong>sum</strong></span> <span class='ocrx_word' id='word_1_347' title='bbox 2698 2830 2981 2913; x_wconf 90' lang='lat' dir='ltr'><strong>primum</strong></span> <span class='ocrx_word' id='word_1_348' title='bbox 3019 2830 3465 2894; x_wconf 85' lang='lat' dir='ltr'><strong>universorum</strong></span> 
     </span>
     <span class='ocr_line' id='line_1_47' title="bbox 1970 2926 3465 3014; baseline -0.001 -22"><span class='ocrx_word' id='word_1_349' title='bbox 1970 2930 2364 3014; x_wconf 90' lang='lat' dir='ltr'><strong>principium</strong></span> <span class='ocrx_word' id='word_1_350' title='bbox 2416 2931 2764 2993; x_wconf 89' lang='lat' dir='ltr'><strong>secundum</strong></span> <span class='ocrx_word' id='word_1_351' title='bbox 2819 2936 3107 2993; x_wconf 88' lang='lat' dir='ltr'><strong>naturam</strong></span> <span class='ocrx_word' id='word_1_352' title='bbox 3156 2926 3465 3011; x_wconf 87' lang='lat' dir='ltr'><strong>divinam,</strong></span> 
     </span>
    </p>
   </div>
   <div class='ocr_carea' id='block_1_9' title="bbox 345 3027 3469 3111">
    <p class='ocr_par' dir='ltr' id='par_1_14' title="bbox 345 3027 3469 3111">
     <span class='ocr_line' id='line_1_48' title="bbox 345 3027 3469 3111; baseline 0 -20"><span class='ocrx_word' id='word_1_353' title='bbox 345 3028 597 3110; x_wconf 85' lang='lat' dir='ltr'><strong>aliquid</strong></span> <span class='ocrx_word' id='word_1_354' title='bbox 644 3028 984 3091; x_wconf 84' lang='lat' dir='ltr'><strong>mundanae</strong></span> <span class='ocrx_word' id='word_1_355' title='bbox 1030 3028 1322 3090; x_wconf 86' lang='lat' dir='ltr'><strong>vanitatis</strong></span> <span class='ocrx_word' id='word_1_356' title='bbox 1372 3036 1482 3091; x_wconf 89' lang='lat' dir='ltr'><strong>aut</strong></span> <span class='ocrx_word' id='word_1_357' title='bbox 1531 3030 1859 3111; x_wconf 83' lang='lat' dir='ltr'><strong>pravitatis</strong></span> <span class='ocrx_word' id='word_1_358' title='bbox 1892 3030 1938 3096; x_wconf 84' lang='lat' dir='ltr'><strong>G</strong></span> <span class='ocrx_word' id='word_1_359' title='bbox 1970 3038 2271 3111; x_wconf 82' lang='lat' dir='ltr'><strong>tanquam</strong></span> <span class='ocrx_word' id='word_1_360' title='bbox 2303 3028 2554 3092; x_wconf 87' lang='lat' dir='ltr'><strong>Creator</strong></span> <span class='ocrx_word' id='word_1_361' title='bbox 2581 3028 3011 3111; x_wconf 79' lang='lat' dir='ltr'><strong>omnipotenS,</strong></span> <span class='ocrx_word' id='word_1_362' title='bbox 3043 3028 3156 3110; x_wconf 93' lang='lat' dir='ltr'><strong>qui</strong></span> <span class='ocrx_word' id='word_1_363' title='bbox 3187 3044 3334 3091; x_wconf 91' lang='lat' dir='ltr'><strong>cum</strong></span> <span class='ocrx_word' id='word_1_364' title='bbox 3367 3027 3469 3091; x_wconf 87' lang='lat' dir='ltr'><strong>Pa·</strong></span> 
     </span>
    </p>
   </div>
   <div class='ocr_carea' id='block_1_10' title="bbox 51 3127 1868 5387">
    <p class='ocr_par' dir='ltr' id='par_1_15' title="bbox 347 3127 1859 3209">
     <span class='ocr_line' id='line_1_49' title="bbox 347 3127 1859 3209; baseline 0.001 -20"><span class='ocrx_word' id='word_1_365' title='bbox 347 3127 416 3190; x_wconf 89' lang='grc'><strong>10</strong></span> <span class='ocrx_word' id='word_1_366' title='bbox 460 3146 564 3191; x_wconf 91' lang='grc'><strong>106</strong></span> <span class='ocrx_word' id='word_1_367' title='bbox 603 3127 828 3191; x_wconf 87' lang='lat' dir='ltr'><strong>habeo.</strong></span> <span class='ocrx_word' id='word_1_368' title='bbox 863 3127 1150 3209; x_wconf 90' lang='lat' dir='ltr'><strong>Denique</strong></span> <span class='ocrx_word' id='word_1_369' title='bbox 1180 3127 1466 3191; x_wconf 88' lang='lat' dir='ltr'><strong>Christus</strong></span> <span class='ocrx_word' id='word_1_370' title='bbox 1506 3130 1859 3191; x_wconf 90' lang='lat' dir='ltr'><strong>secundum</strong></span> 
     </span>
    </p>

    <p class='ocr_par' dir='ltr' id='par_1_16' title="bbox 345 3226 1860 3309">
     <span class='ocr_line' id='line_1_50' title="bbox 345 3226 1860 3309; baseline 0.002 -21"><span class='ocrx_word' id='word_1_371' title='bbox 345 3228 524 3309; x_wconf 89' lang='lat' dir='ltr'><strong>quod</strong></span> <span class='ocrx_word' id='word_1_372' title='bbox 579 3226 760 3301; x_wconf 80' lang='lat' dir='ltr'><strong>DeuS,</strong></span> <span class='ocrx_word' id='word_1_373' title='bbox 807 3245 932 3289; x_wconf 91' lang='lat' dir='ltr'><strong>non</strong></span> <span class='ocrx_word' id='word_1_374' title='bbox 977 3235 1071 3289; x_wconf 88' lang='lat' dir='ltr'><strong>est</strong></span> <span class='ocrx_word' id='word_1_375' title='bbox 1123 3227 1201 3289; x_wconf 88' lang='lat' dir='ltr'><strong>de</strong></span> <span class='ocrx_word' id='word_1_376' title='bbox 1246 3227 1506 3302; x_wconf 89' lang='lat' dir='ltr'><strong>mundo,</strong></span> <span class='ocrx_word' id='word_1_377' title='bbox 1549 3229 1860 3291; x_wconf 89' lang='lat' dir='ltr'><strong>sumendo</strong></span> 
     </span>
    </p>

    <p class='ocr_par' dir='ltr' id='par_1_17' title="bbox 349 3325 1859 3409">
     <span class='ocr_line' id='line_1_51' title="bbox 349 3325 1859 3409; baseline 0 -22"><span class='ocrx_word' id='word_1_378' title='bbox 349 3328 670 3389; x_wconf 89' lang='lat' dir='ltr'><strong>mundum</strong></span> <span class='ocrx_word' id='word_1_379' title='bbox 716 3344 832 3409; x_wconf 91' lang='lat' dir='ltr'><strong>pro</strong></span> <span class='ocrx_word' id='word_1_380' title='bbox 869 3333 1000 3389; x_wconf 79' lang='lat' dir='ltr'><strong>toto</strong></span> <span class='ocrx_word' id='word_1_381' title='bbox 1045 3325 1344 3389; x_wconf 86' lang='lat' dir='ltr'><strong>universo</strong></span> <span class='ocrx_word' id='word_1_382' title='bbox 1383 3334 1615 3402; x_wconf 89' lang='lat' dir='ltr'><strong>creato,</strong></span> <span class='ocrx_word' id='word_1_383' title='bbox 1657 3345 1859 3408; x_wconf 90' lang='lat' dir='ltr'><strong>quum</strong></span> 
     </span>
    </p>

    <p class='ocr_par' dir='ltr' id='par_1_18' title="bbox 349 3424 1865 3506">
     <span class='ocr_line' id='line_1_52' title="bbox 349 3424 1865 3506; baseline 0 -19"><span class='ocrx_word' id='word_1_384' title='bbox 349 3444 482 3489; x_wconf 89' lang='lat' dir='ltr'><strong>non</strong></span> <span class='ocrx_word' id='word_1_385' title='bbox 516 3425 603 3487; x_wconf 91' lang='lat' dir='ltr'><strong>sit</strong></span> <span class='ocrx_word' id='word_1_386' title='bbox 632 3443 778 3506; x_wconf 88' lang='lat' dir='ltr'><strong>pars</strong></span> <span class='ocrx_word' id='word_1_387' title='bbox 807 3424 970 3505; x_wconf 79' lang='lat' dir='ltr'><strong>ejuS,</strong></span> <span class='ocrx_word' id='word_1_388' title='bbox 1005 3425 1116 3487; x_wconf 90' lang='lat' dir='ltr'><strong>sed</strong></span> <span class='ocrx_word' id='word_1_389' title='bbox 1161 3425 1467 3488; x_wconf 88' lang='lat' dir='ltr'><strong>conditor.</strong></span> <span class='ocrx_word' id='word_1_390' title='bbox 1501 3424 1621 3487; x_wconf 92' lang='lat' dir='ltr'><strong>Sed</strong></span> <span class='ocrx_word' id='word_1_391' title='bbox 1664 3433 1728 3487; x_wconf 93' lang='lat' dir='ltr'><strong>et</strong></span> <span class='ocrx_word' id='word_1_392' title='bbox 1765 3442 1865 3487; x_wconf 88' lang='lat' dir='ltr'><strong>se-</strong></span> 
     </span>
    </p>

    <p class='ocr_par' dir='ltr' id='par_1_19' title="bbox 352 3522 1860 3597">
     <span class='ocr_line' id='line_1_53' title="bbox 352 3522 1860 3597; baseline -0.001 -11"><span class='ocrx_word' id='word_1_393' title='bbox 352 3524 641 3587; x_wconf 90' lang='lat' dir='ltr'><strong>cundum</strong></span> <span class='ocrx_word' id='word_1_394' title='bbox 681 3522 1141 3585; x_wconf 87' lang='lat' dir='ltr'><strong>humanitatem</strong></span> <span class='ocrx_word' id='word_1_395' title='bbox 1180 3522 1386 3585; x_wconf 88' lang='lat' dir='ltr'><strong>Verbo</strong></span> <span class='ocrx_word' id='word_1_396' title='bbox 1425 3523 1690 3597; x_wconf 90' lang='lat' dir='ltr'><strong>unitam,</strong></span> <span class='ocrx_word' id='word_1_397' title='bbox 1735 3540 1860 3586; x_wconf 88' lang='grc'><strong>000</strong></span> 
     </span>
    </p>

    <p class='ocr_par' dir='ltr' id='par_1_20' title="bbox 355 3621 1865 3703">
     <span class='ocr_line' id='line_1_54' title="bbox 355 3621 1865 3703; baseline -0.001 -17"><span class='ocrx_word' id='word_1_398' title='bbox 355 3630 454 3686; x_wconf 86' lang='lat' dir='ltr'><strong>est</strong></span> <span class='ocrx_word' id='word_1_399' title='bbox 491 3623 570 3685; x_wconf 92' lang='lat' dir='ltr'><strong>de</strong></span> <span class='ocrx_word' id='word_1_400' title='bbox 620 3622 882 3696; x_wconf 91' lang='lat' dir='ltr'><strong>mund0‚</strong></span> <span class='ocrx_word' id='word_1_401' title='bbox 926 3622 990 3685; x_wconf 93' lang='lat' dir='ltr'><strong>id</strong></span> <span class='ocrx_word' id='word_1_402' title='bbox 1029 3630 1124 3684; x_wconf 91' lang='lat' dir='ltr'><strong>est</strong></span> <span class='ocrx_word' id='word_1_403' title='bbox 1169 3622 1385 3703; x_wconf 86' lang='lat' dir='ltr'><strong>aliqua</strong></span> <span class='ocrx_word' id='word_1_404' title='bbox 1431 3621 1702 3683; x_wconf 86' lang='lat' dir='ltr'><strong>naturali</strong></span> <span class='ocrx_word' id='word_1_405' title='bbox 1744 3622 1865 3685; x_wconf 85' lang='lat' dir='ltr'><strong>vir-</strong></span> 
     </span>
    </p>

    <p class='ocr_par' dir='ltr' id='par_1_21' title="bbox 51 3720 1861 3805">
     <span class='ocr_line' id='line_1_55' title="bbox 51 3720 1861 3805; baseline 0.001 -26"><span class='ocrx_word' id='word_1_406' title='bbox 51 3736 328 3785; x_wconf 60' lang='grc' dir='ltr'><strong>Μιιειιαο.</strong></span> <span class='ocrx_word' id='word_1_407' title='bbox 358 3731 496 3785; x_wconf 87' lang='lat' dir='ltr'><strong>tute</strong></span> <span class='ocrx_word' id='word_1_408' title='bbox 543 3730 892 3805; x_wconf 89' lang='lat' dir='ltr'><strong>conceptus</strong></span> <span class='ocrx_word' id='word_1_409' title='bbox 939 3728 1002 3783; x_wconf 91' lang='lat' dir='ltr'><strong>et</strong></span> <span class='ocrx_word' id='word_1_410' title='bbox 1041 3721 1318 3802; x_wconf 89' lang='lat' dir='ltr'><strong>genitus,</strong></span> <span class='ocrx_word' id='word_1_411' title='bbox 1355 3722 1465 3783; x_wconf 89' lang='lat' dir='ltr'><strong>sed</strong></span> <span class='ocrx_word' id='word_1_412' title='bbox 1505 3722 1583 3783; x_wconf 92' lang='lat' dir='ltr'><strong>de</strong></span> <span class='ocrx_word' id='word_1_413' title='bbox 1621 3720 1861 3803; x_wconf 90' lang='lat' dir='ltr'><strong>Spiritu</strong></span> 
     </span>
    </p>

    <p class='ocr_par' dir='ltr' id='par_1_22' title="bbox 357 3819 1864 3903">
     <span class='ocr_line' id='line_1_56' title="bbox 357 3819 1864 3903; baseline -0.003 -18"><span class='ocrx_word' id='word_1_414' title='bbox 357 3822 612 3886; x_wconf 85' lang='lat' dir='ltr'><strong>Sancto.</strong></span> <span class='ocrx_word' id='word_1_415' title='bbox 647 3821 850 3887; x_wconf 87' lang='lat' dir='ltr'><strong>Ceteri</strong></span> <span class='ocrx_word' id='word_1_416' title='bbox 893 3838 1152 3903; x_wconf 87' lang='lat' dir='ltr'><strong>quoque</strong></span> <span class='ocrx_word' id='word_1_417' title='bbox 1188 3819 1371 3883; x_wconf 87' lang='lat' dir='ltr'><strong>electi</strong></span> <span class='ocrx_word' id='word_1_418' title='bbox 1424 3839 1550 3884; x_wconf 89' lang='lat' dir='ltr'><strong>non</strong></span> <span class='ocrx_word' id='word_1_419' title='bbox 1596 3827 1746 3882; x_wconf 90' lang='lat' dir='ltr'><strong>sunt</strong></span> <span class='ocrx_word' id='word_1_420' title='bbox 1786 3821 1864 3882; x_wconf 92' lang='lat' dir='ltr'><strong>de</strong></span> 
     </span>
    </p>

    <p class='ocr_par' dir='ltr' id='par_1_23' title="bbox 357 3920 1866 4001">
     <span class='ocr_line' id='line_1_57' title="bbox 357 3920 1866 4001; baseline -0.002 -17"><span class='ocrx_word' id='word_1_421' title='bbox 357 3922 624 3997; x_wconf 90' lang='lat' dir='ltr'><strong>mundo,</strong></span> <span class='ocrx_word' id='word_1_422' title='bbox 673 3921 760 3983; x_wconf 84' lang='lat' dir='ltr'><strong>ita</strong></span> <span class='ocrx_word' id='word_1_423' title='bbox 802 3921 974 4001; x_wconf 87' lang='lat' dir='ltr'><strong>quod</strong></span> <span class='ocrx_word' id='word_1_424' title='bbox 1022 3920 1100 3981; x_wconf 87' lang='lat' dir='ltr'><strong>ad</strong></span> <span class='ocrx_word' id='word_1_425' title='bbox 1146 3920 1616 3982; x_wconf 89' lang='lat' dir='ltr'><strong>mundanorum</strong></span> <span class='ocrx_word' id='word_1_426' title='bbox 1657 3938 1732 3981; x_wconf 89' lang='lat' dir='ltr'><strong>ac</strong></span> <span class='ocrx_word' id='word_1_427' title='bbox 1772 3936 1866 3981; x_wconf 92' lang='lat' dir='ltr'><strong>re-</strong></span> 
     </span>
    </p>

    <p class='ocr_par' dir='ltr' id='par_1_24' title="bbox 360 4018 1867 4104">
     <span class='ocr_line' id='line_1_58' title="bbox 360 4018 1867 4104; baseline -0.003 -20"><span class='ocrx_word' id='word_1_428' title='bbox 360 4020 710 4104; x_wconf 89' lang='lat' dir='ltr'><strong>proborum</strong></span> <span class='ocrx_word' id='word_1_429' title='bbox 763 4037 890 4082; x_wconf 93' lang='lat' dir='ltr'><strong>non</strong></span> <span class='ocrx_word' id='word_1_430' title='bbox 951 4018 1274 4100; x_wconf 87' lang='lat' dir='ltr'><strong>pertinent</strong></span> <span class='ocrx_word' id='word_1_431' title='bbox 1331 4024 1590 4093; x_wconf 88' lang='lat' dir='ltr'><strong>sortem,</strong></span> <span class='ocrx_word' id='word_1_432' title='bbox 1642 4036 1867 4081; x_wconf 90' lang='lat' dir='ltr'><strong>secun-</strong></span> 
     </span>
    </p>

    <p class='ocr_par' dir='ltr' id='par_1_25' title="bbox 65 4114 1867 4397">
     <span class='ocr_line' id='line_1_59' title="bbox 65 4114 1867 4240; baseline -0.002 -60"><span class='ocrx_word' id='word_1_433' title='bbox 65 4137 326 4240; x_wconf 61' lang='lat'><strong>,}“³“·¹*&#39;</strong></span> <span class='ocrx_word' id='word_1_434' title='bbox 359 4120 515 4182; x_wconf 91' lang='lat' dir='ltr'><strong>dum</strong></span> <span class='ocrx_word' id='word_1_435' title='bbox 566 4118 739 4199; x_wconf 92' lang='lat' dir='ltr'><strong>quod</strong></span> <span class='ocrx_word' id='word_1_436' title='bbox 787 4115 956 4179; x_wconf 86' lang='lat' dir='ltr'><strong>infra</strong></span> <span class='ocrx_word' id='word_1_437' title='bbox 1004 4116 1290 4198; x_wconf 89' lang='lat' dir='ltr'><strong>loquitur</strong></span> <span class='ocrx_word' id='word_1_438' title='bbox 1337 4116 1623 4179; x_wconf 89' lang='lat' dir='ltr'><strong>Christus</strong></span> <span class='ocrx_word' id='word_1_439' title='bbox 1660 4114 1867 4188; x_wconf 85' lang='lat' dir='ltr'><strong>:Quia</strong></span> 
     </span>
     <span class='ocr_line' id='line_1_60' title="bbox 359 4314 1792 4397; baseline -0.003 -17"><span class='ocrx_word' id='word_1_440' title='bbox 359 4319 442 4380; x_wconf 91' lang='lat' dir='ltr'><strong>de</strong></span> <span class='ocrx_word' id='word_1_441' title='bbox 485 4317 749 4390; x_wconf 88' lang='lat' dir='ltr'><strong>mundo,</strong></span> <span class='ocrx_word' id='word_1_442' title='bbox 783 4321 1120 4397; x_wconf 87' lang='lat' dir='ltr'><strong>propterea</strong></span> <span class='ocrx_word' id='word_1_443' title='bbox 1161 4315 1294 4377; x_wconf 89' lang='lat' dir='ltr'><strong>odit</strong></span> <span class='ocrx_word' id='word_1_444' title='bbox 1338 4333 1448 4378; x_wconf 83' lang='lat' dir='ltr'><strong>vos</strong></span> <span class='ocrx_word' id='word_1_445' title='bbox 1493 4314 1792 4376; x_wconf 90' lang='lat' dir='ltr'><strong>mundus.</strong></span> 
     </span>
    </p>

    <p class='ocr_par' dir='ltr' id='par_1_26' title="bbox 146 4402 1864 4493">
     <span class='ocr_line' id='line_1_61' title="bbox 146 4402 1864 4493; baseline 0.002 -23"><span class='ocrx_word' id='word_1_446' title='bbox 146 4416 218 4470; x_wconf 66' lang='lat'><strong>24</strong></span> <span class='ocrx_word' id='word_1_447' title='bbox 465 4416 634 4477; x_wconf 69' lang='lat' dir='ltr'><strong>Dian·</strong></span> <span class='ocrx_word' id='word_1_448' title='bbox 686 4402 842 4493; x_wconf 68' lang='lat' dir='ltr'><strong>erqo</strong></span> <span class='ocrx_word' id='word_1_449' title='bbox 895 4415 1085 4486; x_wconf 69' lang='lat' dir='ltr'><strong>vobi-e,</strong></span> <span class='ocrx_word' id='word_1_450' title='bbox 1146 4415 1307 4492; x_wconf 81' lang='lat' dir='ltr'><strong>quia</strong></span> <span class='ocrx_word' id='word_1_451' title='bbox 1364 4414 1740 4474; x_wconf 79' lang='lat' dir='ltr'><strong>moriemini</strong></span> <span class='ocrx_word' id='word_1_452' title='bbox 1793 4415 1864 4474; x_wconf 81' lang='lat' dir='ltr'><strong>in</strong></span> 
     </span>
    </p>

    <p class='ocr_par' dir='ltr' id='par_1_27' title="bbox 353 4510 1862 4593">
     <span class='ocr_line' id='line_1_62' title="bbox 353 4510 1862 4593; baseline -0.001 -17"><span class='ocrx_word' id='word_1_453' title='bbox 353 4516 638 4593; x_wconf 76' lang='lat' dir='ltr'><strong>peccatis</strong></span> <span class='ocrx_word' id='word_1_454' title='bbox 677 4514 919 4583; x_wconf 77' lang='lat' dir='ltr'><strong>vestris,</strong></span> <span class='ocrx_word' id='word_1_455' title='bbox 963 4512 1027 4574; x_wconf 91' lang='lat' dir='ltr'><strong>id</strong></span> <span class='ocrx_word' id='word_1_456' title='bbox 1077 4519 1195 4585; x_wconf 88' lang='lat' dir='ltr'><strong>est,</strong></span> <span class='ocrx_word' id='word_1_457' title='bbox 1236 4511 1390 4593; x_wconf 89' lang='grc'><strong>(1016</strong></span> <span class='ocrx_word' id='word_1_458' title='bbox 1437 4512 1515 4573; x_wconf 89' lang='lat' dir='ltr'><strong>ad</strong></span> <span class='ocrx_word' id='word_1_459' title='bbox 1562 4510 1862 4593; x_wconf 88' lang='lat' dir='ltr'><strong>reprobos</strong></span> 
     </span>
    </p>

    <p class='ocr_par' dir='ltr' id='par_1_28' title="bbox 359 4610 1864 4697">
     <span class='ocr_line' id='line_1_63' title="bbox 359 4610 1864 4697; baseline -0.003 -21"><span class='ocrx_word' id='word_1_460' title='bbox 359 4613 722 4697; x_wconf 85' lang='lat' dir='ltr'><strong>pertinetis,</strong></span> <span class='ocrx_word' id='word_1_461' title='bbox 770 4610 902 4674; x_wconf 86' lang='lat' dir='ltr'><strong>dixi</strong></span> <span class='ocrx_word' id='word_1_462' title='bbox 947 4610 1100 4693; x_wconf 90' lang='lat' dir='ltr'><strong>quia</strong></span> <span class='ocrx_word' id='word_1_463' title='bbox 1142 4612 1210 4673; x_wconf 91' lang='lat' dir='ltr'><strong>in</strong></span> <span class='ocrx_word' id='word_1_464' title='bbox 1259 4610 1534 4693; x_wconf 86' lang='lat' dir='ltr'><strong>peccatis</strong></span> <span class='ocrx_word' id='word_1_465' title='bbox 1584 4610 1864 4673; x_wconf 78' lang='lat' dir='ltr'><strong>finaliter</strong></span> 
     </span>
    </p>

    <p class='ocr_par' dir='ltr' id='par_1_29' title="bbox 361 4708 1866 4796">
     <span class='ocr_line' id='line_1_64' title="bbox 361 4708 1866 4796; baseline -0.003 -21"><span class='ocrx_word' id='word_1_466' title='bbox 361 4711 854 4796; x_wconf 79' lang='lat' dir='ltr'><strong>perseverabitis</strong></span> <span class='ocrx_word' id='word_1_467' title='bbox 911 4719 1105 4793; x_wconf 86' lang='lat' dir='ltr'><strong>atque</strong></span> <span class='ocrx_word' id='word_1_468' title='bbox 1164 4710 1478 4794; x_wconf 89' lang='lat' dir='ltr'><strong>peribitis.</strong></span> <span class='ocrx_word' id='word_1_469' title='bbox 1541 4708 1712 4782; x_wconf 87' lang='lat' dir='ltr'><strong>Quod</strong></span> <span class='ocrx_word' id='word_1_470' title='bbox 1772 4710 1866 4772; x_wconf 90' lang='lat' dir='ltr'><strong>di-</strong></span> 
     </span>
    </p>

    <p class='ocr_par' dir='ltr' id='par_1_30' title="bbox 357 4809 1867 4893">
     <span class='ocr_line' id='line_1_65' title="bbox 357 4809 1867 4893; baseline -0.003 -18"><span class='ocrx_word' id='word_1_471' title='bbox 357 4821 538 4875; x_wconf 88' lang='lat' dir='ltr'><strong>ctum</strong></span> <span class='ocrx_word' id='word_1_472' title='bbox 586 4818 682 4873; x_wconf 85' lang='lat' dir='ltr'><strong>est</strong></span> <span class='ocrx_word' id='word_1_473' title='bbox 728 4818 1038 4893; x_wconf 87' lang='lat' dir='ltr'><strong>quantum</strong></span> <span class='ocrx_word' id='word_1_474' title='bbox 1088 4809 1168 4871; x_wconf 89' lang='lat' dir='ltr'><strong>ad</strong></span> <span class='ocrx_word' id='word_1_475' title='bbox 1216 4809 1665 4871; x_wconf 89' lang='lat' dir='ltr'><strong>certitudinem</strong></span> <span class='ocrx_word' id='word_1_476' title='bbox 1708 4828 1867 4890; x_wconf 69' lang='lat' dir='ltr'><strong>pra&gt;-</strong></span> 
     </span>
    </p>

    <p class='ocr_par' dir='ltr' id='par_1_31' title="bbox 359 4906 1866 4990">
     <span class='ocr_line' id='line_1_66' title="bbox 359 4906 1866 4990; baseline -0.003 -17"><span class='ocrx_word' id='word_1_477' title='bbox 359 4909 827 4984; x_wconf 80' lang='lat' dir='ltr'><strong>destinationiS,</strong></span> <span class='ocrx_word' id='word_1_478' title='bbox 871 4926 987 4990; x_wconf 87' lang='lat' dir='ltr'><strong>per</strong></span> <span class='ocrx_word' id='word_1_479' title='bbox 1033 4926 1227 4989; x_wconf 88' lang='lat' dir='ltr'><strong>quam</strong></span> <span class='ocrx_word' id='word_1_480' title='bbox 1279 4925 1404 4969; x_wconf 90' lang='lat' dir='ltr'><strong>non</strong></span> <span class='ocrx_word' id='word_1_481' title='bbox 1452 4906 1740 4970; x_wconf 85' lang='lat' dir='ltr'><strong>aufertur</strong></span> <span class='ocrx_word' id='word_1_482' title='bbox 1788 4907 1866 4969; x_wconf 90' lang='lat' dir='ltr'><strong>li—</strong></span> 
     </span>
    </p>

    <p class='ocr_par' dir='ltr' id='par_1_32' title="bbox 359 5006 1862 5089">
     <span class='ocr_line' id='line_1_67' title="bbox 359 5006 1862 5089; baseline -0.002 -18"><span class='ocrx_word' id='word_1_483' title='bbox 359 5008 576 5071; x_wconf 88' lang='lat' dir='ltr'><strong>bertas</strong></span> <span class='ocrx_word' id='word_1_484' title='bbox 621 5007 1016 5070; x_wconf 91' lang='lat' dir='ltr'><strong>hominibus.</strong></span> <span class='ocrx_word' id='word_1_485' title='bbox 1050 5006 1225 5069; x_wconf 91' lang='lat' dir='ltr'><strong>Unde</strong></span> <span class='ocrx_word' id='word_1_486' title='bbox 1265 5024 1346 5067; x_wconf 89' lang='lat' dir='ltr'><strong>ne</strong></span> <span class='ocrx_word' id='word_1_487' title='bbox 1385 5024 1639 5069; x_wconf 91' lang='lat' dir='ltr'><strong>omnem</strong></span> <span class='ocrx_word' id='word_1_488' title='bbox 1682 5024 1862 5089; x_wconf 87' lang='lat' dir='ltr'><strong>spem</strong></span> 
     </span>
    </p>

    <p class='ocr_par' dir='ltr' id='par_1_33' title="bbox 359 5104 1868 5185">
     <span class='ocr_line' id='line_1_68' title="bbox 359 5104 1868 5185; baseline -0.003 -16"><span class='ocrx_word' id='word_1_489' title='bbox 359 5107 458 5169; x_wconf 89' lang='grc'><strong>613</strong></span> <span class='ocrx_word' id='word_1_490' title='bbox 516 5104 800 5167; x_wconf 82' lang='lat' dir='ltr'><strong>auferret</strong></span> <span class='ocrx_word' id='word_1_491' title='bbox 855 5104 1369 5180; x_wconf 86' lang='lat' dir='ltr'><strong>conditionalem,</strong></span> <span class='ocrx_word' id='word_1_492' title='bbox 1428 5104 1664 5185; x_wconf 87' lang='lat' dir='ltr'><strong>adjecit</strong></span> <span class='ocrx_word' id='word_1_493' title='bbox 1717 5123 1731 5167; x_wconf 77' lang='grc' dir='ltr'><strong><em>ε</em></strong></span> <span class='ocrx_word' id='word_1_494' title='bbox 1787 5108 1868 5167; x_wconf 83' lang='lat' dir='ltr'><strong>Si</strong></span> 
     </span>
    </p>

    <p class='ocr_par' dir='ltr' id='par_1_34' title="bbox 78 5202 1868 5287">
     <span class='ocr_line' id='line_1_69' title="bbox 78 5202 1868 5287; baseline 0 -20"><span class='ocrx_word' id='word_1_495' title='bbox 78 5224 333 5278; x_wconf 50' lang='lat' dir='ltr'><strong>Galatam.</strong></span> <span class='ocrx_word' id='word_1_496' title='bbox 359 5208 546 5267; x_wconf 79' lang='lat' dir='ltr'><strong>enim</strong></span> <span class='ocrx_word' id='word_1_497' title='bbox 592 5224 724 5265; x_wconf 80' lang='lat' dir='ltr'><strong>non</strong></span> <span class='ocrx_word' id='word_1_498' title='bbox 769 5206 1182 5266; x_wconf 78' lang='lat' dir='ltr'><strong>credideritis</strong></span> <span class='ocrx_word' id='word_1_499' title='bbox 1227 5202 1360 5265; x_wconf 84' lang='lat' dir='ltr'><strong>fide</strong></span> <span class='ocrx_word' id='word_1_500' title='bbox 1421 5221 1535 5287; x_wconf 89' lang='lat' dir='ltr'><strong>per</strong></span> <span class='ocrx_word' id='word_1_501' title='bbox 1589 5204 1868 5268; x_wconf 87' lang='lat' dir='ltr'><strong>dilectio-</strong></span> 
     </span>
    </p>

    <p class='ocr_par' dir='ltr' id='par_1_35' title="bbox 365 5302 1866 5387">
     <span class='ocr_line' id='line_1_70' title="bbox 365 5302 1866 5387; baseline -0.001 -19"><span class='ocrx_word' id='word_1_502' title='bbox 365 5324 520 5369; x_wconf 88' lang='lat' dir='ltr'><strong>nem</strong></span> <span class='ocrx_word' id='word_1_503' title='bbox 563 5311 882 5387; x_wconf 84' lang='lat' dir='ltr'><strong>operante,</strong></span> <span class='ocrx_word' id='word_1_504' title='bbox 924 5306 1084 5385; x_wconf 78' lang='lat' dir='ltr'><strong>quia</strong></span> <span class='ocrx_word' id='word_1_505' title='bbox 1129 5323 1240 5382; x_wconf 74' lang='grc'><strong>690</strong></span> <span class='ocrx_word' id='word_1_506' title='bbox 1285 5324 1432 5365; x_wconf 81' lang='lat' dir='ltr'><strong>sum</strong></span> <span class='ocrx_word' id='word_1_507' title='bbox 1477 5302 1590 5385; x_wconf 91' lang='lat' dir='ltr'><strong>qui</strong></span> <span class='ocrx_word' id='word_1_508' title='bbox 1644 5320 1866 5366; x_wconf 88' lang='lat' dir='ltr'><strong>verum</strong></span> 
     </span>
    </p>
   </div>
   <div class='ocr_carea' id='block_1_11' title="bbox 1968 3126 3756 4199">
    <p class='ocr_par' dir='ltr' id='par_1_36' title="bbox 1968 3126 3471 3310">
     <span class='ocr_line' id='line_1_71' title="bbox 1968 3126 3471 3211; baseline -0.001 -20"><span class='ocrx_word' id='word_1_509' title='bbox 1968 3138 2065 3191; x_wconf 51' lang='lat' dir='ltr'><strong>&#39;tre</strong></span> <span class='ocrx_word' id='word_1_510' title='bbox 2111 3136 2176 3191; x_wconf 87' lang='lat' dir='ltr'><strong>et</strong></span> <span class='ocrx_word' id='word_1_511' title='bbox 2212 3128 2454 3211; x_wconf 87' lang='lat' dir='ltr'><strong>Spiritu</strong></span> <span class='ocrx_word' id='word_1_512' title='bbox 2499 3126 2727 3191; x_wconf 89' lang='lat' dir='ltr'><strong>Sancto</strong></span> <span class='ocrx_word' id='word_1_513' title='bbox 2777 3146 2919 3189; x_wconf 91' lang='lat' dir='ltr'><strong>sum</strong></span> <span class='ocrx_word' id='word_1_514' title='bbox 2979 3146 3180 3189; x_wconf 91' lang='lat' dir='ltr'><strong>unum</strong></span> <span class='ocrx_word' id='word_1_515' title='bbox 3232 3127 3471 3209; x_wconf 88' lang='lat' dir='ltr'><strong>princi-</strong></span> 
     </span>
     <span class='ocr_line' id='line_1_72' title="bbox 1971 3225 3469 3310; baseline -0.001 -21"><span class='ocrx_word' id='word_1_516' title='bbox 1971 3228 2175 3310; x_wconf 90' lang='lat' dir='ltr'><strong>pium,</strong></span> <span class='ocrx_word' id='word_1_517' title='bbox 2211 3245 2377 3288; x_wconf 90' lang='lat' dir='ltr'><strong>unus</strong></span> <span class='ocrx_word' id='word_1_518' title='bbox 2420 3226 2693 3301; x_wconf 89' lang='lat' dir='ltr'><strong>Creator,</strong></span> <span class='ocrx_word' id='word_1_519' title='bbox 2730 3243 3024 3308; x_wconf 90' lang='lat' dir='ltr'><strong>unusque</strong></span> <span class='ocrx_word' id='word_1_520' title='bbox 3068 3225 3223 3288; x_wconf 82' lang='lat' dir='ltr'><strong>finis</strong></span> <span class='ocrx_word' id='word_1_521' title='bbox 3264 3225 3469 3288; x_wconf 91' lang='lat' dir='ltr'><strong>omni-</strong></span> 
     </span>
    </p>

    <p class='ocr_par' dir='ltr' id='par_1_37' title="bbox 1972 3324 3756 3706">
     <span class='ocr_line' id='line_1_73' title="bbox 1974 3324 3756 3409; baseline -0.002 -20"><span class='ocrx_word' id='word_1_522' title='bbox 1974 3347 2081 3390; x_wconf 94' lang='lat' dir='ltr'><strong>um</strong></span> <span class='ocrx_word' id='word_1_523' title='bbox 2113 3345 2349 3390; x_wconf 89' lang='lat' dir='ltr'><strong>rerum.</strong></span> <span class='ocrx_word' id='word_1_524' title='bbox 2386 3325 2503 3399; x_wconf 89' lang='lat' dir='ltr'><strong>Qui</strong></span> <span class='ocrx_word' id='word_1_525' title='bbox 2536 3326 2762 3408; x_wconf 89' lang='lat' dir='ltr'><strong>loquor</strong></span> <span class='ocrx_word' id='word_1_526' title='bbox 2792 3326 2856 3388; x_wconf 92' lang='lat' dir='ltr'><strong>in</strong></span> <span class='ocrx_word' id='word_1_527' title='bbox 2887 3325 3267 3409; x_wconf 78' lang='lat' dir='ltr'><strong>Apocalypsi</strong></span> <span class='ocrx_word' id='word_1_528' title='bbox 3296 3344 3310 3389; x_wconf 87' lang='lat'>:</span> <span class='ocrx_word' id='word_1_529' title='bbox 3339 3324 3468 3407; x_wconf 83' lang='lat' dir='ltr'><strong>Ego</strong></span> <span class='ocrx_word' id='word_1_530' title='bbox 3498 3341 3636 3397; x_wconf 70' lang='grc' dir='ltr'><strong>Λροε.</strong></span> <span class='ocrx_word' id='word_1_531' title='bbox 3662 3342 3756 3393; x_wconf 76' lang='lat'><strong>1,⁸;</strong></span> 
     </span>
     <span class='ocr_line' id='line_1_74' title="bbox 1972 3406 3691 3507; baseline -0.002 -18"><span class='ocrx_word' id='word_1_532' title='bbox 1972 3446 2116 3489; x_wconf 89' lang='lat' dir='ltr'><strong>sum</strong></span> <span class='ocrx_word' id='word_1_533' title='bbox 2163 3425 2369 3507; x_wconf 87' lang='lat' dir='ltr'><strong>Alpha</strong></span> <span class='ocrx_word' id='word_1_534' title='bbox 2417 3433 2481 3486; x_wconf 90' lang='lat' dir='ltr'><strong>et</strong></span> <span class='ocrx_word' id='word_1_535' title='bbox 2527 3423 2779 3505; x_wconf 86' lang='lat' dir='ltr'><strong>Omega,</strong></span> <span class='ocrx_word' id='word_1_536' title='bbox 2832 3423 3083 3505; x_wconf 88' lang='lat' dir='ltr'><strong>primus</strong></span> <span class='ocrx_word' id='word_1_537' title='bbox 3141 3432 3205 3486; x_wconf 90' lang='lat' dir='ltr'><strong>et</strong></span> <span class='ocrx_word' id='word_1_538' title='bbox 3261 3424 3472 3488; x_wconf 81' lang='lat' dir='ltr'><strong>novis-</strong></span> <span class='ocrx_word' id='word_1_539' title='bbox 3496 3417 3597 3455; x_wconf 72' lang='lat'><strong>¹¹¹¹*</strong></span> <span class='ocrx_word' id='word_1_540' title='bbox 3625 3406 3691 3447; x_wconf 78' lang='lat'><strong>¹³·</strong></span> 
     </span>
     <span class='ocr_line' id='line_1_75' title="bbox 1973 3520 3471 3607; baseline -0.002 -19"><span class='ocrx_word' id='word_1_541' title='bbox 1973 3527 2197 3600; x_wconf 91' lang='lat' dir='ltr'><strong>simus,</strong></span> <span class='ocrx_word' id='word_1_542' title='bbox 2259 3523 2657 3607; x_wconf 87' lang='lat' dir='ltr'><strong>principium</strong></span> <span class='ocrx_word' id='word_1_543' title='bbox 2715 3530 2779 3584; x_wconf 93' lang='lat' dir='ltr'><strong>et</strong></span> <span class='ocrx_word' id='word_1_544' title='bbox 2836 3521 3015 3585; x_wconf 87' lang='lat' dir='ltr'><strong>finis.</strong></span> <span class='ocrx_word' id='word_1_545' title='bbox 3065 3520 3182 3595; x_wconf 87' lang='lat' dir='ltr'><strong>Qui</strong></span> <span class='ocrx_word' id='word_1_546' title='bbox 3246 3522 3471 3604; x_wconf 88' lang='lat' dir='ltr'><strong>loquor</strong></span> 
     </span>
     <span class='ocr_line' id='line_1_76' title="bbox 1973 3619 3475 3706; baseline -0.003 -19"><span class='ocrx_word' id='word_1_547' title='bbox 1973 3625 2156 3689; x_wconf 88' lang='lat' dir='ltr'><strong>vobis</strong></span> <span class='ocrx_word' id='word_1_548' title='bbox 2188 3641 2301 3706; x_wconf 89' lang='lat' dir='ltr'><strong>per</strong></span> <span class='ocrx_word' id='word_1_549' title='bbox 2331 3621 2787 3685; x_wconf 88' lang='lat' dir='ltr'><strong>humanitatem</strong></span> <span class='ocrx_word' id='word_1_550' title='bbox 2818 3628 3231 3702; x_wconf 85' lang='lat' dir='ltr'><strong>assumptam.</strong></span> <span class='ocrx_word' id='word_1_551' title='bbox 3256 3619 3475 3693; x_wconf 85' lang='lat' dir='ltr'><strong>Quam·</strong></span> 
     </span>
    </p>

    <p class='ocr_par' dir='ltr' id='par_1_38' title="bbox 1975 3718 3479 4002">
     <span class='ocr_line' id='line_1_77' title="bbox 1976 3718 3475 3801; baseline -0.004 -16"><span class='ocrx_word' id='word_1_552' title='bbox 1976 3722 2071 3785; x_wconf 90' lang='lat' dir='ltr'><strong>vis</strong></span> <span class='ocrx_word' id='word_1_553' title='bbox 2101 3722 2275 3784; x_wconf 90' lang='lat' dir='ltr'><strong>enim</strong></span> <span class='ocrx_word' id='word_1_554' title='bbox 2317 3720 2495 3782; x_wconf 88' lang='lat' dir='ltr'><strong>Pater</strong></span> <span class='ocrx_word' id='word_1_555' title='bbox 2526 3718 2609 3781; x_wconf 91' lang='lat' dir='ltr'><strong>sit</strong></span> <span class='ocrx_word' id='word_1_556' title='bbox 2646 3718 3038 3801; x_wconf 91' lang='lat' dir='ltr'><strong>principium</strong></span> <span class='ocrx_word' id='word_1_557' title='bbox 3078 3718 3244 3793; x_wconf 89' lang='lat' dir='ltr'><strong>Filii,</strong></span> <span class='ocrx_word' id='word_1_558' title='bbox 3280 3718 3475 3780; x_wconf 77' lang='lat' dir='ltr'><strong>Filius</strong></span> 
     </span>
     <span class='ocr_line' id='line_1_78' title="bbox 1975 3816 3479 3904; baseline -0.002 -22"><span class='ocrx_word' id='word_1_559' title='bbox 1975 3840 2257 3904; x_wconf 34' lang='lat' dir='ltr'><strong>quoque·</strong></span> <span class='ocrx_word' id='word_1_560' title='bbox 2292 3819 2684 3903; x_wconf 88' lang='lat' dir='ltr'><strong>principium</strong></span> <span class='ocrx_word' id='word_1_561' title='bbox 2744 3816 3017 3900; x_wconf 86' lang='lat' dir='ltr'><strong>Spiritus</strong></span> <span class='ocrx_word' id='word_1_562' title='bbox 3076 3816 3313 3893; x_wconf 89' lang='lat' dir='ltr'><strong>Sancti,</strong></span> <span class='ocrx_word' id='word_1_563' title='bbox 3374 3837 3479 3880; x_wconf 88' lang='lat' dir='ltr'><strong>su-</strong></span> 
     </span>
     <span class='ocr_line' id='line_1_79' title="bbox 1976 3915 3479 4002; baseline -0.003 -20"><span class='ocrx_word' id='word_1_564' title='bbox 1976 3921 2208 3983; x_wconf 91' lang='lat' dir='ltr'><strong>mendo</strong></span> <span class='ocrx_word' id='word_1_565' title='bbox 2241 3918 2633 4002; x_wconf 79' lang='lat' dir='ltr'><strong>principium</strong></span> <span class='ocrx_word' id='word_1_566' title='bbox 2674 3915 3133 3998; x_wconf 81' lang='lat' dir='ltr'><strong>personaliter3</strong></span> <span class='ocrx_word' id='word_1_567' title='bbox 3174 3916 3354 3978; x_wconf 88' lang='lat' dir='ltr'><strong>Pater</strong></span> <span class='ocrx_word' id='word_1_568' title='bbox 3392 3924 3479 3978; x_wconf 85' lang='lat' dir='ltr'><strong>ta·</strong></span> 
     </span>
    </p>

    <p class='ocr_par' dir='ltr' id='par_1_39' title="bbox 1975 4013 3477 4199">
     <span class='ocr_line' id='line_1_80' title="bbox 1975 4013 3476 4098; baseline -0.002 -18"><span class='ocrx_word' id='word_1_569' title='bbox 1975 4037 2145 4093; x_wconf 88' lang='lat' dir='ltr'><strong>men,</strong></span> <span class='ocrx_word' id='word_1_570' title='bbox 2178 4017 2375 4080; x_wconf 87' lang='lat' dir='ltr'><strong>Filius</strong></span> <span class='ocrx_word' id='word_1_571' title='bbox 2406 4024 2469 4079; x_wconf 87' lang='lat' dir='ltr'><strong>et</strong></span> <span class='ocrx_word' id='word_1_572' title='bbox 2498 4015 2771 4098; x_wconf 86' lang='lat' dir='ltr'><strong>Spiritus</strong></span> <span class='ocrx_word' id='word_1_573' title='bbox 2802 4013 3065 4078; x_wconf 88' lang='lat' dir='ltr'><strong>Sanctus</strong></span> <span class='ocrx_word' id='word_1_574' title='bbox 3095 4021 3245 4077; x_wconf 90' lang='lat' dir='ltr'><strong>sunt</strong></span> <span class='ocrx_word' id='word_1_575' title='bbox 3275 4033 3476 4077; x_wconf 89' lang='lat' dir='ltr'><strong>unum</strong></span> 
     </span>
     <span class='ocr_line' id='line_1_81' title="bbox 1975 4114 3477 4199; baseline -0.002 -20"><span class='ocrx_word' id='word_1_576' title='bbox 1975 4116 2369 4199; x_wconf 90' lang='lat' dir='ltr'><strong>principium</strong></span> <span class='ocrx_word' id='word_1_577' title='bbox 2402 4115 2596 4179; x_wconf 88' lang='lat' dir='ltr'><strong>totius</strong></span> <span class='ocrx_word' id='word_1_578' title='bbox 2625 4122 2947 4187; x_wconf 80' lang='lat' dir='ltr'><strong>creaturae,</strong></span> <span class='ocrx_word' id='word_1_579' title='bbox 2967 4114 3279 4176; x_wconf 91' lang='lat' dir='ltr'><strong>sumendo</strong></span> <span class='ocrx_word' id='word_1_580' title='bbox 3310 4114 3477 4195; x_wconf 88' lang='lat' dir='ltr'><strong>prin·</strong></span> 
     </span>
    </p>
   </div>
   <div class='ocr_carea' id='block_1_12' title="bbox 359 4211 3477 4298">
    <p class='ocr_par' dir='ltr' id='par_1_40' title="bbox 359 4211 3477 4298">
     <span class='ocr_line' id='line_1_82' title="bbox 359 4211 3477 4298; baseline -0.002 -17"><span class='ocrx_word' id='word_1_581' title='bbox 359 4220 444 4281; x_wconf 86' lang='lat' dir='ltr'><strong>dc</strong></span> <span class='ocrx_word' id='word_1_582' title='bbox 487 4218 731 4279; x_wconf 90' lang='lat' dir='ltr'><strong>mundo</strong></span> <span class='ocrx_word' id='word_1_583' title='bbox 789 4234 916 4279; x_wconf 91' lang='lat' dir='ltr'><strong>non</strong></span> <span class='ocrx_word' id='word_1_584' title='bbox 974 4216 1149 4289; x_wconf 81' lang='lat' dir='ltr'><strong>estiS,</strong></span> <span class='ocrx_word' id='word_1_585' title='bbox 1204 4216 1314 4278; x_wconf 89' lang='lat' dir='ltr'><strong>sed</strong></span> <span class='ocrx_word' id='word_1_586' title='bbox 1369 4233 1486 4297; x_wconf 85' lang='lat' dir='ltr'><strong>ego</strong></span> <span class='ocrx_word' id='word_1_587' title='bbox 1541 4215 1704 4295; x_wconf 83' lang='lat' dir='ltr'><strong>elegi</strong></span> <span class='ocrx_word' id='word_1_588' title='bbox 1755 4234 1865 4278; x_wconf 89' lang='lat' dir='ltr'><strong>vos</strong></span> <span class='ocrx_word' id='word_1_589' title='bbox 1897 4221 1946 4282; x_wconf 93' lang='lat' dir='ltr'>D</span> <span class='ocrx_word' id='word_1_590' title='bbox 1976 4215 2221 4298; x_wconf 91' lang='lat' dir='ltr'><strong>cipium</strong></span> <span class='ocrx_word' id='word_1_591' title='bbox 2267 4214 2688 4277; x_wconf 90' lang='lat' dir='ltr'><strong>essentialiter</strong></span> <span class='ocrx_word' id='word_1_592' title='bbox 2740 4230 2852 4275; x_wconf 88' lang='lat' dir='ltr'><strong>seu</strong></span> <span class='ocrx_word' id='word_1_593' title='bbox 2913 4211 3203 4276; x_wconf 88' lang='lat' dir='ltr'><strong>absolute</strong></span> <span class='ocrx_word' id='word_1_594' title='bbox 3256 4231 3270 4275; x_wconf 88' lang='lat'>:</span> <span class='ocrx_word' id='word_1_595' title='bbox 3323 4212 3477 4294; x_wconf 89' lang='grc'><strong>(1016</strong></span> 
     </span>
    </p>
   </div>
   <div class='ocr_carea' id='block_1_13' title="bbox 1974 4312 3676 5382">
    <p class='ocr_par' dir='ltr' id='par_1_41' title="bbox 1974 4312 3676 5280">
     <span class='ocr_line' id='line_1_83' title="bbox 1977 4312 3478 4392; baseline -0.001 -17"><span class='ocrx_word' id='word_1_596' title='bbox 1977 4314 2042 4376; x_wconf 89' lang='grc'><strong>10</strong></span> <span class='ocrx_word' id='word_1_597' title='bbox 2093 4314 2301 4376; x_wconf 89' lang='lat' dir='ltr'><strong>tribus</strong></span> <span class='ocrx_word' id='word_1_598' title='bbox 2349 4312 2663 4386; x_wconf 80' lang='lat' dir='ltr'><strong>PersoniS,</strong></span> <span class='ocrx_word' id='word_1_599' title='bbox 2716 4320 2813 4374; x_wconf 91' lang='lat' dir='ltr'><strong>est</strong></span> <span class='ocrx_word' id='word_1_600' title='bbox 2862 4330 2988 4373; x_wconf 90' lang='grc'><strong>006</strong></span> <span class='ocrx_word' id='word_1_601' title='bbox 3036 4318 3281 4385; x_wconf 88' lang='lat' dir='ltr'><strong>natura,</strong></span> <span class='ocrx_word' id='word_1_602' title='bbox 3332 4329 3478 4392; x_wconf 84' lang='lat' dir='ltr'><strong>quae</strong></span> 
     </span>
     <span class='ocr_line' id='line_1_84' title="bbox 1977 4408 3479 4495; baseline -0.001 -20"><span class='ocrx_word' id='word_1_603' title='bbox 1977 4421 2072 4475; x_wconf 90' lang='lat' dir='ltr'><strong>est</strong></span> <span class='ocrx_word' id='word_1_604' title='bbox 2098 4411 2487 4495; x_wconf 88' lang='lat' dir='ltr'><strong>operationis</strong></span> <span class='ocrx_word' id='word_1_605' title='bbox 2516 4410 2716 4491; x_wconf 86' lang='lat' dir='ltr'><strong>origo,</strong></span> <span class='ocrx_word' id='word_1_606' title='bbox 2745 4418 2809 4471; x_wconf 87' lang='lat' dir='ltr'><strong>et</strong></span> <span class='ocrx_word' id='word_1_607' title='bbox 2838 4428 2965 4471; x_wconf 90' lang='lat' dir='ltr'><strong>una</strong></span> <span class='ocrx_word' id='word_1_608' title='bbox 2994 4408 3299 4489; x_wconf 87' lang='lat' dir='ltr'><strong>potentia,</strong></span> <span class='ocrx_word' id='word_1_609' title='bbox 3333 4426 3479 4489; x_wconf 83' lang='grc' dir='ltr'><strong>(1οω</strong></span> 
     </span>
     <span class='ocr_line' id='line_1_85' title="bbox 1975 4506 3477 4573; baseline -0.003 0"><span class='ocrx_word' id='word_1_610' title='bbox 1975 4511 2150 4573; x_wconf 92' lang='lat' dir='ltr'><strong>elicit</strong></span> <span class='ocrx_word' id='word_1_611' title='bbox 2187 4517 2422 4573; x_wconf 91' lang='lat' dir='ltr'><strong>actum.</strong></span> <span class='ocrx_word' id='word_1_612' title='bbox 2466 4509 2575 4571; x_wconf 83' lang='lat' dir='ltr'><strong>His</strong></span> <span class='ocrx_word' id='word_1_613' title='bbox 2614 4508 2826 4572; x_wconf 84' lang='lat' dir='ltr'><strong>verbis</strong></span> <span class='ocrx_word' id='word_1_614' title='bbox 2866 4506 3141 4571; x_wconf 89' lang='lat' dir='ltr'><strong>ostendit</strong></span> <span class='ocrx_word' id='word_1_615' title='bbox 3188 4506 3477 4570; x_wconf 87' lang='lat' dir='ltr'><strong>Christus</strong></span> 
     </span>
     <span class='ocr_line' id='line_1_86' title="bbox 1974 4604 3477 4692; baseline -0.005 -18"><span class='ocrx_word' id='word_1_616' title='bbox 1974 4618 2258 4692; x_wconf 87' lang='lat' dir='ltr'><strong>apertam</strong></span> <span class='ocrx_word' id='word_1_617' title='bbox 2298 4628 2478 4671; x_wconf 90' lang='lat' dir='ltr'><strong>suam</strong></span> <span class='ocrx_word' id='word_1_618' title='bbox 2512 4625 2723 4671; x_wconf 85' lang='lat' dir='ltr'><strong>veram</strong></span> <span class='ocrx_word' id='word_1_619' title='bbox 2765 4604 3185 4669; x_wconf 88' lang='lat' dir='ltr'><strong>divinitatem.</strong></span> <span class='ocrx_word' id='word_1_620' title='bbox 3218 4604 3295 4667; x_wconf 87' lang='lat' dir='ltr'><strong>Et</strong></span> <span class='ocrx_word' id='word_1_621' title='bbox 3321 4604 3477 4687; x_wconf 86' lang='lat' dir='ltr'><strong>quia</strong></span> 
     </span>
     <span class='ocr_line' id='line_1_87' title="bbox 1975 4702 3475 4787; baseline -0.005 -16"><span class='ocrx_word' id='word_1_622' title='bbox 1975 4709 2218 4772; x_wconf 89' lang='lat' dir='ltr'><strong>ratione</strong></span> <span class='ocrx_word' id='word_1_623' title='bbox 2265 4706 2617 4770; x_wconf 86' lang='lat' dir='ltr'><strong>divinitatis</strong></span> <span class='ocrx_word' id='word_1_624' title='bbox 2667 4704 2969 4787; x_wconf 90' lang='lat' dir='ltr'><strong>competit</strong></span> <span class='ocrx_word' id='word_1_625' title='bbox 3022 4702 3265 4767; x_wconf 86' lang='lat' dir='ltr'><strong>Christo</strong></span> <span class='ocrx_word' id='word_1_626' title='bbox 3307 4702 3475 4783; x_wconf 89' lang='lat' dir='ltr'><strong>judi-</strong></span> 
     </span>
     <span class='ocr_line' id='line_1_88' title="bbox 1975 4802 3473 4890; baseline -0.003 -20"><span class='ocrx_word' id='word_1_627' title='bbox 1975 4808 2169 4871; x_wconf 87' lang='lat' dir='ltr'><strong>ciaria</strong></span> <span class='ocrx_word' id='word_1_628' title='bbox 2218 4814 2508 4890; x_wconf 79' lang='lat' dir='ltr'><strong>potestaS,</strong></span> <span class='ocrx_word' id='word_1_629' title='bbox 2550 4824 2625 4867; x_wconf 88' lang='grc'><strong>66</strong></span> <span class='ocrx_word' id='word_1_630' title='bbox 2662 4803 2945 4886; x_wconf 88' lang='lat' dir='ltr'><strong>judicare</strong></span> <span class='ocrx_word' id='word_1_631' title='bbox 2983 4820 3098 4886; x_wconf 89' lang='lat' dir='ltr'><strong>per</strong></span> <span class='ocrx_word' id='word_1_632' title='bbox 3140 4802 3473 4865; x_wconf 82' lang='lat' dir='ltr'><strong>auctorita-</strong></span> 
     </span>
     <span class='ocr_line' id='line_1_89' title="bbox 1975 4900 3467 4987; baseline -0.005 -18"><span class='ocrx_word' id='word_1_633' title='bbox 1975 4915 2144 4987; x_wconf 81' lang='lat' dir='ltr'><strong>tem3</strong></span> <span class='ocrx_word' id='word_1_634' title='bbox 2182 4906 2421 4969; x_wconf 89' lang='lat' dir='ltr'><strong>ratione</strong></span> <span class='ocrx_word' id='word_1_635' title='bbox 2465 4922 2615 4967; x_wconf 88' lang='lat' dir='ltr'><strong>vero</strong></span> <span class='ocrx_word' id='word_1_636' title='bbox 2652 4910 2993 4985; x_wconf 82' lang='lat' dir='ltr'><strong>assumptae</strong></span> <span class='ocrx_word' id='word_1_637' title='bbox 3031 4900 3467 4977; x_wconf 89' lang='lat' dir='ltr'><strong>humanitatis,</strong></span> 
     </span>
     <span class='ocr_line' id='line_1_90' title="bbox 1977 5000 3473 5089; baseline -0.003 -21"><span class='ocrx_word' id='word_1_638' title='bbox 1977 5024 2090 5089; x_wconf 91' lang='lat' dir='ltr'><strong>per</strong></span> <span class='ocrx_word' id='word_1_639' title='bbox 2129 5003 2459 5067; x_wconf 84' lang='lat' dir='ltr'><strong>sententiae</strong></span> <span class='ocrx_word' id='word_1_640' title='bbox 2508 5002 2924 5085; x_wconf 87' lang='lat' dir='ltr'><strong>prolationem</strong></span> <span class='ocrx_word' id='word_1_641' title='bbox 2972 5020 3082 5064; x_wconf 89' lang='grc'><strong>360</strong></span> <span class='ocrx_word' id='word_1_642' title='bbox 3120 5000 3473 5083; x_wconf 79' lang='lat' dir='ltr'><strong>judiciariae</strong></span> 
     </span>
     <span class='ocr_line' id='line_1_91' title="bbox 1978 5100 3306 5187; baseline -0.004 -21"><span class='ocrx_word' id='word_1_643' title='bbox 1978 5103 2305 5187; x_wconf 88' lang='lat' dir='ltr'><strong>potestatis</strong></span> <span class='ocrx_word' id='word_1_644' title='bbox 2340 5100 2813 5164; x_wconf 87' lang='lat' dir='ltr'><strong>exsecutionem</strong></span> <span class='ocrx_word' id='word_1_645' title='bbox 2850 5119 2863 5162; x_wconf 91' lang='lat'>:</span> <span class='ocrx_word' id='word_1_646' title='bbox 2898 5100 3041 5164; x_wconf 88' lang='lat' dir='ltr'><strong>ideo</strong></span> <span class='ocrx_word' id='word_1_647' title='bbox 3082 5100 3259 5162; x_wconf 87' lang='lat' dir='ltr'><strong>addit</strong></span> <span class='ocrx_word' id='word_1_648' title='bbox 3292 5118 3306 5162; x_wconf 75' lang='grc' dir='ltr'><strong>ε</strong></span> 
     </span>
     <span class='ocr_line' id='line_1_92' title="bbox 2058 5200 3676 5280; baseline -0.003 -16"><span class='ocrx_word' id='word_1_649' title='bbox 2058 5205 2272 5265; x_wconf 77' lang='lat' dir='ltr'><strong>Multa</strong></span> <span class='ocrx_word' id='word_1_650' title='bbox 2308 5203 2502 5262; x_wconf 67' lang='lat' dir='ltr'><strong>liabeo</strong></span> <span class='ocrx_word' id='word_1_651' title='bbox 2541 5201 2620 5260; x_wconf 85' lang='lat' dir='ltr'><strong>de</strong></span> <span class='ocrx_word' id='word_1_652' title='bbox 2660 5200 2835 5259; x_wconf 82' lang='lat' dir='ltr'><strong>vobis</strong></span> <span class='ocrx_word' id='word_1_653' title='bbox 2882 5200 3083 5279; x_wconf 83' lang='lat' dir='ltr'><strong>loqui,</strong></span> <span class='ocrx_word' id='word_1_654' title='bbox 3125 5216 3317 5280; x_wconf 89' lang='lat' dir='ltr'><strong>opera</strong></span> <span class='ocrx_word' id='word_1_655' title='bbox 3369 5214 3473 5262; x_wconf 90' lang='lat' dir='ltr'><strong>ve-</strong></span> <span class='ocrx_word' id='word_1_656' title='bbox 3603 5208 3676 5265; x_wconf 77' lang='lat'><strong>26</strong></span> 
     </span>
    </p>

    <p class='ocr_par' dir='ltr' id='par_1_42' title="bbox 1977 5298 3473 5382">
     <span class='ocr_line' id='line_1_93' title="bbox 1977 5298 3473 5382; baseline -0.004 -18"><span class='ocrx_word' id='word_1_657' title='bbox 1977 5309 2104 5365; x_wconf 90' lang='lat' dir='ltr'><strong>stra</strong></span> <span class='ocrx_word' id='word_1_658' title='bbox 2154 5300 2541 5382; x_wconf 87' lang='lat' dir='ltr'><strong>increpando</strong></span> <span class='ocrx_word' id='word_1_659' title='bbox 2594 5306 2657 5360; x_wconf 90' lang='lat' dir='ltr'><strong>et</strong></span> <span class='ocrx_word' id='word_1_660' title='bbox 2710 5298 3125 5381; x_wconf 89' lang='lat' dir='ltr'><strong>publicando,</strong></span> <span class='ocrx_word' id='word_1_661' title='bbox 3178 5306 3239 5359; x_wconf 78' lang='lat' dir='ltr'><strong>et</strong></span> <span class='ocrx_word' id='word_1_662' title='bbox 3275 5298 3473 5374; x_wconf 80' lang='lat' dir='ltr'><strong>judi-</strong></span> 
     </span>
    </p>
   </div>
  </div>
 </body>
</html>
