4300 6259
78 1289 217 1331 loann-
232 1302 299 1341 xx,

70 1354 177 1395 1933.

138 1674 201 1729 36

110 2074 265 2118 Manli.

66 2152 164 2187 nm,
182 2140 246 2181 ΞΟ.

72 3063 193 3151 νίας.
213 3078 309 3115 xm,

92 4041 196 4088 Ibid.
211 4060 249 4095 x,
262 4048 303 4088 5.

112 5122 241 5173 moa,
263 5140 320 5177 m,

86 5186 141 5227 Η.

1180 509 1528 557 mannum
1570 509 1632 555 IN
1674 508 1812 556 GAP.
1858 508 2006 555 xxiv
2047 508 2236 557 LUGAE·
2283 529 2364 541 —
2405 510 2546 557 ΛΒΤ.
2593 512 2626 555 L

326 698 559 743 revera
608 680 961 745 ineffabilis
1010 682 1235 765 pietaS,
1288 685 1461 765 quod
1510 683 1604 746 illi
1654 682 1843 745 disci·
1873 680 1921 741 Α

327 780 487 861 pulo
523 780 807 862 primum
836 801 908 844 ac
940 782 1303 864 specialiter
1342 800 1409 844 se
1438 782 1837 856 monstravit,

323 897 363 939 a
402 898 538 959 quo
579 880 980 943 inhonestius
1020 899 1093 942 ac
1129 879 1533 962 frequentius
1575 880 1699 942 fuit
1738 898 1840 942 ne-

322 985 517 1057 gatus
562 997 576 1041 :
621 985 683 1040 et
731 978 961 1042 merito
1010 978 1073 1040 S.
1127 979 1347 1042 Petrus
1395 978 1519 1041 fuit
1566 987 1843 1061 postmo-

327 1075 487 1137 dum
533 1076 678 1137 aliis
721 1077 1378 1141 misericordissimus,

411 1173 655 1237 Deinde
698 1176 1081 1239 describitur
1118 1176 1326 1238 adhuc
1363 1176 1487 1238 alia
1528 1175 1841 1258 apparitio

327 1270 699 1347 SalvatoriS,
734 1292 878 1355 quae
916 1281 978 1335 et
1014 1294 1051 1335 a
1083 1274 1321 1337 Joanne
1363 1282 1461 1336 est
1501 1274 1837 1355 descripta,

332 1369 446 1431 ubi
499 1372 791 1451 quaedam
843 1370 1160 1434 habentur
1200 1391 1345 1453 quae
1394 1372 1496 1434 hic
1540 1371 1843 1435 omittun-

330 1477 463 1544 tur,
508 1470 675 1532 sicut
714 1479 777 1533 et
816 1470 921 1533 hic
957 1471 1173 1553 aliqua
1212 1470 1662 1533 describuntur
1698 1488 1843 1551 quae

332 1568 425 1629 ibi
470 1588 599 1631 non
640 1569 1007 1631 recitantur.
1048 1568 1185 1632 Non
1234 1570 1405 1633 enim
1448 1587 1669 1633 omnes
1708 1588 1843 1631 om-

331 1667 445 1729 nia
504 1668 1047 1750 conscripserunt.
1094 1671 1269 1729 Dum
1316 1679 1535 1730 autem
1578 1671 1712 1747 haec
1754 1672 1844 1727 lo-

330 1774 694 1858 qtcerencur
740 1766 1024 1848 Apostoli
1076 1775 1141 1829 et
1190 1767 1315 1830 duo
1360 1765 1603 1848 praefati
1654 1766 1840 1829 disci-

3324 493 3444 559 237

2062 684 2442 745 Conturbati
2499 704 2643 745 vero
2702 702 2832 765 prae
2889 682 3326 759 admiratione,
3385 693 3445 745 et

1947 783 2308 850 conterriti,
2340 781 2506 844 sicut
2539 784 2820 845 naturale
2850 790 2946 845 est
2975 781 3297 863 fragilitati
3330 783 3447 844 hu-

1948 898 2152 944 manae
2182 878 2626 944 defunctorum
2665 882 3128 963 apparitionem
3161 882 3442 955 horrere,

1949 986 2011 1039 et
2061 979 2346 1041 insolitas
2403 998 2822 1062 expavescere
2875 980 3174 1056 visioneS,
3228 981 3337 1043 sed
3387 988 3450 1042 et

1951 1086 2210 1159 propter
2251 1078 2632 1159 periculum,
2666 1082 3130 1141 emistimabanc
3161 1100 3224 1139 se
3250 1081 3450 1157 spiri-

1952 1184 2089 1236 tum
2120 1178 2362 1246 videre,
2395 1176 2694 1239 videlicet
2731 1178 3010 1239 animam
3053 1176 3306 1252 Christi,
3339 1185 3451 1239 aut

1948 1273 2145 1335 alium
2187 1274 2483 1356 spiritum
2529 1274 2692 1338 forte
2738 1275 3027 1337 fallacem
3071 1276 3139 1338 in
3185 1294 3451 1358 corpore

1948 1380 2297 1454 assumpto.
2332 1372 2450 1435 Sed
2499 1374 2758 1448 mirum,
2803 1376 3123 1455 quomodo
3163 1375 3284 1437 hoc
3333 1394 3452 1456 pu-

1950 1471 2186 1545 tabant,
2238 1492 2440 1553 quum
2500 1473 2629 1553 jam
2681 1474 2870 1555 paulo
2918 1481 3063 1535 ante
3111 1473 3445 1549 dixissent,

1949 1570 2121 1650 quod
2162 1570 2436 1631 surrexit
2485 1570 2786 1633 Dominus
2827 1589 2975 1633 vere
3011 1590 3024 1633 :
3061 1572 3231 1653 quod
3269 1572 3449 1633 audi-

1950 1676 2139 1730 erunt
2184 1687 2220 1729 a
2268 1669 2500 1731 sanctis
2549 1668 2952 1743 mulieribuS,
2985 1678 3048 1731 et
3094 1688 3131 1731 a
3172 1669 3370 1743 Petro,
3413 1688 3451 1731 a

1951 1765 2198 1829 duobus
2240 1784 2498 1848 quoque
2541 1766 2899 1848 discipulis,
2939 1774 3131 1849 atque
3173 1774 3243 1829 ut
3281 1786 3445 1843 reor,

333 1863 499 1946 puli,
556 1866 732 1925 stetit
787 1868 971 1927 Jesus
1028 1867 1103 1926 in
1162 1867 1369 1927 medio
1424 1886 1669 1937 eorum,
1724 1864 1842 1927 hoc
1878 1866 1987 1929 Ba
2039 1864 2270 1927 Iacobo
2325 1864 2582 1940 Minore,
2639 1865 2741 1927 cui
2799 1872 2945 1927 ante
3007 1865 3170 1928 hanc
3228 1865 3446 1929 horam

332 1969 453 2035 est,
502 1970 765 2043 repente
800 1962 1013 2044 januis
1054 1963 1287 2026 clausis
1331 1964 1610 2039 intravit,
1652 1970 1843 2045 atque

334 2060 403 2122 in
460 2060 674 2124 medio
726 2062 921 2137 stetit,
974 2062 1151 2151 sicut·
1188 2062 1481 2144 promisit
1524 2081 1537 2125 :
1580 2061 1694 2123 Ubi
1746 2060 1845 2123 fu-

334 2159 505 2221 erint
553 2160 683 2222 duo
731 2160 833 2223 vel
882 2168 1009 2222 tres
1058 2160 1415 2241 congregati
1469 2160 1535 2222 in
1586 2160 1844 2223 nomine

336 2276 503 2331 meo,
550 2257 641 2320 ibi
684 2277 828 2320 sum
880 2259 943 2321 in
997 2259 1207 2322 medio
1245 2277 1487 2322 eorum.
1523 2258 1705 2320 Stetit
1736 2278 1845 2320 au-

332 2365 465 2419 tem
506 2356 573 2417 in
622 2357 833 2419 medio
870 2358 947 2419 ad
988 2356 1285 2431 litteram,
1322 2364 1391 2418 ut
1426 2357 1505 2418 ab
1546 2357 1843 2420 omnibus

336 2454 571 2516 melius
604 2455 930 2517 videretur
960 2464 1023 2517 et
1058 2456 1405 2529 audiretur,
1442 2473 1637 2536 seque
1668 2475 1847 2519 mon-

334 2562 567 2616 straret
616 2572 755 2615 esse
794 2555 1089 2617 eumdem
1141 2554 1253 2636 qui
1294 2561 1439 2616 ante
1486 2556 1843 2635 passionem

336 2652 405 2713 in
459 2652 672 2715 medio
722 2670 945 2716 eorum
996 2653 1341 2716 consistere
1389 2653 1611 2716 solitus
1660 2662 1841 2735 erat;

338 2749 764 2831 spiritualiter
820 2768 995 2825 vero,
1058 2758 1129 2812 ut
1188 2750 1615 2813 humilitatem
1678 2772 1847 2815 com-

338 2849 692 2923 mendaret,
728 2857 791 2911 et
830 2850 1140 2911 virtutum
1186 2850 1559 2930 magistrum
1602 2868 1669 2912 se
1708 2868 1845 2913 essc

338 2949 708 3011 ostenderet
753 2965 767 3010 :
812 2966 960 3010 nam
1010 2948 1212 3011 virtus
1262 2947 1551 3011 consistit
1601 2949 1664 3011 in
1717 2968 1846 3011 me-

1952 1963 2247 2045 apparuit
2277 1963 2582 2026 Christus.
2612 1963 2686 2025 Et
2718 1965 3254 2046 respondendum,
3279 1966 3450 2046 quod

1952 2061 2095 2124 ideo
2142 2060 2407 2125 forsitan
2460 2061 2767 2143 putabant
2817 2062 3116 2144 spiritum
3164 2081 3232 2127 se
3281 2063 3454 2126 vide—

1954 2178 2042 2233 re,
2096 2178 2221 2223 non
2273 2178 2496 2222 verum
2548 2179 2800 2242 corpuS‚
2855 2160 3158 2242 quoniam
3219 2161 3452 2223 clausis

1953 2257 2201 2320 introiit
2243 2258 2457 2339 januis
2511 2276 2524 2320 :
2579 2260 2749 2340 quod
2798 2259 3006 2321 adhuc
3055 2259 3452 2341 impossibile

1953 2354 2218 2419 forsitan
2257 2356 2655 2419 aestimabant
2685 2376 2836 2421 vero
2873 2357 3282 2439 humanoque
3321 2376 3457 2421 cor-

1955 2454 2115 2536 pori.
2150 2454 2598 2518 Verumtamen
2639 2455 2856 2517 Petrus
2901 2463 2963 2518 et
3002 2457 3127 2519 duo
3168 2456 3451 2538 praedicti

1954 2552 2275 2634 discipuli,
2311 2560 2374 2615 ct
2407 2552 2674 2617 Iacobus
2711 2554 2934 2631 Minor,
2966 2555 3045 2616 de
3085 2554 3456 2617 resurrecti-

1953 2669 2074 2715 onc
2114 2650 2344 2713 Christi
2388 2670 2513 2715 non
2564 2650 2958 2727 dubitabant,
2993 2653 3286 2734 quamvis
3328 2652 3456 2715 vir-

1954 2757 2153 2813 tutem
2187 2757 2249 2812 et
2280 2751 2455 2812 dotes
2486 2750 2770 2832 corporis
2798 2750 3135 2832 glorificati
3170 2753 3450 2815 nondum

1955 2856 2428 2929 cognoscerent.

2034 2950 2121 3008 Et
2169 2950 2344 3007 dimit
2393 2949 2485 3007 eis
2527 2968 2550 3007 .·
2595 2950 2769 3017 Quid
2819 2950 3064 3009 turbati
3107 2950 3276 3021 estiS,
3330 2948 3452 3012 hoc

340 3047 491 3125 dio;
534 3053 598 3108 et
629 3047 766 3128 ipse
795 3053 943 3108 ante
974 3047 1333 3127 passionem
1365 3047 1683 3121 disseruit,
1719 3047 1845 3128 Ego
1882 3046 1925 3109 C
1955 3053 2050 3107 est
2099 3044 2591 3108 immoderanter
2649 3046 3004 3128 inquietati,
3058 3046 3451 3111 formidolosi

340 3145 407 3207 in
458 3144 674 3207 medio
724 3152 1009 3206 vestrum
1058 3164 1222 3219 sum,
1276 3145 1440 3208 sicut
1494 3146 1605 3227 qui
1664 3146 1849 3208 mini-

339 3250 518 3304 strat.
552 3241 670 3304 Per
700 3241 819 3305 hoc
850 3261 1108 3324 quoq-ue
1138 3244 1415 3307 ostendit
1444 3244 1847 3307 dilectionem

339 3360 525 3403 suam
563 3340 643 3402 ad
694 3340 1045 3423 discipulos
1096 3360 1265 3405 suos.

418 3441 511 3500 Et
536 3441 717 3499 dimit
737 3441 829 3499 eis
860 3460 883 3499 .·
913 3442 1066 3502 Pam
1097 3442 1292 3510 vobis,
1324 3440 1444 3502 hoc
1476 3448 1589 3515 est,
1627 3460 1847 3523 pacem

1956 3151 2016 3205 et
2056 3143 2319 3225 stupidi,
2361 3152 2420 3204 et
2458 3145 2874 3221 coyitationes
2914 3162 3195 3207 erroneae
3242 3164 3456 3206 ascen-

1954 3246 2120 3303 dunt
2160 3244 2231 3302 in
2272 3245 2467 3303 corda
2511 3252 2743 3314 vestra,
2787 3261 2864 3304 ex
2915 3244 3158 3325 proprii
3210 3244 3457 3306 intelle-

1956 3347 2093 3402 ctus
2145 3339 2600 3414 imbecillitate,
2653 3340 2806 3421 quia
2862 3341 3275 3423 suspicamini
3327 3342 3456 3424 spi-

1957 3438 2149 3500 ritum
2202 3457 2313 3501 vos
2366 3438 2624 3500 videre?
2659 3442 2873 3501 Videte
2911 3460 3145 3501 manus
3185 3461 3354 3501 meas
3393 3450 3454 3501 ec

340 3536 645 3619 pectoriS,
686 3556 831 3618 quae
882 3544 977 3599 est
1023 3538 1452 3619 tranquilli-tas
1502 3556 1615 3601 seu
1664 3540 1848 3621 quies
1947 3539 2162 3615 pedes,
2212 3536 2276 3599 in
2318 3536 2556 3619 quibus
2596 3545 2854 3599 manent
2903 3539 3243 3601 vulnerum
3293 3540 3457 3601 cica-

340 3636 577 3697 mentis
620 3634 687 3697 in
727 3634 873 3710 Deo,
910 3635 1137 3698 habete
1177 3638 1365 3701 modo
1408 3656 1523 3719 per
1556 3638 1844 3718 gratiam,

340 3741 405 3797 et
466 3751 699 3816 pacem
766 3734 1137 3796 aeternitatis
1204 3734 1429 3797 habete
1498 3755 1669 3798 nunc
1736 3755 1851 3818 per

340 3851 549 3915 spem,
585 3840 650 3894 et
678 3832 961 3913 aliquam
994 3834 1573 3914 praegustationem.
1608 3835 1846 3916 ltaque,

342 3932 513 3994 sicut
570 3930 859 3993 Salvator
915 3938 1063 3993 ante
1126 3933 1484 4013 passionem
1551 3934 1853 4015 praecepit

344 4029 709 4112 discipuliS‚
744 4030 810 4091 In
850 4048 1325 4111 quamcumque
1366 4025 1855 4094 domum'intra·

346 4128 593 4201 veritis,
639 4125 921 4209 primum
964 4127 1179 4202 dicite,
1225 4127 1347 4189 Pax
1396 4129 1549 4191 huic
1592 4129 1850 4209 domui3

1955 3635 2166 3713 triceS‚
2201 3637 2278 3698 ad
2319 3636 2776 3698 insinuandum
2815 3638 2985 3718 quod
3017 3655 3165 3700 vere
3205 3638 3270 3699 in
3313 3656 3460 3719 pro-

1959 3734 2099 3816 prio
2129 3753 2394 3817 corpore
2435 3734 2772 3810 resurrexi,
2807 3738 2965 3815 quia
2993 3756 3102 3813 eqo
3133 3737 3268 3813 ipse
3293 3756 3454 3807 sum,

1959 3834 2071 3916 qui
2109 3834 2201 3896 fui
2233 3836 2546 3909 mortuus,
2579 3842 2642 3896 et
2674 3853 2843 3897 nunc
2874 3835 3282 3917 corporaliter
3313 3836 3460 3900 vivo

1961 3941 2153 4015 atque
2201 3951 2517 4015 appare03
2561 3936 2849 4010 palpate,
2896 3941 2967 3995 ut
3013 3931 3458 3997 certificemini

1962 4032 2149 4094 etiam
2197 4038 2388 4106 tactu,
2432 4042 2492 4093 et
2530 4034 2760 4099 videte,
2803 4032 3100 4095 exteriori
3145 4032 3462 4097 interiori-

1960 4146 2089 4209 que
2126 4128 2333 4203 oculo,
2369 4147 2470 4191 me
2512 4129 2820 4191 veraciter
2861 4130 3214 4192 surrexisse
3253 4138 3316 4192 et
3352 4150 3464 4213 ap-

346 4223 440 4285 sic
481 4224 759 4305 ipsemet
797 4232 939 4305 post
978 4224 1505 4288 resurrectionem
1540 4224 1854 4288 visitando
1884 4229 1933 4289 D
1964 4244 2226 4307 parere;
2270 4228 2429 4306 quia
2466 4228 2742 4304 spiritus
2771 4247 3033 4288 carnem
3061 4238 3122 4288 et
3151 4248 3288 4289 ossa
3331 4250 3459 4290 non

345 4341 475 4397 eoa,
522 4322 809 4404 primum
852 4323 1103 4385 locutus
1150 4329 1267 4399 est,
1310 4323 1431 4385 Pax
1476 4322 1679 4387 vobis.
1723 4323 1854 4396 Quo

346 4426 597 4484 constat
653 4439 848 4502 quam
916 4439 1221 4501 magnum
1283 4421 1521 4486 bonum
1584 4422 1667 4484 sit
1733 4441 1854 4504 pax

347 4537 519 4592 vera,
556 4518 911 4600 spiritualis
950 4526 1013 4581 et
1052 4520 1321 4581 interna.
1348 4523 1485 4598 Eyo
1522 4542 1669 4582 sum
1708 4538 1855 4582 vere

345 4616 655 4697 magister
701 4623 764 4678 et
816 4616 1117 4679 Dominus
1176 4625 1405 4692 vester,
1460 4617 1651 4700 paulo
1707 4625 1852 4680 ante

346 4713 727 4791 crucifixus,
761 4722 825 4777 et
856 4734 1029 4778 nunc
1060 4733 1207 4779 vere
1246 4717 1656 4779 resuscitatus
1691 4736 1704 4780 ε
1739 4717 1852 4799 qui

346 4814 709 4876 secundum
776 4813 1073 4877 deitatem
1143 4834 1287 4877 sum
1353 4816 1735 4878 aeternaliter
1792 4824 1855 4878 et

348 4911 657 4995 perfecte,
684 4911 869 4992 cujus
900 4930 1039 4974 esse
1068 4920 1163 4974 est
1193 4912 1477 4994 plenum,
1506 4911 1849 4992 infinitum,

350 5010 933 5092 simplicissimum,
988 5010 1587 5093 omniformiterque
1646 5012 1855 5093 perfe-

350 5118 571 5187 ctum;
616 5108 729 5190 qui
770 5107 903 5170 dixi
942 5109 1019 5170 ad
1058 5108 1309 5191 Moysen
1344 5128 1358 5173 ε
1396 5108 1522 5190 Ego
1562 5129 1705 5171 sum
1742 5111 1855 5191 qui

350 5225 518 5269 sum.
538 5208 759 5269 Nolite
790 5208 1013 5267 timere
1042 5206 1401 5270 inordinato
1432 5207 1675 5281 timore,
1703 5228 1858 5290 qua-

351 5304 409 5367 si
442 5305 641 5369 velim
682 5323 793 5369 vos
834 5304 1056 5367 fallere
1092 5313 1203 5368 aut
1239 5324 1491 5369 nocere.

602 5434 670 5492 T.
708 5435 786 5488 12.

1962 4326 2171 4392 habet,
2215 4326 2384 4385 sicut
2432 4345 2530 4385 me
2580 4327 2814 4386 videtis
2862 4327 3093 4387 habere
3132 4347 3155 4386 .·
3195 4327 3459 4408 spiritus

1962 4422 2135 4484 enim
2169 4422 2236 4484 in
2277 4441 2393 4484 sua
2432 4430 2655 4485 natura
2687 4430 2783 4485 est
2823 4422 3118 4505 simplex.
3143 4426 3228 4486 Ec
3255 4446 3460 4505 quum

1962 4523 2077 4581 hoc
2110 4522 2409 4591 dixisset,
2437 4522 2713 4582 ostendit
2747 4523 2838 4581 eis
2876 4542 3110 4583 manus
3151 4533 3211 4583 et
3241 4527 3457 4599 pedes,

1962 4626 2025 4680 et
2073 4618 2398 4680 cicatrices
2447 4618 2514 4680 in
2563 4618 2655 4680 eis
2709 4638 2722 4681 :
2775 4617 2988 4681 forsan
3037 4618 3226 4681 etiam
3270 4619 3456 4695 latuS,

1962 4716 2232 4798 ejusque
2275 4716 2656 4779 cicatricem.
2701 4716 2914 4781 Voluit
2959 4724 3169 4780 autem
3219 4717 3466 4780 cicatri-

1964 4834 2067 4879 ces
2118 4816 2184 4877 in
2234 4834 2350 4878 suo
2398 4834 2664 4896 corpore
2713 4833 3082 4878 reservare:
3119 4816 3349 4898 primo,
3395 4823 3464 4878 ut

1963 4920 2200 4976 tactum
2241 4920 2356 4986 est,
2399 4913 2478 4975 ad
2519 4913 2917 4994 probandum
2963 4914 3292 4977 veritatem
3333 4934 3465 4980 suae

1964 5010 2484 5083 resurrectionis;
2529 5012 2829 5085 secundo,
2864 5012 2930 5073 in
2971 5012 3224 5092 signum
3267 5013 3465 5077 victo-

1966 5110 2115 5189 riae3
2161 5107 2370 5183 tertio,
2407 5115 2476 5170 ut
2515 5126 2631 5190 per
2675 5110 2793 5172 hoc
2831 5109 3062 5173 electos
3103 5118 3168 5172 et
3204 5110 3465 5175 Sanctos

1966 5210 2031 5271 in
2082 5206 2285 5289 patria
2333 5206 2401 5268 in
2451 5226 2566 5270 suo
2615 5207 2814 5288 magis
2861 5209 3162 5270 accendat
3199 5227 3464 5287 amore;

1966 5313 2218 5389 quarm,
2253 5313 2326 5367 ut
2361 5323 2465 5367 eas
2504 5304 2668 5368 Patri
2709 5325 2824 5389 pro
2865 5304 3048 5370 nobis
3089 5316 3464 5392 praesentet3

3157 5440 3220 5495 17

3576 692 3648 747 37

3593 4435 3665 4491 40
