4300 6259
1096 509 1450 557 mammo
1490 508 1557 556 m
1598 508 1738 556 CAP-
1783 509 1867 554 XV
1907 507 2097 556 LUCAE·
2142 527 2224 540 —-
2265 510 2407 557 ΛΒΤ.
2453 513 2690 560 XXXVIII

3327 493 3447 562 {0³

325 679 538 742 tendit
589 697 708 762 per
753 698 915 756 eam,
960 680 1087 744 nisi
1135 681 1309 763 quod
1352 699 1432 743 ex
1473 698 1604 763 quo
1652 680 1843 744 homo
1871 674 1923 736 A
1952 678 2263 744 mittendo
2307 697 2420 743 seu
2465 681 2881 758 infundendo,
2913 682 3244 766 Apostolos
3285 689 3450 746 cete-

324 778 567 840 multas
614 780 947 861 possidens
985 797 1161 854 oveS,
1197 781 1251 842 si
1294 799 1487 843 unam
1531 779 1837 852 amiserit,

321 876 675 957 diligenter
722 895 861 940 eam
920 879 1218 960 inquirit,
1271 886 1463 961 atque
1516 879 1843 941 inventam

322 974 622 1037 hilariter
671 976 921 1059 recipit,
974 977 1181 1040 multo
1227 977 1428 1058 magis
1485 977 1685 1038 Filius
1733 975 1843 1038 Dei

320 1073 625 1137 omnium
672 1074 1003 1149 Dominus,
1056 1093 1260 1156 genus
1320 1076 1676 1138 humanum
1730 1092 1842 1137 seu

323 1179 743 1254 peccatorum
773 1173 1139 1254 collegium,
1175 1175 1349 1256 quod
1378 1173 1594 1235 amisit
1627 1191 1740 1254 per
1769 1172 1846 1233 il-

322 1270 457 1333 lius
511 1271 839 1354 propriam
896 1272 1155 1354 culpam
1206 1279 1269 1334 et
1316 1272 1625 1335 daemonis
1676 1270 1847 1333 frau-

323 1369 503 1442 dem,
540 1370 871 1451 requirere
910 1370 1135 1432 debuit
1172 1387 1289 1452 per
1324 1389 1503 1433 suam
1546 1370 1847 1452 pietatem

324 1476 391 1530 et
419 1467 717 1548 gratiam,
752 1475 947 1550 atque
978 1468 1265 1550 recipere
1293 1470 1372 1532 ad
1404 1468 1847 1550 poenitentiam

326 1573 393 1628 et
454 1567 751 1628 salutem.
814 1567 931 1628 Per
990 1566 1315 1630 hominem
1378 1567 1594 1649 itaque
1652 1567 1847 1629 istum

326 1665 722 1745 intelligitur
768 1665 1079 1739 Christus,
1133 1665 1247 1747 qui
1305 1665 1531 1728 habuit
1588 1671 1846 1728 centum

325 1781 509 1834 ovem
562 1764 685 1827 hoc
732 1771 831 1826 est
878 1763 1361 1827 universitatem
1410 1763 1846 1845 angelicorum

327 1861 687 1943 spirituum
719 1869 783 1923 et
807 1878 1011 1942 genus
1041 1861 1420 1923 humanum.
1454 1859 1707 1924 Etenim
1736 1879 1849 1924 an·
1885 1856 1931 1918 B
1961 1861 2208 1924 Christo

324 1960 459 2040 geli
515 1959 719 2022 sancti
768 1978 921 2024 oves
970 1967 1120 2022 sunt
1171 1959 1303 2032 Dei,
1358 1969 1621 2042 propter
1668 1979 1849 2022 suam

328 2058 797 2134 innocentiam,
863 2077 937 2121 ac
1003 2057 1369 2120 beatificam
1438 2058 1851 2122 refectionem

329 2176 466 2238 qua
514 2157 955 2219 indesinenter
1002 2163 1354 2238 pascuntur
1393 2177 1431 2219 a
1478 2156 1625 2220 Deo.
1670 2155 1854 2219 Simi—

332 2255 489 2318 liter
536 2255 831 2318 homines
882 2271 1033 2318 oves
1081 2262 1232 2317 sunt
1278 2253 1411 2329 Dei,
1461 2255 1643 2334 juxta
1690 2254 1851 2317 illud

60 2367 123 2408 P&
143 2371 301 2416 mm.
332 2353 712 2427 psalmistae,
730 2352 853 2415 Nos
883 2359 1097 2415 autem
1130 2352 1407 2434 populus
1437 2353 1577 2433 ejus
1610 2361 1673 2414 et
1701 2372 1851 2416 oves

332 2471 597 2535 pascuae
642 2451 785 2533 ejus
834 2470 848 2514 :
895 2452 1069 2532 quod
1119 2452 1197 2513 de
1244 2451 1431 2514 bonis
1480 2451 1852 2514 hominibus

331 2548 619 2614 Creatori
670 2567 789 2612 suo
836 2547 1171 2628 subjectiS,
1214 2556 1280 2611 et
1314 2548 1397 2611 ab
1434 2567 1510 2612 eo
1551 2567 1666 2630 per
1708 2549 1855 2612 cha-

332 2649 607 2710 rismata
642 2645 863 2728 gratiae
890 2653 955 2708 et
983 2653 1378 2708 sacramenta
1410 2645 1709 2709 Ecclesiae
1748 2666 1855 2728 pa-

330 2747 475 2816 stis,
504 2745 912 2827 potissimum
945 2763 1167 2808 verum
1201 2753 1314 2807 est.
1330 2744 1608 2818 Quarum
1640 2752 1855 2826 pastor

330 2854 435 2908 est
484 2845 800 2919 ChristuS,
844 2845 999 2926 quia
1046 2843 1167 2906 sub
1199 2844 1377 2924 virga
1423 2863 1555 2908 suae
1602 2845 1854 2908 directi-

330 2945 481 3008 onis
530 2942 887 3018 ambulant,
932 2944 1085 3007 dum
1134 2945 1491 3006 secundum
1540 2945 1855 3025 evangeli-

1952 795 2188 859 rosque
2216 779 2565 861 discipulos
2595 781 2982 844 destinando.
3004 780 3149 844 Ideo
3177 781 3265 843 ait
3293 779 3450 862 Apo-

1952 876 2150 938 stolus
2189 896 2202 940 :
2237 877 2470 940 Fidelis
2511 897 2720 943 sermo
2763 886 2825 942 et
2864 879 3040 942 omni
3082 879 3451 962 acceptione
3477 896 3742 948 inmas.

1953 974 2206 1055 dignuS,
2242 976 2394 1058 quia
2431 976 2718 1040 Christus
2745 978 2925 1040 Iesus
2965 978 3140 1041 venit
3173 978 3240 1040 in
3280 978 3452 1040 hunc

1953 1074 2268 1135 mundum
2314 1084 2673 1156 peccatores
2715 1077 2920 1139 salvos
2962 1075 3193 1140 facere.
3225 1075 3303 1139 Et
3339 1094 3454 1158 per

1957 1170 2318 1235 Zachariam
2373 1193 2386 1236 :
2441 1173 2651 1237 Lauda
2698 1181 2760 1236 et
2807 1175 3038 1248 laetare,
3089 1173 3230 1236 filia
3276 1173 3448 1249 Sion,
3523 1197 3667 1242 zach.
3697 1211 3742 1248 u,

1953 1270 2108 1351 quia
2136 1288 2284 1333 ecce
2317 1289 2432 1352 ego
2464 1273 2670 1346 venio,
2705 1281 2769 1335 et
2807 1273 3105 1336 habitabo
3134 1273 3202 1335 in
3244 1273 3454 1336 medio
3481 1263 3548 1312 ’θ’
3570 1263 3638 1304 ¹¹·

1956 1369 2071 1440 tui,
2119 1369 2208 1429 ait
2256 1368 2604 1447 Dominus;
2654 1378 2717 1432 et
2762 1371 3260 1453 applicabuntur
3303 1389 3456 1452 gen-

1956 1475 2049 1530 tes
2083 1468 2298 1530 multae
2327 1471 2404 1532 ad
2434 1469 2764 1534 Dominum
2797 1470 2862 1532 in
2894 1471 2998 1533 die
3027 1471 3150 1544 illa,
3174 1479 3238 1533 et
3267 1477 3456 1533 erunt

1956 1566 2116 1628 mihi
2173 1567 2238 1628 in
2291 1568 2624 1649 populum.
2675 1569 2865 1633 Porro
2924 1569 3058 1632 haec
3112 1569 3456 1652 applicatio

1957 1664 2344 1745 populorum
2390 1667 2468 1728 ad
2517 1665 2740 1741 Deum,
2783 1676 2880 1730 est
2926 1685 3147 1730 eorum
3195 1684 3458 1731 eonver-

1958 1763 2053 1825 sio
2110 1770 2304 1844 atque
2363 1763 2670 1840 inventio,
2731 1784 2860 1847 qua
2915 1765 3160 1828 inventi
3218 1775 3368 1828 sunt
3419 1785 3459 1828 a

2260 1880 2275 1924 :
2328 1862 2566 1944 quibus
2617 1863 2683 1925 in
2729 1863 2936 1946 prima
2983 1863 3297 1927 Canonica
3343 1883 3458 1926 sua

1958 1959 2247 2041 loquitur
2301 1959 2520 2022 Petrus
2574 1979 2589 2024 ε
2642 1960 2844 2024 Eratis
2901 1962 3246 2044 aliquando
3292 1962 3461 2025 sicut
3527 1980 3684 2024 uum.
3705 1991 3750 2030 ιι.

1959 2075 2110 2121 oves
2167 2065 2503 2139 errantes3
2556 2060 2666 2121 sed
2728 2058 3019 2123 conversi
3075 2060 3228 2123 estis
3286 2079 3460 2124 nunc
3487 2045 3556 2086 ²⁵·

1960 2157 2039 2219 ad
2068 2156 2446 2238 episcopum
2489 2165 2551 2219 et
2595 2164 2912 2239 pastorem
2952 2159 3312 2222 animarum
3351 2176 3462 2222 ve-

1962 2260 2260 2316 strarum.

2042 2356 2129 2414 Et
2177 2373 2382 2433 quum
2430 2355 2757 2416 invenerit
2805 2356 3020 2424 illam,
3059 2357 3339 2434 imponit
3385 2357 3461 2418 in
3603 2355 3640 2412 5

1960 2453 2261 2512 humeros
2296 2471 2441 2512 suos
2473 2455 2790 2529 qaudam-3.
2823 2451 2953 2516 Hoc
2990 2453 3120 2534 egit
3155 2452 3459 2530 Salvator,

1962 2549 2115 2629 quia
2156 2549 2309 2610 dum
2357 2550 2668 2630 quosdam
2713 2550 3073 2613 Judaeorum
3120 2552 3468 2615 convertis-

1964 2654 2080 2720 set,
2118 2665 2235 2727 pro
2278 2646 2406 2708 illis
2446 2654 2509 2709 et
2551 2666 2668 2729 pro
2711 2648 2958 2711 cunctis
3001 2647 3219 2712 electis
3267 2650 3468 2714 homi·

1966 2743 2180 2818 nibuS,
2232 2744 2509 2826 propriis
2557 2745 2842 2808 humeris
2892 2765 3148 2810 crucem
3194 2747 3343 2811 tulit
3387 2748 3468 2811 ad

1964 2840 2270 2923 supplicii
2322 2842 2533 2905 locum
2588 2860 2602 2906 :
2651 2845 2823 2924 quod
2870 2843 3163 2909 faciendo
3211 2855 3468 2929 peccata

1965 2947 2182 3003 nostra
2224 2959 2418 3023 super
2456 2959 2524 3003 se
2563 2941 2859 3025 sumpsit,
2904 2943 3180 3024 portavit
3217 2953 3282 3007 et
3323 2944 3463 3008 luit.

336 3062 429 3106 cae
474 3043 637 3123 legis
683 3049 1003 3125 praecepta
1044 3040 1327 3105 fideliter
1368 3049 1848 3105 conversantur:
1892 3036 1936 3099 C
1968 3039 2231 3120 Propter
2280 3040 2452 3121 quod
2505 3057 2621 3121 per
2665 3038 2888 3102 Isaiam
2939 3042 3250 3124 scriptum
3300 3051 3396 3105 est
3447 3061 3462 3106 τ

104 3157 307 3210 mma,
334 3141 426 3204 De
457 3141 703 3223 quibus
732 3141 905 3221 apud
933 3140 1238 3204 loannem
1273 3147 1657 3222 protestatur
1683 3159 1696 3203 :
1726 3140 1853 3221 Ego

66 3220 123 3266 ¹⁸·
146 3223 203 3263 ¹³·
336 3260 489 3303 sum
529 3245 748 3322 pastor
775 3238 1006 3313 bonus,
1038 3245 1103 3302 et
1132 3256 1445 3320 cognosco
1473 3257 1623 3303 oves
1654 3258 1849 3314 meaS,

335 3347 401 3403 et
452 3345 853 3420 cognoscunt
900 3355 1003 3398 me
1050 3354 1231 3411 meae,
1286 3345 1349 3399 et
1396 3337 1673 3400 animam
1722 3355 1855 3400 me—

334 3457 441 3500 am
488 3455 725 3520 ponam
766 3453 883 3517 pro
910 3435 1143 3499 ovibus
1182 3435 1363 3498 meis.
1397 3435 1709 3498 Dicuntur
1745 3455 1857 3498 au-

334 3545 473 3598 tem
506 3553 659 3599 oves
700 3534 799 3597 hae
826 3541 1109 3608 centum,
1146 3541 1407 3616 propter
1446 3534 1697 3597 numeri
1738 3535 1857 3597 hu-

332 3633 439 3714 jus
476 3629 955 3714 perfectionem.
973 3629 1209 3693 Harum
1242 3647 1394 3692 vero
1422 3629 1633 3693 ovium
1666 3631 1857 3712 periit

336 3749 493 3804 una,
547 3728 705 3811 quia
759 3728 827 3790 in
892 3728 1119 3810 primis
1178 3728 1549 3809 parentibus
1610 3730 1857 3810 perdita

336 3829 466 3892 fuit
509 3834 738 3890 natura
773 3826 1073 3888 humana.
1106 3824 1263 3888 Nam
1303 3828 1656 3889 secundum
1692 3827 1857 3908 Apo-

88 3940 308 3993 non-,vm
338 3927 608 3998 stolum,
670 3925 737 3986 in
796 3942 925 3987 uno
984 3923 1357 4000 cecidimuS,
1410 3931 1473 3986 et
1532 3925 1597 3986 in
1657 3924 1855 3988 Adam

80 4003 311 4058 ⁸⁹¹'⁰·¹¹'²·
341 4024 758 4108 peccavimus
806 4041 1051 4096 omnes,
1096 4022 1183 4084 ita
1230 4025 1403 4104 quod
1450 4042 1702 4086 eramus
1749 4044 1859 4088 na-

341 4133 491 4187 tura
534 4121 661 4184 filii
708 4120 839 4183 irae.

1966 3137 2314 3220 Disciplina
2358 3138 2532 3220 pacis
2578 3145 2808 3202 nostrae
2855 3156 3049 3221 super
3087 3157 3258 3214 eum,
3291 3149 3356 3203 et
3393 3141 3468 3204 li·
3531 3161 3758 3215 10.un,s.

1967 3254 2117 3299 vore
2159 3236 2298 3318 ejus
2337 3237 2538 3299 sanati
2579 3255 2824 3299 sumus.
2858 3235 3088 3300 Omnes
3129 3257 3244 3302 nos
3283 3239 3466 3321 quasi
3495 3231 3598 3281 ⁶·⁴·

1966 3353 2117 3397 oves
2157 3334 2534 3410 erravimuS,
2570 3335 3018 3417 unusquisque
3058 3335 3126 3397 in
3156 3335 3326 3399 viam
3367 3357 3471 3400 su-

1966 3451 2068 3495 am
2120 3433 2502 3513 declinavit3
2554 3440 2617 3495 et
2663 3431 2968 3497 Dominus
3017 3433 3234 3516 posuit
3280 3434 3346 3496 in
3394 3453 3470 3500 eo

1968 3531 2373 3614 iniquitatem
2423 3531 2710 3594 omnium
2764 3539 3075 3595 nostrum.
3130 3532 3289 3596 Vere
3335 3534 3471 3596 Ian-

1965 3647 2196 3712 guores
2246 3637 2493 3692 nostros
2543 3629 2680 3711 ipse
2728 3629 2898 3703 tulit,
2951 3638 3016 3693 et
3060 3631 3310 3696 dolores
3359 3651 3470 3696 no—

1967 3735 2130 3792 stros
2173 3728 2312 3808 ipse
2361 3727 2656 3808 portavit.
2699 3726 2858 3789 Hinc
2900 3725 3186 3791 Christus
3233 3728 3469 3794 fatetur

1968 3827 2034 3889 in
2076 3825 2319 3889 Psalmo
2354 3845 2368 3889 :
2401 3824 2548 3898 Quae
2587 3844 2712 3888 non
2754 3826 2960 3907 rapui,
2994 3835 3148 3889 tunc
3185 3828 3470 3892 exsolve-
3494 3849 3757 3900 ramma.

1966 3925 2137 3987 bam.
2172 3923 2458 4004 Denique
2487 3922 2774 3985 Christus
2804 3923 2940 3986 haec
2966 3922 3123 3988 fecit
3156 3928 3462 4006 gaudens,

1967 4023 2121 4105 quia
2161 4022 2309 4084 licet
2345 4023 2423 4084 de
2463 4021 2776 4103 passionis
2814 4041 2946 4084 suae
2982 4023 3325 4087 acerbitate
3364 4043 3468 4088 ve-

1968 4121 2299 4184 hementer
2328 4119 2589 4194 doleret,
2623 4111 2827 4182 nihilo
2857 4120 3071 4184 minus
3111 4122 3188 4184 de
3227 4123 3469 4205 passio-

414 4224 655 4283 Nonne
681 4220 965 4280 dimittit
994 4221 1361 4297 nonayinta
1394 4240 1621 4282 novem
1649 4221 1723 4280 in
1752 4224 1859 4281 de-
1889 4217 1939 4280 1)
1970 4219 2068 4281 nis
2100 4219 2388 4299 ejusdem
2425 4217 2638 4280 fructu
2679 4219 3031 4281 secundum
3071 4220 3462 4302 superiorem

336 4330 535 4387 serto,
564 4327 627 4379 et
654 4319 843 4379 vadit
878 4320 968 4377 ad
1007 4319 1197 4378 illam
1228 4339 1373 4398 quoe
1408 4319 1717 4396 perierat,
1750 4322 1860 4380 do-

340 4439 461 4478 nec
512 4417 815 4478 inveniat
862 4420 1060 4477 eam?
1107 4413 1237 4478 Hoc
1287 4414 1441 4479 fecit
1492 4415 1858 4497 unigenitus

340 4515 549 4578 Filius
592 4513 728 4588 Dei,
770 4513 925 4575 dum
973 4512 1148 4577 cives
1199 4513 1509 4588 coelesteS,
1557 4521 1711 4596 puta
1751 4533 1861 4577 an-

341 4614 588 4696 gelicos
632 4611 922 4694 spiritus,
965 4611 1031 4673 in
1077 4612 1261 4690 coelo,
1303 4613 1475 4693 quod
1516 4612 1708 4675 homo
1756 4614 1861 4675 de-

344 4711 555 4774 seruit
588 4709 929 4792 peccando,
961 4709 1253 4791 reliquit;
1286 4717 1351 4772 et
1380 4728 1503 4774 non
1535 4710 1857 4791 angelum,

348 4829 481 4874 non
534 4808 814 4888 legatum
865 4806 1059 4882 misit,
1104 4809 1214 4870 sed
1265 4809 1331 4869 in
1384 4808 1645 4890 propria
1689 4808 1865 4871 venit

350 4925 652 4992 persona,
685 4913 1013 4986 assumpta
1041 4905 1108 4968 in
1152 4905 1393 4969 unitate
1429 4925 1717 4989 personae
1755 4927 1863 4969 na-

352 5017 501 5070 tura
548 5004 871 5082 humana3
920 5003 1347 5086 quaesivitque
1392 5023 1593 5086 genus
1644 5005 1865 5068 huma-

356 5123 539 5176 num,
588 5118 706 5183 pro
756 5098 931 5162 illius
980 5102 1418 5177 conversione,
1472 5103 1861 5177 reductione,

357 5199 733 5270 salvatione,
791 5199 1051 5272 orande,
1116 5199 1538 5280 praedicando,
1591 5200 1865 5263 miracu-

1965 4317 2197 4380 animae
2239 4316 2592 4398 portionem
2633 4315 2970 4397 gaudebat.

2046 4419 2135 4478 Et
2175 4417 2438 4476 veniens
2478 4417 2767 4486 domum,
2800 4425 3101 4477 convocat
3133 4418 3372 4479 amicos
3405 4426 3466 4479 et
3605 4422 3642 4477 6

1968 4515 2241 4581 vicinos,
2271 4515 2491 4575 dicens
2519 4514 2658 4574 illis
2679 4533 2703 4574 .·
2737 4515 3310 4592 Conyraculamini
3349 4517 3468 4578 mi-

1969 4614 2057 4678 hi,
2090 4613 2248 4693 quia
2278 4613 2505 4672 inveni
2540 4631 2719 4672 ovem
2751 4631 2957 4673 meam
2987 4633 3131 4692 quae
3151 4614 3462 4691 perierat.

1970 4710 2073 4773 Sic
2110 4709 2400 4772 Christus
2443 4709 2508 4770 in
2549 4709 2653 4770 die
2695 4708 3108 4784 ascensioniS,
3143 4719 3465 4776 revertens

1971 4808 2321 4871 secundum
2374 4815 2664 4869 naturam
2713 4807 3057 4869 humanam
3104 4808 3184 4870 ad
3232 4809 3464 4873 coelum

1972 4923 2345 4988 empyreum
2384 4906 2492 4986 (de
2539 4923 2668 4987 quo
2711 4905 2800 4967 ait
2837 4904 3176 4987 Apostolus
3218 4924 3232 4968 :
3268 4906 3464 4980 Quam
3495 4925 3757 4979 neema.

1972 5003 2460 5068 aedificationem
2521 5002 2826 5065 habemus
2883 5021 2962 5065 ex
3007 5001 3154 5078 Deo,
3208 5005 3466 5068 domum

1975 5121 2100 5165 non
2162 5100 2590 5164 manufactam
2642 5107 2941 5162 aeternam
2997 5100 3063 5163 in
3123 5101 3355 5183 coelis3
3405 5111 3469 5166 et

1976 5201 2285 5273 ChristuS,
2332 5199 2401 5260 In
2451 5200 2638 5262 domo
2683 5198 2881 5262 Patris
2930 5199 3055 5260 mei
3107 5201 3467 5265 mansiones
3504 5221 3760 5274 lemnam.

362 5300 429 5363 la
470 5297 789 5377 faciendo,
836 5295 1188 5372 moriendo,
1222 5296 1530 5381 Spiritum
1571 5298 1868 5362 Sanctum
1978 5298 2197 5362 multae
2247 5297 2443 5378 sunt),
2492 5295 2645 5360 illuc
2694 5295 2979 5360 Christus
3021 5315 3204 5362 ovem
3258 5301 3468 5382 perdi·
3493 5287 3538 5330 ¹·
