4300 6259
52 1273 350 1322 Romans-‚ze

82 4101 160 4140 41.

1202 495 1549 542 numano
1591 493 1655 540 IN
1696 493 1838 542 cAP.
1882 493 1946 538 lv
1986 493 2262 540 JOANNIS.
2309 512 2390 522 —
2430 494 2572 540 Am.
2618 493 2682 540 xi

3371 475 3494 541 355

376 672 483 726 est
530 664 877 734 seminator
915 673 977 728 et
1018 683 1415 729 messor-seu
1464 665 1709 727 fructus
1750 683 1891 747 pcr-
1918 662 1971 723 A
1994 671 2141 741 pter
2181 665 2440 752 per-bum
2481 665 2776 724 mulieris
2811 663 3247 724 testimonium
3275 664 3496 740 perhi-

377 773 626 846 ceptor,
663 765 756 826 sic
802 765 868 825 in
907 779 1113 827 messe
1160 765 1478 847 spirituali
1521 763 1892 846 frequenter

376 861 557 924 idem
600 872 698 925 est
740 863 852 944 qui
898 864 1191 938 seminat,
1227 864 1584 927 inchoando
1624 862 1893 943 cogniti-

376 979 574 1024 onem
625 961 779 1023 fidei
838 961 1200 1025 christiana*
1250 963 1317 1024 in
1366 962 1606 1042 aliquo,
1660 969 1723 1023 et
1778 960 1888 1040 qui

378 1059 590 1134 metit,
646 1061 1054 1141 perducendo
1102 1079 1249 1122 eum
1309 1062 1385 1122 ad
1439 1060 1691 1143 plenam
1748 1077 1895 1122 con-

382 1157 771 1220 versionem.
822 1157 925 1221 Sic
974 1159 1148 1221 enim
1205 1159 1512 1240 gloriatur
1570 1157 1892 1240 apostolus

380 1253 621 1316 Paulus
668 1257 747 1318 ad
795 1255 1129 1328 RomanOS,
1177 1275 1245 1318 se
1295 1257 1670 1339 praedicasse
1720 1255 1895 1318 Chri-

384 1361 559 1415 stum
618 1354 729 1416 ubi
778 1363 923 1417 ante
973 1374 1100 1418 non
1158 1355 1281 1418 fuit
1329 1355 1764 1427 annuntiatus,
1816 1371 1895 1414 ne

383 1470 585 1533 super
614 1453 895 1515 alienum
934 1452 1423 1516 fundamentum
1463 1453 1775 1515 fabricare
1807 1453 1895 1514 vi-

384 1551 671 1613 deretur.
697 1549 817 1613 Sed
847 1559 1159 1632 quantum
1192 1553 1269 1614 ad
1297 1552 1566 1628 Judaeos,
1589 1553 1700 1634 qui
1733 1551 1897 1633 Moy-

386 1666 505 1710 sen
550 1657 615 1711 et
655 1649 997 1732 Prophetas
1045 1659 1444 1732 receperunt,
1478 1659 1541 1712 et
1581 1657 1892 1732 quantum

385 1749 469 1810 ad
510 1747 937 1812 Samaritanos
979 1749 1229 1830 Moysen
1282 1749 1683 1832 recipientes,
1728 1756 1898 1810 tenet

2001 762 2204 820 beatis
2221 781 2243 820 .·
2266 763 2433 828 Quia
2452 763 2630 832 dixit
2652 763 2818 821 mihi
2839 763 3057 822 omnia
3082 779 3498 840 quercumque

2000 861 2129 938 feci
2175 880 2196 918 .·
2246 861 2416 940 quod
2469 879 2592 922 non
2644 860 2850 941 potuit
2897 859 3040 921 fieri
3091 860 3324 921 virtute
3381 858 3497 920 hu-

2004 976 2210 1018 mana.
2242 963 2454 1027 Quum
2496 961 2812 1020 venissent
2851 978 2998 1036 erqo
3027 962 3116 1020 ad
3153 960 3346 1019 illum
3377 960 3498 1019 Sa·
3630 965 3703 1022 ⁴0

2002 1058 2350 1126 maritani,
2379 1076 2533 1134 roya
2546 1067 2770 1118 verunt
2808 1078 2955 1119 eum
2985 1069 3056 1118 ut
3087 1059 3182 1116 ibi
3213 1065 3496 1118 maneret

2005 1154 2070 1217 in
2111 1155 2351 1217 Sichar.
2397 1155 2750 1237 Cupiebant
2788 1156 2960 1220 enim
3011 1157 3263 1238 plenius
3302 1154 3499 1217 infor-

2005 1255 2166 1315 mari
2196 1255 2274 1315 de
2307 1253 2333 1314 Γ
2337 1255 2438 1316 ide
2466 1274 2502 1316 a
2534 1255 2800 1319 Christo.
2827 1259 2912 1316 Ec
2943 1257 3182 1316 mansit
3217 1257 3310 1314 ibi
3337 1258 3500 1316 duos

2002 1355 2162 1414 dies.
2225 1352 2348 1415 Cur
2405 1353 2689 1416 Christus
2746 1354 2858 1434 qui
2918 1354 3112 1436 eoepit
3173 1353 3379 1416 facere
3436 1363 3763 1422 et.Aot.=,i.

2005 1450 2253 1526 docere,
2306 1451 2393 1514 ibi
2445 1452 2537 1514 sic
2586 1453 2818 1514 mansit
2866 1452 3031 1514 inter
3079 1451 3499 1516 Samaritanos

2007 1558 2133 1612 tam
2184 1551 2315 1624 diu,
2358 1570 2558 1632 quum
2609 1552 2840 1614 dixerit
2887 1551 3062 1626 alibi,
3105 1552 3172 1613 In
3213 1551 3499 1614 civitates
3531 1567 3776 1616 Mantus

2008 1646 2540 1713 Samaritanorum
2575 1668 2654 1712 ne
2683 1650 3106 1713 intraveritis?
3137 1649 3502 1725 Dicendum,

2006 1749 2179 1829 quod
2210 1748 2494 1811 Christus
2535 1749 2855 1830 legislator
2893 1768 3018 1812 non
3060 1749 3185 1811 fuit
3213 1749 3331 1810 sub
3367 1749 3504 1830 lege

388 1847 664 1910 verbum
691 1847 919 1910 Christi
945 1849 1133 1929 :quia
1157 1848 1222 1909 in
1254 1848 1383 1911 illis
1416 1849 1657 1931 priores
1688 1847 1898 1910 Sancti
1934 1844 1979 1908 B
2011 1847 2125 1908 hac
2171 1847 2474 1927 generali.
2523 1847 2725 1928 Coepit
2773 1855 2984 1909 autem
3034 1847 3241 1909 facere
3287 1855 3350 1908 et
3398 1849 3506 1910 do—

390 1945 895 2020 seminaverunt,
943 1946 1227 2028 Apostoli
1276 1964 1425 2010 vero
1467 1953 1896 2008 messuerunt.

475 2046 615 2121 Eyo
653 2046 811 2104 misi
850 2065 955 2105 vos
996 2053 1251 2113 metere,
1283 2044 1403 2107 hoc
1444 2052 1541 2106 est
1580 2046 1656 2107 ad
1702 2044 1900 2106 fidem

392 2141 718 2222 colligere,
752 2145 925 2222 quod
952 2163 1061 2203 vos
1091 2163 1218 2204 non
1254 2145 1613 2211 laborastis,
1647 2143 1765 2204 hoe
1806 2150 1902 2204 est

392 2239 713 2322 populum
769 2240 1155 2315 Judaeorum,
1208 2259 1402 2322 quem
1451 2241 1677 2304 vestris
1741 2259 1902 2322 prae-

393 2338 847 2413 dicationibu8‚
893 2339 1231 2421 scripturis
1274 2348 1336 2401 et
1382 2338 1729 2414 laboribuS,
1774 2358 1899 2401 non

395 2437 807 2520 disposuistis
846 2439 923 2500 ad
966 2437 1119 2500 fidei
1162 2438 1614 2521 receptionem.
1638 2439 1785 2500 Alii
1818 2441 1903 2499 la-

395 2539 816 2605 boraverunt,
868 2537 987 2599 hoc
1046 2545 1162 2611 est,
1222 2537 1505 2619 praedicti
1568 2537 1905 2600 seminato-

396 2651 523 2708 reS,
570 2633 949 2697 Patriarchae
990 2652 1063 2696 ac
1103 2642 1296 2709 vateS,
1342 2653 1466 2698 non
1513 2635 1651 2696 sine
1690 2633 1903 2696 labore

396 2731 715 2815 populum
764 2732 1123 2795 Judaeorum
1182 2734 1258 2794 ad
1308 2733 1538 2796 Christi
1602 2732 1907 2814 receptio-

398 2847 551 2892 nem
618 2839 1157 2912 praeparaverunt,
1221 2831 1705 2913 praenuntiando
1766 2831 1905 2911 ejus

396 2930 772 3010 adventum,
815 2930 1099 2993 docendo
1149 2930 1337 2992 unius
1379 2930 1482 2991 Dei
1536 2931 1801 3002 cultum,
1846 2936 1908 2991 et

2008 1965 2154 2008 cere
2203 1964 2276 2008 ea
2330 1965 2474 2026 quae
2529 1947 2605 2008 ad
2656 1954 2970 2028 praecepta
3027 1953 3315 2027 spectant
3372 1965 3502 2009 mo-

2010 2045 2186 2106 ralia.
2221 2045 2396 2119 Item,
2431 2047 2604 2127 quod
2644 2045 2966 2108 modicum
2997 2052 3112 2118 est,
3149 2064 3263 2126 pro
3300 2045 3506 2108 nihilo

2011 2150 2363 2224 reputatur.
2399 2143 2684 2206 Christus
2715 2161 2865 2206 vero
2904 2163 3027 2206 non
3069 2143 3095 2204 l'
3101 2143 3193 2205 uit
3230 2143 3503 2206 multum

2012 2261 2160 2304 cum
2203 2241 2633 2304 Samaritanis.

2096 2345 2178 2402 Ec
2217 2345 2418 2402 multo
2456 2343 2678 2418 plures
2727 2359 2804 2402 ex
2853 2339 3261 2402 Samaritanis
3309 2344 3506 2402 credi-
3642 2341 3708 2398 41

2011 2443 2250 2500 derunt
2299 2441 2374 2500 in
2419 2459 2593 2508 eum,
2627 2448 2889 2516 propter
2933 2461 3287 2501 sermonem
3333 2442 3501 2517 ejus,

2013 2545 2318 2618 tanquam
2367 2537 2447 2600 ob
2496 2556 2748 2600 causam
2803 2538 3262 2619 persuasoriam
3311 2539 3387 2601 ad
3437 2539 3508 2600 si-

2016 2638 2161 2699 dem
2203 2636 2419 2718 aliquo
2462 2637 2648 2698 modo
2691 2636 3118 2698 inducentem.
3157 2637 3298 2699 Erat
3336 2638 3506 2700 enim
3543 2655 3644 2700 ma
3647 2669 3734 2706 ......
3737 2657 3802 2698 ιο.

2018 2737 2250 2798 docens
2281 2735 2444 2796 sicut
2482 2742 2848 2816 potestatem
2894 2735 3131 2798 habens
3167 2755 3179 2798 :
3215 2737 3366 2817 quia
3395 2737 3511 2799 dif-
3543 2756 3804 2805 pamm.

2016 2832 2160 2895 fusa
2198 2841 2291 2894 est
2337 2833 2535 2913 gratia
2578 2832 2641 2893 in
2688 2832 2873 2895 labiis
2918 2833 3080 2914 ejus.
3114 2833 3374 2916 Propter
3416 2855 3514 2897 sa-

2020 2931 2323 3014 pientiam
2355 2931 2548 3011 igitur
2579 2931 2965 2993 relucentem
2999 2933 3063 2993 in
3094 2933 3306 2995 verbis
3338 2933 3536 2996 Chri--

400 3028 559 3089 vitia
590 3027 815 3109 populi
857 3027 1297 3109 exstirpand03
1329 3038 1388 3087 et
1420 3048 1524 3088 vos
1559 3029 1633 3089 in
1664 3031 1907 3089 labores
1946 3028 1989 3092 C
2020 3030 2097 3092 sti
2160 3037 2220 3091 et
2276 3028 2792 3091 efficacissimam
2858 3029 3285 3111 eloquentiam
3346 3031 3510 3112 ejus,

398 3144 627 3186 eorum
668 3127 1014 3193 introistis,
1048 3124 1167 3188 hoc
1208 3132 1325 3200 est,
1361 3126 1671 3207 populum
1712 3127 1790 3188 ab
1833 3127 1909 3188 il—

402 3223 486 3285 lis
546 3221 796 3286 Sanctis
862 3231 1309 3306 praeparatum,
1369 3224 1613 3286 cultum
1672 3233 1735 3287 et
1796 3226 1906 3288 do·

404 3329 604 3396 ctum,
658 3321 1087 3384 convertistis.
1137 3321 1312 3394 Quod
1361 3322 1603 3384 dictum
1650 3330 1745 3384 est
1794 3341 1908 3404 pro

404 3427 537 3483 toto
576 3428 865 3500 tempore
903 3438 1035 3500 quo
1072 3419 1356 3502 Apostoli
1396 3419 1463 3480 in
1499 3419 1711 3483 Judaea
1755 3440 1913 3502 prae-

406 3518 807 3581 dicaverunt.
860 3517 996 3581 Non
1046 3517 1219 3580 enim
1278 3525 1371 3580 tot
1427 3518 1630 3580 millia
1673 3519 1914 3582 Judaeo-

407 3635 554 3679 rum
608 3616 1072 3680 convertissent
1119 3624 1182 3679 et
1228 3616 1645 3698 spiritualiter
1703 3635 1915 3699 posse-

409 3715 671 3788 dissent,
692 3715 815 3777 nisi
850 3733 964 3797 per
990 3715 1339 3797 scripturas
1369 3715 1810 3798 Prophetarum
1843 3735 1915 3778 ac

409 3813 920 3877 patriarcharum
970 3813 1261 3895 dispositi
1310 3811 1585 3875 fuissent
1630 3815 1708 3876 ad
1752 3813 1918 3876 chri-

412 3913 636 3976 stianae
674 3912 829 3975 fidei
871 3911 1364 3993 susceptionem.
1397 3911 1571 3973 Unde
1602 3919 1665 3974 et
1700 3911 1917 3974 Petrus

415 4110 611 4172 vertit
676 4109 798 4171 tria
865 4108 1067 4171 millia
1130 4108 1512 4172 Judaeorum.
1574 4107 1916 4182 PostremO,

2020 3129 2428 3191 crediderunt
2476 3128 2541 3189 in
2593 3145 2762 3189 eum.
2814 3127 3151 3209 Nunquam
3203 3130 3376 3191 enim
3421 3130 3514 3193 sic
3559 3147 3805 3197 Joanmn,

2021 3229 2270 3291 locutus
2327 3235 2422 3289 est
2474 3226 2685 3301 hom0,
2737 3227 2903 3289 sicut
2952 3227 3055 3290 hic
3112 3228 3510 3310 loquebatur.
3543 3213 3611 3254 ⁴⁶·

2022 3331 2108 3389 Et
2159 3327 2424 3388 mulieri
2471 3324 2878 3388 Samaritanae
2923 3329 3222 3388 dicebant
3270 3346 3293 3389 .·
3345 3330 3512 3398 Quia
3639 3341 3720 3397 42

2007 3427 2161 3502 jam
2205 3445 2332 3486 non
2380 3434 2641 3502 propter
2691 3434 2871 3486 tuam
2920 3429 3260 3503 loquelam,
3309 3426 3371 3489 id
3421 3435 3518 3488 est
3621 3488 3634 3502 ,
3716 3462 3724 3473 ·

2025 3523 2462 3586 testimonium
2505 3523 2633 3585 oris
2677 3522 2793 3597 tui,
2835 3525 3180 3592 credimus,
3212 3531 3516 3606 tanquam

2028 3630 2286 3705 propter
2341 3640 2592 3684 causam
2652 3620 2872 3694 solam,
2925 3621 3060 3682 sive
3108 3623 3516 3705 praecipuam.

2025 3720 2236 3783 Nihilo
2293 3720 2506 3780 minus
2566 3718 2972 3780 crediderunt
3020 3719 3206 3782 etiam
3265 3728 3525 3803 propter

2030 3817 2462 3882 testimonium
2523 3816 2684 3898 ejuS,
2737 3817 2847 3879 sed
2905 3835 3030 3880 non
3093 3826 3354 3900 propter
3406 3819 3526 3881 hoc

2030 3919 2259 3990 solum,
2311 3923 2420 3977 aut
2478 3915 2938 3996 principaliter.
2993 3917 3135 3994 Ipsi
3183 3919 3360 3977 enim
3410 3938 3531 3978 au-

99 4036 287 4080 nan.
314 4032 385 4072 u-
414 4012 483 4074 in
530 4011 634 4073 die
670 4009 1070 4073 Pentecostes
1110 4010 1443 4090 allegando
1477 4009 1736 4084 Joelem,
1774 4029 1922 4073 con·
2028 4019 2346 4084 divimus,
2377 4014 2439 4076 id
2487 4022 2602 4086 est,
2644 4013 2959 4077 audiendo
3013 4014 3206 4078 verba
3249 4015 3389 4096 ejus
3437 4035 3532 4078 sa·

2008 4112 2432 4196 'pientissima
2473 4111 3036 4186 consideravimus,
3078 4121 3136 4172 ec
3171 4114 3434 4182 scimus,
3468 4113 3531 4176 id

414 4208 715 4290 quamvis
749 4207 1113 4289 praedicatio
1140 4206 1585 4288 Apostolorum
1617 4205 1743 4268 fuit
1770 4224 1925 4268 mes·
1956 4211 2004 4274 l)
2035 4220 2147 4285 est,
2184 4217 2352 4272 certe
2381 4209 2841 4289 cognoscimus.
2875 4208 3173 4282 Quamvis
3204 4212 3374 4273 enim
3407 4231 3533 4274 ma-

418 4308 521 4370 sio
564 4313 863 4388 respectu
912 4305 1379 4387 praedicationis
1428 4305 1921 4386 praecedentium

420 4412 700 4487 patrum,
755 4403 882 4466 fuit
938 4410 1146 4465 tamen
1207 4420 1424 4465 semen
1474 4410 1535 4464 et
1590 4403 1924 4466 seminatio

420 4521 538 4586 per
578 4503 1115 4584 comparationem
1149 4502 1227 4563 ad
1257 4500 1456 4563 fidem
1484 4507 1547 4564 et
1574 4519 1767 4583 opera
1796 4519 1927 4563 me-

422 4602 645 4664 ritoria
700 4601 1087 4680 auditorum,
1148 4606 1211 4661 et
1268 4599 1459 4661 etiam
1516 4601 1723 4681 quoad
1785 4619 1929 4682 pro-

424 4700 633 4782 priam
685 4698 1265 4761 remunerationem
1314 4699 1380 4759 in
1432 4699 1653 4780 patria,
1707 4717 1931 4761 secun-

130 4821 169 4864 ιι
186 4819 311 4864 εον.
328 4829 387 4866 ιι,
424 4800 581 4861 dum
612 4798 786 4880 quod
815 4797 969 4860 dicit
998 4797 1338 4879 Apostolus
1366 4815 1379 4858 :
1414 4796 1530 4869 Qui
1562 4797 1832 4859 seminat
1861 4797 1927 4860 in

99 4881 395 4988 2{⁰“¹⁰¹·'¹'
424 4895 1001 4968 benedictionibus
1039 4897 1117 4958 de
1155 4895 1704 4958 benedictionibus
1743 4903 1933 4958 metet

427 4996 627 5058 vitam
670 5002 994 5058 aeternam.

198 5107 283 5162 39
516 5097 621 5156 Em
648 5094 915 5154 civitate
954 5102 1171 5154 autem
1209 5094 1353 5164 illa,
1390 5091 1650 5155 nomine
1689 5092 1930 5166 Sichar‚

2032 4311 2133 4390 j0r
2200 4309 2282 4370 sit
2347 4308 2657 4371 certitudo
2725 4309 3062 4372 evidentiae
3129 4310 3194 4371 in
3268 4310 3536 4372 scientia

2036 4427 2228 4488 quam
2275 4407 2340 4468 in
2385 4405 2536 4482 fide,
2571 4413 2779 4469 tamen
2825 4407 3028 4488 major
3079 4416 3174 4470 est
3203 4409 3536 4472 certitudo

2036 4505 2440 4568 adhaerentiae
2481 4505 2546 4566 in
2591 4503 2720 4568 fide
2760 4525 2954 4587 quam
3001 4507 3065 4568 in
3111 4507 3397 4569 scientia.
3443 4506 3537 4568 Fi·

2036 4607 2146 4668 des
2186 4621 2443 4685 quoque
2482 4603 2777 4665 innititur
2808 4605 3058 4668 certiori
3096 4603 3532 4682 fundamento,

2040 4701 2338 4765 videlicet
2379 4701 2671 4764 increatae
2712 4709 2773 4763 et
2817 4702 3326 4766 incommutabili
3378 4703 3541 4766 veri-

2039 4800 2188 4878 tati3
2221 4799 2486 4860 scientia
2521 4805 2755 4872 autem,
2792 4800 3062 4862 naturali
3107 4800 3358 4875 rationi,
3395 4820 3539 4882 quae

2040 4897 2412 4978 frequenter
2466 4897 2803 4979 decipitur.
2859 4901 3026 4968 Quia
3087 4900 3195 4958 hic
3247 4909 3338 4960 est
3396 4919 3540 4959 vere

2042 4999 2350 5059 Salvator
2393 4997 2652 5064 mundi,
2703 4995 2822 5058 hoc
2869 5003 2965 5057 est
3014 4995 3392 5058 universalis
3441 5014 3537 5058 re-

2046 5095 2338 5175 demptor
2375 5093 2565 5156 totius
2607 5093 2858 5174 generis
2902 5093 3186 5155 humani.
3220 5093 3538 5159 Noverant
3567 5107 3826 5159 omn-naa.

438 5195 635 5254 multi
688 5194 1108 5253 crediderunt
1156 5194 1225 5252 in
1286 5211 1433 5253 eum
1486 5194 1939 5253 Samaritano·
2047 5191 2220 5254 enim
2267 5190 2639 5253 Samaritani
2687 5210 2765 5253 ex
2807 5191 2990 5254 libris
3031 5191 3279 5274 MoysiS,
3311 5193 3538 5255 huma·
3563 5174 3634 5217 ²⁴·

432 5311 611 5363 rum,
652 5291 984 5353 credentes
1021 5291 1195 5371 quod
1236 5297 1405 5352 esset
1442 5289 1752 5365 Christus,
1786 5311 1939 5370 pro-
2049 5309 2206 5352 num
2245 5307 2446 5370 genus
2489 5309 2526 5352 a
2568 5291 2858 5372 paradiso
2895 5291 3237 5372 expulsum
3277 5301 3538 5374 propter
