<?xml version="1.0" encoding="UTF-8"?>
<!DOCTYPE html PUBLIC "-//W3C//DTD XHTML 1.0 Transitional//EN"
    "http://www.w3.org/TR/xhtml1/DTD/xhtml1-transitional.dtd">
<html xmlns="http://www.w3.org/1999/xhtml" xml:lang="en" lang="en">
 <head>
  <title>
</title>
<meta http-equiv="Content-Type" content="text/html;charset=utf-8" />
  <meta name='ocr-system' content='tesseract 3.04.00' />
  <meta name='ocr-capabilities' content='ocr_page ocr_carea ocr_par ocr_line ocrx_word'/>
</head>
<body>
  <div class='ocr_page' id='page_1' title='image "./doctorisecstati09unkngoog_0166.png"; bbox 0 0 4300 6259; ppageno 0'>
   <div class='ocr_carea' id='block_1_1' title="bbox 892 505 1009 570">
    <p class='ocr_par' dir='ltr' id='par_1_1' title="bbox 892 505 1009 570">
     <span class='ocr_line' id='line_1_1' title="bbox 892 505 1009 570; baseline 0 0"><span class='ocrx_word' id='word_1_1' title='bbox 892 505 1009 570; x_wconf 76' lang='lat'><strong>114</strong></span> 
     </span>
    </p>
   </div>
   <div class='ocr_carea' id='block_1_2' title="bbox 1644 526 3240 574">
    <p class='ocr_par' dir='ltr' id='par_1_2' title="bbox 1644 526 3240 574">
     <span class='ocr_line' id='line_1_2' title="bbox 1644 526 3240 574; baseline 0.001 -1"><span class='ocrx_word' id='word_1_2' title='bbox 1644 527 1997 574; x_wconf 70' lang='lat' dir='ltr'><strong>RNARRA&#39;rlo</strong></span> <span class='ocrx_word' id='word_1_3' title='bbox 2040 527 2103 573; x_wconf 85' lang='lat' dir='ltr'><strong>IN</strong></span> <span class='ocrx_word' id='word_1_4' title='bbox 2145 526 2284 573; x_wconf 79' lang='lat' dir='ltr'><strong>cAP.</strong></span> <span class='ocrx_word' id='word_1_5' title='bbox 2331 527 2415 572; x_wconf 78' lang='lat' dir='ltr'><strong>XV</strong></span> <span class='ocrx_word' id='word_1_6' title='bbox 2455 527 2644 574; x_wconf 75' lang='lat' dir='ltr'><strong>LUCAE.</strong></span> <span class='ocrx_word' id='word_1_7' title='bbox 2693 547 2773 557; x_wconf 96' lang='lat'><strong>—</strong></span> <span class='ocrx_word' id='word_1_8' title='bbox 2813 529 2956 574; x_wconf 69' lang='grc' dir='ltr'><strong>ΛΒΤ.</strong></span> <span class='ocrx_word' id='word_1_9' title='bbox 3005 529 3240 574; x_wconf 78' lang='lat' dir='ltr'><strong>xxxviii</strong></span> 
     </span>
    </p>
   </div>
   <div class='ocr_carea' id='block_1_3' title="bbox 889 695 3984 780">
    <p class='ocr_par' dir='ltr' id='par_1_3' title="bbox 889 695 3984 780">
     <span class='ocr_line' id='line_1_3' title="bbox 889 695 3984 780; baseline 0 -24"><span class='ocrx_word' id='word_1_10' title='bbox 889 695 1139 758; x_wconf 90' lang='lat' dir='ltr'><strong>sissime</strong></span> <span class='ocrx_word' id='word_1_11' title='bbox 1182 696 1617 780; x_wconf 88' lang='lat' dir='ltr'><strong>impleturum.</strong></span> <span class='ocrx_word' id='word_1_12' title='bbox 1652 701 1739 760; x_wconf 82' lang='lat' dir='ltr'><strong>Et</strong></span> <span class='ocrx_word' id='word_1_13' title='bbox 1767 719 1965 779; x_wconf 80' lang='lat' dir='ltr'><strong>quum</strong></span> <span class='ocrx_word' id='word_1_14' title='bbox 2013 699 2285 768; x_wconf 78' lang='lat' dir='ltr'><strong>veniret,</strong></span> <span class='ocrx_word' id='word_1_15' title='bbox 2315 697 2378 758; x_wconf 90' lang='lat' dir='ltr'><strong>id</strong></span> <span class='ocrx_word' id='word_1_16' title='bbox 2410 697 2462 758; x_wconf 83' lang='lat' dir='ltr'>A</span> <span class='ocrx_word' id='word_1_17' title='bbox 2489 716 2590 759; x_wconf 91' lang='lat' dir='ltr'><strong>am</strong></span> <span class='ocrx_word' id='word_1_18' title='bbox 2623 697 3006 778; x_wconf 78' lang='lat' dir='ltr'><strong>singularem</strong></span> <span class='ocrx_word' id='word_1_19' title='bbox 3037 706 3101 760; x_wconf 88' lang='lat' dir='ltr'><strong>et</strong></span> <span class='ocrx_word' id='word_1_20' title='bbox 3130 697 3650 779; x_wconf 88' lang='lat' dir='ltr'><strong>gubernationem</strong></span> <span class='ocrx_word' id='word_1_21' title='bbox 3682 695 3984 778; x_wconf 78' lang='lat' dir='ltr'><strong>praecipu-</strong></span> 
     </span>
    </p>
   </div>
   <div class='ocr_carea' id='block_1_4' title="bbox 596 795 2384 1856">
    <p class='ocr_par' dir='ltr' id='par_1_4' title="bbox 596 795 2384 1856">
     <span class='ocr_line' id='line_1_4' title="bbox 888 795 2384 878; baseline 0.002 -22"><span class='ocrx_word' id='word_1_22' title='bbox 888 803 999 865; x_wconf 89' lang='lat' dir='ltr'><strong>est,</strong></span> <span class='ocrx_word' id='word_1_23' title='bbox 1032 813 1145 876; x_wconf 91' lang='lat' dir='ltr'><strong>per</strong></span> <span class='ocrx_word' id='word_1_24' title='bbox 1176 795 1469 877; x_wconf 89' lang='lat' dir='ltr'><strong>legalium</strong></span> <span class='ocrx_word' id='word_1_25' title='bbox 1503 797 1970 860; x_wconf 79' lang='lat' dir='ltr'><strong>observantiam</strong></span> <span class='ocrx_word' id='word_1_26' title='bbox 2002 797 2125 858; x_wconf 93' lang='lat' dir='ltr'><strong>Deo</strong></span> <span class='ocrx_word' id='word_1_27' title='bbox 2155 815 2384 878; x_wconf 89' lang='lat' dir='ltr'><strong>appro-</strong></span> 
     </span>
     <span class='ocr_line' id='line_1_5' title="bbox 890 893 2380 975; baseline -0.001 -21"><span class='ocrx_word' id='word_1_28' title='bbox 890 893 1201 974; x_wconf 86' lang='lat' dir='ltr'><strong>pinquare</strong></span> <span class='ocrx_word' id='word_1_29' title='bbox 1232 895 1437 971; x_wconf 82' lang='lat' dir='ltr'><strong>vellet,</strong></span> <span class='ocrx_word' id='word_1_30' title='bbox 1469 906 1529 956; x_wconf 76' lang='lat' dir='ltr'><strong>et</strong></span> <span class='ocrx_word' id='word_1_31' title='bbox 1557 898 2107 975; x_wconf 80' lang='lat' dir='ltr'><em>appropinquaret</em></span> <span class='ocrx_word' id='word_1_32' title='bbox 2136 898 2380 961; x_wconf 82' lang='lat' dir='ltr'><strong>domui,</strong></span> 
     </span>
     <span class='ocr_line' id='line_1_6' title="bbox 628 990 2381 1074; baseline 0 -22"><span class='ocrx_word' id='word_1_33' title='bbox 628 1001 855 1052; x_wconf 69' lang='lat' dir='ltr'><strong>Irim-1¹¹.</strong></span> <span class='ocrx_word' id='word_1_34' title='bbox 888 990 951 1052; x_wconf 94' lang='lat' dir='ltr'><strong>id</strong></span> <span class='ocrx_word' id='word_1_35' title='bbox 1000 999 1096 1052; x_wconf 88' lang='lat' dir='ltr'><strong>est</strong></span> <span class='ocrx_word' id='word_1_36' title='bbox 1143 991 1457 1066; x_wconf 79' lang='lat' dir='ltr'><strong>Ecclesiae,</strong></span> <span class='ocrx_word' id='word_1_37' title='bbox 1492 995 1569 1055; x_wconf 94' lang='lat' dir='ltr'><strong>de</strong></span> <span class='ocrx_word' id='word_1_38' title='bbox 1618 1012 1747 1074; x_wconf 91' lang='lat' dir='ltr'><strong>qua</strong></span> <span class='ocrx_word' id='word_1_39' title='bbox 1788 992 2125 1074; x_wconf 82' lang='lat' dir='ltr'><strong>Apostolus</strong></span> <span class='ocrx_word' id='word_1_40' title='bbox 2161 1011 2175 1053; x_wconf 73' lang='grc' dir='ltr'><strong><em>ε</em></strong></span> <span class='ocrx_word' id='word_1_41' title='bbox 2209 991 2381 1053; x_wconf 92' lang='lat' dir='ltr'><strong>Scias</strong></span> 
     </span>
     <span class='ocr_line' id='line_1_7' title="bbox 596 1067 2382 1173; baseline 0.002 -24"><span class='ocrx_word' id='word_1_42' title='bbox 596 1067 663 1108; x_wconf 84' lang='lat'><strong>¹⁵·</strong></span> <span class='ocrx_word' id='word_1_43' title='bbox 884 1091 1203 1170; x_wconf 92' lang='lat' dir='ltr'><strong>quomodo</strong></span> <span class='ocrx_word' id='word_1_44' title='bbox 1252 1101 1313 1152; x_wconf 90' lang='lat' dir='ltr'><strong>te</strong></span> <span class='ocrx_word' id='word_1_45' title='bbox 1351 1099 1636 1173; x_wconf 91' lang='lat' dir='ltr'><strong>oporteat</strong></span> <span class='ocrx_word' id='word_1_46' title='bbox 1676 1091 2035 1155; x_wconf 90' lang='lat' dir='ltr'><strong>conversari</strong></span> <span class='ocrx_word' id='word_1_47' title='bbox 2088 1091 2153 1152; x_wconf 90' lang='lat' dir='ltr'><strong>in</strong></span> <span class='ocrx_word' id='word_1_48' title='bbox 2195 1091 2382 1152; x_wconf 90' lang='lat' dir='ltr'><strong>domo</strong></span> 
     </span>
     <span class='ocr_line' id='line_1_8' title="bbox 882 1186 2384 1268; baseline 0.001 -20"><span class='ocrx_word' id='word_1_49' title='bbox 882 1186 1007 1261; x_wconf 91' lang='lat' dir='ltr'><strong>Dei,</strong></span> <span class='ocrx_word' id='word_1_50' title='bbox 1026 1207 1165 1268; x_wconf 83' lang='lat' dir='ltr'><strong>quae</strong></span> <span class='ocrx_word' id='word_1_51' title='bbox 1194 1196 1289 1250; x_wconf 91' lang='lat' dir='ltr'><strong>est</strong></span> <span class='ocrx_word' id='word_1_52' title='bbox 1321 1189 1597 1251; x_wconf 80' lang='lat' dir='ltr'><strong>Ecclesia</strong></span> <span class='ocrx_word' id='word_1_53' title='bbox 1628 1189 1733 1250; x_wconf 89' lang='lat' dir='ltr'><strong>Dei</strong></span> <span class='ocrx_word' id='word_1_54' title='bbox 1767 1189 1913 1250; x_wconf 86' lang='lat' dir='ltr'><strong>vivi.</strong></span> <span class='ocrx_word' id='word_1_55' title='bbox 1939 1189 2186 1268; x_wconf 90' lang='lat' dir='ltr'><strong>Legalia</strong></span> <span class='ocrx_word' id='word_1_56' title='bbox 2218 1207 2384 1250; x_wconf 91' lang='lat' dir='ltr'><strong>nam-</strong></span> 
     </span>
     <span class='ocr_line' id='line_1_9' title="bbox 881 1287 2382 1369; baseline 0.001 -24"><span class='ocrx_word' id='word_1_57' title='bbox 881 1304 1029 1367; x_wconf 90' lang='lat' dir='ltr'><strong>que,</strong></span> <span class='ocrx_word' id='word_1_58' title='bbox 1055 1294 1234 1348; x_wconf 92' lang='lat' dir='ltr'><strong>erant</strong></span> <span class='ocrx_word' id='word_1_59' title='bbox 1274 1305 1493 1350; x_wconf 88' lang='lat' dir='ltr'><strong>eorum</strong></span> <span class='ocrx_word' id='word_1_60' title='bbox 1528 1306 1671 1369; x_wconf 87' lang='lat' dir='ltr'><strong>quae</strong></span> <span class='ocrx_word' id='word_1_61' title='bbox 1705 1288 1767 1348; x_wconf 91' lang='lat' dir='ltr'><strong>in</strong></span> <span class='ocrx_word' id='word_1_62' title='bbox 1800 1287 2079 1348; x_wconf 78' lang='lat' dir='ltr'><strong>Ecclesia</strong></span> <span class='ocrx_word' id='word_1_63' title='bbox 2120 1287 2382 1348; x_wconf 92' lang='lat' dir='ltr'><strong>credun-</strong></span> 
     </span>
     <span class='ocr_line' id='line_1_10' title="bbox 880 1383 2381 1466; baseline 0.001 -23"><span class='ocrx_word' id='word_1_64' title='bbox 880 1389 985 1443; x_wconf 90' lang='lat' dir='ltr'><strong>tur</strong></span> <span class='ocrx_word' id='word_1_65' title='bbox 1012 1392 1075 1445; x_wconf 89' lang='lat' dir='ltr'><strong>et</strong></span> <span class='ocrx_word' id='word_1_66' title='bbox 1106 1383 1293 1452; x_wconf 81' lang='lat' dir='ltr'><strong>siunt,</strong></span> <span class='ocrx_word' id='word_1_67' title='bbox 1330 1385 1821 1466; x_wconf 72' lang='lat' dir='ltr'><strong>praefigurativa,</strong></span> <span class='ocrx_word' id='word_1_68' title='bbox 1857 1393 1920 1446; x_wconf 89' lang='lat' dir='ltr'><strong>et</strong></span> <span class='ocrx_word' id='word_1_69' title='bbox 1957 1383 2381 1465; x_wconf 85' lang='lat' dir='ltr'><strong>disponebant</strong></span> 
     </span>
     <span class='ocr_line' id='line_1_11' title="bbox 878 1481 2381 1561; baseline 0.001 -20"><span class='ocrx_word' id='word_1_70' title='bbox 878 1481 955 1541; x_wconf 84' lang='lat' dir='ltr'><strong>ad</strong></span> <span class='ocrx_word' id='word_1_71' title='bbox 988 1481 1331 1544; x_wconf 79' lang='lat' dir='ltr'><strong>Christum.</strong></span> <span class='ocrx_word' id='word_1_72' title='bbox 1364 1486 1647 1544; x_wconf 75' lang='lat' dir='ltr'><strong>Audivit</strong></span> <span class='ocrx_word' id='word_1_73' title='bbox 1676 1486 2156 1561; x_wconf 75' lang='lat' dir='ltr'><strong>symphoniam,</strong></span> <span class='ocrx_word' id='word_1_74' title='bbox 2193 1483 2255 1544; x_wconf 87' lang='lat' dir='ltr'><strong>id</strong></span> <span class='ocrx_word' id='word_1_75' title='bbox 2285 1489 2381 1544; x_wconf 84' lang='lat' dir='ltr'><strong>est</strong></span> 
     </span>
     <span class='ocr_line' id='line_1_12' title="bbox 880 1580 2378 1661; baseline 0 -21"><span class='ocrx_word' id='word_1_76' title='bbox 880 1580 1239 1660; x_wconf 77' lang='lat' dir='ltr'><strong>spiritualia</strong></span> <span class='ocrx_word' id='word_1_77' title='bbox 1296 1582 1539 1644; x_wconf 89' lang='lat' dir='ltr'><strong>cantica</strong></span> <span class='ocrx_word' id='word_1_78' title='bbox 1588 1599 1664 1642; x_wconf 88' lang='lat' dir='ltr'><strong>ex</strong></span> <span class='ocrx_word' id='word_1_79' title='bbox 1710 1581 2063 1661; x_wconf 83' lang='lat' dir='ltr'><strong>gentilitate</strong></span> <span class='ocrx_word' id='word_1_80' title='bbox 2112 1598 2378 1643; x_wconf 90' lang='lat' dir='ltr'><strong>conver-</strong></span> 
     </span>
     <span class='ocr_line' id='line_1_13' title="bbox 880 1677 2378 1753; baseline 0.001 -15"><span class='ocrx_word' id='word_1_81' title='bbox 880 1695 1093 1740; x_wconf 90' lang='lat' dir='ltr'><strong>sorum</strong></span> <span class='ocrx_word' id='word_1_82' title='bbox 1124 1680 1201 1740; x_wconf 97' lang='lat' dir='ltr'><strong>ad</strong></span> <span class='ocrx_word' id='word_1_83' title='bbox 1232 1677 1453 1753; x_wconf 86' lang='lat' dir='ltr'><strong>fidem,</strong></span> <span class='ocrx_word' id='word_1_84' title='bbox 1487 1689 1545 1740; x_wconf 76' lang='lat' dir='ltr'><strong>et</strong></span> <span class='ocrx_word' id='word_1_85' title='bbox 1574 1683 1863 1752; x_wconf 74' lang='lat' dir='ltr'><strong>oleorum,</strong></span> <span class='ocrx_word' id='word_1_86' title='bbox 1898 1680 1959 1741; x_wconf 92' lang='lat' dir='ltr'><strong>id</strong></span> <span class='ocrx_word' id='word_1_87' title='bbox 1996 1687 2093 1740; x_wconf 90' lang='lat' dir='ltr'><strong>est</strong></span> <span class='ocrx_word' id='word_1_88' title='bbox 2121 1680 2378 1741; x_wconf 90' lang='lat' dir='ltr'><strong>eosdem</strong></span> 
     </span>
     <span class='ocr_line' id='line_1_14' title="bbox 876 1777 2378 1856; baseline 0.001 -18"><span class='ocrx_word' id='word_1_89' title='bbox 876 1777 1145 1856; x_wconf 83' lang='lat' dir='ltr'><strong>gentiles</strong></span> <span class='ocrx_word' id='word_1_90' title='bbox 1204 1796 1565 1852; x_wconf 86' lang='lat' dir='ltr'><strong>conversos,</strong></span> <span class='ocrx_word' id='word_1_91' title='bbox 1630 1779 1827 1840; x_wconf 91' lang='lat' dir='ltr'><strong>Deum</strong></span> <span class='ocrx_word' id='word_1_92' title='bbox 1891 1796 2167 1841; x_wconf 92' lang='lat' dir='ltr'><strong>consona</strong></span> <span class='ocrx_word' id='word_1_93' title='bbox 2225 1795 2378 1841; x_wconf 82' lang='lat' dir='ltr'><strong>voce</strong></span> 
     </span>
    </p>
   </div>
   <div class='ocr_carea' id='block_1_5' title="bbox 2489 795 4226 1857">
    <p class='ocr_par' dir='ltr' id='par_1_5' title="bbox 2491 795 3980 878">
     <span class='ocr_line' id='line_1_15' title="bbox 2491 795 3980 878; baseline -0.003 -20"><span class='ocrx_word' id='word_1_94' title='bbox 2491 815 2589 858; x_wconf 92' lang='lat' dir='ltr'><strong>am</strong></span> <span class='ocrx_word' id='word_1_95' title='bbox 2643 797 2707 858; x_wconf 90' lang='lat' dir='ltr'><strong>in</strong></span> <span class='ocrx_word' id='word_1_96' title='bbox 2761 797 2953 858; x_wconf 88' lang='lat' dir='ltr'><strong>veteri</strong></span> <span class='ocrx_word' id='word_1_97' title='bbox 3001 797 3414 872; x_wconf 79' lang='lat' dir='ltr'><strong>Testamento,</strong></span> <span class='ocrx_word' id='word_1_98' title='bbox 3451 795 3980 878; x_wconf 87' lang='lat' dir='ltr'><strong>quemadmodum</strong></span> 
     </span>
    </p>

    <p class='ocr_par' dir='ltr' id='par_1_6' title="bbox 2494 893 3982 978">
     <span class='ocr_line' id='line_1_16' title="bbox 2494 893 3982 978; baseline -0.002 -22"><span class='ocrx_word' id='word_1_99' title='bbox 2494 895 2556 956; x_wconf 91' lang='lat' dir='ltr'><strong>in</strong></span> <span class='ocrx_word' id='word_1_100' title='bbox 2603 896 3086 958; x_wconf 79' lang='lat' dir='ltr'><strong>Deuteronomio</strong></span> <span class='ocrx_word' id='word_1_101' title='bbox 3128 896 3299 978; x_wconf 91' lang='lat' dir='ltr'><strong>plebi</strong></span> <span class='ocrx_word' id='word_1_102' title='bbox 3351 894 3704 957; x_wconf 84' lang='lat' dir='ltr'><strong>lsraeliticae</strong></span> <span class='ocrx_word' id='word_1_103' title='bbox 3747 893 3982 974; x_wconf 78' lang='lat' dir='ltr'><strong>Moyses</strong></span> 
     </span>
    </p>

    <p class='ocr_par' dir='ltr' id='par_1_7' title="bbox 2491 990 4226 1662">
     <span class='ocr_line' id='line_1_17' title="bbox 2491 990 4224 1077; baseline 0.001 -23"><span class='ocrx_word' id='word_1_104' title='bbox 2491 994 2578 1054; x_wconf 91' lang='lat' dir='ltr'><strong>ait</strong></span> <span class='ocrx_word' id='word_1_105' title='bbox 2612 1013 2625 1055; x_wconf 74' lang='grc' dir='ltr'>ε</span> <span class='ocrx_word' id='word_1_106' title='bbox 2660 993 2986 1076; x_wconf 90' lang='lat' dir='ltr'><strong>Numquid</strong></span> <span class='ocrx_word' id='word_1_107' title='bbox 3017 1013 3142 1058; x_wconf 93' lang='lat' dir='ltr'><strong>non</strong></span> <span class='ocrx_word' id='word_1_108' title='bbox 3185 995 3323 1077; x_wconf 89' lang='lat' dir='ltr'><strong>ipse</strong></span> <span class='ocrx_word' id='word_1_109' title='bbox 3352 1001 3448 1056; x_wconf 88' lang='lat' dir='ltr'><strong>est</strong></span> <span class='ocrx_word' id='word_1_110' title='bbox 3487 1001 3663 1075; x_wconf 83' lang='lat' dir='ltr'><strong>pater</strong></span> <span class='ocrx_word' id='word_1_111' title='bbox 3694 1001 3837 1053; x_wconf 91' lang='lat' dir='ltr'><strong>tuus</strong></span> <span class='ocrx_word' id='word_1_112' title='bbox 3867 990 3983 1072; x_wconf 90' lang='lat' dir='ltr'><strong>qui</strong></span> <span class='ocrx_word' id='word_1_113' title='bbox 4011 1009 4224 1056; x_wconf 60' lang='lat' dir='ltr'><strong>Beuum</strong></span> 
     </span>
     <span class='ocr_line' id='line_1_18' title="bbox 2493 1075 4050 1174; baseline -0.001 -22"><span class='ocrx_word' id='word_1_114' title='bbox 2493 1092 2774 1174; x_wconf 87' lang='lat' dir='ltr'><strong>possedit</strong></span> <span class='ocrx_word' id='word_1_115' title='bbox 2802 1099 2885 1164; x_wconf 88' lang='lat' dir='ltr'><strong>te,</strong></span> <span class='ocrx_word' id='word_1_116' title='bbox 2921 1099 2984 1154; x_wconf 90' lang='lat' dir='ltr'><strong>et</strong></span> <span class='ocrx_word' id='word_1_117' title='bbox 3013 1091 3186 1166; x_wconf 77' lang='lat' dir='ltr'><strong>fecit,</strong></span> <span class='ocrx_word' id='word_1_118' title='bbox 3220 1099 3282 1154; x_wconf 88' lang='lat' dir='ltr'><strong>et</strong></span> <span class='ocrx_word' id='word_1_119' title='bbox 3315 1092 3552 1154; x_wconf 87' lang='lat' dir='ltr'><strong>creavit</strong></span> <span class='ocrx_word' id='word_1_120' title='bbox 3589 1093 3690 1152; x_wconf 69' lang='lat' dir='ltr'><strong>te?</strong></span> <span class='ocrx_word' id='word_1_121' title='bbox 3721 1089 3786 1151; x_wconf 93' lang='lat' dir='ltr'><strong>ln</strong></span> <span class='ocrx_word' id='word_1_122' title='bbox 3827 1089 3986 1151; x_wconf 86' lang='lat' dir='ltr'><strong>Isaia</strong></span> <span class='ocrx_word' id='word_1_123' title='bbox 4011 1075 4050 1115; x_wconf 79' lang='lat'><strong>⁶·</strong></span> 
     </span>
     <span class='ocr_line' id='line_1_19' title="bbox 2491 1188 4226 1272; baseline -0.002 -22"><span class='ocrx_word' id='word_1_124' title='bbox 2491 1207 2751 1272; x_wconf 85' lang='lat' dir='ltr'><strong>quoque</strong></span> <span class='ocrx_word' id='word_1_125' title='bbox 2798 1189 3070 1252; x_wconf 86' lang='lat' dir='ltr'><strong>habetur</strong></span> <span class='ocrx_word' id='word_1_126' title='bbox 3113 1210 3126 1252; x_wconf 73' lang='grc' dir='ltr'><em>τ</em></span> <span class='ocrx_word' id='word_1_127' title='bbox 3175 1189 3250 1252; x_wconf 86' lang='lat' dir='ltr'><strong>Et</strong></span> <span class='ocrx_word' id='word_1_128' title='bbox 3297 1208 3488 1263; x_wconf 91' lang='lat' dir='ltr'><strong>nunc,</strong></span> <span class='ocrx_word' id='word_1_129' title='bbox 3540 1188 3821 1262; x_wconf 90' lang='lat' dir='ltr'><strong>Domine,</strong></span> <span class='ocrx_word' id='word_1_130' title='bbox 3873 1206 3988 1269; x_wconf 83' lang='lat' dir='ltr'><strong>pa-</strong></span> <span class='ocrx_word' id='word_1_131' title='bbox 4011 1206 4226 1248; x_wconf 45' lang='lat' dir='ltr'><strong>lamas.</strong></span> 
     </span>
     <span class='ocr_line' id='line_1_20' title="bbox 2491 1286 4224 1368; baseline -0.003 -19"><span class='ocrx_word' id='word_1_132' title='bbox 2491 1295 2586 1349; x_wconf 90' lang='lat' dir='ltr'><strong>ter</strong></span> <span class='ocrx_word' id='word_1_133' title='bbox 2617 1297 2828 1351; x_wconf 91' lang='lat' dir='ltr'><strong>noster</strong></span> <span class='ocrx_word' id='word_1_134' title='bbox 2857 1307 2924 1349; x_wconf 93' lang='lat' dir='ltr'><strong>es</strong></span> <span class='ocrx_word' id='word_1_135' title='bbox 2955 1295 3046 1349; x_wconf 90' lang='lat' dir='ltr'><strong>tu.</strong></span> <span class='ocrx_word' id='word_1_136' title='bbox 3077 1288 3274 1350; x_wconf 82' lang='lat' dir='ltr'><strong>Judaei</strong></span> <span class='ocrx_word' id='word_1_137' title='bbox 3313 1287 3550 1350; x_wconf 88' lang='lat' dir='ltr'><strong>etenim</strong></span> <span class='ocrx_word' id='word_1_138' title='bbox 3589 1286 3846 1348; x_wconf 80' lang='lat' dir='ltr'><strong>suerunt</strong></span> <span class='ocrx_word' id='word_1_139' title='bbox 3877 1304 3986 1368; x_wconf 84' lang='lat' dir='ltr'><strong>pe-</strong></span> <span class='ocrx_word' id='word_1_140' title='bbox 4011 1305 4224 1348; x_wconf 51' lang='lat' dir='ltr'><strong>omaus„</strong></span> 
     </span>
     <span class='ocr_line' id='line_1_21' title="bbox 2491 1387 3982 1468; baseline -0.003 -20"><span class='ocrx_word' id='word_1_141' title='bbox 2491 1387 2747 1448; x_wconf 92' lang='lat' dir='ltr'><strong>culiaris</strong></span> <span class='ocrx_word' id='word_1_142' title='bbox 2790 1387 3066 1468; x_wconf 94' lang='lat' dir='ltr'><strong>populus</strong></span> <span class='ocrx_word' id='word_1_143' title='bbox 3105 1387 3237 1448; x_wconf 88' lang='lat' dir='ltr'><strong>Dei.</strong></span> <span class='ocrx_word' id='word_1_144' title='bbox 3263 1388 3552 1448; x_wconf 81' lang='lat' dir='ltr'><strong>Vitulum</strong></span> <span class='ocrx_word' id='word_1_145' title='bbox 3583 1387 3982 1463; x_wconf 68' lang='grc' dir='ltr'><strong>εαρίηαιιιτη,</strong></span> 
     </span>
     <span class='ocr_line' id='line_1_22' title="bbox 2491 1482 3984 1563; baseline 0 -21"><span class='ocrx_word' id='word_1_146' title='bbox 2491 1483 2734 1544; x_wconf 90' lang='lat' dir='ltr'><strong>scilicet</strong></span> <span class='ocrx_word' id='word_1_147' title='bbox 2765 1482 3106 1555; x_wconf 87' lang='lat' dir='ltr'><strong>Christum,</strong></span> <span class='ocrx_word' id='word_1_148' title='bbox 3141 1483 3490 1544; x_wconf 91' lang='lat' dir='ltr'><strong>secundum</strong></span> <span class='ocrx_word' id='word_1_149' title='bbox 3523 1482 3984 1563; x_wconf 85' lang='lat' dir='ltr'><strong>expositionem</strong></span> 
     </span>
     <span class='ocr_line' id='line_1_23' title="bbox 2492 1579 3990 1662; baseline 0.001 -22"><span class='ocrx_word' id='word_1_150' title='bbox 2492 1580 2903 1662; x_wconf 86' lang='lat' dir='ltr'><strong>praehabitam</strong></span> <span class='ocrx_word' id='word_1_151' title='bbox 2941 1598 3180 1661; x_wconf 88' lang='lat' dir='ltr'><strong>:quem</strong></span> <span class='ocrx_word' id='word_1_152' title='bbox 3237 1579 3411 1642; x_wconf 90' lang='lat' dir='ltr'><strong>Pater</strong></span> <span class='ocrx_word' id='word_1_153' title='bbox 3455 1580 3686 1642; x_wconf 90' lang='lat' dir='ltr'><strong>occidit</strong></span> <span class='ocrx_word' id='word_1_154' title='bbox 3733 1597 3808 1642; x_wconf 89' lang='lat' dir='ltr'><strong>eo</strong></span> <span class='ocrx_word' id='word_1_155' title='bbox 3855 1599 3990 1642; x_wconf 91' lang='lat' dir='ltr'><strong>mo-</strong></span> 
     </span>
    </p>

    <p class='ocr_par' dir='ltr' id='par_1_8' title="bbox 2491 1678 3986 1760">
     <span class='ocr_line' id='line_1_24' title="bbox 2491 1678 3986 1760; baseline -0.001 -20"><span class='ocrx_word' id='word_1_156' title='bbox 2491 1679 2570 1740; x_wconf 94' lang='lat' dir='ltr'><strong>do</strong></span> <span class='ocrx_word' id='word_1_157' title='bbox 2616 1697 2745 1760; x_wconf 89' lang='lat' dir='ltr'><strong>quo</strong></span> <span class='ocrx_word' id='word_1_158' title='bbox 2793 1679 3052 1739; x_wconf 86' lang='lat' dir='ltr'><strong>tradidit</strong></span> <span class='ocrx_word' id='word_1_159' title='bbox 3099 1697 3269 1751; x_wconf 92' lang='lat' dir='ltr'><strong>eum,</strong></span> <span class='ocrx_word' id='word_1_160' title='bbox 3317 1685 3536 1759; x_wconf 88' lang='lat' dir='ltr'><strong>utpote</strong></span> <span class='ocrx_word' id='word_1_161' title='bbox 3585 1678 3986 1759; x_wconf 78' lang='lat' dir='ltr'><strong>permissive,</strong></span> 
     </span>
    </p>

    <p class='ocr_par' dir='ltr' id='par_1_9' title="bbox 2489 1775 3992 1857">
     <span class='ocr_line' id='line_1_25' title="bbox 2489 1775 3992 1857; baseline -0.001 -19"><span class='ocrx_word' id='word_1_162' title='bbox 2489 1785 2552 1838; x_wconf 91' lang='lat' dir='ltr'><strong>et</strong></span> <span class='ocrx_word' id='word_1_163' title='bbox 2589 1777 2779 1838; x_wconf 92' lang='lat' dir='ltr'><strong>etiam</strong></span> <span class='ocrx_word' id='word_1_164' title='bbox 2823 1776 3192 1857; x_wconf 90' lang='lat' dir='ltr'><strong>inspirando</strong></span> <span class='ocrx_word' id='word_1_165' title='bbox 3231 1775 3462 1838; x_wconf 79' lang='lat' dir='ltr'><strong>animae</strong></span> <span class='ocrx_word' id='word_1_166' title='bbox 3495 1775 3722 1838; x_wconf 85' lang='lat' dir='ltr'><strong>Christi</strong></span> <span class='ocrx_word' id='word_1_167' title='bbox 3766 1775 3992 1838; x_wconf 86' lang='lat' dir='ltr'><strong>volun-</strong></span> 
     </span>
    </p>
   </div>
   <div class='ocr_carea' id='block_1_6' title="bbox 880 1873 3988 1958">
    <p class='ocr_par' dir='ltr' id='par_1_10' title="bbox 880 1873 3988 1958">
     <span class='ocr_line' id='line_1_26' title="bbox 880 1873 3988 1958; baseline -0 -22"><span class='ocrx_word' id='word_1_168' title='bbox 880 1874 1431 1958; x_wconf 81' lang='lat' dir='ltr'><strong>laudanteS‚atque</strong></span> <span class='ocrx_word' id='word_1_169' title='bbox 1462 1876 1527 1937; x_wconf 91' lang='lat' dir='ltr'><strong>in</strong></span> <span class='ocrx_word' id='word_1_170' title='bbox 1560 1895 1779 1938; x_wconf 91' lang='lat' dir='ltr'><strong>mensa</strong></span> <span class='ocrx_word' id='word_1_171' title='bbox 1808 1877 2177 1958; x_wconf 90' lang='lat' dir='ltr'><strong>temploque</strong></span> <span class='ocrx_word' id='word_1_172' title='bbox 2208 1875 2380 1938; x_wconf 91' lang='lat' dir='ltr'><strong>Chri·</strong></span> <span class='ocrx_word' id='word_1_173' title='bbox 2414 1876 2463 1939; x_wconf 90' lang='lat' dir='ltr'>B</span> <span class='ocrx_word' id='word_1_174' title='bbox 2491 1882 2682 1935; x_wconf 91' lang='lat' dir='ltr'><strong>tatem</strong></span> <span class='ocrx_word' id='word_1_175' title='bbox 2715 1875 2994 1956; x_wconf 89' lang='lat' dir='ltr'><strong>patiendi</strong></span> <span class='ocrx_word' id='word_1_176' title='bbox 3028 1893 3143 1956; x_wconf 92' lang='lat' dir='ltr'><strong>pro</strong></span> <span class='ocrx_word' id='word_1_177' title='bbox 3185 1874 3406 1936; x_wconf 91' lang='lat' dir='ltr'><strong>mundi</strong></span> <span class='ocrx_word' id='word_1_178' title='bbox 3447 1873 3670 1948; x_wconf 87' lang='lat' dir='ltr'><strong>salute,</strong></span> <span class='ocrx_word' id='word_1_179' title='bbox 3705 1873 3988 1954; x_wconf 88' lang='lat' dir='ltr'><strong>itemque</strong></span> 
     </span>
    </p>
   </div>
   <div class='ocr_carea' id='block_1_7' title="bbox 590 1973 2380 4214">
    <p class='ocr_par' dir='ltr' id='par_1_11' title="bbox 676 1973 2380 3133">
     <span class='ocr_line' id='line_1_27' title="bbox 676 1973 2378 2056; baseline 0 -22"><span class='ocrx_word' id='word_1_180' title='bbox 676 1974 748 2029; x_wconf 81' lang='lat'><strong>26</strong></span> <span class='ocrx_word' id='word_1_181' title='bbox 880 1973 959 2035; x_wconf 91' lang='lat' dir='ltr'><strong>sti</strong></span> <span class='ocrx_word' id='word_1_182' title='bbox 1002 1974 1361 2036; x_wconf 90' lang='lat' dir='ltr'><strong>cordialiter</strong></span> <span class='ocrx_word' id='word_1_183' title='bbox 1392 1975 1777 2036; x_wconf 77' lang='lat' dir='ltr'><strong>exsultantes</strong></span> <span class='ocrx_word' id='word_1_184' title='bbox 1818 1986 1881 2038; x_wconf 89' lang='lat' dir='ltr'><strong>et</strong></span> <span class='ocrx_word' id='word_1_185' title='bbox 1917 1975 2286 2056; x_wconf 83' lang='lat' dir='ltr'><strong>epulantes3</strong></span> <span class='ocrx_word' id='word_1_186' title='bbox 2319 1985 2378 2034; x_wconf 75' lang='lat' dir='ltr'><strong>ec</strong></span> 
     </span>
     <span class='ocr_line' id='line_1_28' title="bbox 879 2073 2380 2136; baseline 0.003 -5"><span class='ocrx_word' id='word_1_187' title='bbox 879 2073 1129 2132; x_wconf 81' lang='lat' dir='ltr'><strong>vocavit</strong></span> <span class='ocrx_word' id='word_1_188' title='bbox 1166 2093 1376 2133; x_wconf 81' lang='lat' dir='ltr'><strong>unum</strong></span> <span class='ocrx_word' id='word_1_189' title='bbox 1405 2076 1483 2133; x_wconf 87' lang='lat' dir='ltr'><strong>de</strong></span> <span class='ocrx_word' id='word_1_190' title='bbox 1519 2075 1718 2134; x_wconf 77' lang='lat' dir='ltr'><strong>servis</strong></span> <span class='ocrx_word' id='word_1_191' title='bbox 1756 2074 1832 2134; x_wconf 88' lang='lat' dir='ltr'><strong>ad</strong></span> <span class='ocrx_word' id='word_1_192' title='bbox 1869 2073 2190 2136; x_wconf 86' lang='lat' dir='ltr'><strong>Christum</strong></span> <span class='ocrx_word' id='word_1_193' title='bbox 2233 2091 2380 2135; x_wconf 84' lang='lat' dir='ltr'><strong>con-</strong></span> 
     </span>
     <span class='ocr_line' id='line_1_29' title="bbox 879 2169 2378 2253; baseline 0.001 -23"><span class='ocrx_word' id='word_1_194' title='bbox 879 2169 1100 2244; x_wconf 82' lang='lat' dir='ltr'><strong>versiS,</strong></span> <span class='ocrx_word' id='word_1_195' title='bbox 1135 2189 1246 2231; x_wconf 91' lang='lat' dir='ltr'><strong>seu</strong></span> <span class='ocrx_word' id='word_1_196' title='bbox 1277 2171 1557 2253; x_wconf 91' lang='lat' dir='ltr'><strong>aliquem</strong></span> <span class='ocrx_word' id='word_1_197' title='bbox 1588 2189 1663 2232; x_wconf 83' lang='lat' dir='ltr'><strong>ex</strong></span> <span class='ocrx_word' id='word_1_198' title='bbox 1694 2170 2043 2253; x_wconf 89' lang='lat' dir='ltr'><strong>Prophetis,</strong></span> <span class='ocrx_word' id='word_1_199' title='bbox 2079 2171 2378 2233; x_wconf 88' lang='lat' dir='ltr'><strong>vaticinia</strong></span> 
     </span>
     <span class='ocr_line' id='line_1_30' title="bbox 877 2267 2378 2350; baseline 0.001 -22"><span class='ocrx_word' id='word_1_200' title='bbox 877 2267 1016 2347; x_wconf 89' lang='lat' dir='ltr'><strong>ejus</strong></span> <span class='ocrx_word' id='word_1_201' title='bbox 1066 2270 1425 2343; x_wconf 88' lang='lat' dir='ltr'><strong>scrutand0,</strong></span> <span class='ocrx_word' id='word_1_202' title='bbox 1478 2280 1538 2329; x_wconf 81' lang='lat' dir='ltr'><strong>et</strong></span> <span class='ocrx_word' id='word_1_203' title='bbox 1582 2272 2009 2348; x_wconf 74' lang='lat' dir='ltr'><strong>interroyavic</strong></span> <span class='ocrx_word' id='word_1_204' title='bbox 2054 2291 2198 2350; x_wconf 82' lang='lat' dir='ltr'><strong>quoe</strong></span> <span class='ocrx_word' id='word_1_205' title='bbox 2246 2273 2378 2330; x_wconf 77' lang='lat' dir='ltr'><strong>koec</strong></span> 
     </span>
     <span class='ocr_line' id='line_1_31' title="bbox 872 2368 2378 2449; baseline 0.003 -23"><span class='ocrx_word' id='word_1_206' title='bbox 872 2376 1099 2436; x_wconf 73' lang='lat' dir='ltr'><strong>essent,</strong></span> <span class='ocrx_word' id='word_1_207' title='bbox 1131 2368 1192 2428; x_wconf 92' lang='lat' dir='ltr'><strong>id</strong></span> <span class='ocrx_word' id='word_1_208' title='bbox 1238 2376 1354 2441; x_wconf 91' lang='lat' dir='ltr'><strong>est,</strong></span> <span class='ocrx_word' id='word_1_209' title='bbox 1388 2386 1535 2449; x_wconf 78' lang='lat' dir='ltr'><strong>quae</strong></span> <span class='ocrx_word' id='word_1_210' title='bbox 1580 2375 1791 2430; x_wconf 88' lang='lat' dir='ltr'><strong>essent</strong></span> <span class='ocrx_word' id='word_1_211' title='bbox 1836 2369 1953 2430; x_wconf 87' lang='lat' dir='ltr'><strong>ista</strong></span> <span class='ocrx_word' id='word_1_212' title='bbox 1993 2368 2378 2431; x_wconf 90' lang='lat' dir='ltr'><strong>Christiano·</strong></span> 
     </span>
     <span class='ocr_line' id='line_1_32' title="bbox 877 2465 2376 2548; baseline 0.003 -24"><span class='ocrx_word' id='word_1_213' title='bbox 877 2483 1020 2525; x_wconf 90' lang='lat' dir='ltr'><strong>rum</strong></span> <span class='ocrx_word' id='word_1_214' title='bbox 1059 2465 1347 2528; x_wconf 89' lang='lat' dir='ltr'><strong>solennia</strong></span> <span class='ocrx_word' id='word_1_215' title='bbox 1378 2475 1569 2547; x_wconf 91' lang='lat' dir='ltr'><strong>atque</strong></span> <span class='ocrx_word' id='word_1_216' title='bbox 1614 2467 1946 2548; x_wconf 84' lang='lat' dir='ltr'><strong>praeconia.</strong></span> <span class='ocrx_word' id='word_1_217' title='bbox 1984 2467 2270 2547; x_wconf 88' lang='lat' dir='ltr'><strong>Denique</strong></span> <span class='ocrx_word' id='word_1_218' title='bbox 2309 2468 2376 2529; x_wconf 92' lang='lat' dir='ltr'><strong>in</strong></span> 
     </span>
     <span class='ocr_line' id='line_1_33' title="bbox 877 2562 2380 2646; baseline 0.002 -24"><span class='ocrx_word' id='word_1_219' title='bbox 877 2562 1200 2644; x_wconf 89' lang='lat' dir='ltr'><strong>primitiva</strong></span> <span class='ocrx_word' id='word_1_220' title='bbox 1241 2563 1521 2626; x_wconf 86' lang='lat' dir='ltr'><strong>Ecclesia</strong></span> <span class='ocrx_word' id='word_1_221' title='bbox 1560 2565 1823 2626; x_wconf 84' lang='lat' dir='ltr'><strong>fuerunt</strong></span> <span class='ocrx_word' id='word_1_222' title='bbox 1860 2565 2061 2646; x_wconf 89' lang='lat' dir='ltr'><strong>aliqui</strong></span> <span class='ocrx_word' id='word_1_223' title='bbox 2105 2565 2169 2625; x_wconf 92' lang='lat' dir='ltr'><strong>in</strong></span> <span class='ocrx_word' id='word_1_224' title='bbox 2203 2565 2380 2626; x_wconf 84' lang='lat' dir='ltr'><strong>Jeru-</strong></span> 
     </span>
     <span class='ocr_line' id='line_1_34' title="bbox 874 2660 2380 2741; baseline 0.001 -21"><span class='ocrx_word' id='word_1_225' title='bbox 874 2660 1069 2722; x_wconf 87' lang='lat' dir='ltr'><strong>salem</strong></span> <span class='ocrx_word' id='word_1_226' title='bbox 1108 2678 1185 2722; x_wconf 87' lang='lat' dir='ltr'><strong>ex</strong></span> <span class='ocrx_word' id='word_1_227' title='bbox 1230 2661 1579 2741; x_wconf 89' lang='lat' dir='ltr'><strong>gentilibus</strong></span> <span class='ocrx_word' id='word_1_228' title='bbox 1632 2663 1709 2724; x_wconf 89' lang='lat' dir='ltr'><strong>ad</strong></span> <span class='ocrx_word' id='word_1_229' title='bbox 1750 2663 2069 2724; x_wconf 89' lang='lat' dir='ltr'><strong>Christum</strong></span> <span class='ocrx_word' id='word_1_230' title='bbox 2116 2681 2380 2726; x_wconf 89' lang='lat' dir='ltr'><strong>conver-</strong></span> 
     </span>
     <span class='ocr_line' id='line_1_35' title="bbox 876 2758 2378 2841; baseline 0.001 -21"><span class='ocrx_word' id='word_1_231' title='bbox 876 2759 951 2831; x_wconf 94' lang='lat' dir='ltr'><strong>si,</strong></span> <span class='ocrx_word' id='word_1_232' title='bbox 987 2758 1317 2840; x_wconf 91' lang='lat' dir='ltr'><strong>multoque</strong></span> <span class='ocrx_word' id='word_1_233' title='bbox 1357 2760 1573 2841; x_wconf 87' lang='lat' dir='ltr'><strong>plures</strong></span> <span class='ocrx_word' id='word_1_234' title='bbox 1615 2760 1679 2822; x_wconf 90' lang='lat' dir='ltr'><strong>in</strong></span> <span class='ocrx_word' id='word_1_235' title='bbox 1708 2759 1960 2822; x_wconf 82' lang='lat' dir='ltr'><strong>Galilaea</strong></span> <span class='ocrx_word' id='word_1_236' title='bbox 1998 2769 2059 2821; x_wconf 91' lang='lat' dir='ltr'><strong>et</strong></span> <span class='ocrx_word' id='word_1_237' title='bbox 2098 2759 2378 2821; x_wconf 90' lang='lat' dir='ltr'><strong>Samaria</strong></span> 
     </span>
     <span class='ocr_line' id='line_1_36' title="bbox 874 2855 2380 2938; baseline 0.002 -23"><span class='ocrx_word' id='word_1_238' title='bbox 874 2873 949 2916; x_wconf 90' lang='lat' dir='ltr'><strong>ac</strong></span> <span class='ocrx_word' id='word_1_239' title='bbox 975 2855 1119 2916; x_wconf 92' lang='lat' dir='ltr'><strong>aliis</strong></span> <span class='ocrx_word' id='word_1_240' title='bbox 1158 2855 1334 2930; x_wconf 82' lang='lat' dir='ltr'><strong>lociS,</strong></span> <span class='ocrx_word' id='word_1_241' title='bbox 1370 2857 1448 2918; x_wconf 97' lang='grc'><strong>(16</strong></span> <span class='ocrx_word' id='word_1_242' title='bbox 1478 2874 1753 2938; x_wconf 92' lang='lat' dir='ltr'><strong>quorum</strong></span> <span class='ocrx_word' id='word_1_243' title='bbox 1794 2856 2109 2937; x_wconf 91' lang='lat' dir='ltr'><strong>spirituali</strong></span> <span class='ocrx_word' id='word_1_244' title='bbox 2148 2857 2380 2937; x_wconf 85' lang='lat' dir='ltr'><strong>jucun-</strong></span> 
     </span>
     <span class='ocr_line' id='line_1_37' title="bbox 878 2953 2378 3033; baseline 0.003 -19"><span class='ocrx_word' id='word_1_245' title='bbox 878 2953 1069 3015; x_wconf 88' lang='lat' dir='ltr'><strong>ditate</strong></span> <span class='ocrx_word' id='word_1_246' title='bbox 1106 2961 1169 3014; x_wconf 93' lang='lat' dir='ltr'><strong>et</strong></span> <span class='ocrx_word' id='word_1_247' title='bbox 1204 2954 1403 3033; x_wconf 87' lang='lat' dir='ltr'><strong>gratia</strong></span> <span class='ocrx_word' id='word_1_248' title='bbox 1432 2955 1816 3016; x_wconf 88' lang='lat' dir='ltr'><strong>admirantes</strong></span> <span class='ocrx_word' id='word_1_249' title='bbox 1856 2954 2075 3028; x_wconf 80' lang='lat' dir='ltr'><strong>Judaei,</strong></span> <span class='ocrx_word' id='word_1_250' title='bbox 2110 2955 2378 3018; x_wconf 91' lang='lat' dir='ltr'><strong>interro-</strong></span> 
     </span>
     <span class='ocr_line' id='line_1_38' title="bbox 875 3051 2198 3133; baseline 0 -21"><span class='ocrx_word' id='word_1_251' title='bbox 875 3051 1108 3131; x_wconf 83' lang='lat' dir='ltr'><strong>gabant</strong></span> <span class='ocrx_word' id='word_1_252' title='bbox 1149 3052 1305 3133; x_wconf 92' lang='lat' dir='ltr'><strong>quid</strong></span> <span class='ocrx_word' id='word_1_253' title='bbox 1348 3063 1558 3114; x_wconf 88' lang='lat' dir='ltr'><strong>essent</strong></span> <span class='ocrx_word' id='word_1_254' title='bbox 1601 3052 1970 3132; x_wconf 89' lang='lat' dir='ltr'><strong>hujusmodi</strong></span> <span class='ocrx_word' id='word_1_255' title='bbox 2016 3053 2198 3114; x_wconf 84' lang='lat' dir='ltr'><strong>festa.</strong></span> 
     </span>
    </p>

    <p class='ocr_par' dir='ltr' id='par_1_12' title="bbox 676 3151 2380 4018">
     <span class='ocr_line' id='line_1_39' title="bbox 676 3151 2374 3228; baseline 0.002 -20"><span class='ocrx_word' id='word_1_256' title='bbox 676 3153 747 3208; x_wconf 78' lang='lat'><strong>27</strong></span> <span class='ocrx_word' id='word_1_257' title='bbox 960 3153 1152 3228; x_wconf 80' lang='lat' dir='ltr'><strong>Isque</strong></span> <span class='ocrx_word' id='word_1_258' title='bbox 1197 3152 1373 3210; x_wconf 73' lang='lat' dir='ltr'><strong>dixit</strong></span> <span class='ocrx_word' id='word_1_259' title='bbox 1422 3152 1529 3210; x_wconf 74' lang='lat' dir='ltr'><em>illi</em></span> <span class='ocrx_word' id='word_1_260' title='bbox 1560 3167 1582 3210; x_wconf 92' lang='lat'><strong>.·</strong></span> <span class='ocrx_word' id='word_1_261' title='bbox 1614 3153 1847 3212; x_wconf 51' lang='lat' dir='ltr'><strong>Frater</strong></span> <span class='ocrx_word' id='word_1_262' title='bbox 1891 3161 2040 3211; x_wconf 78' lang='lat' dir='ltr'><strong>tuus</strong></span> <span class='ocrx_word' id='word_1_263' title='bbox 2080 3154 2281 3220; x_wconf 74' lang='lat' dir='ltr'><strong>venit,</strong></span> <span class='ocrx_word' id='word_1_264' title='bbox 2313 3151 2374 3212; x_wconf 92' lang='lat' dir='ltr'><strong>id</strong></span> 
     </span>
     <span class='ocr_line' id='line_1_40' title="bbox 882 3248 2380 3329; baseline 0.002 -21"><span class='ocrx_word' id='word_1_265' title='bbox 882 3256 998 3322; x_wconf 92' lang='lat' dir='ltr'><strong>est,</strong></span> <span class='ocrx_word' id='word_1_266' title='bbox 1030 3248 1298 3327; x_wconf 87' lang='lat' dir='ltr'><strong>gentiles</strong></span> <span class='ocrx_word' id='word_1_267' title='bbox 1347 3249 1635 3329; x_wconf 90' lang='lat' dir='ltr'><strong>ejusdem</strong></span> <span class='ocrx_word' id='word_1_268' title='bbox 1681 3257 1890 3310; x_wconf 91' lang='lat' dir='ltr'><strong>tecum</strong></span> <span class='ocrx_word' id='word_1_269' title='bbox 1933 3257 2173 3311; x_wconf 83' lang='lat' dir='ltr'><strong>naturae</strong></span> <span class='ocrx_word' id='word_1_270' title='bbox 2216 3251 2380 3311; x_wconf 85' lang='lat' dir='ltr'><strong>exsi-</strong></span> 
     </span>
     <span class='ocr_line' id='line_1_41' title="bbox 882 3345 2376 3428; baseline 0.001 -21"><span class='ocrx_word' id='word_1_271' title='bbox 882 3353 1139 3419; x_wconf 83' lang='lat' dir='ltr'><strong>stenteS,</strong></span> <span class='ocrx_word' id='word_1_272' title='bbox 1174 3347 1251 3408; x_wconf 93' lang='lat' dir='ltr'><strong>de</strong></span> <span class='ocrx_word' id='word_1_273' title='bbox 1288 3345 1569 3408; x_wconf 90' lang='lat' dir='ltr'><strong>tenebris</strong></span> <span class='ocrx_word' id='word_1_274' title='bbox 1612 3347 1979 3426; x_wconf 87' lang='lat' dir='ltr'><strong>ignorantiae</strong></span> <span class='ocrx_word' id='word_1_275' title='bbox 2018 3355 2081 3408; x_wconf 87' lang='lat' dir='ltr'><strong>et</strong></span> <span class='ocrx_word' id='word_1_276' title='bbox 2122 3348 2376 3428; x_wconf 91' lang='lat' dir='ltr'><strong>regione</strong></span> 
     </span>
     <span class='ocr_line' id='line_1_42' title="bbox 881 3443 2380 3526; baseline 0.003 -22"><span class='ocrx_word' id='word_1_277' title='bbox 881 3443 1443 3519; x_wconf 90' lang='lat' dir='ltr'><strong>dissimilitudinis,</strong></span> <span class='ocrx_word' id='word_1_278' title='bbox 1480 3453 1630 3526; x_wconf 90' lang='lat' dir='ltr'><strong>puta</strong></span> <span class='ocrx_word' id='word_1_279' title='bbox 1668 3464 1705 3506; x_wconf 90' lang='lat' dir='ltr'><strong>a</strong></span> <span class='ocrx_word' id='word_1_280' title='bbox 1752 3446 1889 3508; x_wconf 92' lang='lat' dir='ltr'><strong>loco</strong></span> <span class='ocrx_word' id='word_1_281' title='bbox 1927 3454 1990 3507; x_wconf 90' lang='lat' dir='ltr'><strong>et</strong></span> <span class='ocrx_word' id='word_1_282' title='bbox 2036 3454 2203 3508; x_wconf 86' lang='lat' dir='ltr'><strong>statu</strong></span> <span class='ocrx_word' id='word_1_283' title='bbox 2249 3447 2380 3508; x_wconf 91' lang='lat' dir='ltr'><strong>ido-</strong></span> 
     </span>
     <span class='ocr_line' id='line_1_43' title="bbox 882 3541 2378 3625; baseline 0.003 -23"><span class='ocrx_word' id='word_1_284' title='bbox 882 3541 1143 3604; x_wconf 86' lang='lat' dir='ltr'><strong>lolatriae</strong></span> <span class='ocrx_word' id='word_1_285' title='bbox 1189 3541 1589 3623; x_wconf 89' lang='lat' dir='ltr'><strong>aliorumque</strong></span> <span class='ocrx_word' id='word_1_286' title='bbox 1641 3543 1963 3616; x_wconf 88' lang='lat' dir='ltr'><strong>vitiorum,</strong></span> <span class='ocrx_word' id='word_1_287' title='bbox 2018 3562 2132 3625; x_wconf 90' lang='lat' dir='ltr'><strong>per</strong></span> <span class='ocrx_word' id='word_1_288' title='bbox 2181 3543 2378 3606; x_wconf 83' lang='lat' dir='ltr'><strong>fidem</strong></span> 
     </span>
     <span class='ocr_line' id='line_1_44' title="bbox 880 3639 2379 3713; baseline 0.001 -13"><span class='ocrx_word' id='word_1_289' title='bbox 880 3641 957 3701; x_wconf 91' lang='lat' dir='ltr'><strong>ad</strong></span> <span class='ocrx_word' id='word_1_290' title='bbox 994 3639 1187 3701; x_wconf 91' lang='lat' dir='ltr'><strong>Deum</strong></span> <span class='ocrx_word' id='word_1_291' title='bbox 1218 3641 1505 3703; x_wconf 88' lang='lat' dir='ltr'><strong>conversi</strong></span> <span class='ocrx_word' id='word_1_292' title='bbox 1548 3650 1717 3713; x_wconf 92' lang='lat' dir='ltr'><strong>sunt,</strong></span> <span class='ocrx_word' id='word_1_293' title='bbox 1751 3642 2065 3705; x_wconf 90' lang='lat' dir='ltr'><strong>credendo</strong></span> <span class='ocrx_word' id='word_1_294' title='bbox 2105 3643 2170 3703; x_wconf 93' lang='lat' dir='ltr'><strong>in</strong></span> <span class='ocrx_word' id='word_1_295' title='bbox 2204 3642 2379 3705; x_wconf 88' lang='lat' dir='ltr'><strong>Chri-</strong></span> 
     </span>
     <span class='ocr_line' id='line_1_45' title="bbox 881 3737 2380 3820; baseline 0.003 -23"><span class='ocrx_word' id='word_1_296' title='bbox 881 3745 1071 3798; x_wconf 91' lang='lat' dir='ltr'><strong>stum.</strong></span> <span class='ocrx_word' id='word_1_297' title='bbox 1126 3737 1296 3799; x_wconf 87' lang='lat' dir='ltr'><strong>Hanc</strong></span> <span class='ocrx_word' id='word_1_298' title='bbox 1343 3739 1639 3820; x_wconf 90' lang='lat' dir='ltr'><strong>equidem</strong></span> <span class='ocrx_word' id='word_1_299' title='bbox 1688 3740 1973 3819; x_wconf 90' lang='lat' dir='ltr'><strong>gentium</strong></span> <span class='ocrx_word' id='word_1_300' title='bbox 2025 3741 2380 3803; x_wconf 86' lang='lat' dir='ltr'><strong>conversio-</strong></span> 
     </span>
     <span class='ocr_line' id='line_1_46' title="bbox 882 3836 2380 3921; baseline 0.002 -23"><span class='ocrx_word' id='word_1_301' title='bbox 882 3854 1029 3898; x_wconf 91' lang='lat' dir='ltr'><strong>nem</strong></span> <span class='ocrx_word' id='word_1_302' title='bbox 1062 3836 1386 3918; x_wconf 83' lang='lat' dir='ltr'><strong>Prophetae</strong></span> <span class='ocrx_word' id='word_1_303' title='bbox 1414 3845 1476 3898; x_wconf 91' lang='lat' dir='ltr'><strong>et</strong></span> <span class='ocrx_word' id='word_1_304' title='bbox 1506 3839 1779 3900; x_wconf 84' lang='lat' dir='ltr'><strong>maxime</strong></span> <span class='ocrx_word' id='word_1_305' title='bbox 1814 3838 2000 3900; x_wconf 91' lang='lat' dir='ltr'><strong>lsaias</strong></span> <span class='ocrx_word' id='word_1_306' title='bbox 2040 3848 2188 3900; x_wconf 89' lang='lat' dir='ltr'><strong>sunt</strong></span> <span class='ocrx_word' id='word_1_307' title='bbox 2220 3859 2380 3921; x_wconf 83' lang='lat' dir='ltr'><strong>prae-</strong></span> 
     </span>
     <span class='ocr_line' id='line_1_47' title="bbox 884 3935 2371 4018; baseline 0.003 -23"><span class='ocrx_word' id='word_1_308' title='bbox 884 3935 1097 4008; x_wconf 92' lang='lat' dir='ltr'><strong>locuti,</strong></span> <span class='ocrx_word' id='word_1_309' title='bbox 1136 3944 1203 3996; x_wconf 94' lang='lat' dir='ltr'><strong>ut</strong></span> <span class='ocrx_word' id='word_1_310' title='bbox 1232 3954 1433 4017; x_wconf 92' lang='lat' dir='ltr'><strong>quum</strong></span> <span class='ocrx_word' id='word_1_311' title='bbox 1475 3936 1758 4018; x_wconf 87' lang='lat' dir='ltr'><strong>loquitur</strong></span> <span class='ocrx_word' id='word_1_312' title='bbox 1787 3937 1975 3998; x_wconf 88' lang='lat' dir='ltr'><strong>lsaias</strong></span> <span class='ocrx_word' id='word_1_313' title='bbox 2014 3937 2093 3998; x_wconf 91' lang='lat' dir='ltr'><strong>ad</strong></span> <span class='ocrx_word' id='word_1_314' title='bbox 2124 3937 2321 3998; x_wconf 91' lang='lat' dir='ltr'><strong>Deum</strong></span> <span class='ocrx_word' id='word_1_315' title='bbox 2357 3957 2371 4001; x_wconf 90' lang='lat'>:</span> 
     </span>
    </p>

    <p class='ocr_par' dir='ltr' id='par_1_13' title="bbox 590 4031 2378 4214">
     <span class='ocr_line' id='line_1_48' title="bbox 622 4031 2378 4114; baseline 0.002 -20"><span class='ocrx_word' id='word_1_316' title='bbox 622 4050 825 4099; x_wconf 56' lang='lat' dir='ltr'><strong>zum.</strong></span> <span class='ocrx_word' id='word_1_317' title='bbox 884 4031 1040 4093; x_wconf 84' lang='lat' dir='ltr'><strong>Ecce</strong></span> <span class='ocrx_word' id='word_1_318' title='bbox 1081 4039 1334 4112; x_wconf 88' lang='lat' dir='ltr'><strong>gentem</strong></span> <span class='ocrx_word' id='word_1_319' title='bbox 1375 4053 1567 4114; x_wconf 89' lang='lat' dir='ltr'><strong>quam</strong></span> <span class='ocrx_word' id='word_1_320' title='bbox 1608 4035 1955 4107; x_wconf 88' lang='lat' dir='ltr'><strong>nesciebas,</strong></span> <span class='ocrx_word' id='word_1_321' title='bbox 1990 4035 2282 4112; x_wconf 79' lang='lat' dir='ltr'><strong>vocabis3</strong></span> <span class='ocrx_word' id='word_1_322' title='bbox 2315 4045 2378 4098; x_wconf 91' lang='lat' dir='ltr'><strong>et</strong></span> 
     </span>
     <span class='ocr_line' id='line_1_49' title="bbox 590 4130 2377 4214; baseline 0.002 -22"><span class='ocrx_word' id='word_1_323' title='bbox 590 4148 712 4192; x_wconf 69' lang='grc' dir='ltr'><em>ιῡεα.</em></span> <span class='ocrx_word' id='word_1_324' title='bbox 736 4162 793 4200; x_wconf 75' lang='grc' dir='ltr'><strong>ιι,</strong></span> <span class='ocrx_word' id='word_1_325' title='bbox 814 4150 855 4192; x_wconf 82' lang='lat'><strong>2.</strong></span> <span class='ocrx_word' id='word_1_326' title='bbox 886 4149 1127 4204; x_wconf 85' lang='lat' dir='ltr'><strong>rursus,</strong></span> <span class='ocrx_word' id='word_1_327' title='bbox 1178 4130 1453 4212; x_wconf 93' lang='lat' dir='ltr'><strong>Populus</strong></span> <span class='ocrx_word' id='word_1_328' title='bbox 1503 4134 1614 4214; x_wconf 92' lang='lat' dir='ltr'><strong>qui</strong></span> <span class='ocrx_word' id='word_1_329' title='bbox 1674 4133 2039 4195; x_wconf 89' lang='lat' dir='ltr'><strong>ambulabat</strong></span> <span class='ocrx_word' id='word_1_330' title='bbox 2088 4133 2152 4195; x_wconf 92' lang='lat' dir='ltr'><strong>in</strong></span> <span class='ocrx_word' id='word_1_331' title='bbox 2206 4141 2377 4195; x_wconf 87' lang='lat' dir='ltr'><strong>tene·-</strong></span> 
     </span>
    </p>
   </div>
   <div class='ocr_carea' id='block_1_8' title="bbox 2486 1971 4224 3034">
    <p class='ocr_par' dir='ltr' id='par_1_14' title="bbox 2486 1971 4224 2840">
     <span class='ocr_line' id='line_1_50' title="bbox 2487 1971 3990 2054; baseline 0 -22"><span class='ocrx_word' id='word_1_332' title='bbox 2487 1972 2640 2054; x_wconf 92' lang='lat' dir='ltr'><strong>quia</strong></span> <span class='ocrx_word' id='word_1_333' title='bbox 2689 1990 2802 2054; x_wconf 91' lang='lat' dir='ltr'><strong>per</strong></span> <span class='ocrx_word' id='word_1_334' title='bbox 2846 1972 3078 2034; x_wconf 87' lang='lat' dir='ltr'><strong>Christi</strong></span> <span class='ocrx_word' id='word_1_335' title='bbox 3131 1972 3490 2053; x_wconf 91' lang='lat' dir='ltr'><strong>passionem</strong></span> <span class='ocrx_word' id='word_1_336' title='bbox 3539 1971 3818 2033; x_wconf 87' lang='lat' dir='ltr'><strong>decrevit</strong></span> <span class='ocrx_word' id='word_1_337' title='bbox 3865 1971 3990 2032; x_wconf 84' lang='lat' dir='ltr'><strong>sal-</strong></span> 
     </span>
     <span class='ocr_line' id='line_1_51' title="bbox 2488 2069 3986 2151; baseline -0.001 -19"><span class='ocrx_word' id='word_1_338' title='bbox 2488 2089 2636 2132; x_wconf 87' lang='lat' dir='ltr'><strong>vare</strong></span> <span class='ocrx_word' id='word_1_339' title='bbox 2663 2088 2864 2150; x_wconf 90' lang='lat' dir='ltr'><strong>genus</strong></span> <span class='ocrx_word' id='word_1_340' title='bbox 2897 2071 3273 2132; x_wconf 89' lang='lat' dir='ltr'><strong>humanum.</strong></span> <span class='ocrx_word' id='word_1_341' title='bbox 3307 2069 3468 2131; x_wconf 87' lang='lat' dir='ltr'><strong>Hinc</strong></span> <span class='ocrx_word' id='word_1_342' title='bbox 3501 2069 3686 2131; x_wconf 91' lang='lat' dir='ltr'><strong>lsaias</strong></span> <span class='ocrx_word' id='word_1_343' title='bbox 3725 2087 3986 2151; x_wconf 88' lang='lat' dir='ltr'><strong>quoque</strong></span> 
     </span>
     <span class='ocr_line' id='line_1_52' title="bbox 2489 2167 4215 2250; baseline -0.002 -20"><span class='ocrx_word' id='word_1_344' title='bbox 2489 2177 2870 2250; x_wconf 90' lang='lat' dir='ltr'><strong>protestatur</strong></span> <span class='ocrx_word' id='word_1_345' title='bbox 2913 2187 2927 2231; x_wconf 73' lang='grc' dir='ltr'>ε</span> <span class='ocrx_word' id='word_1_346' title='bbox 2971 2168 3231 2249; x_wconf 90' lang='lat' dir='ltr'><strong>Propter</strong></span> <span class='ocrx_word' id='word_1_347' title='bbox 3279 2175 3534 2250; x_wconf 88' lang='lat' dir='ltr'><strong>peccata</strong></span> <span class='ocrx_word' id='word_1_348' title='bbox 3581 2167 3800 2249; x_wconf 91' lang='lat' dir='ltr'><strong>populi</strong></span> <span class='ocrx_word' id='word_1_349' title='bbox 3855 2168 3982 2230; x_wconf 91' lang='lat' dir='ltr'><strong>mei</strong></span> <span class='ocrx_word' id='word_1_350' title='bbox 4027 2185 4215 2232; x_wconf 50' lang='lat' dir='ltr'><strong>huns.</strong></span> 
     </span>
     <span class='ocr_line' id='line_1_53' title="bbox 2488 2265 3988 2348; baseline -0.001 -19"><span class='ocrx_word' id='word_1_351' title='bbox 2488 2268 2772 2348; x_wconf 86' lang='lat' dir='ltr'><strong>percussi</strong></span> <span class='ocrx_word' id='word_1_352' title='bbox 2822 2285 2991 2328; x_wconf 91' lang='lat' dir='ltr'><strong>eum.</strong></span> <span class='ocrx_word' id='word_1_353' title='bbox 3043 2265 3118 2328; x_wconf 91' lang='lat' dir='ltr'><strong>Et</strong></span> <span class='ocrx_word' id='word_1_354' title='bbox 3170 2265 3234 2328; x_wconf 92' lang='lat' dir='ltr'><strong>in</strong></span> <span class='ocrx_word' id='word_1_355' title='bbox 3282 2266 3544 2329; x_wconf 86' lang='lat' dir='ltr'><strong>Actibus</strong></span> <span class='ocrx_word' id='word_1_356' title='bbox 3599 2266 3824 2328; x_wconf 86' lang='lat' dir='ltr'><strong>asserit</strong></span> <span class='ocrx_word' id='word_1_357' title='bbox 3875 2265 3988 2328; x_wconf 85' lang='lat' dir='ltr'><strong>Pe—</strong></span> 
     </span>
     <span class='ocr_line' id='line_1_54' title="bbox 2486 2363 4224 2446; baseline -0.005 -19"><span class='ocrx_word' id='word_1_358' title='bbox 2486 2373 2622 2427; x_wconf 90' lang='lat' dir='ltr'><strong>trus</strong></span> <span class='ocrx_word' id='word_1_359' title='bbox 2657 2384 2670 2427; x_wconf 79' lang='lat' dir='ltr'><em>z</em></span> <span class='ocrx_word' id='word_1_360' title='bbox 2708 2366 2868 2426; x_wconf 91' lang='lat' dir='ltr'><strong>Deus</strong></span> <span class='ocrx_word' id='word_1_361' title='bbox 2918 2366 3030 2446; x_wconf 91' lang='lat' dir='ltr'><strong>qui</strong></span> <span class='ocrx_word' id='word_1_362' title='bbox 3083 2363 3534 2446; x_wconf 72' lang='lat' dir='ltr'><strong>praenuntiavit</strong></span> <span class='ocrx_word' id='word_1_363' title='bbox 3583 2382 3695 2446; x_wconf 84' lang='lat' dir='ltr'><strong>per</strong></span> <span class='ocrx_word' id='word_1_364' title='bbox 3733 2383 3804 2427; x_wconf 89' lang='lat' dir='ltr'><strong>os</strong></span> <span class='ocrx_word' id='word_1_365' title='bbox 3849 2383 3988 2427; x_wconf 87' lang='lat' dir='ltr'><strong>om·</strong></span> <span class='ocrx_word' id='word_1_366' title='bbox 4013 2381 4224 2424; x_wconf 50' lang='lat' dir='ltr'><strong>atzmu</strong></span> 
     </span>
     <span class='ocr_line' id='line_1_55' title="bbox 2489 2463 3982 2545; baseline -0.001 -21"><span class='ocrx_word' id='word_1_367' title='bbox 2489 2465 2666 2525; x_wconf 91' lang='lat' dir='ltr'><strong>nium</strong></span> <span class='ocrx_word' id='word_1_368' title='bbox 2718 2464 3176 2545; x_wconf 90' lang='lat' dir='ltr'><strong>Prophetarum</strong></span> <span class='ocrx_word' id='word_1_369' title='bbox 3229 2463 3354 2544; x_wconf 90' lang='lat' dir='ltr'><strong>pati</strong></span> <span class='ocrx_word' id='word_1_370' title='bbox 3401 2463 3716 2526; x_wconf 87' lang='lat' dir='ltr'><strong>Christum</strong></span> <span class='ocrx_word' id='word_1_371' title='bbox 3767 2482 3982 2537; x_wconf 91' lang='lat' dir='ltr'><strong>suum,</strong></span> 
     </span>
     <span class='ocr_line' id='line_1_56' title="bbox 2488 2562 3985 2644; baseline 0 -22"><span class='ocrx_word' id='word_1_372' title='bbox 2488 2562 2780 2644; x_wconf 88' lang='lat' dir='ltr'><strong>implevit</strong></span> <span class='ocrx_word' id='word_1_373' title='bbox 2829 2563 2942 2623; x_wconf 87' lang='lat' dir='ltr'><strong>sic.</strong></span> <span class='ocrx_word' id='word_1_374' title='bbox 2981 2563 3150 2630; x_wconf 84' lang='lat' dir='ltr'><strong>Quia</strong></span> <span class='ocrx_word' id='word_1_375' title='bbox 3191 2565 3448 2622; x_wconf 81' lang='lat' dir='ltr'><strong>salvum</strong></span> <span class='ocrx_word' id='word_1_376' title='bbox 3491 2563 3683 2622; x_wconf 82' lang='lat' dir='ltr'><strong>illum</strong></span> <span class='ocrx_word' id='word_1_377' title='bbox 3723 2565 3985 2638; x_wconf 81' lang='lat' dir='ltr'><strong>recepit,</strong></span> 
     </span>
     <span class='ocr_line' id='line_1_57' title="bbox 2489 2659 3986 2742; baseline -0.001 -20"><span class='ocrx_word' id='word_1_378' title='bbox 2489 2661 2551 2722; x_wconf 91' lang='lat' dir='ltr'><strong>id</strong></span> <span class='ocrx_word' id='word_1_379' title='bbox 2597 2669 2712 2734; x_wconf 92' lang='lat' dir='ltr'><strong>est,</strong></span> <span class='ocrx_word' id='word_1_380' title='bbox 2745 2659 3048 2740; x_wconf 90' lang='lat' dir='ltr'><strong>gentilem</strong></span> <span class='ocrx_word' id='word_1_381' title='bbox 3100 2659 3410 2741; x_wconf 91' lang='lat' dir='ltr'><strong>populum</strong></span> <span class='ocrx_word' id='word_1_382' title='bbox 3459 2659 3612 2722; x_wconf 91' lang='lat' dir='ltr'><strong>olim</strong></span> <span class='ocrx_word' id='word_1_383' title='bbox 3661 2659 3986 2742; x_wconf 84' lang='lat' dir='ltr'><strong>perditum</strong></span> 
     </span>
     <span class='ocr_line' id='line_1_58' title="bbox 2489 2757 2910 2840; baseline -0.002 -21"><span class='ocrx_word' id='word_1_384' title='bbox 2489 2757 2910 2840; x_wconf 86' lang='lat' dir='ltr'><strong>recuperavit.</strong></span> 
     </span>
    </p>

    <p class='ocr_par' dir='ltr' id='par_1_15' title="bbox 2487 2853 3990 3034">
     <span class='ocr_line' id='line_1_59' title="bbox 2566 2853 3990 2936; baseline -0.001 -18"><span class='ocrx_word' id='word_1_385' title='bbox 2566 2856 2686 2918; x_wconf 87' lang='lat' dir='ltr'><strong>Sed</strong></span> <span class='ocrx_word' id='word_1_386' title='bbox 2717 2863 2934 2919; x_wconf 91' lang='lat' dir='ltr'><strong>contra</strong></span> <span class='ocrx_word' id='word_1_387' title='bbox 2966 2856 3087 2918; x_wconf 92' lang='lat' dir='ltr'><strong>hoc</strong></span> <span class='ocrx_word' id='word_1_388' title='bbox 3125 2855 3318 2935; x_wconf 90' lang='lat' dir='ltr'><strong>objici</strong></span> <span class='ocrx_word' id='word_1_389' title='bbox 3363 2862 3588 2936; x_wconf 90' lang='lat' dir='ltr'><strong>potest.</strong></span> <span class='ocrx_word' id='word_1_390' title='bbox 3621 2853 3772 2916; x_wconf 90' lang='lat' dir='ltr'><strong>Nam</strong></span> <span class='ocrx_word' id='word_1_391' title='bbox 3805 2853 3990 2918; x_wconf 87' lang='lat' dir='ltr'><strong>Chri-</strong></span> 
     </span>
     <span class='ocr_line' id='line_1_60' title="bbox 2487 2952 3990 3034; baseline -0.001 -18"><span class='ocrx_word' id='word_1_392' title='bbox 2487 2962 2620 3016; x_wconf 90' lang='lat' dir='ltr'><strong>stus</strong></span> <span class='ocrx_word' id='word_1_393' title='bbox 2651 2954 2898 3016; x_wconf 89' lang='lat' dir='ltr'><strong>occisus</strong></span> <span class='ocrx_word' id='word_1_394' title='bbox 2931 2960 3028 3014; x_wconf 90' lang='lat' dir='ltr'><strong>est</strong></span> <span class='ocrx_word' id='word_1_395' title='bbox 3057 2961 3396 3034; x_wconf 89' lang='lat' dir='ltr'><strong>antequam</strong></span> <span class='ocrx_word' id='word_1_396' title='bbox 3428 2952 3655 3014; x_wconf 89' lang='lat' dir='ltr'><strong>merito</strong></span> <span class='ocrx_word' id='word_1_397' title='bbox 3685 2971 3815 3014; x_wconf 83' lang='lat' dir='ltr'><strong>suae</strong></span> <span class='ocrx_word' id='word_1_398' title='bbox 3845 2971 3990 3033; x_wconf 89' lang='lat' dir='ltr'><strong>pas-</strong></span> 
     </span>
    </p>
   </div>
   <div class='ocr_carea' id='block_1_9' title="bbox 2415 3050 3986 3132">
    <p class='ocr_par' dir='ltr' id='par_1_16' title="bbox 2415 3050 3986 3132">
     <span class='ocr_line' id='line_1_61' title="bbox 2415 3050 3986 3132; baseline -0.002 -17"><span class='ocrx_word' id='word_1_399' title='bbox 2415 3055 2458 3116; x_wconf 87' lang='lat' dir='ltr'><strong>C</strong></span> <span class='ocrx_word' id='word_1_400' title='bbox 2488 3053 2685 3114; x_wconf 89' lang='lat' dir='ltr'><strong>sionis</strong></span> <span class='ocrx_word' id='word_1_401' title='bbox 2722 3051 2992 3132; x_wconf 88' lang='lat' dir='ltr'><strong>gentiles</strong></span> <span class='ocrx_word' id='word_1_402' title='bbox 3035 3050 3322 3113; x_wconf 87' lang='lat' dir='ltr'><strong>conversi</strong></span> <span class='ocrx_word' id='word_1_403' title='bbox 3364 3059 3513 3112; x_wconf 92' lang='lat' dir='ltr'><strong>sunt</strong></span> <span class='ocrx_word' id='word_1_404' title='bbox 3547 3069 3560 3111; x_wconf 91' lang='lat'>:</span> <span class='ocrx_word' id='word_1_405' title='bbox 3593 3050 3814 3131; x_wconf 89' lang='lat' dir='ltr'><strong>sicque</strong></span> <span class='ocrx_word' id='word_1_406' title='bbox 3857 3051 3986 3113; x_wconf 90' lang='lat' dir='ltr'><strong>dici</strong></span> 
     </span>
    </p>
   </div>
   <div class='ocr_carea' id='block_1_10' title="bbox 2486 3148 4235 4211">
    <p class='ocr_par' dir='ltr' id='par_1_17' title="bbox 2486 3148 4235 4211">
     <span class='ocr_line' id='line_1_62' title="bbox 2489 3148 3988 3232; baseline -0.001 -19"><span class='ocrx_word' id='word_1_407' title='bbox 2489 3152 2700 3232; x_wconf 92' lang='lat' dir='ltr'><strong>potius</strong></span> <span class='ocrx_word' id='word_1_408' title='bbox 2742 3150 2982 3223; x_wconf 92' lang='lat' dir='ltr'><strong>debuit,</strong></span> <span class='ocrx_word' id='word_1_409' title='bbox 3017 3148 3272 3211; x_wconf 86' lang='lat' dir='ltr'><strong>Salvum</strong></span> <span class='ocrx_word' id='word_1_410' title='bbox 3315 3149 3496 3210; x_wconf 92' lang='lat' dir='ltr'><strong>illum</strong></span> <span class='ocrx_word' id='word_1_411' title='bbox 3541 3149 3798 3230; x_wconf 87' lang='lat' dir='ltr'><strong>recepit,</strong></span> <span class='ocrx_word' id='word_1_412' title='bbox 3832 3150 3988 3230; x_wconf 92' lang='lat' dir='ltr'><strong>quia</strong></span> 
     </span>
     <span class='ocr_line' id='line_1_63' title="bbox 2489 3245 3988 3329; baseline 0 -18"><span class='ocrx_word' id='word_1_413' title='bbox 2489 3250 2761 3312; x_wconf 76' lang='lat' dir='ltr'><strong>vitulum</strong></span> <span class='ocrx_word' id='word_1_414' title='bbox 2827 3249 3180 3329; x_wconf 86' lang='lat' dir='ltr'><strong>saginatum</strong></span> <span class='ocrx_word' id='word_1_415' title='bbox 3237 3245 3490 3310; x_wconf 90' lang='lat' dir='ltr'><strong>occidit.</strong></span> <span class='ocrx_word' id='word_1_416' title='bbox 3551 3246 3669 3309; x_wconf 90' lang='lat' dir='ltr'><strong>Sed</strong></span> <span class='ocrx_word' id='word_1_417' title='bbox 3725 3249 3804 3309; x_wconf 90' lang='lat' dir='ltr'><strong>ad</strong></span> <span class='ocrx_word' id='word_1_418' title='bbox 3865 3249 3988 3311; x_wconf 91' lang='lat' dir='ltr'><strong>hoc</strong></span> 
     </span>
     <span class='ocr_line' id='line_1_64' title="bbox 2489 3344 4235 3429; baseline -0.002 -21"><span class='ocrx_word' id='word_1_419' title='bbox 2489 3355 2661 3429; x_wconf 89' lang='lat' dir='ltr'><strong>patet</strong></span> <span class='ocrx_word' id='word_1_420' title='bbox 2721 3347 3047 3428; x_wconf 90' lang='lat' dir='ltr'><strong>responsio</strong></span> <span class='ocrx_word' id='word_1_421' title='bbox 3099 3365 3176 3408; x_wconf 90' lang='lat' dir='ltr'><strong>ex</strong></span> <span class='ocrx_word' id='word_1_422' title='bbox 3231 3345 3530 3408; x_wconf 91' lang='lat' dir='ltr'><strong>inductis.</strong></span> <span class='ocrx_word' id='word_1_423' title='bbox 3579 3344 3758 3407; x_wconf 89' lang='lat' dir='ltr'><strong>Nunc</strong></span> <span class='ocrx_word' id='word_1_424' title='bbox 3808 3347 3984 3408; x_wconf 90' lang='lat' dir='ltr'><strong>enim</strong></span> <span class='ocrx_word' id='word_1_425' title='bbox 4233 3401 4235 3404; x_wconf 11' lang='grc' dir='ltr'><em>Α</em></span> 
     </span>
     <span class='ocr_line' id='line_1_65' title="bbox 2489 3443 4235 3565; baseline -0.001 -58"><span class='ocrx_word' id='word_1_426' title='bbox 2489 3447 2722 3508; x_wconf 88' lang='lat' dir='ltr'><strong>dicitur</strong></span> <span class='ocrx_word' id='word_1_427' title='bbox 2769 3444 2948 3507; x_wconf 87' lang='lat' dir='ltr'><strong>Pater</strong></span> <span class='ocrx_word' id='word_1_428' title='bbox 2995 3445 3168 3506; x_wconf 90' lang='lat' dir='ltr'><strong>hune</strong></span> <span class='ocrx_word' id='word_1_429' title='bbox 3215 3443 3488 3506; x_wconf 89' lang='lat' dir='ltr'><strong>vitulum</strong></span> <span class='ocrx_word' id='word_1_430' title='bbox 3534 3443 3861 3517; x_wconf 89' lang='lat' dir='ltr'><strong>occidisse,</strong></span> <span class='ocrx_word' id='word_1_431' title='bbox 3920 3446 3985 3506; x_wconf 90' lang='lat' dir='ltr'><strong>in</strong></span> <span class='ocrx_word' id='word_1_432' title='bbox 4233 3479 4235 3565; x_wconf 40' lang='lat'>4</span> 
     </span>
     <span class='ocr_line' id='line_1_66' title="bbox 2488 3541 3990 3625; baseline -0.001 -20"><span class='ocrx_word' id='word_1_433' title='bbox 2488 3551 2799 3625; x_wconf 91' lang='lat' dir='ltr'><strong>quantum</strong></span> <span class='ocrx_word' id='word_1_434' title='bbox 2844 3561 2959 3624; x_wconf 92' lang='lat' dir='ltr'><strong>per</strong></span> <span class='ocrx_word' id='word_1_435' title='bbox 2997 3561 3144 3604; x_wconf 92' lang='lat' dir='ltr'><strong>suos</strong></span> <span class='ocrx_word' id='word_1_436' title='bbox 3189 3542 3534 3615; x_wconf 79' lang='lat' dir='ltr'><strong>ministros,</strong></span> <span class='ocrx_word' id='word_1_437' title='bbox 3579 3541 3890 3623; x_wconf 80' lang='lat' dir='ltr'><strong>praelatOS,</strong></span> <span class='ocrx_word' id='word_1_438' title='bbox 3925 3551 3990 3604; x_wconf 88' lang='lat' dir='ltr'><strong>et</strong></span> 
     </span>
     <span class='ocr_line' id='line_1_67' title="bbox 2490 3643 3988 3725; baseline -0.001 -21"><span class='ocrx_word' id='word_1_439' title='bbox 2490 3643 2932 3725; x_wconf 86' lang='lat' dir='ltr'><strong>praedicatores</strong></span> <span class='ocrx_word' id='word_1_440' title='bbox 2981 3659 3128 3702; x_wconf 91' lang='lat' dir='ltr'><strong>eum</strong></span> <span class='ocrx_word' id='word_1_441' title='bbox 3177 3658 3316 3702; x_wconf 90' lang='lat' dir='ltr'><strong>esse</strong></span> <span class='ocrx_word' id='word_1_442' title='bbox 3367 3659 3622 3721; x_wconf 85' lang='lat' dir='ltr'><strong>passum</strong></span> <span class='ocrx_word' id='word_1_443' title='bbox 3675 3659 3788 3721; x_wconf 91' lang='lat' dir='ltr'><strong>pro</strong></span> <span class='ocrx_word' id='word_1_444' title='bbox 3833 3659 3988 3721; x_wconf 86' lang='lat' dir='ltr'><strong>gen·-</strong></span> 
     </span>
     <span class='ocr_line' id='line_1_68' title="bbox 2489 3738 3984 3820; baseline -0.001 -18"><span class='ocrx_word' id='word_1_445' title='bbox 2489 3741 2662 3802; x_wconf 89' lang='lat' dir='ltr'><strong>tibus</strong></span> <span class='ocrx_word' id='word_1_446' title='bbox 2705 3739 3124 3802; x_wconf 75' lang='lat' dir='ltr'><strong>denuntiavit.</strong></span> <span class='ocrx_word' id='word_1_447' title='bbox 3159 3739 3425 3820; x_wconf 89' lang='lat' dir='ltr'><strong>Insuper</strong></span> <span class='ocrx_word' id='word_1_448' title='bbox 3458 3738 3636 3800; x_wconf 87' lang='lat' dir='ltr'><strong>Pater</strong></span> <span class='ocrx_word' id='word_1_449' title='bbox 3663 3738 3984 3801; x_wconf 88' lang='lat' dir='ltr'><strong>Christum</strong></span> 
     </span>
     <span class='ocr_line' id='line_1_69' title="bbox 2487 3837 3987 3921; baseline -0.004 -18"><span class='ocrx_word' id='word_1_450' title='bbox 2487 3841 2690 3903; x_wconf 92' lang='lat' dir='ltr'><strong>occidi</strong></span> <span class='ocrx_word' id='word_1_451' title='bbox 2743 3839 3054 3921; x_wconf 90' lang='lat' dir='ltr'><strong>permisit,</strong></span> <span class='ocrx_word' id='word_1_452' title='bbox 3092 3837 3246 3918; x_wconf 90' lang='lat' dir='ltr'><strong>quia</strong></span> <span class='ocrx_word' id='word_1_453' title='bbox 3292 3837 3536 3899; x_wconf 87' lang='lat' dir='ltr'><strong>salvum</strong></span> <span class='ocrx_word' id='word_1_454' title='bbox 3589 3837 3828 3919; x_wconf 89' lang='lat' dir='ltr'><strong>recepit</strong></span> <span class='ocrx_word' id='word_1_455' title='bbox 3873 3857 3987 3919; x_wconf 90' lang='lat' dir='ltr'><strong>po—</strong></span> 
     </span>
     <span class='ocr_line' id='line_1_70' title="bbox 2489 3934 4233 4023; baseline -0.001 -24"><span class='ocrx_word' id='word_1_456' title='bbox 2489 3939 2714 4019; x_wconf 90' lang='lat' dir='ltr'><strong>pulum</strong></span> <span class='ocrx_word' id='word_1_457' title='bbox 2762 3936 3064 4017; x_wconf 90' lang='lat' dir='ltr'><strong>gentilem</strong></span> <span class='ocrx_word' id='word_1_458' title='bbox 3125 3935 3476 3997; x_wconf 90' lang='lat' dir='ltr'><strong>secundum</strong></span> <span class='ocrx_word' id='word_1_459' title='bbox 3525 3934 3987 4016; x_wconf 82' lang='lat' dir='ltr'><strong>praedestinati-</strong></span> <span class='ocrx_word' id='word_1_460' title='bbox 4231 3937 4233 4023; x_wconf 65' lang='lat'>1</span> 
     </span>
     <span class='ocr_line' id='line_1_71' title="bbox 2486 4033 3986 4114; baseline -0.001 -16"><span class='ocrx_word' id='word_1_461' title='bbox 2486 4055 2674 4099; x_wconf 91' lang='lat' dir='ltr'><strong>onem</strong></span> <span class='ocrx_word' id='word_1_462' title='bbox 2723 4044 3044 4108; x_wconf 62' lang='lat' dir='ltr'><strong>aeternam,</strong></span> <span class='ocrx_word' id='word_1_463' title='bbox 3082 4034 3202 4096; x_wconf 94' lang='lat' dir='ltr'><strong>hoc</strong></span> <span class='ocrx_word' id='word_1_464' title='bbox 3249 4041 3363 4108; x_wconf 91' lang='lat' dir='ltr'><strong>est,</strong></span> <span class='ocrx_word' id='word_1_465' title='bbox 3400 4033 3554 4113; x_wconf 92' lang='lat' dir='ltr'><strong>quia</strong></span> <span class='ocrx_word' id='word_1_466' title='bbox 3601 4034 3986 4114; x_wconf 79' lang='lat' dir='ltr'><strong>praeordina-</strong></span> 
     </span>
     <span class='ocr_line' id='line_1_72' title="bbox 2487 4129 3984 4211; baseline -0.002 -16"><span class='ocrx_word' id='word_1_467' title='bbox 2487 4135 2578 4196; x_wconf 92' lang='lat' dir='ltr'><strong>vit</strong></span> <span class='ocrx_word' id='word_1_468' title='bbox 2626 4151 2772 4194; x_wconf 93' lang='lat' dir='ltr'><strong>eum</strong></span> <span class='ocrx_word' id='word_1_469' title='bbox 2822 4133 2909 4194; x_wconf 92' lang='lat' dir='ltr'><strong>ita</strong></span> <span class='ocrx_word' id='word_1_470' title='bbox 2957 4132 3218 4194; x_wconf 85' lang='lat' dir='ltr'><strong>salvare.</strong></span> <span class='ocrx_word' id='word_1_471' title='bbox 3267 4130 3398 4204; x_wconf 89' lang='lat' dir='ltr'><strong>Vel,</strong></span> <span class='ocrx_word' id='word_1_472' title='bbox 3449 4130 3620 4211; x_wconf 90' lang='lat' dir='ltr'><strong>quod</strong></span> <span class='ocrx_word' id='word_1_473' title='bbox 3667 4129 3774 4204; x_wconf 87' lang='lat' dir='ltr'><strong>ait,</strong></span> <span class='ocrx_word' id='word_1_474' title='bbox 3825 4129 3984 4202; x_wconf 84' lang='lat' dir='ltr'><strong>Quia</strong></span> 
     </span>
    </p>
   </div>
   <div class='ocr_carea' id='block_1_11' title="bbox 884 4228 3976 4310">
    <p class='ocr_par' dir='ltr' id='par_1_18' title="bbox 884 4228 3976 4310">
     <span class='ocr_line' id='line_1_73' title="bbox 884 4228 3976 4310; baseline 0 -20"><span class='ocrx_word' id='word_1_475' title='bbox 884 4228 1017 4290; x_wconf 88' lang='lat' dir='ltr'><strong>bris</strong></span> <span class='ocrx_word' id='word_1_476' title='bbox 1066 4229 1225 4290; x_wconf 87' lang='lat' dir='ltr'><strong>vidit</strong></span> <span class='ocrx_word' id='word_1_477' title='bbox 1272 4228 1479 4290; x_wconf 91' lang='lat' dir='ltr'><strong>lucem</strong></span> <span class='ocrx_word' id='word_1_478' title='bbox 1531 4248 1865 4310; x_wconf 84' lang='lat' dir='ltr'><strong>magnam3</strong></span> <span class='ocrx_word' id='word_1_479' title='bbox 1915 4239 1977 4292; x_wconf 91' lang='lat' dir='ltr'><strong>et</strong></span> <span class='ocrx_word' id='word_1_480' title='bbox 2022 4231 2371 4307; x_wconf 89' lang='lat' dir='ltr'><strong>Psalmista‚</strong></span> <span class='ocrx_word' id='word_1_481' title='bbox 2408 4232 2457 4294; x_wconf 92' lang='lat' dir='ltr'>D</span> <span class='ocrx_word' id='word_1_482' title='bbox 2487 4233 2756 4305; x_wconf 76' lang='lat' dir='ltr'><strong>salvum,</strong></span> <span class='ocrx_word' id='word_1_483' title='bbox 2809 4239 2956 4305; x_wconf 93' lang='lat' dir='ltr'><strong>etc.,</strong></span> <span class='ocrx_word' id='word_1_484' title='bbox 3008 4229 3162 4290; x_wconf 92' lang='lat' dir='ltr'><strong>dicit</strong></span> <span class='ocrx_word' id='word_1_485' title='bbox 3219 4247 3471 4290; x_wconf 92' lang='lat' dir='ltr'><strong>causam</strong></span> <span class='ocrx_word' id='word_1_486' title='bbox 3526 4246 3565 4289; x_wconf 93' lang='lat' dir='ltr'><strong>a</strong></span> <span class='ocrx_word' id='word_1_487' title='bbox 3621 4229 3976 4309; x_wconf 88' lang='lat' dir='ltr'><strong>posteriori,</strong></span> 
     </span>
    </p>
   </div>
   <div class='ocr_carea' id='block_1_12' title="bbox 591 4323 2380 5391">
    <p class='ocr_par' dir='ltr' id='par_1_19' title="bbox 591 4323 2380 5391">
     <span class='ocr_line' id='line_1_74' title="bbox 610 4323 2378 4409; baseline 0.003 -26"><span class='ocrx_word' id='word_1_488' title='bbox 610 4341 671 4383; x_wconf 71' lang='lat' dir='ltr'><strong>Pe</strong></span> <span class='ocrx_word' id='word_1_489' title='bbox 676 4353 855 4392; x_wconf 62' lang='lat' dir='ltr'><strong>xxxxxxxx</strong></span> <span class='ocrx_word' id='word_1_490' title='bbox 882 4323 1042 4386; x_wconf 89' lang='lat' dir='ltr'><strong>Ecce</strong></span> <span class='ocrx_word' id='word_1_491' title='bbox 1071 4325 1442 4405; x_wconf 84' lang='lat' dir='ltr'><strong>alienigenae</strong></span> <span class='ocrx_word' id='word_1_492' title='bbox 1470 4334 1533 4387; x_wconf 92' lang='lat' dir='ltr'><strong>et</strong></span> <span class='ocrx_word' id='word_1_493' title='bbox 1563 4326 1763 4409; x_wconf 86' lang='lat' dir='ltr'><strong>Tyrus</strong></span> <span class='ocrx_word' id='word_1_494' title='bbox 1794 4337 1853 4387; x_wconf 88' lang='lat' dir='ltr'><strong>et</strong></span> <span class='ocrx_word' id='word_1_495' title='bbox 1886 4328 2162 4409; x_wconf 91' lang='lat' dir='ltr'><strong>populus</strong></span> <span class='ocrx_word' id='word_1_496' title='bbox 2183 4329 2378 4391; x_wconf 75' lang='lat' dir='ltr'><strong>AEthi-</strong></span> 
     </span>
     <span class='ocr_line' id='line_1_75' title="bbox 591 4407 2378 4509; baseline 0.002 -23"><span class='ocrx_word' id='word_1_497' title='bbox 591 4407 633 4448; x_wconf 77' lang='lat'><strong>⁴·</strong></span> <span class='ocrx_word' id='word_1_498' title='bbox 884 4441 1103 4505; x_wconf 90' lang='lat' dir='ltr'><strong>opum,</strong></span> <span class='ocrx_word' id='word_1_499' title='bbox 1138 4423 1203 4486; x_wconf 90' lang='lat' dir='ltr'><strong>hi</strong></span> <span class='ocrx_word' id='word_1_500' title='bbox 1236 4423 1496 4486; x_wconf 83' lang='lat' dir='ltr'><strong>fuerunt</strong></span> <span class='ocrx_word' id='word_1_501' title='bbox 1526 4425 1678 4487; x_wconf 92' lang='lat' dir='ltr'><strong>illic.</strong></span> <span class='ocrx_word' id='word_1_502' title='bbox 1706 4425 1918 4487; x_wconf 90' lang='lat' dir='ltr'><strong>Daniel</strong></span> <span class='ocrx_word' id='word_1_503' title='bbox 1951 4445 2210 4508; x_wconf 91' lang='lat' dir='ltr'><strong>quoque</strong></span> <span class='ocrx_word' id='word_1_504' title='bbox 2242 4447 2378 4509; x_wconf 90' lang='lat' dir='ltr'><strong>pro·</strong></span> 
     </span>
     <span class='ocr_line' id='line_1_76' title="bbox 596 4521 2379 4605; baseline 0.004 -25"><span class='ocrx_word' id='word_1_505' title='bbox 596 4537 851 4588; x_wconf 48' lang='lat' dir='ltr'><strong>namma*</strong></span> <span class='ocrx_word' id='word_1_506' title='bbox 887 4522 1077 4602; x_wconf 88' lang='lat' dir='ltr'><strong>pheta</strong></span> <span class='ocrx_word' id='word_1_507' title='bbox 1134 4522 1345 4602; x_wconf 90' lang='lat' dir='ltr'><strong>inquit</strong></span> <span class='ocrx_word' id='word_1_508' title='bbox 1396 4539 1408 4584; x_wconf 93' lang='lat'>:</span> <span class='ocrx_word' id='word_1_509' title='bbox 1461 4521 1689 4584; x_wconf 91' lang='lat' dir='ltr'><strong>Omnes</strong></span> <span class='ocrx_word' id='word_1_510' title='bbox 1752 4524 1995 4605; x_wconf 75' lang='lat' dir='ltr'><strong>populi,</strong></span> <span class='ocrx_word' id='word_1_511' title='bbox 2050 4525 2258 4586; x_wconf 89' lang='lat' dir='ltr'><strong>tribus</strong></span> <span class='ocrx_word' id='word_1_512' title='bbox 2316 4535 2379 4588; x_wconf 92' lang='lat' dir='ltr'><strong>et</strong></span> 
     </span>
     <span class='ocr_line' id='line_1_77' title="bbox 885 4619 2380 4705; baseline 0.004 -25"><span class='ocrx_word' id='word_1_513' title='bbox 885 4619 1118 4700; x_wconf 82' lang='lat' dir='ltr'><strong>linguoe</strong></span> <span class='ocrx_word' id='word_1_514' title='bbox 1156 4620 1435 4680; x_wconf 87' lang='lat' dir='ltr'><strong>servient</strong></span> <span class='ocrx_word' id='word_1_515' title='bbox 1468 4620 1548 4680; x_wconf 92' lang='lat' dir='ltr'><strong>ei.</strong></span> <span class='ocrx_word' id='word_1_516' title='bbox 1584 4621 1711 4684; x_wconf 86' lang='lat' dir='ltr'><strong>Hoc</strong></span> <span class='ocrx_word' id='word_1_517' title='bbox 1750 4621 1939 4683; x_wconf 87' lang='lat' dir='ltr'><strong>etiam</strong></span> <span class='ocrx_word' id='word_1_518' title='bbox 1976 4621 2192 4684; x_wconf 89' lang='lat' dir='ltr'><strong>Petrus</strong></span> <span class='ocrx_word' id='word_1_519' title='bbox 2230 4643 2380 4705; x_wconf 90' lang='lat' dir='ltr'><strong>apo-</strong></span> 
     </span>
     <span class='ocr_line' id='line_1_78' title="bbox 884 4719 2378 4799; baseline 0 -17"><span class='ocrx_word' id='word_1_520' title='bbox 884 4720 1081 4782; x_wconf 87' lang='lat' dir='ltr'><strong>stolus</strong></span> <span class='ocrx_word' id='word_1_521' title='bbox 1122 4720 1280 4781; x_wconf 91' lang='lat' dir='ltr'><strong>dixit</strong></span> <span class='ocrx_word' id='word_1_522' title='bbox 1316 4719 1567 4792; x_wconf 83' lang='lat' dir='ltr'><strong>Jndaeis,</strong></span> <span class='ocrx_word' id='word_1_523' title='bbox 1602 4719 1713 4798; x_wconf 91' lang='lat' dir='ltr'><strong>qui</strong></span> <span class='ocrx_word' id='word_1_524' title='bbox 1755 4737 1897 4780; x_wconf 89' lang='lat' dir='ltr'><strong>cum</strong></span> <span class='ocrx_word' id='word_1_525' title='bbox 1946 4719 2378 4799; x_wconf 89' lang='lat' dir='ltr'><strong>indignatione</strong></span> 
     </span>
     <span class='ocr_line' id='line_1_79' title="bbox 884 4817 2380 4881; baseline 0.001 -2"><span class='ocrx_word' id='word_1_526' title='bbox 884 4817 1183 4880; x_wconf 85' lang='lat' dir='ltr'><strong>sciscitati</strong></span> <span class='ocrx_word' id='word_1_527' title='bbox 1236 4824 1384 4878; x_wconf 87' lang='lat' dir='ltr'><strong>sunt</strong></span> <span class='ocrx_word' id='word_1_528' title='bbox 1426 4835 1571 4878; x_wconf 91' lang='lat' dir='ltr'><strong>eum</strong></span> <span class='ocrx_word' id='word_1_529' title='bbox 1612 4837 1725 4879; x_wconf 91' lang='lat' dir='ltr'><strong>cur</strong></span> <span class='ocrx_word' id='word_1_530' title='bbox 1762 4818 1837 4878; x_wconf 89' lang='lat' dir='ltr'><strong>ad</strong></span> <span class='ocrx_word' id='word_1_531' title='bbox 1880 4817 2243 4880; x_wconf 89' lang='lat' dir='ltr'><strong>Cornelium</strong></span> <span class='ocrx_word' id='word_1_532' title='bbox 2284 4819 2380 4881; x_wconf 92' lang='lat' dir='ltr'><strong>in-</strong></span> 
     </span>
     <span class='ocr_line' id='line_1_80' title="bbox 592 4916 2374 4996; baseline 0.002 -22"><span class='ocrx_word' id='word_1_533' title='bbox 592 4931 767 4984; x_wconf 68' lang='lat' dir='ltr'><strong>Aemu,</strong></span> <span class='ocrx_word' id='word_1_534' title='bbox 790 4935 852 4974; x_wconf 75' lang='lat'><strong>¹⁷.</strong></span> <span class='ocrx_word' id='word_1_535' title='bbox 885 4916 1156 4990; x_wconf 90' lang='lat' dir='ltr'><strong>troisset,</strong></span> <span class='ocrx_word' id='word_1_536' title='bbox 1191 4917 1527 4979; x_wconf 87' lang='lat' dir='ltr'><strong>ostendens</strong></span> <span class='ocrx_word' id='word_1_537' title='bbox 1566 4916 1737 4996; x_wconf 92' lang='lat' dir='ltr'><strong>quod</strong></span> <span class='ocrx_word' id='word_1_538' title='bbox 1776 4917 2063 4977; x_wconf 91' lang='lat' dir='ltr'><strong>eamdem</strong></span> <span class='ocrx_word' id='word_1_539' title='bbox 2109 4918 2374 4996; x_wconf 90' lang='lat' dir='ltr'><strong>gratiam</strong></span> 
     </span>
     <span class='ocr_line' id='line_1_81' title="bbox 884 5013 2378 5095; baseline 0.002 -19"><span class='ocrx_word' id='word_1_540' title='bbox 884 5014 1257 5076; x_wconf 89' lang='lat' dir='ltr'><strong>contulisset</strong></span> <span class='ocrx_word' id='word_1_541' title='bbox 1312 5014 1475 5074; x_wconf 91' lang='lat' dir='ltr'><strong>Deus</strong></span> <span class='ocrx_word' id='word_1_542' title='bbox 1524 5013 1649 5075; x_wconf 93' lang='lat' dir='ltr'><strong>illis</strong></span> <span class='ocrx_word' id='word_1_543' title='bbox 1698 5013 2017 5093; x_wconf 90' lang='lat' dir='ltr'><strong>gentibus,</strong></span> <span class='ocrx_word' id='word_1_544' title='bbox 2070 5033 2266 5095; x_wconf 90' lang='lat' dir='ltr'><strong>quam</strong></span> <span class='ocrx_word' id='word_1_545' title='bbox 2315 5026 2378 5079; x_wconf 91' lang='lat' dir='ltr'><strong>et</strong></span> 
     </span>
     <span class='ocr_line' id='line_1_82' title="bbox 879 5111 2369 5189; baseline 0.001 -17"><span class='ocrx_word' id='word_1_546' title='bbox 879 5111 1130 5175; x_wconf 81' lang='lat' dir='ltr'><strong>Judaeis.</strong></span> <span class='ocrx_word' id='word_1_547' title='bbox 1166 5115 1249 5173; x_wconf 81' lang='lat' dir='ltr'><strong>Ec</strong></span> <span class='ocrx_word' id='word_1_548' title='bbox 1278 5113 1512 5171; x_wconf 81' lang='lat' dir='ltr'><strong>occidit</strong></span> <span class='ocrx_word' id='word_1_549' title='bbox 1532 5121 1719 5188; x_wconf 80' lang='lat' dir='ltr'><strong>pater</strong></span> <span class='ocrx_word' id='word_1_550' title='bbox 1752 5122 1925 5182; x_wconf 80' lang='lat' dir='ltr'><strong>tuus,</strong></span> <span class='ocrx_word' id='word_1_551' title='bbox 1956 5113 2017 5174; x_wconf 87' lang='lat' dir='ltr'><strong>id</strong></span> <span class='ocrx_word' id='word_1_552' title='bbox 2061 5121 2156 5174; x_wconf 86' lang='lat' dir='ltr'><strong>est</strong></span> <span class='ocrx_word' id='word_1_553' title='bbox 2187 5113 2369 5189; x_wconf 79' lang='lat' dir='ltr'><strong>DeuS‚</strong></span> 
     </span>
     <span class='ocr_line' id='line_1_83' title="bbox 879 5209 2374 5292; baseline 0.003 -22"><span class='ocrx_word' id='word_1_554' title='bbox 879 5211 991 5291; x_wconf 92' lang='lat' dir='ltr'><strong>qui</strong></span> <span class='ocrx_word' id='word_1_555' title='bbox 1032 5219 1127 5272; x_wconf 87' lang='lat' dir='ltr'><strong>est</strong></span> <span class='ocrx_word' id='word_1_556' title='bbox 1164 5209 1451 5274; x_wconf 90' lang='lat' dir='ltr'><strong>omnium</strong></span> <span class='ocrx_word' id='word_1_557' title='bbox 1506 5218 1680 5290; x_wconf 91' lang='lat' dir='ltr'><strong>pater</strong></span> <span class='ocrx_word' id='word_1_558' title='bbox 1722 5229 1832 5292; x_wconf 88' lang='lat' dir='ltr'><strong>per</strong></span> <span class='ocrx_word' id='word_1_559' title='bbox 1873 5211 2277 5285; x_wconf 90' lang='lat' dir='ltr'><strong>creationem,</strong></span> <span class='ocrx_word' id='word_1_560' title='bbox 2312 5221 2374 5274; x_wconf 86' lang='lat' dir='ltr'><strong>et</strong></span> 
     </span>
     <span class='ocr_line' id='line_1_84' title="bbox 879 5307 2374 5391; baseline 0.002 -22"><span class='ocrx_word' id='word_1_561' title='bbox 879 5309 1238 5390; x_wconf 89' lang='lat' dir='ltr'><strong>specialiter</strong></span> <span class='ocrx_word' id='word_1_562' title='bbox 1276 5307 1399 5370; x_wconf 80' lang='lat' dir='ltr'><strong>ruit</strong></span> <span class='ocrx_word' id='word_1_563' title='bbox 1441 5316 1615 5389; x_wconf 89' lang='lat' dir='ltr'><strong>pater</strong></span> <span class='ocrx_word' id='word_1_564' title='bbox 1641 5309 1997 5372; x_wconf 82' lang='lat' dir='ltr'><strong>Judaeorum</strong></span> <span class='ocrx_word' id='word_1_565' title='bbox 2039 5329 2154 5391; x_wconf 92' lang='lat' dir='ltr'><strong>per</strong></span> <span class='ocrx_word' id='word_1_566' title='bbox 2181 5311 2374 5390; x_wconf 90' lang='lat' dir='ltr'><strong>grati-</strong></span> 
     </span>
    </p>
   </div>
   <div class='ocr_carea' id='block_1_13' title="bbox 2484 4324 4231 5394">
    <p class='ocr_par' dir='ltr' id='par_1_20' title="bbox 2484 4324 4231 5394">
     <span class='ocr_line' id='line_1_85' title="bbox 2486 4324 3976 4411; baseline -0.002 -20"><span class='ocrx_word' id='word_1_567' title='bbox 2486 4349 2630 4411; x_wconf 81' lang='lat' dir='ltr'><strong>quae</strong></span> <span class='ocrx_word' id='word_1_568' title='bbox 2695 4329 2906 4410; x_wconf 92' lang='lat' dir='ltr'><strong>potius</strong></span> <span class='ocrx_word' id='word_1_569' title='bbox 2967 4334 3064 4388; x_wconf 91' lang='lat' dir='ltr'><strong>est</strong></span> <span class='ocrx_word' id='word_1_570' title='bbox 3129 4326 3382 4405; x_wconf 91' lang='lat' dir='ltr'><strong>signum</strong></span> <span class='ocrx_word' id='word_1_571' title='bbox 3449 4324 3718 4388; x_wconf 71' lang='lat' dir='ltr'><strong>effectus</strong></span> <span class='ocrx_word' id='word_1_572' title='bbox 3781 4344 3976 4406; x_wconf 88' lang='lat' dir='ltr'><strong>quam</strong></span> 
     </span>
     <span class='ocr_line' id='line_1_86' title="bbox 2487 4415 4231 4491; baseline -0.005 -1"><span class='ocrx_word' id='word_1_573' title='bbox 2487 4447 2695 4491; x_wconf 89' lang='lat' dir='ltr'><strong>causa.</strong></span> <span class='ocrx_word' id='word_1_574' title='bbox 4229 4415 4231 4481; x_wconf 59' lang='lat' dir='ltr'><strong>l</strong></span> 
     </span>
     <span class='ocr_line' id='line_1_87' title="bbox 2567 4520 4160 4602; baseline -0.002 -16"><span class='ocrx_word' id='word_1_575' title='bbox 2567 4528 2964 4602; x_wconf 75' lang='lat' dir='ltr'><strong>Indiynatus</strong></span> <span class='ocrx_word' id='word_1_576' title='bbox 3009 4533 3096 4584; x_wconf 75' lang='lat' dir='ltr'><strong>est</strong></span> <span class='ocrx_word' id='word_1_577' title='bbox 3136 4531 3351 4582; x_wconf 78' lang='lat' dir='ltr'><strong>autem</strong></span> <span class='ocrx_word' id='word_1_578' title='bbox 3392 4520 3586 4582; x_wconf 84' lang='lat' dir='ltr'><strong>frater</strong></span> <span class='ocrx_word' id='word_1_579' title='bbox 3634 4522 3867 4595; x_wconf 82' lang='lat' dir='ltr'><strong>senior,</strong></span> <span class='ocrx_word' id='word_1_580' title='bbox 3915 4523 3977 4584; x_wconf 88' lang='lat' dir='ltr'><strong>id</strong></span> <span class='ocrx_word' id='word_1_581' title='bbox 4101 4521 4160 4576; x_wconf 64' lang='grc' dir='ltr'><strong>ΞΒ</strong></span> 
     </span>
     <span class='ocr_line' id='line_1_88' title="bbox 2487 4620 3984 4703; baseline -0.003 -17"><span class='ocrx_word' id='word_1_582' title='bbox 2487 4634 2602 4699; x_wconf 90' lang='lat' dir='ltr'><strong>est,</strong></span> <span class='ocrx_word' id='word_1_583' title='bbox 2635 4623 2829 4685; x_wconf 81' lang='lat' dir='ltr'><strong>Judaei</strong></span> <span class='ocrx_word' id='word_1_584' title='bbox 2872 4623 2948 4684; x_wconf 93' lang='lat' dir='ltr'><strong>de</strong></span> <span class='ocrx_word' id='word_1_585' title='bbox 2984 4620 3320 4703; x_wconf 90' lang='lat' dir='ltr'><strong>gentilium</strong></span> <span class='ocrx_word' id='word_1_586' title='bbox 3359 4620 3771 4683; x_wconf 76' lang='lat' dir='ltr'><strong>conversione</strong></span> <span class='ocrx_word' id='word_1_587' title='bbox 3809 4628 3870 4681; x_wconf 92' lang='lat' dir='ltr'><strong>et</strong></span> <span class='ocrx_word' id='word_1_588' title='bbox 3907 4620 3984 4682; x_wconf 86' lang='lat' dir='ltr'><strong>fi-</strong></span> 
     </span>
     <span class='ocr_line' id='line_1_89' title="bbox 2488 4717 3984 4798; baseline -0.002 -13"><span class='ocrx_word' id='word_1_589' title='bbox 2488 4724 2564 4785; x_wconf 94' lang='lat' dir='ltr'><strong>de</strong></span> <span class='ocrx_word' id='word_1_590' title='bbox 2605 4723 2670 4784; x_wconf 90' lang='lat' dir='ltr'><strong>in</strong></span> <span class='ocrx_word' id='word_1_591' title='bbox 2703 4721 3022 4784; x_wconf 91' lang='lat' dir='ltr'><strong>Christum</strong></span> <span class='ocrx_word' id='word_1_592' title='bbox 3060 4721 3138 4780; x_wconf 91' lang='lat' dir='ltr'><strong>ad</strong></span> <span class='ocrx_word' id='word_1_593' title='bbox 3180 4717 3674 4798; x_wconf 87' lang='lat' dir='ltr'><strong>indignationem</strong></span> <span class='ocrx_word' id='word_1_594' title='bbox 3708 4737 3984 4782; x_wconf 91' lang='lat' dir='ltr'><strong>commo—</strong></span> 
     </span>
     <span class='ocr_line' id='line_1_90' title="bbox 2488 4816 4229 4902; baseline -0.002 -19"><span class='ocrx_word' id='word_1_595' title='bbox 2488 4823 2532 4883; x_wconf 91' lang='lat' dir='ltr'><strong>ti</strong></span> <span class='ocrx_word' id='word_1_596' title='bbox 2575 4829 2744 4893; x_wconf 91' lang='lat' dir='ltr'><strong>sunt,</strong></span> <span class='ocrx_word' id='word_1_597' title='bbox 2788 4819 2955 4881; x_wconf 90' lang='lat' dir='ltr'><strong>sicut</strong></span> <span class='ocrx_word' id='word_1_598' title='bbox 2993 4819 3072 4880; x_wconf 93' lang='lat' dir='ltr'><strong>de</strong></span> <span class='ocrx_word' id='word_1_599' title='bbox 3112 4816 3457 4879; x_wconf 90' lang='lat' dir='ltr'><strong>incredulis</strong></span> <span class='ocrx_word' id='word_1_600' title='bbox 3488 4816 3716 4879; x_wconf 85' lang='lat' dir='ltr'><strong>Judaeis</strong></span> <span class='ocrx_word' id='word_1_601' title='bbox 3757 4817 3982 4880; x_wconf 89' lang='lat' dir='ltr'><strong>scribit</strong></span> <span class='ocrx_word' id='word_1_602' title='bbox 4228 4877 4229 4902; x_wconf 18' lang='grc' dir='ltr'>ᾖ</span> 
     </span>
     <span class='ocr_line' id='line_1_91' title="bbox 2484 4911 4229 5001; baseline -0.005 -21"><span class='ocrx_word' id='word_1_603' title='bbox 2484 4919 2821 5001; x_wconf 86' lang='lat' dir='ltr'><strong>Apostolus</strong></span> <span class='ocrx_word' id='word_1_604' title='bbox 2877 4935 2890 4979; x_wconf 72' lang='grc' dir='ltr'><em>τ</em></span> <span class='ocrx_word' id='word_1_605' title='bbox 2944 4915 3253 4978; x_wconf 90' lang='lat' dir='ltr'><strong>Omnibus</strong></span> <span class='ocrx_word' id='word_1_606' title='bbox 3299 4914 3596 4994; x_wconf 90' lang='lat' dir='ltr'><strong>gentibus</strong></span> <span class='ocrx_word' id='word_1_607' title='bbox 3643 4916 3982 4978; x_wconf 88' lang='lat' dir='ltr'><strong>adversan-</strong></span> <span class='ocrx_word' id='word_1_608' title='bbox 4019 4911 4229 4974; x_wconf 59' lang='lat' dir='ltr'><strong>mam</strong></span> 
     </span>
     <span class='ocr_line' id='line_1_92' title="bbox 2488 4995 4140 5097; baseline -0.002 -19"><span class='ocrx_word' id='word_1_609' title='bbox 2488 5026 2611 5092; x_wconf 92' lang='lat' dir='ltr'><strong>tur,</strong></span> <span class='ocrx_word' id='word_1_610' title='bbox 2647 5015 3058 5097; x_wconf 88' lang='lat' dir='ltr'><strong>prohibentes</strong></span> <span class='ocrx_word' id='word_1_611' title='bbox 3110 5031 3224 5076; x_wconf 91' lang='lat' dir='ltr'><strong>nos</strong></span> <span class='ocrx_word' id='word_1_612' title='bbox 3273 5012 3449 5094; x_wconf 91' lang='lat' dir='ltr'><strong>loqui</strong></span> <span class='ocrx_word' id='word_1_613' title='bbox 3494 5013 3790 5094; x_wconf 88' lang='lat' dir='ltr'><strong>gentibus</strong></span> <span class='ocrx_word' id='word_1_614' title='bbox 3841 4995 4140 5075; x_wconf 56' lang='lat' dir='ltr'><strong>ver-¹⁵³⁵·</strong></span> 
     </span>
     <span class='ocr_line' id='line_1_93' title="bbox 2485 5110 3978 5188; baseline -0.002 -12"><span class='ocrx_word' id='word_1_615' title='bbox 2485 5114 2640 5176; x_wconf 91' lang='lat' dir='ltr'><strong>bum</strong></span> <span class='ocrx_word' id='word_1_616' title='bbox 2693 5113 2823 5188; x_wconf 91' lang='lat' dir='ltr'><strong>Dei,</strong></span> <span class='ocrx_word' id='word_1_617' title='bbox 2868 5121 2936 5173; x_wconf 91' lang='lat' dir='ltr'><strong>ut</strong></span> <span class='ocrx_word' id='word_1_618' title='bbox 2984 5111 3172 5174; x_wconf 83' lang='lat' dir='ltr'><strong>salvae</strong></span> <span class='ocrx_word' id='word_1_619' title='bbox 3219 5110 3401 5172; x_wconf 82' lang='lat' dir='ltr'><strong>fiant.</strong></span> <span class='ocrx_word' id='word_1_620' title='bbox 3439 5111 3740 5173; x_wconf 82' lang='lat' dir='ltr'><strong>Praeterea</strong></span> <span class='ocrx_word' id='word_1_621' title='bbox 3777 5111 3978 5175; x_wconf 84' lang='lat' dir='ltr'><strong>Judaei</strong></span> 
     </span>
     <span class='ocr_line' id='line_1_94' title="bbox 2485 5210 3982 5290; baseline -0.002 -14"><span class='ocrx_word' id='word_1_622' title='bbox 2485 5213 2773 5277; x_wconf 90' lang='lat' dir='ltr'><strong>conversi</strong></span> <span class='ocrx_word' id='word_1_623' title='bbox 2803 5213 2880 5273; x_wconf 92' lang='lat' dir='ltr'><strong>ad</strong></span> <span class='ocrx_word' id='word_1_624' title='bbox 2917 5211 3256 5285; x_wconf 90' lang='lat' dir='ltr'><strong>Christum,</strong></span> <span class='ocrx_word' id='word_1_625' title='bbox 3293 5211 3368 5272; x_wconf 89' lang='lat' dir='ltr'><strong>de</strong></span> <span class='ocrx_word' id='word_1_626' title='bbox 3396 5210 3728 5290; x_wconf 88' lang='lat' dir='ltr'><strong>gentilium</strong></span> <span class='ocrx_word' id='word_1_627' title='bbox 3766 5230 3982 5273; x_wconf 88' lang='lat' dir='ltr'><strong>susce-</strong></span> 
     </span>
     <span class='ocr_line' id='line_1_95' title="bbox 2485 5308 3980 5394; baseline -0.002 -21"><span class='ocrx_word' id='word_1_628' title='bbox 2485 5312 2700 5394; x_wconf 89' lang='lat' dir='ltr'><strong>ptione</strong></span> <span class='ocrx_word' id='word_1_629' title='bbox 2758 5316 3339 5382; x_wconf 86' lang='lat' dir='ltr'><strong>murmuraverunt,</strong></span> <span class='ocrx_word' id='word_1_630' title='bbox 3392 5308 3671 5370; x_wconf 87' lang='lat' dir='ltr'><strong>dicentes</strong></span> <span class='ocrx_word' id='word_1_631' title='bbox 3727 5310 3805 5370; x_wconf 90' lang='lat' dir='ltr'><strong>ad</strong></span> <span class='ocrx_word' id='word_1_632' title='bbox 3865 5309 3980 5370; x_wconf 89' lang='lat' dir='ltr'><strong>Pe-</strong></span> 
     </span>
    </p>
   </div>
  </div>
 </body>
</html>
