4300 6259
1192 507 1544 557 snam-rio
1587 510 1652 557 m
1691 510 1828 559 car.
1874 512 1918 558 x
1957 510 2146 561 Lucis.
2178 532 2273 553 .—
2311 515 2455 561 m.
2500 516 2693 562 xxvm
3410 498 3493 564 ²5

371 676 828 758 dignissimam
871 698 1052 741 suam
1098 680 1468 761 potentiam,
1512 681 1755 743 scilicet
1795 681 1891 743 in·
1918 682 1970 745 A
1999 700 2126 765 que
2175 684 2540 749 doctoribus
2588 686 2859 750 aliorum
2912 688 3215 770 competit
3264 688 3499 751 utrius-

371 776 712 840 tellectum
757 779 1246 861 speculativum,
1281 787 1344 841 et
1385 782 1592 861 quoad
1647 781 1892 863 dignio-

369 895 448 937 ra
489 876 762 958 objecta,
798 878 952 959 quia
991 878 1160 941 circa
1200 878 1416 942 divina
1449 888 1766 961 versatur;
1800 881 1892 943 vi-

366 982 440 1037 ta
471 993 626 1038 vero
664 976 871 1038 activa
909 977 1214 1059 competit
1251 976 1496 1040 homini
1537 980 1886 1041 secundum

371 1073 739 1155 practicum
789 1075 1210 1151 intellectum,
1255 1083 1318 1137 et
1367 1076 1536 1139 circa
1580 1077 1892 1140 exteriora

367 1191 450 1235 ac
502 1172 835 1234 sensibilia
883 1181 1232 1256 occupatur
1279 1174 1550 1255 objecta.
1605 1174 1892 1237 Secunda

369 1279 498 1345 est,
536 1271 690 1353 quia
717 1272 850 1335 vita
879 1273 1375 1355 contemplativa
1405 1293 1483 1336 ex
1515 1294 1628 1336 sua
1667 1281 1891 1337 natura

370 1376 478 1432 est
523 1371 726 1451 magis
771 1371 1094 1433 continua.
1129 1372 1358 1449 Tertia,
1401 1373 1554 1455 quia
1595 1380 1692 1435 est
1729 1374 1890 1435 dele·

372 1469 680 1532 ctabilior
737 1489 899 1552 pura
947 1470 1384 1535 delectatione.
1439 1471 1688 1547 Quarta,
1739 1474 1891 1555 quia

371 1576 478 1629 est
509 1568 636 1631 sibi
669 1568 734 1631 in
767 1587 835 1630 se
865 1570 1067 1650 magis
1099 1569 1719 1645 sufficiens.Quinta,
1739 1590 1892 1653 quo-

371 1668 558 1729 niam
609 1669 810 1749 magis
862 1669 1173 1750 quaeritur
1223 1678 1482 1752 propter
1526 1689 1594 1733 se
1641 1672 1887 1753 ipsam3

371 1766 514 1830 imo
544 1767 752 1829 activa
780 1768 1111 1830 ordinatur
1139 1770 1216 1831 ad
1248 1768 1474 1850 ipsam.
1501 1768 1704 1843 Sexta,
1740 1770 1892 1851 quia

1998 800 2126 863 que
2175 783 2321 846 vitae
2378 784 2680 848 exercitia
2734 786 3021 848 ordinate
3082 787 3384 869 prosequi
3438 795 3502 849 et

2000 879 2257 943 habere.

2080 978 2365 1061 Denique
2399 982 2798 1063 evangelium
2844 984 3012 1045 istud
3051 983 3117 1045 in
3150 982 3507 1065 Assumpti-

2000 1094 2121 1139 one
2170 1076 2551 1141 beatissimae
2598 1080 2873 1161 Virginis
2922 1081 3154 1163 legitur
3204 1100 3218 1145 ε
3270 1082 3501 1157 Prim0‚

2000 1176 2306 1255 quoniam
2346 1175 2657 1241 festivitas
2698 1180 2807 1242 illa
2846 1180 3018 1243 aliud
3063 1180 3338 1262 speciale
3378 1200 3503 1243 non

2001 1272 2194 1335 habet
2240 1276 2663 1356 evangelium.
2712 1277 3023 1355 Secundo,
3066 1280 3219 1361 quia
3266 1280 3504 1341 utrius-

2002 1390 2130 1453 que
2162 1372 2307 1435 vitae
2336 1374 2642 1455 perfectio
2672 1376 2735 1437 in
2767 1396 2841 1439 ea
2871 1378 3268 1460 resplenduit
3300 1397 3314 1441 ε
3347 1398 3505 1460 quo-

2003 1471 2175 1533 niam
2217 1472 2595 1535 humanitati
2634 1474 2778 1536 Filii
2816 1477 2913 1537 sui
2957 1478 3369 1559 corporaliter
3399 1479 3505 1539 dc-

2004 1569 2289 1647 servivit,
2342 1579 2405 1633 et
2451 1572 2590 1653 ejus
2640 1574 3037 1637 divinitatem
3088 1576 3503 1658 spiritualiter

2004 1668 2555 1751 contemplabatur
2616 1671 2890 1735 lucidius
2955 1674 3205 1737 ceteriS.
3267 1674 3497 1748 Terti0,

2002 1768 2307 1848 quoniam
2346 1770 2615 1851 mystica
2658 1789 2770 1832 seu
2812 1771 3149 1853 allegorica
3191 1771 3502 1853 expositio

371 1865 446 1926 in
482 1864 814 1927 vacatione
843 1873 907 1927 et
935 1865 1154 1946 quiete
1185 1866 1515 1942 consistit;
1552 1866 1756 1930 activa
1783 1888 1893 1929 au·
1931 1867 1975 1928 B
2002 1865 2199 1946 hujus
2239 1868 2549 1947 evangelii
2588 1869 2646 1931 ei
2689 1869 3009 1951 praecipue
3050 1870 3373 1951 competit.
3406 1871 3505 1951 lp-

369 1972 536 2035 tem‚
573 1961 642 2024 in
683 1962 900 2026 labore
929 1970 994 2025 et
1033 1972 1233 2025 motu.
1271 1963 1575 2046 Septima,
1608 1966 1760 2046 quia
1799 1973 1893 2029 est

371 2061 586 2142 magis
640 2061 878 2124 divina.
931 2060 1182 2136 Octava,
1236 2063 1540 2144 quoniam
1591 2066 1894 2147 competit

371 2159 634 2223 homini
665 2178 782 2242 per
811 2159 875 2223 id
906 2179 1036 2241 quo
1065 2180 1103 2222 a
1131 2160 1354 2223 bestiis
1385 2170 1752 2244 separatur3
1793 2181 1895 2224 ac-

369 2259 512 2321 tiva
555 2276 708 2322 vero
749 2259 1054 2340 competit
1095 2259 1152 2321 ei
1193 2260 1385 2322 etiam
1424 2261 1775 2322 secundum
1806 2262 1894 2323 vi·

373 2377 482 2421 res
532 2358 768 2421 animae
827 2357 1184 2421 inferiores,
1234 2358 1447 2421 Nihilo
1500 2359 1714 2421 minus
1765 2360 1894 2423 vita

370 2457 592 2519 activa
621 2454 963 2538 praefertur
991 2456 1500 2538 contemplativae
1539 2458 1890 2520 secundum

371 2556 564 2637 quid,
601 2562 758 2637 puta
801 2555 868 2616 in
914 2574 1086 2628 casu,
1132 2564 1393 2637 propter
1433 2555 1676 2618 bonum
1722 2574 1896 2619 com·

370 2672 600 2729 mune,
649 2661 715 2715 et
759 2652 1200 2716 necessitatem
1241 2672 1314 2715 ac
1359 2654 1696 2715 utilitatem
1748 2654 1892 2717 vitae

371 2752 740 2835 praesentis.
800 2788 882 2797 —
931 2752 1259 2825 Praeterea,
1323 2760 1554 2834 praeter
1617 2752 1890 2816 rationes

371 2856 714 2933 praetactas
756 2857 908 2911 sunt
935 2850 1096 2924 aliae,
1133 2869 1248 2912 cur
1278 2850 1771 2932 contemplativa
1800 2849 1894 2913 vi-

369 2960 442 3013 ta
489 2959 590 3013 est
630 2949 906 3030 dignior.
950 2948 1226 3022 Quarum
1281 2968 1471 3012 unam
1523 2950 1724 3031 tangit
1762 2948 1890 3012 Sal-

2003 1984 2070 2026 sa
2101 1964 2275 2027 enim
2316 1966 2734 2029 invictissima
2764 1968 2951 2049 Virgo
2990 1967 3336 2032 fortissima
3365 1989 3504 2030 mu-

2003 2063 2257 2137 lierum,
2289 2062 2413 2125 fuit
2455 2065 2785 2128 castellum
2832 2066 3003 2147 quod
3048 2066 3371 2147 ingressus
3410 2073 3505 2128 est

2003 2160 2313 2235 Chr1stus,
2348 2163 2602 2243 quando
2633 2164 2960 2227 descendit
2988 2166 3066 2227 de
3100 2163 3281 2238 coelo,
3317 2170 3379 2225 et
3410 2164 3506 2225 in—

2001 2266 2294 2322 carnatus
2344 2268 2439 2322 est
2486 2261 2549 2322 in
2604 2269 2782 2325 utero
2830 2263 2992 2343 ejuS,
3044 2280 3375 2325 assumens
3426 2280 3503 2324 ex

2002 2357 2348 2439 purissimo
2377 2358 2684 2439 sanguine
2714 2360 2854 2440 ejus
2884 2379 3106 2443 corpus
3137 2361 3499 2423 humanum.

2000 2454 2543 2528 Quemadmodum
2581 2465 2790 2521 autem
2826 2461 3156 2522 castellum
3188 2460 3373 2522 debet
3405 2477 3505 2522 es-

2000 2573 2068 2617 se
2106 2554 2232 2616 alte
2275 2555 2493 2631 situm,
2527 2575 2711 2620 muro
2760 2558 3071 2633 clausum,
3106 2559 3340 2623 fossato
3382 2559 3504 2621 cir-

2000 2654 2391 2728 cumdatum,
2444 2662 2620 2717 turre
2678 2655 2981 2731 levatum,
3034 2658 3226 2720 armis
3281 2665 3344 2719 et
3390 2658 3503 2720 ali-

1998 2754 2231 2815 mentis
2265 2753 2616 2834 provisum,
2640 2755 2825 2835 aquis
2856 2774 3113 2837 quoque
3145 2756 3499 2837 munitum3

1998 2852 2090 2913 sic
2149 2850 2483 2914 benedicta
2532 2852 2711 2934 virgo
2767 2853 2957 2917 Maria
3012 2854 3137 2917 fuit
3194 2873 3309 2937 per
3356 2856 3503 2919 vitae

1999 2949 2411 3013 eminentiam
2462 2951 2587 3013 alte
2636 2952 2775 3027 sita,
2820 2953 2949 3016 imo
3000 2954 3066 3015 in
3117 2960 3281 3015 statu
3330 2954 3504 3016 altis-

371 3056 561 3112 vator
609 3066 624 3110 ε
673 3048 828 3130 quia
876 3047 1174 3111 videlicet
1222 3047 1351 3110 vita
1399 3048 1890 3130 contemplativa
1927 3052 1970 3117 C
2000 3049 2163 3112 simo
2212 3048 2436 3131 posita,
2488 3057 2704 3132 utpote
2753 3050 2819 3113 in
2868 3058 3031 3115 statu
3084 3052 3502 3114 maternitatis

373 3166 507 3211 non
569 3145 864 3210 aufertur
911 3146 1157 3209 homini
1208 3165 1322 3228 per
1381 3153 1672 3222 mortem,
1725 3148 1890 3209 sicut

372 3247 610 3309 activa.
656 3245 1160 3327 contemplativa
1200 3264 1459 3327 quoque
1501 3246 1701 3326 magis
1751 3264 1891 3329 pro-

375 3347 662 3429 pinquat
709 3344 1092 3407 beatitudini
1144 3344 1384 3426 patriae,
1437 3352 1501 3407 et
1546 3352 1641 3407 est
1688 3346 1888 3426 magis

376 3443 916 3527 supernaturaliS,
961 3462 1157 3524 quam
1205 3442 1333 3505 vita
1375 3442 1602 3506 activa.

463 3543 919 3605 Verumtamen
959 3541 1362 3616 intuendum,
1398 3543 1570 3622 quod
1610 3541 1892 3623 duplicia

375 3649 535 3705 sunt
567 3640 715 3703 vitae
743 3639 964 3703 activae
994 3657 1208 3722 opera.
1243 3637 1534 3711 Quaedam
1577 3647 1726 3701 sunt
1759 3659 1891 3702 om-

373 3741 540 3803 nino
571 3738 946 3821 corporalia,
981 3745 1053 3799 ut
1089 3737 1403 3800 exteriora
1440 3737 1892 3801 misericordiae

371 3856 598 3921 opera,
633 3856 780 3919 quae
826 3844 889 3899 et
930 3837 1284 3918 corporalia
1329 3836 1735 3918 appellantur
1769 3855 1782 3898 :
1815 3838 1892 3899 de

372 3936 624 4021 quihus
655 3942 900 3998 certum
931 3942 1047 4010 est,
1080 3936 1253 4016 quod
1284 3934 1413 3997 vita
1451 3935 1894 4017 contemplati-

374 4056 464 4101 va
511 4032 909 4118 praeferenda
956 4033 1038 4095 sit
1085 4033 1266 4115 ipsis.
1319 4033 1459 4095 Alia
1507 4040 1655 4095 sunt
1701 4052 1894 4115 opera

375 4135 534 4199 vitae
569 4132 816 4206 activae,
849 4150 996 4213 quae
1032 4131 1084 4193 si
1137 4132 1362 4194 idonee
1399 4130 1543 4193 fieri
1597 4131 1888 4205 debcant,

2000 3148 2131 3221 Dei,
2168 3147 2255 3209 ita
2283 3149 2454 3229 quod
2486 3147 2609 3211 fuit
2638 3157 2701 3211 et
2730 3158 2826 3213 est
2856 3150 3343 3233 comparentalis
3377 3151 3501 3213 Deo

1999 3247 2188 3321 Patri,
2240 3247 2537 3308 eumdem
2588 3266 2732 3310 cum
2790 3248 2899 3312 illo
2946 3248 3179 3311 Filium
3233 3248 3496 3311 habenS.

2003 3344 2142 3407 Fuit
2181 3363 2442 3426 quoque
2482 3364 2666 3410 muro
2706 3347 2937 3421 clausa,
2975 3347 3040 3409 id
3074 3355 3169 3409 est
3207 3346 3504 3410 firmissi-

1999 3462 2104 3505 ma
2143 3442 2429 3523 virginea
2468 3444 2750 3507 castitate
2789 3452 3029 3519 ornata,
3063 3445 3345 3527 itemque
3386 3446 3503 3508 hu-

2001 3542 2268 3605 militate
2307 3543 2489 3624 quasi
2531 3542 2765 3605 fossato
2809 3542 3208 3624 profundata,
3244 3552 3306 3606 et
3345 3546 3505 3607 cari-

2001 3641 2146 3703 tatis
2206 3640 2455 3705 fervore
2510 3642 2685 3705 velut
2741 3648 2916 3703 turre
2972 3651 3199 3717 erecta,
3256 3644 3503 3704 cunctis

2004 3740 2347 3803 virtutibus
2380 3749 2683 3821 tanquam
2712 3740 2907 3803 armis
2940 3740 3213 3816 firmata,
3250 3741 3506 3823 spiritu—

2002 3838 2211 3901 alibus
2260 3838 2577 3901 alimentis
2616 3847 2680 3901 et
2714 3840 3061 3920 gratiarum
3104 3838 3368 3902 fluentis
3409 3858 3506 3902 re-

2005 3936 2195 4019 pleta.
2249 3937 2391 3999 Haec
2445 3937 2719 4018 gloriosa
2774 3938 2951 4019 virgo
3002 3937 3190 3999 Maria
3243 3947 3505 4002 vocatur

2001 4034 2259 4109 Martha,
2293 4035 2360 4096 in
2390 4042 2701 4115 quantum
2741 4035 2963 4099 activae
2996 4036 3141 4099 vitae
3171 4035 3504 4118 perfectio-

2005 4152 2152 4195 nem
2186 4131 2464 4214 possedit
2492 4150 2505 4194 :
2536 4132 2757 4214 sicque
2786 4133 3023 4196 Martha
3052 4136 3302 4217 excepit
3332 4135 3503 4198 Chri-

375 4231 900 4313 contemplativae
951 4230 1096 4293 vitae
1149 4229 1610 4313 perfectionem
1667 4248 1893 4311 quam·
1924 4238 1976 4302 D
2004 4238 2175 4292 stum
2207 4230 2271 4292 in
2314 4231 2572 4293 domum
2612 4250 2813 4307 suam,
2849 4233 3002 4314 quia
3041 4234 3105 4295 in
3149 4242 3327 4296 utero
3360 4252 3495 4295 suo.

377 4334 533 4395 dam
592 4328 1012 4412 praeexigunt,
1071 4336 1141 4390 ut
1197 4336 1347 4390 sunt
1407 4328 1773 4410 praedicare,
1826 4329 1891 4391 in

377 4428 833 4513 spiritualibus
866 4444 1158 4510 praeesse,
1191 4426 1551 4509 Scripturas
1583 4427 1897 4510 interpre—

375 4530 527 4603 tari,
563 4527 858 4611 publicas
909 4545 1024 4609 pro
1067 4527 1211 4589 aliis
1262 4544 1484 4610 preces
1533 4525 1888 4602 effundere,

375 4635 504 4692 etc.
555 4647 570 4690 ε
621 4628 702 4689 de
759 4625 998 4707 quibus
1045 4624 1250 4707 aliqui
1300 4625 1667 4708 opinantur,
1719 4627 1892 4708 quod

375 4724 901 4807 contemplativae
939 4722 1336 4806 praeferenda
1374 4724 1504 4786 sint
1540 4724 1708 4801 vitae,
1741 4724 1893 4805 quia

375 4825 725 4906 utriusque
767 4823 916 4886 vitae
958 4820 1416 4905 perfectionem
1462 4822 1760 4885 videntur
1803 4822 1894 4884 in-

377 4926 665 4988 cludere.
727 4922 907 4985 Unde
973 4930 1037 4985 et
1095 4921 1516 4985 nonodecimo
1583 4923 1659 4983 de
1728 4921 1894 4984 Civi-

377 5032 508 5086 tate
567 5022 679 5085 Dei
727 5020 1120 5103 Augustinus
1179 5020 1514 5102 distinguit
1568 5020 1892 5102 'triplicem

381 5121 606 5195 vitam,
642 5119 944 5184 videlicet
973 5119 1262 5193 otiosam,
1306 5119 1428 5182 hoc
1470 5127 1565 5181 est
1609 5126 1893 5181 contem-

385 5220 719 5304 plativam,
767 5218 1181 5299 negotiosam,
1231 5217 1296 5280 id
1345 5225 1441 5279 est
1487 5217 1782 5294 activam,
1829 5225 1891 5280 et

387 5338 468 5381 ex
509 5326 784 5400 utraque
823 5322 1262 5399 temperatam.
1296 5315 1574 5380 Praelatis
1614 5334 1764 5379 vero
1801 5323 1892 5379 at-

2001 4328 2128 4391 Nec
2160 4328 2429 4391 dubium
2457 4330 2617 4410 quin
2659 4330 2797 4412 ipsa
2830 4332 3031 4395 multo
3071 4331 3377 4394 humilius
3408 4350 3504 4392 se-

2005 4427 2096 4489 dit
2123 4428 2203 4489 ad
2236 4429 2427 4509 pedes
2456 4426 2598 4488 Filii
2628 4428 2727 4489 sui
2761 4429 2913 4491 dum
2946 4431 3331 4510 praedicaret,
3360 4428 3500 4510 ejus

2003 4544 2261 4607 quoque
2322 4526 2833 4608 praedicationem
2890 4525 3303 4590 affectuosius
3358 4528 3502 4590 dili—

2000 4625 2385 4707 gentiusque
2429 4625 2695 4699 audivit,
2730 4643 2922 4705 quam
2970 4624 3159 4687 Maria
3199 4625 3502 4707 Magdale-

2004 4742 2084 4785 ne
2117 4742 2131 4787 :
2170 4725 2339 4786 unde
2377 4732 2439 4785 et
2478 4724 2617 4806 ipsa
2654 4722 2961 4805 optimam
3001 4732 3248 4806 partem
3296 4724 3500 4806 perse·
3616 4786 3621 4791 .

2003 4822 2286 4886 ctissime
2330 4822 2672 4906 praeelegit.

2081 4922 2426 4995 Postremo,
2462 4922 2813 4983 secundum
2846 4920 3293 5002 Augustinum,
3328 4924 3499 5004 quod

1999 5020 2237 5083 Martha
2264 5020 2510 5102 accepit
2540 5019 2860 5082 Christum
2901 5020 2964 5081 in
2999 5021 3255 5083 domum
3294 5040 3495 5097 suam,

2003 5120 2291 5201 designat
2326 5118 2694 5193 Ecclesiam,
2729 5138 2873 5200 quae
2911 5138 3082 5181 nunc
3120 5120 3353 5202 accipit
3386 5120 3501 5183 Do-

2003 5218 2251 5279 minum
2293 5217 2358 5279 in
2402 5236 2509 5280 cor
2544 5235 2757 5277 suum.
2791 5216 2979 5279 Maria
3017 5235 3189 5292 vero,
3223 5237 3367 5299 quae
3404 5236 3500 5280 se·

2004 5317 2097 5378 dit
2123 5317 2201 5378 ad
2235 5317 2426 5397 pedes
2456 5314 2704 5379 Domini
2736 5315 3001 5378 audiens
3033 5315 3301 5378 verbum
3331 5316 3493 5398 ejuS,
