4300 6259
860 498 980 564 486
1608 515 1960 563 ENARRATIO
1999 514 2063 561 m
2104 514 2243 561 car.
2290 514 2355 560 x1
2395 513 2669 561 JoANms.
2715 532 2795 543 —
2836 514 2979 560 Am.
3024 514 3219 561 xxvm

860 630 894 646 f

696 678 809 732 fs
862 688 1238 751 inordinatis
1285 687 1564 751 motibus
1616 687 2006 769 passionum,
2059 685 2357 750 videlicet
2386 682 2432 743 A
2465 684 2689 747 Mirum
2740 686 2790 748 si
2844 685 2964 749 hoc
3012 704 3135 748 non
3188 684 3415 767 potuit,
3452 684 3564 766 qui
3604 682 3813 766 potuit
3850 702 3959 744 cae—

410 731 693 859 s
863 787 1276 849 immoderata
1316 786 1674 849 turbatione
1704 794 1766 848 et
1794 794 2101 868 apparatu
2132 784 2360 847 distor-
2467 802 2614 845 cum
2674 793 2892 847 natum
2952 784 3336 857 illuminare,
3395 784 3567 864 quod
3626 800 3953 863 nunquam
4005 803 4197 845 :ma

861 892 947 959 to,
993 904 1136 968 quae
1180 885 1243 947 in
1296 885 1542 948 Christo
1590 886 1784 949 totius
1824 883 2353 957 mansuetudiniS,
2468 883 2700 963 legitur
2755 884 3082 946 accidisse.
3136 883 3261 945 Cur
3317 901 3444 946 non
3496 882 3796 946 dixerunt
3852 880 3953 941 isti
3982 868 4045 908 ³³·

865 982 1188 1046 modestia}
1234 1003 1308 1045 ac
1357 983 1689 1065 probitatis
1733 982 2046 1064 exemplo,
2091 981 2361 1044 nullate-
2464 982 2684 1055 Judaei,
2720 982 2850 1046 Non
2894 990 3138 1064 poterat
3178 982 3282 1044 hic
3319 982 3429 1063 qui
3460 981 3713 1063 aperuit
3742 979 3955 1043 oculos

334 857 412 907 ,³ae

574 2780 684 2824 Luc.
703 2793 760 2832 vi,
773 2782 840 2823 25.

601 2967 755 3013 Recte.
769 2982 841 3020 vu,

866 1100 986 1143 nus
1030 1082 1250 1143 sortita
1290 1090 1440 1143 sunt
1480 1082 1712 1145 locum.

960 1183 1039 1241 Ec
1085 1181 1263 1240 dimit
1301 1202 1322 1240 .·
1371 1183 1485 1241 Ubi
1525 1182 1834 1259 posuistis
1877 1182 2078 1241 eum?
2125 1180 2189 1242 id
2238 1188 2354 1255 est,

865 1278 1075 1341 locum
1107 1278 1450 1359 sepulturae
1480 1278 1637 1340 mihi
1676 1278 2008 1340 ostendite.
2039 1277 2175 1340 Non
2206 1297 2361 1359 qua-

868 1376 918 1439 si
960 1376 1256 1457 ignorans
1295 1377 1359 1438 id
1399 1376 1775 1453 sciscitatur,
1811 1378 1919 1438 sed
1963 1385 2032 1438 ut
2072 1375 2359 1439 ordinate

867 1477 944 1537 ad
991 1474 1523 1557 perpetrationem
1569 1475 1866 1556 procedat
1915 1474 2228 1547 miraculi,
2270 1482 2363 1534 at-

867 1592 995 1655 que
1025 1574 1302 1637 humano
1332 1575 1518 1636 modo
1549 1591 1616 1635 se
1650 1572 2018 1636 hominibus
2057 1573 2357 1655 applicet.

869 1674 1112 1734 Dicunt
1140 1674 1203 1732 ei
1239 1690 1483 1735 sorores
1514 1671 1749 1745 Lazari,
1785 1679 1845 1733 et
1875 1672 2064 1733 etiam
2097 1671 2359 1733 forsitan

869 1770 978 1831 alii
1033 1788 1046 1832 :
1100 1772 1398 1840 Domine,
1449 1772 1597 1830 veni
1651 1780 1711 1830 et
1759 1773 1907 1830 vide
1965 1770 2357 1851 sepulcrum.

2470 1080 2617 1142 caeci
2668 1081 2819 1154 nati,
2866 1080 3075 1143 facere
3124 1087 3193 1141 ut
3238 1088 3301 1142 et
3350 1080 3454 1142 hic
3505 1079 3955 1140 resuscitetur?

2470 1179 2623 1241 Puto
2662 1180 2831 1260 quod
2874 1180 3035 1252 ideo,
3068 1178 3369 1260 quoniam
3416 1176 3795 1259 reputabant
3842 1177 3955 1238 hoc

2472 1278 2888 1359 impossibile,
2924 1277 3273 1360 praesertim
3318 1285 3574 1359 propter
3620 1276 3742 1339 hoc
3788 1276 3957 1357 quod

2468 1374 2737 1437 Lazarus
2773 1381 2867 1438 tot
2908 1375 3131 1437 diebus
3176 1384 3463 1439 mortuus
3506 1373 3649 1436 fuit.

2566 1476 2748 1534 Jesus
2792 1494 2937 1551 erqo
2986 1494 3249 1534 rursum
3295 1474 3575 1550 fremens
3622 1475 3693 1532 in
3744 1483 3957 1533 semet-

2472 1574 2633 1651 ipso,
2668 1573 2885 1634 eadem
2927 1572 3167 1635 ratione
3198 1591 3326 1653 qua
3355 1572 3583 1654 primo.
3618 1570 3953 1633 Sciendum

2471 1679 2705 1743 tamen,
2747 1673 2919 1753 quod
2962 1673 3309 1734 secundum
3356 1670 3805 1751 Augustinum,
3848 1688 3955 1751 per

2470 1770 2771 1831 Lazarum
2831 1777 3177 1843 mortuum,
3232 1770 3548 1852 sepultum
3604 1776 3669 1829 et
3724 1770 3956 1849 quatri-

870 1871 957 1930 Et
1009 1871 1388 1929 lacrimatus
1434 1879 1524 1929 esc
1568 1872 1747 1931 Jesus
1798 1887 1874 1931 ex
1924 1868 2363 1950 compassione
2402 1868 2445 1929 B
2475 1870 2778 1940 duanum,
2832 1868 3191 1949 figurantur
3250 1874 3609 1950 peccatores
3666 1866 3955 1947 gravissi-

871 1985 1182 2041 sororum,
1224 1974 1288 2028 et
1333 1966 1475 2029 aliis
1519 1967 1749 2041 causis,
1796 1976 1865 2028 ut
1913 1966 2065 2029 dixi.
2101 1966 2365 2028 Verum-

869 2073 1103 2139 tamen,
1138 2066 1492 2127 secundum
1536 2064 2012 2148 Hieronymum,
2047 2064 2230 2127 flevit
2268 2066 2366 2127 Je-

870 2183 977 2226 sus
1014 2163 1339 2238 Lazarum,
1377 2183 1501 2227 non
1541 2164 1694 2246 quia
1735 2172 2020 2228 mortuus
2065 2164 2209 2239 fuit,
2256 2166 2363 2227 sed

869 2262 1022 2344 quia
1077 2262 1154 2324 ad
1213 2261 1405 2344 hujus
1455 2263 1601 2325 vitae
1647 2282 1982 2338 aerumnaS,
2035 2282 2181 2345 quae
2228 2263 2365 2325 sine

871 2359 1146 2443 peccatis
1205 2380 1331 2424 non
1391 2360 1620 2441 agitur,
1683 2360 1889 2421 fuerat
1949 2363 2359 2424 revocandus

868 2496 950 2504 —
987 2458 1377 2541 Frequenter
1416 2460 1647 2539 legitur
1690 2459 1975 2523 Christus
2017 2459 2361 2541 planxisse,

873 2576 1186 2639 nusquam
1229 2576 1380 2620 vero
1419 2558 1634 2619 risisse
1667 2576 1682 2621 ε
1719 2558 1782 2618 in
1823 2576 1953 2639 quo
1993 2558 2215 2620 levitas
2256 2577 2367 2621 no-

872 2662 1000 2717 stra
1028 2664 1092 2717 et
1120 2655 1451 2719 dissolutio
1482 2657 1956 2719 condemnatur.
1990 2655 2166 2718 Unde
2196 2658 2364 2739 apud

869 2753 1104 2816 Lucam
1173 2762 1438 2817 testatur
1497 2772 1510 2816 :
1569 2754 1670 2817 Vae
1730 2755 1909 2817 vobis
1967 2756 2079 2836 qui
2147 2755 2365 2817 ridetis

847 2870 1065 2926 .nunc,
1122 2852 1276 2934 quia
1330 2851 1660 2934 plorabitis
1710 2860 1773 2915 et
1819 2852 2080 2915 flebitis.
2137 2852 2208 2914 Et
2256 2852 2367 2913 Ec-

873 2950 1192 3012 clesiastes
1243 2970 1258 3013 :
1309 2950 1526 3013 Melior
1578 2950 1847 3032 (inquit)
1903 2959 1998 3013 est
2056 2952 2148 3013 ira
2208 2951 2361 3025 risu,

2474 1967 2584 2039 mi,
2619 1966 2928 2029 habituati
2970 1967 3035 2028 in
3079 1967 3243 2029 malo
3282 1973 3343 2028 et
3384 1965 3661 2047 pessima
3699 1984 3955 2028 consue·

2474 2065 2695 2127 tudine
2743 2065 2968 2147 pressi,
3010 2065 3120 2146 qui
3174 2067 3251 2128 de
3299 2082 3609 2127 consensu
3652 2072 3955 2126 venerunt

2475 2163 2540 2225 in
2596 2171 2830 2237 actum,
2887 2171 2950 2226 et
3008 2165 3087 2226 de
3143 2170 3285 2225 actu
3345 2163 3407 2224 in
3470 2161 3784 2236 habitum,
3834 2181 3955 2244 quo

2475 2261 2875 2343 sepeliuntur
2916 2262 2981 2323 in
3022 2262 3210 2325 malo.
3244 2262 3336 2323 Ad
3377 2261 3829 2323 declarandum
3870 2279 3956 2322 er-

2471 2377 2551 2440 go
2593 2362 2765 2441 quod
2804 2360 2959 2421 tales
3010 2379 3150 2422 raro
3196 2379 3269 2422 ac
3318 2357 3705 2421 difficillime
3752 2377 3957 2420 emen-

2474 2460 2724 2532 dantur,
2768 2458 2905 2540 ipse
2945 2458 3231 2521 Christus
3276 2465 3616 2538 antequam
3662 2456 3955 2519 Lazarum

2474 2557 2823 2632 suscitavit,
2866 2556 3067 2619 multa
3123 2556 3276 2619 fecit
3329 2574 3473 2638 quae
3516 2554 3953 2617 difficultatem

2473 2674 2677 2717 causae
2715 2657 3078 2718 ostendunt.
3113 2654 3395 2717 Fremuit
3432 2654 3697 2736 quippe,
3732 2662 3796 2715 et
3836 2662 3958 2716 tur-

2474 2752 2649 2815 bavit
2686 2772 2753 2815 se
2794 2754 3029 2835 ipsum,
3064 2754 3293 2816 deinde
3332 2753 3620 2815 lacrimas
3664 2752 3850 2829 fudit,
3885 2754 3959 2816 lo-

2476 2870 2619 2913 cum
2684 2852 3002 2933 quaesivit,
3066 2854 3275 2914 denuo
3341 2850 3623 2925 fremuit,
3688 2852 3953 2933 lapidem

2473 2950 2663 3031 jussit
2700 2950 2961 3031 auferri,
3004 2960 3285 3033 tuncque
3331 2950 3627 3012 clamavit
3670 2968 3825 3013 voce
3863 2970 3959 3011 su-

872 3050 1024 3131 quia
1064 3066 1177 3131 per
1224 3049 1546 3113 tristitiam
1589 3049 1802 3111 vultus
1853 3049 2189 3131 corrigitur
2234 3050 2367 3114 ani·
2398 3047 2441 3109 C
2475 3048 2681 3111 blimi.
2707 3052 2889 3111 Venit
2916 3053 3004 3109 ad
3036 3059 3531 3110 monumentum.
3556 3052 3721 3109 Erat
3751 3058 3958 3109 aulem

873 3167 1014 3209 mus
1045 3147 1499 3229 delinquentis
1535 3148 1818 3229 Denique
1858 3148 2187 3230 probabile
2227 3167 2368 3211 reor

2474 3153 2803 3225 spelunca,
2862 3148 2924 3209 id
2990 3154 3086 3209 est
3152 3164 3422 3209 caverna
3480 3154 3540 3208 et
3600 3146 3785 3210 fovea
3840 3166 3961 3207 ma-

870 3247 1041 3328 quod
1081 3246 1260 3308 Jesus
1308 3247 1552 3309 amicus
1602 3247 1896 3311 humanae
1944 3256 2205 3321 naturae,
2241 3268 2364 3310 non
2472 3265 2617 3328 gna,
2645 3246 2919 3328 pretiose
2948 3253 3009 3307 et
3038 3244 3384 3308 artificiose
3422 3253 3804 3316 constructa,
3826 3245 3961 3327 jux-

870 3344 1174 3406 Lazarum
1226 3352 1496 3420 tantum,
1550 3346 1658 3407 sed
1709 3346 1899 3407 totius
1955 3347 2215 3408 humani
2264 3364 2369 3427 ge-

874 3443 1044 3505 neris
1093 3443 1478 3524 multiplicia
1530 3443 1696 3505 mala
1743 3444 2090 3526 deplanxit,
2147 3446 2369 3526 praeci-

2478 3353 2537 3406 ta
2567 3345 3091 3408 consuetudinem
3122 3344 3501 3418 Judaeorum,
3536 3344 3648 3424 qui
3680 3350 3963 3425 sumptu-

2475 3444 2798 3507 osissimas
2846 3443 3203 3525 sepulturas
3254 3441 3459 3504 facere
3502 3449 3963 3505 consueverunt

670 3738 740 3794 36

631 4550 742 4581 vers.
763 4539 804 4580 4.

673 4628 743 4683 37

610 4735 770 4778 Joann.
790 4748 846 4787 ιτ,

583 4800 624 4848 ὅ,
647 4800 687 4839 7.

875 3559 1002 3622 pue
1031 3541 1197 3603 mala
1226 3542 1451 3624 culpae‚
1485 3548 1547 3603 et
1583 3540 1860 3603 futuram
1895 3543 2365 3607 damnationem
2476 3541 2805 3605 occasione
2845 3540 3344 3622 patriarcharum
3380 3539 3667 3614 Abrahae,
3701 3540 3871 3602 Isaac
3904 3547 3961 3600 et

873 3639 1245 3701 multorum.
2475 3640 2684 3714 Jacob,
2728 3640 2838 3721 qui
2893 3658 3005 3721 pro
3052 3639 3380 3720 sepultura
3429 3658 3542 3701 sua
3588 3657 3661 3700 ac
3704 3658 3957 3702 suorum

954 3739 1285 3798 Dz‘xerunt
1331 3757 1478 3815 erqo
1525 3740 1744 3799 Judoei
1783 3760 1804 3797 .·
1849 3740 2010 3799 Ecce
2056 3742 2368 3819 quomodo
2478 3740 2631 3801 adeo
2663 3746 2842 3800 erant
2872 3738 3150 3811 solliciti,
3186 3745 3253 3798 ut
3294 3745 3463 3819 patet
3502 3736 3565 3798 in
3598 3736 3847 3799 Genesi.
3882 3740 3961 3797 Et
4012 3760 4189 3851 aetum·
4233 3732 4234 3781 ἕ

873 3838 1134 3896 amabat
1161 3856 1330 3896 eum.
1356 3835 1543 3908 Quasi
1576 3836 1787 3898 dicant
1821 3854 1834 3898 :
1869 3835 2152 3911 Multum,
2176 3856 2367 3919 quem
2482 3840 2647 3915 lapis
2688 3836 2945 3918 grandis
2984 3837 3421 3913 superpositus
3448 3846 3587 3896 erat
3616 3838 3697 3895 ei.

873 3939 999 3994 tam
1038 3932 1386 3996 affectuose
1424 3933 1730 4015 deplorat.
1773 3934 2005 3996 Verum
2045 3936 2365 3997 dixerunt.
2560 3939 2676 3997 Ait
2722 3939 2903 3997 Iesus
2950 3956 2972 3993 .·

875 4029 1106 4092 Tamen
1158 4031 1223 4092 in
1276 4039 1452 4112 parte
1501 4032 1815 4106 errabant,
1852 4033 2168 4106 videlicet,
2214 4052 2370 4115 quo-
2481 4034 2913 4096 resuscitando
2964 4039 3171 4114 pateat
3218 4033 3444 4093 exitus.
3476 4034 3657 4093 Dicit
3690 4034 3754 4091 ei
3792 4036 3966 4094 Mar·

875 4128 1046 4190 niam
1089 4129 1467 4210 reputabant
1503 4147 1648 4191 eum
1693 4130 2014 4212 praecipue
2052 4132 2367 4194 lacrimari
2483 4136 2591 4193 tlza
2634 4152 2813 4191 soror
2857 4133 2997 4209 ejus
3044 4135 3163 4210 qui
3199 4140 3491 4192 mortuus
3527 4131 3747 4207 fuerat
3785 4150 3811 4193 .·
3852 4133 3969 4191 Do-

877 4234 1135 4309 propter
1174 4236 1442 4290 mortem
1471 4227 1685 4290 Lazari
1721 4230 2111 4311 corporalem
2148 4250 2162 4293 ε
2200 4232 2367 4312 quod
2402 4230 2453 4293 D
2484 4232 2678 4301 mine,
2698 4231 2849 4308 jam
2886 4230 3089 4306 foetet,
3120 4230 3605 4307 quatriduanus
3641 4229 3819 4289 enim
3856 4239 3967 4297 est,

875 4324 963 4386 ita
993 4344 1115 4387 non
1149 4334 1256 4387 est.
1277 4325 1429 4387 Nam
1463 4325 1635 4387 illam
1669 4335 1914 4407 poterat
1941 4328 2073 4391 solo
2104 4328 2373 4411 imperio
2483 4328 2545 4390 id
2586 4336 2702 4401 est,
2736 4335 3009 4408 quatuor
3048 4326 3181 4388 dies
3219 4325 3411 4387 habet
3450 4325 3514 4387 in
3560 4336 3968 4389 monumento

877 4424 1209 4505 impedire,
1245 4424 1374 4487 imo
1410 4424 1723 4506 gaudebat
1760 4426 1838 4487 de
1881 4444 1974 4500 ea,
2019 4429 2369 4490 secundum
2484 4428 2582 4490 vel
2625 4434 2845 4499 morte,
2881 4426 3100 4506 sicque
3140 4425 3405 4487 cadaver
3444 4442 3519 4486 ex
3561 4424 3964 4497 resolutione,

877 4524 1048 4605 quod
1095 4522 1508 4586 ordinabatur
1553 4525 1628 4585 ad
1675 4524 1943 4605 gloriam
1988 4526 2118 4599 Dei,
2165 4534 2235 4588 ut
2283 4527 2375 4587 di-

879 4628 1050 4683 ctum
1102 4628 1217 4683 est.
1271 4623 1552 4691 Quidam
1596 4631 1814 4683 autem
1856 4642 1938 4682 ex
1984 4624 2144 4699 ipsis
2190 4625 2374 4684 dime-

876 4728 1036 4780 runt
1066 4740 1088 4779 .·
1119 4720 1266 4783 Non
1291 4729 1546 4799 poterat
1575 4721 1683 4780 hic
1721 4722 1838 4799 qui
1875 4723 2134 4797 aperuit
2164 4726 2372 4782 oculos

2481 4525 2879 4587 exhalatione
2920 4532 2983 4585 et
3025 4522 3509 4606 putrefactione,
3544 4522 3783 4585 malum
3828 4523 3969 4585 fun-

2482 4622 2574 4684 dit
2616 4623 2896 4695 odorem,
2929 4639 3119 4702 quem
3168 4639 3293 4683 non
3344 4622 3520 4682 decet
3568 4620 3789 4682 sentiri
3834 4640 3873 4683 a
3912 4629 3969 4682 te

2483 4720 2781 4801 magistro
2828 4738 2901 4781 ac
2950 4718 3213 4782 Domino
3257 4736 3418 4781 meo.
3462 4717 3823 4780 Secundum
3864 4718 3970 4780 Be-

3988 3834 4129 3865 m...=
4182 3849 4190 3859 .

3029 3935 3257 3996 Tollite
3304 3934 3609 4011 lapidem,
3652 3942 3961 4015 quatenus
3984 3886 4127 4002 22³1ae

875 4819 1028 4879 coeci
1055 4819 1224 4887 nati,
1244 4819 1459 4895 facere
1491 4827 1563 4879 ut
1591 4829 1651 4879 et
1678 4820 1786 4878 laic
1813 4838 1940 4879 non
1979 4822 2374 4881 moreretur?

876 4914 1004 4977 Hoc
1051 4915 1348 4978 dixerunt
1396 4934 1528 4997 prae
1573 4916 2011 4991 admiratione,
2056 4918 2239 4998 quasi
2282 4918 2374 4980 di-

878 5019 1023 5075 cant
1075 5033 1088 5077 :
1142 5014 1441 5076 Videmus
1503 5032 1616 5096 per
1665 5015 2148 5096 experientiam,
2198 5018 2371 5097 quod

877 5112 1150 5174 multum
1191 5112 1414 5175 dilexit
1449 5112 1773 5187 Lazarum,
1809 5122 1870 5175 et
1907 5115 2076 5177 dolet
2113 5116 2191 5177 de
2230 5114 2370 5195 ejus

878 5209 1160 5285 interitu,
1205 5228 1282 5274 ex
1331 5230 1459 5293 quo
1507 5219 1770 5294 apparet
1816 5214 1986 5293 quod
2037 5213 2089 5275 si
2136 5214 2373 5295 potuis-

876 5314 990 5384 set,
1025 5307 1164 5390 ejus
1203 5318 1471 5373 mortem
1511 5310 1990 5392 impedivisset3
2027 5320 2089 5373 et
2121 5331 2363 5387 rursuS,

2483 4819 2649 4891 dam,
2691 4816 2926 4895 Martha
2964 4835 3089 4880 non
3140 4815 3299 4877 dixit
3350 4815 3482 4877 haec
3522 4814 3714 4877 verba
3760 4834 3839 4877 ex
3880 4817 3971 4877 in-

2482 4916 2855 4981 credulitate
2903 4916 3001 4980 vel
3053 4914 3413 4977 diffidentia
3472 4914 3969 4978 resuscitationis

2482 5017 2581 5079 sui
2620 5015 2855 5077 fratriS.
2900 5014 3289 5096 Theophilus
3330 5031 3479 5077 vero
3523 5013 3677 5075 dicit
3718 5015 3969 5096 opposi-

2483 5122 2613 5175 tum
2661 5132 2673 5176 :
2719 5114 2891 5197 quod
2935 5130 3011 5174 ex
3064 5111 3274 5174 verbis
3324 5109 3740 5193 sequentibus
3782 5130 3967 5194 appa-

2482 5213 2747 5274 rentiam
2798 5198 3007 5299 habet.
3060 5208 3365 5272 Subditur
3419 5210 3589 5271 enim
3642 5211 3963 5292 responsio

2477 5310 2707 5375 Christi
2763 5310 3231 5391 quedammodo
3291 5308 3733 5391 increpatoria.
3792 5310 3961 5370 Dicit
4068 5310 4123 5366 40
