4300 6259
605 1291 652 1334 ln
676 1290 828 1334 matth.

564 1368 694 1406 xxvii,
717 1357 784 1396 ³5.

663 3245 737 3298 25

645 4929 815 4973 Matth.

591 5006 718 5042 xxvii,
739 4995 805 5034 50.

615 5125 734 5168 lbid.
760 5129 826 5168 55.

591 5289 661 5328 49.
717 5257 728 5268 ⁹

853 491 972 558 594

1609 511 1959 556 ENARRATlo
2003 511 2065 555 ΙΝ
2107 509 2246 556 CAP.
2296 509 2399 555 XlX
2444 509 2718 556 JOANNts.
2762 529 2841 538 --
2882 511 3025 555 ΛΒΤ.
3070 509 3209 554 vat

855 681 1238 742 desideravit
1291 701 1428 743 eam
1489 681 1798 762 integram
1861 681 2127 763 adipisci
2168 701 2183 760 3
2243 683 2352 741 sed
2382 683 2427 742 A
2462 692 2551 752 ut,
2579 681 3147 754 concomitantiam,
3174 698 3298 743 non
3330 697 3583 741 eausam
3616 675 3949 752 directam)

853 782 1212 841 sortiamur
1238 784 1317 840 de
1347 784 1466 841 illa
1497 783 1684 858 cujus
1717 783 1829 851 sit,
1865 781 1926 842 id
1965 789 2081 854 est,
2115 788 2346 842 sortem

2461 782 2805 856 Scriptura
2868 779 3091 841 Psalmi
3153 781 3551 854 impleretur,
3608 778 3831 835 dicens
3886 775 3946 836 in

855 879 1182 942 mittamus
1231 881 1307 941 ad
1367 897 1558 962 quem
1617 886 1742 943 tota
1792 880 2124 960 pertineat.
2180 879 2353 940 Unde
2464 896 2731 960 persona
2779 877 3008 940 Christi
3045 897 3059 938 ε
3092 878 3343 939 Par-titi
3387 884 3537 936 sunt
3578 877 3949 934 vestimenta
3978 889 4135 930 Pur.
4170 894 4187 918 o

855 984 1026 1058 patet
1084 979 1252 1058 quod
1313 996 1506 1060 super
1567 979 1842 1040 tunicam
1906 977 2353 1040 inconsutilem
2464 997 2600 1036 mea
2628 978 2777 1046 sibi,
2804 975 3095 1039 faciendo
3132 983 3405 1056 quatuor
3440 981 3649 1056 partes
3688 974 3769 1034 de
3805 972 3949 1042 illis,

857 1076 1182 1137 dumtaxat
1223 1076 1415 1137 missa
1464 1077 1545 1137 sit
1585 1096 1741 1138 sorS.
1775 1074 2098 1148 Quomodo
2139 1083 2353 1138 autem
2460 1078 2621 1136 etin
2653 1085 2881 1136 vestem
2916 1095 3148 1147 meam,
3184 1075 3245 1135 id
3296 1082 3391 1135 est
3437 1091 3632 1153 super
3674 1071 3950 1133 tunicam

859 1175 1233 1237 solvendum
1279 1175 1360 1236 sit
1409 1176 1578 1257 quod
1632 1175 1780 1237 huic
1819 1174 2071 1236 videtur
2108 1183 2357 1236 contra·
2465 1173 2887 1246 inconsutam,
2932 1175 3248 1234 miserunt
3292 1182 3543 1232 sortem.
3580 1172 3667 1230 Et
3720 1171 3954 1230 milites

860 1274 1051 1347 rium,
1087 1274 1216 1335 dixi
1258 1292 1451 1356 super
1481 1274 1861 1336 Matthaeum.
1895 1273 2038 1336 Haec
2077 1291 2227 1354 ergo
2266 1274 2378 1335 fe·-
2462 1275 2721 1352 quidem
2768 1275 2900 1334 koec
2940 1275 3253 1352 fecerunt,
3286 1270 3627 1352 implentes
3672 1268 3957 1330 nescien-

861 1379 1084 1433 cerunt
1113 1379 1303 1452 atque
1334 1372 1646 1444 dixerunt,
1668 1381 1740 1431 ut
1767 1369 2211 1451 (intelligendo
2243 1389 2355 1452 per
2464 1378 2559 1432 ter
2601 1370 3056 1452 Prophetarum
3097 1369 3374 1451 eloquia.

1905 1800 2561 1889 ARTICULUS
2640 1801 2908 1884 XLVI

1171 2079 1486 2125 exrosrrio
1531 2077 1858 2132 seQuaNris
1901 2076 2119 2122 naris
2164 2075 2350 2122 numa
2394 2074 2745 2120 Nonianum
2786 2073 3062 2120 anirum
3105 2074 3403 2140 :suan
3448 2073 3655 2120 Ain-au

1863 2175 2056 2221 mxu
2098 2174 2335 2221 caucam
2376 2173 2515 2220 :asu
2558 2173 2767 2218 maran
2809 2159 2970 2219 nsus‘.

1005 2454 1353 2518 ElNCEPS
1399 2455 1526 2535 agit
1569 2453 1966 2534 Evangelista
2015 2454 2092 2515 de
2141 2461 2365 2514 mutua
2399 2450 2447 2512 B
2474 2452 2645 2532 quod
2688 2451 3049 2523 dicendum,
3085 2450 3257 2531 quod
3299 2450 3378 2511 ad
3422 2457 3675 2530 tempus
3716 2450 3961 2512 stabant

1023 2554 1461 2636 compassione
1493 2553 1724 2616 Christi
1758 2553 1894 2614 Filii
1928 2552 2058 2626 Dei,
2093 2552 2363 2633 ejusque

867 2654 1166 2734 virgineae
1220 2651 1582 2732 GenitriciS‚
1638 2670 1784 2733 quae
1841 2658 2012 2714 tanto
2078 2651 2365 2713 intimior

867 2761 1020 2827 erat,
1078 2751 1414 2814 cordialior
1470 2757 1660 2831 atque
1723 2750 2063 2831 poenosior,
2125 2757 2365 2830 quanto

869 2851 1216 2913 ferventior
1254 2857 1384 2910 erat
1420 2867 1598 2910 amor
1629 2848 1818 2910 unius
1858 2848 1935 2909 ad
1974 2847 2187 2909 aliam.
2224 2847 2366 2910 Cer-

869 2958 1004 3011 tum
1053 2956 1147 3010 est
1194 2955 1428 3020 autem,
1462 2947 1633 3027 quod
1683 2947 2166 3028 incomparabili
2211 2947 2367 3008 dile-

871 3047 1078 3110 ctione
1121 3053 1496 3108 amaverunt
1532 3063 1600 3106 se
1639 3053 1862 3106 mutuo
1902 3045 2066 3106 ultra
2107 3063 2365 3106 omnem

870 3144 1376 3206 aestimationem.

951 3243 1179 3302 Stabat
1209 3249 1427 3301 autem
1451 3240 1660 3316 juxta
1691 3259 1942 3299 crucem
1971 3243 2122 3300 Jesu
2156 3243 2367 3301 Mater

869 3340 1030 3416 ejus.
1091 3338 1138 3401 Ο
1197 3338 1464 3400 verbum
1524 3338 1885 3401 dolorosum
1945 3345 2004 3398 et
2062 3337 2369 3400 affectuo-

873 3441 1055 3500 sum!
1099 3437 1257 3510 Quid
1299 3437 1469 3498 enim
1515 3435 1819 3498 sustinuit
1857 3454 2038 3498 mens
2079 3437 2190 3498 illa
2237 3437 2371 3499 dul-

873 3535 1128 3598 cissima
1157 3535 1457 3615 virgineae
1485 3533 1981 3615 MatriS‚quando
2012 3542 2140 3596 tam
2175 3553 2371 3617 prope

2479 2550 2761 2632 propiuS,
2786 2549 3013 2610 deinde
3046 2549 3384 2626 remotius3
3419 2547 3518 2610 vel
3549 2548 3801 2610 stabant
3830 2567 3967 2630 pro-

2480 2665 2557 2730 pe
2598 2654 2660 2709 et
2700 2666 2736 2708 a
2778 2647 2983 2726 longe,
3027 2655 3319 2729 respectu
3364 2646 3785 2710 diversorum.

2581 2748 2791 2814 Quum
2840 2747 3104 2806 vidi-sset
3154 2765 3300 2822 erqo
3346 2748 3528 2806 Iesus
3576 2748 3857 2808 Matrem
3906 2754 3963 2804 et

2477 2847 2874 2922 discipulum
2920 2854 3219 2913 stantem,
3248 2865 3435 2924 quem
3482 2845 3819 2922 diliqebat.
3853 2844 3966 2906 Per

2478 2944 2639 3005 hanc
2688 2943 3320 3006 circumlocutionem
3366 2943 3650 3024 loquitur
3697 2942 3965 3005 loannes

2477 3042 2555 3102 de
2585 3060 2652 3104 se
2682 3042 2822 3124 ipso
2852 3042 3035 3122 quasi
3068 3042 3146 3102 de
3174 3041 3319 3104 alio.
3345 3043 3523 3103 Dicit
3552 3044 3767 3102 Matri
3792 3062 3925 3102 suae
3946 3062 3967 3101 .·

2478 3145 2743 3202 Mulier.
2776 3139 2911 3203 Non
2949 3140 3056 3212 ait,
3089 3139 3299 3213 Mater,
3336 3158 3415 3202 ne
3458 3139 3566 3201 illa
3604 3139 3823 3202 audito
3868 3159 3969 3202 no—

2478 3239 2651 3300 mine
2698 3247 2827 3300 tam
2875 3238 3075 3312 suavi,
3118 3238 3390 3300 nimium
3439 3238 3836 3301 cruciaretur
3882 3248 3970 3301 at-

2479 3355 2607 3419 que
2643 3335 2968 3398 deficeret.
3008 3340 3161 3398 Ecce
3187 3339 3371 3413 filius
3402 3346 3571 3398 tun-3.
3610 3337 3739 3400 Hoc
3768 3337 3967 3418 aliqui

2482 3434 2767 3497 referunt
2810 3436 2886 3496 ad
2940 3434 3150 3516 ipsum
3203 3433 3545 3509 Christum,
3597 3435 3713 3517 qui
3766 3443 3971 3497 osten-

2482 3535 2574 3596 dit
2600 3552 2667 3596 se
2698 3534 2910 3617 ipsum
2940 3533 3117 3595 Matri
3157 3552 3308 3609 suae,
3344 3541 3646 3615 tanquam
3676 3534 3921 3596 diceret
3951 3552 3965 3596 ε

872 3634 1214 3696 adsistebat
1264 3633 1419 3696 Filio
1464 3631 1727 3714 patienti
1774 3633 1962 3696 unico
2005 3640 2067 3694 et
2111 3639 2373 3716 prorsus·
2408 3636 2451 3699 C
2482 3631 2639 3694 Ecce
2680 3633 2837 3714 quid
2883 3632 3117 3713 patitur
3155 3633 3343 3695 homo
3384 3650 3575 3714 quem
3628 3633 3967 3715 peperisti;

875 3733 1223 3806 carissimo,
1278 3731 1460 3811 cujus
1515 3730 2005 3793 teneritudinem
2059 3750 2131 3793 ac
2191 3732 2372 3794 inno-

877 3831 1149 3892 centiam
1209 3830 1426 3892 novit?
1485 3828 1681 3901 Quem
1740 3828 1889 3891 licet
1946 3830 2184 3892 sciebat
2240 3831 2374 3892 fru-

877 3928 1276 3990 ctuosissime
1336 3927 1461 4008 pati
1523 3927 1778 4008 citoque
1836 3936 2367 4003 resurrecturum,

877 4026 1081 4089 nihilo
1140 4025 1352 4088 minus
1401 4025 1961 4088 vehementissime
2019 4026 2077 4087 ei
2138 4028 2373 4090 condo-

879 4125 1019 4196 luit,
1083 4125 1147 4185 in
1211 4132 1456 4186 tantum
1517 4131 1586 4184 ut
1642 4124 2062 4188 consideratio
2126 4125 2373 4188 fructus

880 4223 1217 4285 dominicae
1266 4222 1576 4305 passionis
1626 4230 1688 4284 et
1732 4224 2210 4286 resurrectionis
2261 4226 2377 4288 tol-

880 4322 1116 4383 leretur
1162 4321 1241 4382 ab
1292 4320 1617 4382 intellectu
1668 4321 1892 4402 ipsius,
1930 4323 2234 4403 quoniam
2282 4325 2375 4385 vis

881 4419 1116 4483 doloris
1171 4419 1433 4482 omnino
1489 4418 1818 4480 absorbuit
1875 4421 2150 4482 animam
2210 4421 2372 4502 ejuS.

880 4518 1140 4598 Propter
1197 4519 1369 4598 quod
1425 4517 1652 4580 asserit
1704 4517 2147 4594 DamascenuS‚
2205 4521 2377 4601 quod

881 4617 1059 4679 dolor
1107 4617 1597 4698 parturientium
1647 4615 1770 4677 fuit
1818 4624 1969 4679 tunc
2015 4618 2377 4700 duplicatus

883 4715 947 4776 in
989 4733 1082 4776 ea.
1118 4717 1202 4774 Et
1231 4734 1409 4774 soror
1440 4716 1677 4776 Matris
1715 4716 1876 4792 ejus,
1912 4715 2207 4778 videlicet
2236 4721 2381 4779 ⁴Ma-

2480 3749 2627 3793 ecce
2674 3731 2829 3813 quid
2878 3730 3175 3793 convenit
3222 3730 3383 3792 mihi
3434 3749 3511 3792 ex
3569 3738 3747 3813 parte
3798 3739 3972 3792 natu-

2483 3849 2567 3892 rae
2604 3849 2797 3911 quam
2832 3829 3150 3910 assumpsi
3194 3847 3271 3890 ex
3313 3836 3393 3891 te.
3429 3828 3549 3892 Sed
3588 3829 3745 3911 quia
3786 3829 3974 3891 Mater

2486 3929 2772 4010 piissima
2808 3935 2933 3990 tota
2979 3935 3113 3989 erat
3160 3927 3403 3989 intenta
3444 3929 3523 3989 ad
3568 3928 3974 3991 considerati-

2484 4044 2670 4090 onem
2711 4034 2774 4087 et
2808 4025 3309 4107 compassionem
3344 4025 3481 4087 Filii
3522 4025 3643 4098 sui,
3675 4035 3741 4088 et
3782 4026 3973 4088 Filius

2484 4144 2622 4187 eam
2663 4124 2973 4187 consolari
3015 4123 3283 4197 volebat,
3321 4144 3446 4187 non
3484 4125 3562 4187 ad
3599 4125 3972 4207 ampliorem

2486 4224 2759 4286 excitare
2815 4222 3119 4297 dolorem,
3182 4231 3514 4305 propterea
3570 4223 3714 4285 aliis
3778 4224 3973 4304 magis

2486 4331 2749 4405 apparet
2804 4322 2976 4403 quod
3028 4321 3313 4385 Christus
3372 4323 3833 4387 demonstravit
3884 4323 3975 4386 Jo-

2486 4439 2740 4501 annem‚
2793 4420 3080 4494 dicendo,
3134 4419 3293 4483 Ecce
3341 4419 3517 4483 filius
3563 4428 3736 4484 tuus,
3790 4421 3973 4494 Quasi

2488 4521 2727 4584 diceret
2772 4539 2785 4582 ε
2832 4519 3175 4602 Hucusque
3221 4538 3325 4582 me
3376 4520 3653 4582 habuisti
3704 4539 3977 4603 praesen-

2489 4627 2639 4699 tem,
2674 4626 2735 4680 et
2781 4619 2858 4680 de
2900 4636 3042 4681 meo
3083 4619 3388 4700 adspectu
3425 4618 3661 4699 jugiter
3698 4620 3977 4683 consola-

2491 4719 2726 4780 tionem
2777 4717 2995 4780 sortita
3050 4735 3139 4790 eS,
3192 4716 3416 4798 fuique
3461 4718 3537 4778 ad
3594 4716 3976 4799 obsequium

882 4815 986 4872 ria
1029 4831 1188 4874 uxor
1221 4815 1527 4890 Cleopkoe,
1561 4831 1704 4894 quae
1749 4811 1872 4875 fuit
1919 4821 2120 4875 mater
2164 4815 2376 4878 Jacobi
2408 4821 2456 4882 D
2490 4827 2668 4878 tuum
2704 4817 3021 4896 intentus3
3056 4835 3227 4878 nunc
3266 4816 3603 4879 subtrahor
3632 4816 3775 4890 tibi,
3806 4837 3977 4882 nunc

883 4910 1161 4983 Minoris,
1195 4921 1255 4970 et
1283 4913 1507 4971 Allaria
1538 4915 1948 4987 Maqdalene,
1982 4913 2132 4974 item
2178 4923 2380 4976 mater

885 5009 1168 5071 filiorum
1234 5008 1511 5072 Zebedaei
1581 5011 1931 5072 secundum
1992 5011 2373 5075 Matthaeum.

884 5107 1206 5170 Matthaeus
1267 5115 1476 5169 tamen
1525 5107 1804 5171 affirmat
1860 5112 2030 5190 quod
2079 5111 2379 5173 mulieres

687 5238 712 5266 ε
772 5238 856 5275 ιιιιι,
888 5208 1022 5270 istae
1050 5215 1229 5268 erant
1259 5208 1334 5268 de
1366 5207 1550 5288 longe
1580 5215 1836 5270 stantes.
1865 5207 1941 5271 Et
1971 5208 2169 5272 Lucas
2206 5229 2219 5272 ε
2254 5210 2383 5273 Sta·

886 5305 1062 5379 bant,
1096 5305 1327 5387 inquit,
1360 5325 1580 5369 omnes
1620 5307 1750 5370 noti
1791 5307 1930 5388 ejus
1970 5327 2006 5370 a
2045 5309 2253 5390 longe.
2287 5310 2379 5372 Ad

2491 4915 2679 4978 unico
2718 4915 3077 4996 dilectoque
3118 4922 3261 4977 nato
3303 4915 3566 4990 orbariS,
3602 4933 3719 4978 nec
3768 4924 3976 4978 tecum

2489 5033 2596 5077 ero
2630 5022 2697 5075 ut
2736 5014 2831 5075 sui
2871 5014 3174 5088 mortalis,
3210 5015 3548 5076 humanam
3588 5022 3802 5076 tecum
3842 5035 3979 5078 con-

2490 5113 2911 5176 versationem
2968 5112 3261 5176 efficiens
3318 5133 3332 5176 :
3389 5114 3529 5176 ideo
3590 5131 3668 5175 ne
3726 5115 3975 5196 penitus

2491 5213 2767 5275 desolata
2824 5229 3172 5292 remaneas,
3222 5213 3536 5276 constituo
3592 5212 3709 5274 tibi
3768 5211 3976 5274 silium

2491 5310 2603 5392 qui
2649 5310 2731 5372 sit
2773 5310 2911 5373 loco
2948 5309 3097 5385 mei,
3129 5310 3244 5372 tibi
3289 5309 3729 5392 obsequiosuS,
3764 5330 3977 5376 conso-

4084 2749 4144 2803 26
