4300 6259
1145 498 1491 547 cumano
1534 499 1597 544 m
1636 498 1778 548 car.
1823 500 1863 545 x
1903 499 2179 549 soartms.
2225 520 2306 531 -
2346 500 2487 547 aar.
2532 502 2681 548 xxvi
3344 484 3464 549 463

1413 908 2062 995 ARTICULUS
2139 910 2423 994 XXVI

624 1178 992 1227 Pnossscurlo
1037 1179 1454 1227 Exposmoms
1495 1180 1682 1225 mnus
1725 1178 2002 1226 GAPrruu
2043 1178 2275 1237 nncuss,
2319 1180 2399 1225 AB
2443 1180 2517 1226 Eo
2559 1180 2707 1227 Loco
2748 1182 2863 1236 Quo
2906 1181 3150 1229 mct'rmx
3197 1184 3211 1229 ζ

1510 1277 1624 1323 EGO
1670 1278 1787 1323 SUB
1829 1277 2066 1324 PASTOR
2105 1277 2325 1324 BONUS.

481 1558 801 1624 OCUTUS
845 1560 976 1640 jam
1034 1558 1158 1621 fuit
1207 1558 1510 1621 Dominus
1556 1557 1735 1621 Jesus
1794 1557 1859 1620 in
1890 1558 1942 1619 A
1972 1557 2191 1619 eduxit
2230 1559 2307 1621 de
2346 1558 2613 1622 mortuis
2656 1567 2968 1641 pastorem
3013 1580 3313 1643 magnum
3356 1563 3470 1628 Do-

514 1654 896 1741 praecedenti
937 1657 1233 1731 lectione,
1268 1658 1346 1719 de
1386 1666 1634 1739 pastore
1665 1658 1731 1719 in
1763 1674 1864 1739 ge-
1972 1656 2221 1718 minum
2280 1664 2567 1720 nostrum
2621 1657 2833 1720 Iesum
2892 1658 3235 1737 Christum,
3294 1670 3469 1744 aptet

347 1758 586 1820 nerali.
619 1757 801 1821 Nunc
829 1765 1053 1821 tractat
1081 1757 1160 1819 de
1191 1762 1440 1839 pastore
1472 1756 1536 1818 in
1577 1755 1860 1839 speciali,
1973 1774 2084 1819 vos
2124 1757 2191 1818 in
2230 1757 2405 1819 omni
2447 1756 2638 1820 bono.
2686 1756 2791 1819 Est
2832 1758 3023 1820 etiam
3070 1767 3283 1842 pastor
3325 1763 3468 1825 uni-

352 1856 664 1920 videlicet
706 1858 784 1919 de
827 1874 896 1919 se
938 1856 1102 1937 ipso.
1971 1873 2107 1930 cuS,
2160 1873 2408 1917 summe
2457 1853 2796 1934 singularis
2849 1862 2911 1918 et
2960 1857 3459 1937 potentissimuS,

138 1962 202 2017 11
429 1958 562 2033 Eyo
590 1975 738 2015 sum
762 1964 984 2032 pascor
1003 1956 1216 2015 bonus.
1241 1952 1604 2016 Secundum
1636 1961 1864 2016 utram·
1973 1952 2076 2015 cui
2113 1952 2331 2014 nullus
2367 1952 2767 2015 adversarius
2809 1953 2974 2016 valet
3009 1954 3301 2018 resistere
3334 1975 3348 2019 ε
3382 1957 3460 2019 (16

354 2071 494 2135 que
532 2071 711 2114 suam
754 2059 1045 2114 naturam
1086 2058 1182 2113 est
1209 2050 1493 2114 Christus
1533 2059 1767 2133 pastor,
1801 2058 1864 2113 et
1971 2069 2100 2132 quo
2147 2050 2311 2112 Deus
2360 2068 2475 2133 per
2520 2050 2913 2113 Ezechielem
2968 2052 3078 2127 ait,
3130 2052 3459 2119 Suscitabo
3540 2074 3709 2119 azeca.

359 2160 582 2235 pastor
609 2151 832 2215 bonus.
861 2149 1226 2213 Secundum
1257 2150 1652 2213 divinitatem
1683 2151 1866 2233 quip—
1971 2167 2167 2230 super
2193 2167 2449 2230 gregem
2489 2167 2703 2211 meum
2745 2158 3059 2232 pastorem
3094 2171 3312 2229 unum,
3344 2154 3460 2235 qui
3487 2141 3713 2189 ‘¹¹¹¹''23’

359 2270 468 2334 pe,
513 2251 716 2333 pascit
762 2269 889 2313 non
937 2249 1144 2313 solum
1194 2248 1653 2312 intellectuales
1692 2268 1865 2312 crea·
1973 2256 2186 2329 pascat
2226 2267 2395 2323 eum,
2437 2247 2631 2310 David
2681 2267 2936 2313 servum
2976 2267 3213 2327 meum,
3259 2252 3323 2315 id
3365 2261 3460 2316 est

361 2360 540 2411 turas
597 2347 917 2431 spirituali
973 2348 1299 2423 alimento,
1361 2349 1472 2410 sed
1530 2355 1591 2410 et
1649 2349 1863 2411 omnia
1973 2345 2314 2409 Christum.
2350 2380 2423 2392 --
2466 2345 2667 2410 Pascit
2715 2336 2930 2429 itaque
2978 2346 3263 2413 Christus
3311 2371 3459 2415 suos

357 2448 642 2511 animata
670 2448 806 2510 haec
834 2445 1140 2509 inferiora
1178 2446 1380 2528 pascit
1418 2464 1721 2528 corporeo
1752 2466 1864 2510 nu·
1971 2444 2203 2507 electos
2236 2445 2299 2507 in
2332 2445 2461 2508 vita
2490 2446 2808 2528 praesenti,
2834 2465 2997 2528 pane
3026 2446 3456 2527 lacrimarum,
3490 2472 3748 2521 ramme.

359 2548 690 2622 trimento,
742 2546 1282 2627 quemadmodum
1338 2546 1428 2607 ait
1470 2545 1798 2608 Psalmista
1845 2564 1859 2608 ε
1973 2561 2135 2625 pane
2177 2542 2608 2618 Eucharistiae,
2644 2563 2807 2625 pane
2848 2544 3114 2625 justitiae
3155 2565 3267 2609 seu
3311 2547 3462 2611 obe-

91 2666 328 2719 paam.
361 2644 545 2709 Oculi
595 2644 886 2708 omnium
937 2644 1004 2705 in
1047 2652 1111 2706 te
1154 2651 1433 2725 sperant,
1480 2642 1760 2717 Domine,
1799 2652 1863 2705 et
1973 2642 2247 2717 dientiae‚
2296 2644 2373 2705 de
2420 2661 2548 2723 quo
2596 2643 2838 2705 dictum
2887 2652 2983 2706 est
3028 2652 3173 2707 antc
3224 2663 3238 2708 :
3290 2645 3459 2709 Meus
3513 2670 3751 2727 Joaamv,

65 2730 128 2777 ¹⁵·
149 2731 216 2772 ¹⁶·
365 2755 434 2807 tu
485 2744 596 2805 das
645 2761 853 2805 escam
897 2742 1154 2806 illorum
1199 2742 1264 2804 in
1305 2749 1592 2823 tempore
1633 2760 1864 2824 oppor-
1894 2746 1939 2807 B
1972 2739 2155 2803 cibus
2186 2748 2303 2816 est,
2338 2748 2409 2802 ut
2443 2740 2672 2803 faciam
2704 2742 3092 2805 voluntatem
3122 2743 3317 2807 Patris
3347 2746 3459 2827 qui
3488 2736 3557 2777 ³⁴·

363 2851 564 2922 tuno;
608 2842 819 2923 aperis
867 2848 937 2902 tu
981 2859 1242 2903 manum
1283 2848 1480 2914 tuam,
1527 2847 1591 2902 et
1633 2840 1862 2923 imples
1971 2839 2148 2902 misit
2192 2856 2313 2901 me.

359 2959 557 3005 omne
610 2938 846 3002 animal
905 2937 1370 3003 benedictione.
1423 2937 1792 3021 Rursusque
1845 2958 1858 3003 ε
2052 2938 2288 3000 Deinde
2328 2938 2613 3001 Christus
2654 2938 2988 3021 distinguit
3028 2939 3195 3002 inter
3222 2940 3463 3005 bonum

65 3064 332 3115 ramus.
363 3039 480 3113 Qui
513 3040 620 3101 dat
645 3038 956 3119 jumentis
996 3054 1204 3099 escam
1246 3036 1555 3119 ipsorum.
1590 3036 1749 3099 Hinc
1777 3037 1866 3100 ait
1973 3044 2036 3099 et
2087 3037 2328 3099 malum
2388 3044 2725 3119 pastorem.
2776 3040 3000 3099 Bonus
3052 3049 3297 3117 pastor,
3353 3042 3468 3122 qui

87 3158 330 3209 mnan,
363 3137 652 3201 Salvator
702 3154 716 3199 ε
776 3134 1093 3217 Respicite
1152 3134 1430 3197 volatilia
1489 3133 1657 3209 coeli,
1709 3153 1868 3216 quo-
1974 3153 2050 3197 ex
2101 3135 2361 3197 caritate
2408 3143 2653 3217 praeest,
2697 3142 2761 3197 et
2797 3134 2969 3200 fovet
3011 3136 3135 3199 sibi
3175 3140 3472 3202 commis-

67 3224 132 3265 25·
364 3237 540 3300 niam
585 3254 712 3299 non
751 3242 993 3307 serunt,
1031 3251 1240 3314 neque
1280 3240 1549 3307 metunt,
1584 3241 1648 3295 et
1687 3232 1867 3296 Pater
1976 3252 2099 3309 565,
2135 3241 2205 3296 ut
2246 3251 2466 3297 eorum
2511 3241 2885 3316 cooperetur
2926 3234 3140 3317 saluti,
3172 3243 3235 3298 et
3276 3236 3471 3299 simul

365 3344 580 3400 vester
617 3333 893 3399 coelestis
934 3332 1136 3415 pascit
1173 3350 1267 3393 ea.
1301 3330 1477 3404 Quod
1515 3350 1665 3396 vero
1695 3334 1868 3396 Chri·
1976 3352 2122 3395 cum
2173 3332 2300 3395 illis
2344 3331 2642 3406 salvetur,
2686 3335 2979 3394 animam
3016 3354 3227 3407 suam,
3272 3335 3335 3396 id
3378 3343 3473 3398 est

365 3444 504 3497 stus
551 3442 622 3495 ut
667 3433 830 3495 Deus
876 3432 960 3494 sit
998 3431 1334 3494 hominum
1382 3437 1595 3513 pastor
1637 3431 1702 3493 in
1743 3432 1866 3513 spi·
1974 3431 2171 3494 vitam
2217 3430 2580 3507 animalem,
2625 3430 2977 3493 naturalem
3023 3448 3136 3493 seu
3182 3450 3473 3515 corpora-

367 3532 712 3597 ritualibus
765 3531 950 3604 esciS‚
1004 3536 1251 3593 constat
1297 3546 1375 3591 ex
1423 3546 1498 3593 eo
1554 3531 1725 3611 quod
1780 3530 1868 3592 ait
1974 3528 2125 3604 lem,
2156 3532 2299 3598 dat,
2327 3528 2391 3590 id
2422 3536 2537 3603 est,
2570 3528 2758 3591 morti
2790 3530 3071 3611 exponit,
3097 3550 3219 3607 pro
3248 3533 3473 3592 ovibus

119 3650 292 3695 emh.
362 3633 538 3715 apud
576 3630 973 3694 Ezechielem
1013 3647 1026 3692 ε
1071 3628 1199 3709 Ego
1238 3628 1378 3710 ipse
1418 3646 1669 3710 pascam
1715 3646 1866 3692 oves
1973 3630 2130 3699 sui-3,
2184 3628 2247 3690 id
2296 3634 2391 3689 est
2439 3645 2554 3708 pro
2604 3624 2973 3690 defensione
3028 3635 3221 3709 atque
3269 3629 3472 3692 salute

73 3717 298 3763 ¹¹¹¹''¹⁵·
363 3750 560 3795 meas.
604 3730 708 3793 Sic
748 3748 1010 3811 quoque
1048 3735 1146 3790 est
1186 3726 1472 3790 Christus
1518 3735 1730 3810 pastor
1771 3746 1868 3791 es·
1972 3725 2181 3806 gregis
2230 3724 2353 3786 sibi
2402 3724 2747 3797 commissi,
2801 3724 2931 3788 imo
2988 3724 3328 3805 cujuslibet
3374 3744 3473 3789 eo-

360 3830 716 3895 sentialiter
745 3829 975 3902 bonuS,
995 3833 1058 3888 et
1089 3845 1248 3909 pura
1279 3825 1664 3907 infinitaque
1695 3825 1869 3890 boni·
1976 3843 2116 3885 rum
2158 3823 2222 3884 in
2257 3829 2428 3884 certo
2468 3840 2640 3896 casu,
2675 3822 2973 3884 videlicet
3009 3825 3266 3904 quando
3292 3824 3469 3905 gregi

357 3938 478 3992 tas,
512 3928 880 3992 Secundum
922 3934 1212 3987 naturam
1253 3942 1403 3987 vero
1446 3932 1860 4006 assumptam,
1894 3925 1936 3989 C
1974 3922 2269 3983 imminet
2314 3919 2535 3982 salutis
2584 3920 2940 4002 periculum
2992 3940 3006 3984 :
3052 3929 3123 3983 ut
3169 3922 3222 3983 si
3271 3922 3472 3985 haere-

356 4036 455 4090 est
516 4034 730 4109 pastor
789 4022 1317 4098 instrumentaliS,
1379 4040 1494 4105 per
1551 4024 1867 4086 excellen-
1973 4020 2104 4094 tici,
2160 4018 2258 4083 vel
2319 4018 2569 4102 pagani,
2630 4026 2740 4081 aut
2797 4020 3048 4103 tyranni
3109 4020 3472 4103 irrumpant

354 4126 672 4188 tissimam
705 4122 940 4186 divinae
969 4122 1269 4185 bonitatis
1311 4120 1859 4203 participationem
1968 4119 2338 4193 Ecclesiam,
2391 4125 2689 4183 conantes
2749 4119 3158 4182 christianam
3214 4120 3468 4202 plebem

355 4224 589 4288 honus.
633 4222 741 4284 Est
792 4221 987 4302 igitur
1037 4228 1251 4302 pastor
1293 4220 1522 4294 bonuS,
1556 4219 1862 4301 quoniam
1968 4238 2003 4280 a
2042 4217 2175 4280 fide
2212 4218 2310 4281 vel
2351 4217 2646 4299 aequitate
2693 4226 2999 4293 avertere,
3040 4227 3105 4281 et
3150 4237 3338 4282 nemo
3386 4219 3469 4282 sit

351 4323 527 4405 juste
571 4330 635 4385 et
677 4320 1006 4385 caritative
1053 4338 1128 4382 ac
1169 4318 1590 4381 saluberrime
1629 4318 1742 4381 alit
1779 4317 1861 4380 si·
1969 4316 2081 4399 qui
2131 4316 2333 4399 possit
2374 4322 2525 4377 tunc
2574 4316 2886 4399 populum
2924 4316 3033 4378 Dei
3082 4317 3464 4381 confirmare

356 4423 532 4485 deles
582 4419 934 4483 sanctitatis
983 4418 1299 4499 exemplo,
1347 4417 1676 4499 sapientiae
1725 4434 1864 4479 ver-
1970 4416 2034 4477 in
2095 4414 2225 4477 fide
2286 4414 2385 4477 vel
2442 4414 2761 4496 aequitate,
2824 4415 2877 4477 si
2936 4422 3149 4497 pastor
3208 4416 3456 4481 abierit.

353 4519 461 4594 be,
514 4518 800 4582 oratione
861 4523 924 4578 et
982 4514 1202 4595 signiS.
1258 4514 1538 4595 Denique
1587 4522 1714 4575 tam
1772 4514 1865 4575 af·
1967 4513 2173 4587 Quum
2204 4513 2376 4575 enim
2404 4512 2615 4575 anima
2642 4513 2725 4575 sit
2756 4513 3150 4595 praestantior
3180 4514 3308 4577 vita
3335 4533 3463 4579 cor-
3522 4546 3752 4600 mum...

358 4618 686 4681 fectuosus
745 4613 1161 4695 liberalisque
1219 4620 1433 4695 pastor
1489 4619 1603 4687 est,
1667 4620 1737 4674 ut
1794 4631 1862 4675 se
1969 4611 2170 4695 porali
2209 4619 2273 4673 et
2308 4628 2592 4694 corpore,
2638 4611 2827 4673 debet
2865 4610 3161 4693 praelatus
3202 4613 3314 4694 qui
3357 4633 3464 4695 pa·
3490 4612 3560 4654 ²⁵·

361 4717 578 4797 ipsum
624 4719 880 4795 praestet
921 4712 987 4773 in
1032 4710 1273 4786 cibum,
1319 4728 1434 4791 per
1476 4729 1669 4791 quem
1715 4730 1862 4774 con·
1969 4719 2098 4774 stor
2135 4718 2233 4771 est
2277 4709 2657 4781 animarum,
2704 4727 2820 4790 pro
2869 4708 3070 4771 salute
3112 4710 3211 4770 sui
3252 4711 3461 4792 gregis

363 4812 701 4895 sequimur
731 4809 927 4873 vitam
956 4816 1280 4871 aeternam.
1316 4807 1424 4871 Est
1451 4817 1662 4870 autem
1693 4809 1864 4872 Chri·
1967 4811 2046 4872 ad
2098 4816 2366 4872 mortem
2416 4824 2553 4869 esse
2610 4814 2885 4888 paratus.
2939 4805 3001 4867 Si
3060 4814 3273 4871 autem
3330 4809 3464 4873 sola

364 4920 502 4975 stus
552 4918 768 4992 pastor
825 4899 1137 4980 summuS,
1187 4906 1364 4986 juxta
1423 4907 1582 4969 illud
1628 4906 1792 4970 Petri
1844 4927 1859 4971 ε
1971 4906 2342 4989 temporalia
2388 4904 2789 4967 subditorum
2837 4912 3203 4985 quaerantur
3239 4905 3319 4967 ab
3356 4908 3465 4969 ad-

81 5034 332 5085 mmm.
364 5012 572 5086 Quum
602 5008 972 5092 apparuerit
1011 5007 1311 5089 princeps
1351 5013 1698 5089 pastorum,
1725 5026 1865 5089 per·
1970 5004 2288 5078 versariiS‚
2324 5021 2449 5066 non
2480 5010 2727 5084 oportet
2757 5010 2825 5065 ut
2852 5011 3127 5085 exponat
3154 5020 3221 5065 se
3250 5003 3455 5068 morti.

365 5108 618 5192 cipietis
652 5105 1248 5169 immarcescibilem
1285 5105 1504 5187 gloriae
1540 5122 1859 5169 coronam.
1890 5111 1938 5172 D
1970 5104 2135 5166 Talis
2188 5108 2400 5184 pastor
2445 5100 2567 5162 fuit
2611 5099 2861 5175 PauluS,
2908 5101 3020 5183 qui
3071 5102 3231 5164 dixit
3273 5121 3287 5166 :
3334 5102 3459 5185 Ego
3514 5138 3753 5193 „eff-m,

365 5206 476 5269 Est
531 5222 792 5287 quoque
849 5210 1064 5286 pastor
1121 5202 1458 5277 maximus,
1511 5203 1862 5265 secundum
1971 5201 2108 5283 ipse
2137 5198 2411 5261 libenter
2448 5196 2813 5279 impendam
2843 5205 2907 5259 et
2934 5198 3464 5281 superimpendar
3491 5203 3559 5247 ¹⁵·

83 5268 232 5383 'peg-
253 5282 336 5321 ¹¹¹¹*
365 5305 528 5369 illud
568 5302 746 5367 Pauli
789 5303 869 5365 ad
911 5300 1206 5365 Hebraeos
1245 5320 1262 5366 z
1303 5301 1466 5364 Deus
1519 5300 1714 5383 paciS,
1748 5301 1862 5382 qui
1971 5318 2086 5385 pro
2131 5296 2467 5360 animabus
2506 5295 2755 5359 vestris.
2794 5294 2921 5359 Nec
2966 5296 3174 5361 solum
3222 5307 3456 5381 pastor,
