4300 6259
815 469 895 534 84
1592 489 1939 538 mmm-rio
1982 490 2046 537 m
2088 491 2226 538 cn.
2273 490 2382 538 xm
2425 492 2612 539 Low.
2658 511 2738 522 —
2778 493 2920 539 aar.
2967 493 3156 539 xxxvi

819 666 943 721 tres
992 665 1189 720 status
1235 677 1565 723 servorum
1613 660 1745 735 Dei,
1789 661 2031 724 scilicet
2080 660 2309 744 incipi·
2335 661 2386 722 A
2415 662 2855 738 instrueretur,
2889 670 2952 725 et
2987 669 3226 726 tantam
3267 681 3304 724 a
3333 660 3581 726 Christo
3611 661 3910 724 virtutem

814 757 1079 832 entium,
1115 757 1607 839 proficientium,
1636 767 1700 822 et
1731 760 2177 843 perfectorum,
2207 759 2308 822 vel
2415 762 2753 843 acciperet,
2807 769 2878 823 ut
2924 763 3002 824 de
3059 780 3132 824 ea
3179 761 3516 843 Apostolus
3571 759 3842 822 fateatur
3892 779 3906 822 ε

817 862 1076 938 propter
1132 863 1365 920 statum
1425 859 1932 939 conjugatorum,
1982 859 2310 922 continen-
2419 860 2588 921 Unus
2622 860 2804 942 panis
2835 868 2897 922 et
2929 879 3126 922 unum
3159 878 3411 942 corpuS,
3445 859 3630 921 multi
3661 877 3906 920 sumus.
3941 874 4120 917 icam
4144 879 4202 918 ιτ.

816 956 999 1030 tium,
1052 965 1114 1017 ct
1162 955 1517 1037 virginum3
1569 957 1769 1020 donec
1819 957 2310 1020 fermentaretur
2414 958 2633 1040 Itaque
2681 959 3068 1022 fermentum
3119 958 3237 1021 boc
3298 958 3436 1021 loco
3482 957 3547 1018 in
3595 958 3763 1020 bono
3810 976 3913 1019 ac—

814 1060 1040 1128 totum,
1076 1052 1195 1116 hoc
1234 1062 1351 1129 est,
1384 1073 1721 1136 quousque
1762 1056 2137 1119 universum
2179 1075 2310 1134 my·
2418 1056 2675 1138 cipitur.
2717 1057 2886 1119 Alibi
2934 1075 3085 1120 vcro
3133 1057 3198 1118 in
3250 1056 3416 1119 malo
3461 1056 3794 1137 accipitur,
3843 1062 3911 1117 ut

812 1151 1042 1214 sticum
1088 1170 1319 1234 corpus
1361 1153 1614 1228 Christi,
1660 1155 1830 1236 quod
1874 1162 1969 1216 est
2013 1154 2312 1217 universa
2417 1173 2620 1236 quum
2668 1155 3004 1237 Apostolus
3060 1154 3149 1217 ait
3201 1173 3214 1217 ε
3265 1154 3578 1218 Modicum
3634 1154 3912 1216 fermen-
3961 1170 4200 1220 midas.

810 1248 1093 1313 Ecclesia
1149 1251 1494 1314 electorum
1542 1250 1858 1327 fidelium,
1911 1251 2159 1315 Christo
2216 1253 2311 1314 in·
2418 1260 2554 1314 tum
2602 1260 2797 1316 totam
2845 1271 3118 1316 massam
3167 1253 3555 1334 corrumpit3
3597 1259 3660 1315 et
3704 1271 3908 1334 quum

812 1356 1273 1432 corporaretur,
1306 1349 1576 1432 ejusque
1606 1349 1757 1425 fide,
1792 1351 2049 1413 caritate
2080 1358 2145 1413 et
2176 1370 2308 1432 gra·
2417 1351 2482 1413 in
2511 1351 2667 1414 Osee
2697 1351 2948 1433 legitur,
2981 1350 3234 1425 Quievit
3260 1351 3482 1414 civitas
3514 1351 3844 1433 paululum
3875 1369 3912 1412 a
3941 1372 4056 1416 ozee
4075 1387 4144 1418 m.
4163 1377 4200 1414 ι.

813 1446 899 1509 tia
945 1446 1344 1523 formaretur,
1377 1456 1441 1511 et
1480 1466 1595 1530 per
1632 1467 1873 1512 sacram
1912 1447 2306 1532 Scripturam
2416 1449 2890 1525 commixtione,
2924 1451 3124 1512 donec
3162 1449 3652 1512 fermentaretur
3681 1455 3906 1512 totum.

1804 1879 2462 1967 ARTICULUS
2547 1881 2916 1964 XXXVI

964 2153 1330 2202 pnosssctmo
1374 2152 1789 2201 Expostnoms
1832 2153 2017 2200 mnus
2060 2153 2339 2201 currum
2381 2153 2815 2215 ΤΕΒΤῘΙῸΕΟῙΜῘ,
2860 2156 2940 2200 ΑΒ
2984 2156 3058 2202 ΕΟ
3104 2155 3251 2203 Loco
3295 2155 3412 2212 Quo
3456 2155 3698 2204 mertun
3743 2157 3756 2201 :

1571 2253 1644 2298 ΕΤ
1685 2252 1829 2298 um
1872 2251 1989 2299 Pan
2030 2251 2345 2300 CIVITATES
2392 2253 2466 2298 ΕΤ
2507 2252 2838 2315 CASTRLLA,
2881 2253 3138 2301 DOCENS.
3263 2255 3268 2261 ”

946 2529 1245 2594 ΠΟΝῙΑΜ
1292 2531 1577 2596 Christus
1623 2531 1755 2614 jam
1799 2532 1877 2593 de
1916 2530 2300 2611 evangelicae
2337 2529 2384 2591 B
2410 2537 2625 2612 tatem,
2658 2531 2940 2611 satagite,
2975 2533 3252 2601 intrare,
3293 2532 3414 2595 hoc
3461 2539 3557 2594 est
3604 2533 3682 2594 ad
3731 2539 3910 2594 aeter-

808 2526 939 2729 Q
965 2629 1429 2712 praedicationis
1461 2648 1535 2692 ac
1571 2628 1726 2692 fidei
1765 2628 2299 2710 multiplicatione
2409 2647 2554 2690 nam
2586 2629 3046 2692 beatitudinem
3078 2629 3402 2712 proficisci
3433 2647 3547 2712 per
3578 2630 3908 2692 interiores

799 2725 1155 2808 figuraliter
1192 2737 1289 2791 est
1324 2728 1594 2803 locutuS,
1632 2735 2094 2808 consequenter
2132 2727 2298 2790 facto
2407 2729 2880 2809 exterioresque
2936 2736 3113 2791 actus
3164 2729 3495 2803 virtutum,
3534 2749 3655 2806 per
3701 2748 3910 2805 anqu-

592 2829 667 2885 22
801 2825 995 2888 verba
1031 2845 1146 2888 sua
1173 2825 1483 2890 verificat.
1516 2829 1603 2888 Et
1634 2829 1767 2887 ibat
1800 2825 1979 2888 Jesus
2020 2844 2169 2888 cum
2210 2825 2299 2887 di·
2404 2835 2573 2888 stam
2605 2835 2888 2903 porcam,
2921 2827 2984 2889 id
3015 2836 3113 2889 est
3151 2845 3265 2908 per
3306 2827 3500 2891 vitam
3541 2826 3908 2908 poenitenti-

798 2923 1064 3006 scipulis
1112 2925 1245 2988 suis
1286 2944 1407 3002 per
1442 2926 1737 2986 civitates
1773 2933 1831 2984 ec
1873 2928 2136 2986 castella
2185 2922 2299 2986 Ga·
2404 2923 2590 2997 alem,
2627 2942 2741 3005 per
2780 2924 3248 2987 indesinentem
3285 2925 3492 2988 cordis
3533 2924 3904 2996 custodiam,

794 3021 975 3085 lilaeae
1030 3031 1221 3104 atque
1264 3022 1513 3095 ludina,
1564 3026 1793 3083 doeens
1840 3030 1967 3085 tam
2019 3022 2295 3085 urbanos
2407 3039 2521 3102 per
2577 3023 3122 3086 conversationem
3181 3023 3580 3103 timoratam;
3632 3021 3730 3085 vel
3792 3039 3906 3104 per

790 3139 981 3201 quam
1015 3121 1302 3196 villanos,
1334 3129 1639 3202 tanquam
1672 3139 2085 3202 personarum
2117 3138 2298 3182 acce-
2405 3119 2746 3193 Christum,
2782 3120 2920 3200 ejus
2951 3121 3276 3202 sequendo
3301 3121 3586 3202 vestigia,
3620 3120 3730 3202 qui
3764 3121 3852 3181 ait
3884 3139 3900 3182 :

789 3225 933 3301 ptor
962 3237 1088 3284 non
1124 3220 1458 3294 exsistenS,
1493 3220 1601 3281 sed
1637 3237 1858 3282 omnes
1893 3226 2024 3280 tam
2063 3237 2294 3300 parvos
2404 3217 2532 3298 Ego
2571 3237 2714 3280 sum
2753 3219 3030 3299 ostium;
3072 3219 3354 3301 itemque
3388 3239 3401 3282 :
3435 3219 3564 3300 Ego
3603 3238 3744 3281 sum
3777 3219 3899 3294 via,
3929 3246 4198 3296 Jm‚1,9,

786 3336 981 3400 quam
1028 3336 1310 3399 magnoS,
1354 3325 1483 3380 tam
1532 3319 1746 3381 doctos
1796 3337 1991 3399 quam
2041 3317 2290 3394 idiotas,
2402 3324 2521 3378 etc.
2567 3316 2774 3392 Porro,
2819 3316 3141 3380 Christum
3189 3318 3372 3398 sequi
3416 3325 3479 3379 et
3528 3336 3642 3399 per
3689 3316 3904 3399 ipsum
3933 3309 4200 3360 ¹⁶‘d·¹¹'·⁶·

786 3424 1099 3498 quantum
1141 3417 1207 3480 in
1245 3436 1312 3479 se
1342 3415 1485 3492 fuit,
1517 3417 1598 3478 ad
1628 3416 1901 3478 salutem
1946 3416 2289 3498 inducens3
2402 3414 2660 3490 intrare,
2685 3423 2781 3477 est
2808 3417 3073 3479 adversa
3099 3417 3542 3497 aequanimiter
3571 3415 3760 3490 ferre,
3796 3415 3907 3479 bo-

788 3525 849 3576 et
887 3518 1012 3576 iter
1049 3517 1301 3594 faciens
1342 3518 1417 3578 in
1455 3519 1837 3586 Jerusalem,
1880 3515 2000 3577 hoc
2049 3521 2166 3590 est,
2213 3516 2291 3577 ad
2403 3531 2485 3574 na
2515 3531 2630 3595 pro
2665 3513 2848 3575 malis
2887 3515 3256 3595 rependere,
3294 3513 3587 3578 inimicos
3622 3513 3900 3594 diligere,

792 3614 1003 3678 locum
1043 3632 1173 3677 suae
1221 3614 1533 3696 passionis
1577 3613 2041 3696 propinquanS,
2086 3620 2149 3675 et
2185 3631 2293 3693 ge-
2401 3611 2588 3673 malle
2628 3611 2791 3674 mori
2824 3630 3018 3693 quam
3059 3610 3228 3674 viam
3260 3611 3513 3674 virtutis
3554 3619 3616 3672 et
3652 3611 3905 3693 aequita·

796 3730 915 3774 nus
962 3712 1313 3775 humanum
1361 3712 1633 3775 liberare
1680 3711 2070 3785 desiderans,
2126 3710 2296 3773 sicut
2329 3709 2372 3774 C
2403 3708 2482 3770 tis
2518 3709 2829 3771 deserere.
2869 3709 3025 3771 Hinc
3055 3708 3287 3772 Paulus
3323 3717 3588 3772 testatur
3623 3727 3637 3772 ε
3671 3709 3901 3772 Omnes
3949 3730 3984 3773 ιι
4007 3731 4198 3780 wana,

505 3831 762 3886 Luem-..sa
793 3809 924 3890 jam
952 3818 1097 3873 ante
1136 3818 1395 3873 testatus
1426 3819 1521 3872 est
1554 3829 1568 3873 ε
1604 3809 1923 3892 Baptismo
1954 3809 2157 3872 habeo
2187 3809 2296 3872 ba-
2403 3806 2518 3888 qui
2557 3807 2779 3870 volunt
2816 3807 2922 3890 pie
2960 3807 3176 3871 vivere
3213 3808 3281 3869 in
3322 3807 3584 3882 Christo,
3618 3825 3906 3888 persecu·
3933 3795 3998 3836 ¹²·

798 3909 1043 3992 ptizari,
1077 3916 1141 3972 et
1175 3910 1494 3992 quomodo
1534 3915 1816 3972 coarctor
1854 3909 2055 3971 donec
2099 3908 2295 3990 perfi-
2403 3904 2641 3967 tionem
2685 3906 3044 3986 patientur3
3085 3913 3148 3967 et
3188 3905 3456 3968 Joannes
3492 3903 3652 3978 :Qui
3699 3923 3767 3966 se
3811 3905 3905 3966 di·
3949 3927 4200 3976 mnam..

799 4009 1053 4071 ciatur‘l
2405 4003 2491 4066 cit
2547 4003 2613 4065 in
2671 4003 2918 4067 Christo
2978 4021 3259 4078 manere,
3324 4004 3512 4067 debet
3573 4003 3740 4066 sicut
3796 4003 3902 4066 ille
3931 3993 3974 4032 ⁶·

592 4120 663 4176 23
896 4109 1013 4168 Ait
1063 4115 1283 4168 autem
1332 4108 1442 4166 illi
1493 4107 1765 4186 quidam
1814 4126 1836 4166 .·
1888 4107 2186 4175 Domine,
2235 4106 2296 4165 si
2404 4101 2774 4174 ambulavit,
2809 4100 3038 4182 etipse
3072 4101 3422 4163 ambulare.
3455 4100 3598 4164 Haec
3627 4109 3723 4162 est
3762 4120 3906 4183 por-

788 4205 994 4282 pauci
1022 4213 1175 4265 sunt
1203 4206 1321 4284 qui
1346 4205 1741 4264 salvantur?
1768 4202 1899 4266 Hoc
1932 4203 2071 4265 ideo
2102 4203 2296 4264 inter·
2405 4209 2467 4262 ta
2502 4207 2790 4281 angusta,
2832 4200 2910 4261 de
2949 4217 3076 4280 qua
3117 4200 3285 4281 apud
3329 4199 3684 4263 Matthaeum
3723 4219 3904 4282 aper-

796 4302 1059 4382 rogavit,
1092 4303 1245 4384 quia
1287 4301 1532 4364 audivit
1573 4300 1893 4363 Christum
1933 4301 2011 4362 de
2052 4300 2292 4364 coelesti
2407 4299 2530 4360 tius
2575 4298 2861 4379 loquitur
2911 4297 3196 4360 Christus
3230 4316 3244 4359 :
3277 4298 3529 4372 Intrate,
3575 4297 3894 4378 inquienS,
3943 4322 4204 4372 uaccam.

795 4417 989 4481 regno
1038 4399 1315 4482 plurima
1367 4399 1731 4482 praedicare,
1786 4400 2294 4480 documentaque
2406 4415 2520 4478 per
2561 4403 2892 4477 angustam
2939 4403 3207 4477 portam,
3251 4395 3406 4477 quia
3445 4395 3570 4458 lata
3611 4402 3792 4477 porta
3837 4403 3902 4459 et
3931 4387 4092 4434 ¹³³⁴·

793 4500 991 4562 ardua
1030 4499 1275 4560 tradere
1315 4517 1432 4580 pro
1468 4497 1857 4579 acquirenda
1892 4495 2117 4558 salute.
2148 4499 2296 4576 Ipse
2405 4495 2682 4577 spatiosa
2712 4494 2816 4557 via
2843 4502 2938 4555 est
2967 4512 3112 4575 quae
3140 4495 3315 4556 ducit
3342 4495 3419 4556 ad
3451 4494 3896 4576 perditionem,

794 4607 1014 4660 autem
1054 4599 1233 4658 dicirit
1270 4599 1358 4658 ad
1401 4598 1568 4658 illos.
1604 4595 1775 4658 Unus
1824 4595 2140 4676 quaesivit,
2186 4596 2294 4658 sed
2406 4600 2469 4655 et
2515 4592 2700 4654 multi
2743 4592 2982 4654 intrant
3032 4610 3148 4673 per
3195 4609 3357 4654 eam.
3399 4591 3596 4665 Quam
3637 4600 3903 4675 angusta

797 4695 1084 4760 Christus
1121 4696 1199 4757 ad
1230 4712 1451 4759 omnes
1481 4694 1592 4776 qui
1632 4695 1911 4768 aderant,
1947 4693 2163 4773 dirigit
2203 4712 2298 4754 re-
2407 4697 2588 4773 porta
2623 4696 2688 4752 et
2724 4697 2895 4752 arcta
2936 4689 3039 4752 via
3074 4708 3218 4771 quae
3261 4690 3436 4752 ducit
3472 4691 3549 4752 ad
3585 4691 3805 4766 vitam,
3839 4700 3901 4755 et

800 4794 1230 4877 sponsionem,
1281 4793 1585 4874 quoniam
1644 4791 2011 4874 quaestionis
2064 4791 2296 4855 solutio
2408 4790 2594 4873 pauci
2638 4790 2977 4852 inveniunt
3019 4807 3158 4851 eam
3194 4795 3208 4850 1

800 4893 879 4955 ad
917 4907 1137 4954 omnes
1175 4890 1483 4971 spectavit
1516 4908 1529 4951 :
1564 4898 1628 4951 et
1663 4889 1823 4952 forte
1861 4889 1980 4950 iste
2020 4909 2186 4950 unus
2218 4906 2296 4951 ex
2326 4895 2376 4957 D
2485 4887 2604 4950 Sed
2655 4888 2906 4951 videtur
2952 4888 3052 4951 his
3100 4886 3379 4964 obviare,
3422 4890 3591 4970 quod
3641 4889 3708 4950 in
3757 4888 3903 4952 Mat-

597 4997 671 5054 2⁴
802 4990 1073 5053 aliorum
1104 4989 1513 5068 interrogavit
1542 4987 1869 5050 instinctu.
1900 4990 2296 5057 Contendice,
2408 4986 2568 5050 thaeo
2613 4987 2766 5048 dicit
2805 4985 3085 5049 Salvator
3129 5005 3143 5048 z
3183 4986 3410 5067 Jugum
3453 5005 3664 5049 meum
3709 5005 3900 5050 suave
3931 5006 4200 5058 nummo.

804 5089 870 5150 id
908 5096 1023 5162 est,
1056 5107 1204 5150 cum
1242 5087 1353 5148 lite
1382 5094 1445 5148 et
1474 5105 1687 5170 pugna
1725 5093 1942 5149 contra
1978 5086 2297 5147 daemones
2407 5093 2501 5148 est
2531 5091 2594 5147 et
2622 5104 2783 5147 onus
2817 5102 3030 5145 meum
3060 5084 3221 5146 leve.
3259 5083 3332 5144 Et
3363 5085 3897 5166 respondendum,

802 5193 865 5249 et
915 5193 1190 5268 peccata,
1242 5194 1462 5249 contra
1508 5186 1818 5247 mundum
1862 5193 1925 5246 et
1972 5183 2296 5265 propriam
2407 5184 2579 5265 quod
2625 5183 2844 5244 eadem
2895 5182 3017 5257 via,
3053 5188 3148 5244 est
3190 5181 3580 5264 imperfectis
3627 5200 3701 5244 ac
3745 5182 3904 5244 inci-

805 5302 1081 5358 carnem,
1116 5284 1681 5366 irrefrenatamque
1722 5281 2043 5365 propriam
2077 5281 2299 5344 volun·
2408 5281 2731 5364 pientibus
2770 5289 2962 5354 arcta,
2999 5279 3330 5356 laboriosa,
3366 5281 3524 5342 dura
3562 5279 3696 5343 sive
3733 5299 3906 5344 ama-
