4300 6259
595 3265 744 3308 Eccli.
761 3279 788 3318 ι,
807 3268 846 3309 5.

877 505 996 571 186

1668 523 2019 570 mutumne
2063 522 2126 568 IN
2169 523 2307 570 cAP.
2354 522 2461 568 XXI
2503 523 2693 570 LUGAE.
2736 542 2818 553 —
2860 525 3001 570 Am.
3049 525 3191 570 xmv

874 694 1130 770 Scribae,
1184 694 1249 756 in
1297 694 1535 777 quibus
1584 693 1708 756 fuit
1765 693 2028 757 scientia
2076 693 2370 756 informis
2398 691 2820 758 APharisaeos
2875 714 3086 759 coram
3135 695 3325 777 vulgo
3384 697 3641 778 publice
3688 698 3977 780 increpa·

874 801 938 856 et
980 793 1238 868 inflanS,
1281 795 1602 872 accipient
1639 795 2127 854 damnationem
2166 793 2371 869 majo-

872 912 1033 960 rem,
1066 891 1130 953 id
1180 899 1295 965 est,
1327 893 1582 972 gravius
1636 891 1985 973 punientur
2024 890 2090 952 in
2136 890 2371 970 sempi-

873 998 1150 1064 ternum,
1203 992 1554 1052 secundum
1612 990 1784 1071 quod
1841 989 1984 1051 aliis
2043 989 2368 1051 enormius

875 1096 1318 1171 peccaverunt.

952 1185 999 1248 Ο
1027 1205 1218 1267 quam
1259 1186 1468 1260 multi,
1502 1187 1691 1249 etiam
1733 1186 1920 1248 modo
1960 1185 2024 1246 in
2064 1183 2365 1256 Ecclesia,

873 1284 1102 1346 horum
1159 1283 1522 1347 Scribarum
1580 1293 1644 1347 et
1700 1284 2157 1346 Pharisaeorum
2217 1282 2371 1346 vitia

872 1383 1223 1457 imitantur,
1276 1403 1403 1446 non
1454 1383 1561 1444 Dei
1614 1383 1918 1446 honorem
1967 1389 2030 1444 et
2075 1382 2364 1463 gloriam,

872 1484 981 1544 sed
1024 1483 1347 1565 propriam
1385 1483 1898 1546 commoditatem
1927 1490 1991 1544 et
2023 1483 2371 1546 veneratio-

872 1599 1040 1655 nem,
1075 1581 1326 1644 laudem
1367 1589 1429 1643 et
1466 1579 1701 1643 famam
1741 1589 2120 1662 quaerentes,
2155 1600 2371 1643 carna-

869 1678 1029 1741 litati
1091 1680 1541 1753 deservientes,
1599 1679 1917 1742 ambitiosi
1979 1689 2041 1743 et
2101 1679 2370 1742 simula-

871 1785 1061 1853 toreS,
1123 1797 1197 1839 ac
1255 1778 1614 1860 spiritualia
1676 1786 1935 1860 propter
1995 1779 2371 1859 temporalia

2475 792 2603 855 bat.
2648 792 2722 855 Et
2775 796 3309 876 respondendum,
3360 797 3531 877 quod
3582 804 3827 859 certum
3879 805 3975 858 est

2477 908 2624 952 eum
2663 892 2783 954 hoc
2824 892 3043 955 divino
3082 893 3311 956 fecisse
3353 893 3681 969 instinctu,
3718 901 3977 976 propter

2478 989 2758 1052 diversas
2790 1009 3009 1052 causas
3044 1010 3057 1054 :
3093 991 3323 1073 primo,
3352 992 3506 1073 quia
3534 992 3791 1055 illorum
3823 992 3976 1055 vitia

2478 1087 2737 1168 publica
2774 1097 2994 1161 erant;
3036 1089 3337 1164 secundo,
3372 1089 3673 1170 quoniam
3718 1091 3977 1152 scanda—

2478 1185 2730 1249 lizativa
2776 1186 3031 1249 fuerant
3069 1186 3316 1269 plebis3
3356 1188 3563 1264 tertio,
3611 1207 3729 1271 pro
3775 1188 3977 1251 infor-

2478 1285 2754 1348 matione
2809 1286 3292 1368 discipulorum,
3352 1295 3665 1368 quatenus
3725 1296 3787 1350 et
3844 1307 3979 1350 ma-

2475 1383 2645 1464 jores
2687 1386 2995 1447 auderent
3037 1384 3377 1467 corripere.
3420 1384 3716 1458 Quamvis
3760 1393 3975 1448 autem

2476 1481 2685 1545 omnis
2730 1482 2959 1546 Christi
3004 1483 3167 1546 actio
3210 1484 3293 1545 sit
3334 1483 3833 1547 Christianorum
3880 1484 3977 1546 in-

2479 1581 2765 1655 structio,
2784 1600 2910 1644 non
2942 1589 3153 1643 tamen
3183 1582 3294 1644 illa
3324 1581 3658 1645 instructio
3686 1590 3783 1644 oet
3812 1601 3978 1645 sem-

2479 1697 2593 1761 per
2633 1680 2712 1741 ad
2751 1679 3152 1754 imitandum,
3188 1681 3297 1742 sed
3341 1680 3660 1742 interdum
3700 1682 3779 1742 ad
3816 1679 3974 1743 fidei

2478 1778 2848 1840 firmitatem
2878 1785 2987 1840 aut
3016 1796 3267 1841 morum
3300 1778 3837 1853 reformationem,
3860 1798 3976 1842 seu

871 1875 1265 1950 exhibentes,
1317 1877 1854 1958 quemadmodum
1907 1876 2165 1957 quidam
2223 1896 2368 1958 pre·
2406 1876 2602 1939 Balia
2654 1878 2965 1958 quaedam.
3018 1910 3099 1921 -—
3150 1877 3293 1939 Haec
3352 1885 3561 1940 autem
3622 1877 3977 1960 increpatio

871 1974 1106 2056 sbyteri
1140 1983 1392 2057 propter
1413 1975 1756 2038 oblationes
1785 1975 2217 2057 multiplicant
2242 1975 2372 2038 Mis-

873 2078 1021 2133 sast
1074 2071 1176 2134 Vae
1233 2073 1586 2136 ambitiosis
1649 2073 1944 2156 praelatiS,
2005 2074 2368 2136 carnalibus

873 2171 1254 2252 cupidisque
1317 2172 1703 2246 doctoribuS,
1765 2180 1828 2234 et
1885 2173 2200 2235 universis
2264 2193 2369 2235 su-

875 2269 1112 2350 perbiae
1156 2268 1335 2332 filiis.
1370 2306 1451 2316 —
1480 2269 1763 2351 Denique
1807 2271 1976 2333 circa
2023 2271 2370 2352 praehabita

872 2367 1026 2428 dicit
1067 2367 1545 2450 chrysostomus
1582 2387 1596 2431 :
1632 2368 1791 2431 Dum
1832 2368 2122 2433 Iudaicos
2168 2389 2370 2433 sacer-

873 2465 1047 2527 dotes
1079 2466 1362 2530 Christus
1393 2465 1741 2543 confundit,
1770 2468 1960 2530 etiam
1991 2469 2369 2533 christianos

875 2564 1274 2647 presbyteros
1327 2574 1563 2639 monet,
1617 2584 1697 2628 ne
1746 2584 1894 2628 cum
1944 2566 2152 2630 viduis
2202 2587 2371 2630 com-

877 2671 1204 2725 morentur
1246 2663 1444 2744 magis
1488 2682 1679 2744 quam
1724 2682 1872 2726 cum
1917 2665 2143 2726 ceteris
2188 2663 2373 2727 femi-

875 2761 994 2834 niS‚
1019 2761 1172 2842 quia
1200 2761 1315 2822 etsi
1351 2762 1635 2824 voluntas
1665 2761 1830 2824 mala
1861 2780 1987 2825 non
2018 2770 2133 2837 est,
2160 2770 2370 2826 tamen

877 2858 1156 2940 suspicio
1215 2861 1380 2922 mala
1436 2867 1550 2922 est.
1607 2859 1681 2921 Et
1738 2860 1970 2922 iterum
2029 2861 2118 2923 ait
2170 2880 2183 2924 :
2236 2861 2369 2925 Non

877 2957 1084 3020 solum
1133 2977 1396 3040 corpore
1445 2959 1512 3020 in
1563 2958 1911 3022 novissimo
1956 2959 2094 3023 loco
2143 2960 2365 3036 simuS,

2478 1975 2841 2038 Scribarum
2872 1983 2935 2037 et
2963 1974 3419 2039 Pharisaeorum
3450 1995 3486 2037 a
3514 1975 3781 2050 Christo,
3808 1976 3977 2038 mul-

2476 2081 2541 2138 to
2580 2072 2882 2136 diffusius
2920 2074 3303 2136 describitur
3331 2093 3368 2136 a
3395 2072 3700 2148 Matthaeo,
3736 2075 3801 2137 in
3844 2093 3975 2156 quo

2477 2181 2540 2236 et
2589 2172 2817 2236 Christi
2864 2171 3109 2254 justitia
3156 2172 3511 2235 declaratur
3556 2191 3569 2234 :
3616 2173 3768 2254 quia
3816 2174 3973 2235 dum

2476 2271 2615 2353 ejus
2671 2270 3147 2352 responsionem
3208 2271 3757 2333 commendassent
3806 2269 3979 2334 Scri-

2476 2370 2593 2442 bae,
2620 2389 2746 2432 non
2776 2377 2872 2431 est
2903 2369 3491 2450 reprehensibiliter
3516 2368 3863 2443 emollituS,
3889 2371 3977 2431 ita

2478 2477 2549 2530 ut
2583 2476 2803 2531 contra
2841 2466 3151 2548 justitiam
3190 2466 3271 2528 ab
3312 2485 3533 2530 eorum
3574 2466 3977 2549 correptione

2476 2573 2731 2639 taceret,
2777 2566 2887 2627 sed
2937 2565 3229 2647 protinus
3278 2583 3385 2629 eos
3432 2565 3589 2628 dure
3637 2565 3975 2648 corripuit.

2476 2667 2525 2727 Α
2567 2664 2751 2746 cujus
2792 2663 3142 2727 imitatione
3181 2663 3505 2739 labuntur,
3537 2663 3650 2745 qui
3692 2663 3979 2728 humano

2476 2763 2713 2840 favore,
2733 2763 3115 2836 adulatione,
3136 2763 3343 2834 laude,
3363 2769 3471 2823 aut
3502 2779 3787 2835 munere,
3806 2781 3982 2824 men·

2478 2872 2539 2926 te
2582 2863 2674 2924 sic
2716 2867 3122 2937 enervantur,
3166 2869 3235 2923 ut
3275 2880 3314 2922 a
3353 2860 3631 2924 fraterna
3672 2862 3983 2944 correpti-

2478 2979 2615 3034 one,
2658 2968 2768 3022 aut
2818 2968 3077 3041 paterna
3116 2959 3503 3022 correctione
3551 2959 3984 3042 delinquenti-

879 3057 988 3118 sed
1023 3064 1086 3119 et
1122 3057 1336 3120 animo
1375 3057 1754 3121 novissimos
1793 3058 2082 3122 omnium
2122 3077 2237 3122 nos
2276 3077 2373 3122 re·
2410 3059 2452 3123 C
2482 3079 2590 3121 um
2630 3058 3051 3121 retrahantur.
3087 3058 3208 3121 Alii
3243 3076 3392 3121 vero
3420 3064 3696 3132 econtra,
3731 3077 3861 3121 non
3902 3077 3981 3121 ex

879 3163 1198 3236 putemuS.

973 3252 1291 3316 Postremo
1351 3262 1560 3335 posset
1615 3254 1721 3316 hic
1777 3255 2000 3336 quaeri,
2057 3274 2172 3317 cur
2226 3255 2371 3318 fons

877 3351 1203 3433 sapientiae
1249 3353 1526 3415 Verbum
1577 3351 1683 3414 Dei
1735 3353 1797 3414 in
1844 3353 2132 3428 excelsiS,
2188 3354 2371 3436 cujus

876 3451 1085 3513 omnis
1127 3451 1291 3514 actio
1331 3459 1428 3514 est
1473 3459 1684 3514 nostra
1731 3451 2085 3526 instructi0,
2129 3453 2370 3514 clerum

870 3546 1251 3625 mimorum,
1286 3549 1585 3612 videlicet
1616 3550 1992 3624 sacerdotes,
2026 3548 2277 3612 Scribas
2308 3558 2371 3612 et

2482 3157 2738 3221 caritate
2785 3175 2858 3219 ac
2906 3157 3040 3220 zelo
3086 3156 3371 3239 justitiae,
3414 3157 3523 3219 sed
3572 3174 3649 3217 ex
3696 3155 3811 3230 ira,
3862 3156 3985 3218 im-

2483 3254 2805 3338 patientia,
2848 3254 3199 3330 aversione,
3242 3262 3351 3316 aut
3388 3253 3514 3316 alia
3552 3253 3867 3336 passione,
3902 3255 3983 3316 ad

2482 3353 2945 3434 correptionem
2997 3371 3109 3414 seu
3154 3352 3609 3416 correctionem
3660 3351 3985 3434 proximo-

2483 3471 2626 3514 rum
2657 3459 3025 3529 moventur;
3060 3458 3123 3513 et
3150 3453 3304 3514 dum
3334 3451 3491 3514 alios
3522 3450 3818 3513 videntur
3848 3451 3985 3514 vel-

2479 3551 2538 3612 le
2582 3567 2825 3624 curare,
2876 3549 3134 3630 gravius
3178 3550 3417 3612 laedunt
3458 3567 3525 3610 se
3568 3548 3762 3630 ipsos,

1929 3967 2583 4054 ARTICULUS
2658 3969 2928 4052 XLIV

1099 4239 1454 4288 ammon-io
1505 4241 1782 4288 camum
1834 4241 2099 4288 vmasm
2150 4242 2320 4288 rann
2367 4243 2381 4286 :
2428 4241 2779 4288 nasrimans
2831 4241 3037 4288 aaran
3088 4241 3287 4302 ικευε,
3332 4241 3597 4289 vmanA‘r
3650 4242 3757 4288 Eos

1613 4340 1715 4394 om
1757 4339 2101 4386 nwrsnmr
2141 4340 2395 4387 nonnas
2440 4340 2556 4386 sua
2601 4339 2664 4385 m
2706 4324 3239 4386 eszornvmcmu.

1027 4617 1506 4680 ESPICIE'NS
1532 4626 1746 4678 autem
1770 4621 1975 4689 JesuS,
2008 4618 2069 4680 id
2111 4625 2228 4692 θεῖ,
2264 4637 2374 4700 po-
2405 4619 2454 4681 D
2478 4639 2623 4690 sua,
2664 4617 2729 4680 id
2772 4625 2887 4692 est,
2922 4615 3273 4681 oblationes
3318 4635 3460 4678 suas
3501 4615 3821 4697 ponebant
3862 4635 3977 4678 seu

1044 4713 1268 4795 pulum
1313 4733 1457 4776 suas
1498 4713 1849 4778 oblationes
1894 4715 1958 4777 in
2005 4717 2245 4798 templo
2283 4718 2375 4779 sa-

879 4813 1152 4874 cientem
1191 4811 1618 4887 consideranS,
1653 4820 1720 4874 ut
1750 4813 2006 4895 aliquod
2041 4815 2373 4897 spirituale

881 4916 1262 4992 proponeret
1309 4910 1762 4973 documentum
1797 4931 1811 4974 z
1846 4919 1910 4973 et
1947 4930 2061 4995 per
2107 4915 2375 4977 exterio-

880 5027 1012 5070 rem
1045 5007 1229 5069 illum
1257 5009 1629 5090 adspectum
1668 5009 2029 5084 insinuavit,
2063 5013 2237 5094 quod
2266 5031 2373 5076 eos

879 5107 988 5188 qui
1041 5105 1226 5169 bonis
1284 5106 1584 5188 operibus
1633 5116 1782 5170 sunt
1819 5108 2065 5184 intenti,
2105 5110 2376 5173 libenter

881 5205 1168 5283 attendit,
1200 5214 1390 5287 atque
1429 5224 1647 5269 eorum
1691 5207 2011 5271 devotioni
2055 5217 2378 5292 congratu-

884 5303 1092 5382 latur3
1138 5307 1387 5366 videbat
1425 5324 1526 5366 eos
1567 5306 1686 5385 qui
1726 5307 2060 5369 mittebant
2101 5329 2377 5372 munera

2484 4715 2925 4799 projiciebant,
2960 4718 3030 4776 in
3066 4716 3638 4794 yazophylacium,
3670 4715 3731 4777 id
3772 4721 3869 4776 est
3910 4714 3973 4776 in

2482 4814 2930 4896 repositorium
2977 4812 3201 4875 talium
3250 4811 3667 4887 oblationum,
3715 4813 3972 4872 divites.

2480 4912 2556 4975 Et
2585 4912 2817 4974 dicitur
2844 4909 3386 4993 gazophylacium,
3420 4928 3456 4971 a
3484 4912 3648 4992 γάζα,
3679 4910 3851 4990 quod
3880 4916 3978 4972 est

2482 5011 2743 5085 divinat,
2777 5018 2841 5072 et
2880 5011 3133 5096 φύλαξαι,
3168 5009 3341 5090 quod
3382 5015 3477 5070 est
3518 5025 3789 5082 servare,
3822 5027 3981 5089 qua-

2484 5111 2537 5172 si
2590 5108 3075 5172 reservatorium
3125 5105 3515 5170 divitiarum.
3560 5105 3827 5188 Eratque
3872 5125 3980 5186 ga-

2484 5209 2923 5292 zophylacium
2963 5206 3193 5289 triplex
3229 5224 3243 5268 :
3279 5224 3501 5280 unum,
3537 5203 3759 5286 inquo
3788 5223 3979 5286 pone-

2486 5309 2721 5372 bantur
2758 5307 3109 5371 oblationes
3137 5323 3211 5368 ac
3240 5304 3499 5368 donaria
3532 5321 3771 5384 regum,
3802 5304 3975 5385 quod

4052 2083 4190 2126 Mann-

4002 2159 4104 2194 um,
4136 2149 4149 2186 t
4182 2149 4213 2185 et

4000 2221 4087 2264 sq.
