4300 6259
177 5327 202 5382 1

1071 527 1422 576 numano
1465 529 1528 576 IN
1567 529 1707 577 GAP.
1756 531 1864 576 xm
1904 531 2179 578 JOANNIS.
2226 551 2306 560 --
2347 531 2489 578 Aur.
2536 533 2732 578 XXXIII

3326 515 3447 580 513

336 694 682 776 pientiam,
718 704 782 758 et
819 698 1138 780 quidquid
1179 698 1381 762 habeo
1419 717 1497 762 cx
1537 707 1844 782 tempore,
1875 700 1926 761 A
1955 700 2034 763 ab
2067 702 2207 783 ipso
2238 701 2467 765 Christi
2501 705 2917 765 sermoneEt
2934 704 3062 764 scio
3086 704 3245 784 quia
3271 724 3448 764 man-
3577 717 3651 772 50

337 793 592 856 scilicet
621 795 701 856 ab
736 795 1188 860 incarnationis
1219 798 1499 860 exordio.
1535 798 1743 874 Porro,
1780 807 1850 861 ut

339 891 536 966 DeuS,
568 895 950 957 aeternaliter
989 896 1242 976 genitus
1287 915 1428 958 sum
1475 916 1487 959 :
1534 906 1597 960 et
1639 898 1730 960 sic
1769 917 1846 960 ex

338 1009 450 1052 me
481 991 624 1073 ipso
663 1011 790 1056 non
831 1012 974 1055 sum
1013 995 1284 1070 locutus,
1318 996 1473 1078 quia
1499 1015 1535 1057 a
1567 1015 1668 1058 mo
1707 998 1847 1079 ipso

341 1107 473 1152 non
507 1109 695 1171 sum;
738 1091 847 1153 sed
878 1093 990 1173 qui
1022 1109 1138 1174 per
1163 1095 1636 1173 generationem
1670 1103 1847 1158 aeter-

341 1207 494 1250 nam
545 1190 720 1251 dedit
768 1190 929 1252 mihi
987 1209 1148 1266 esse,
1201 1193 1372 1255 dedit
1419 1194 1610 1254 etiam
1669 1193 1842 1275 loqui

339 1295 406 1348 et
457 1305 704 1369 sapere,
751 1307 936 1370 posse
985 1297 1048 1352 et
1091 1308 1298 1371 agere.
1332 1295 1464 1352 Sed
1507 1294 1626 1374 qui
1670 1295 1846 1355 misit

339 1406 446 1446 me
473 1387 700 1455 Pater,
734 1390 872 1465 ipse
912 1390 1078 1449 milei
1121 1393 1506 1451 mandatum
1543 1395 1745 1464 dedit,
1783 1392 1845 1454 id

339 1492 462 1558 est,
519 1487 874 1548 secundum
933 1493 1324 1569 assumptam
1385 1487 1844 1552 humanitatem

344 1583 676 1665 praecepit,
737 1587 901 1664 quid
953 1588 1195 1659 dicam,
1255 1595 1316 1646 et
1371 1589 1534 1668 quid
1591 1591 1846 1668 loquar,

344 1681 753 1762 praedicando
798 1683 866 1745 in
917 1683 1199 1765 publico,
1252 1684 1352 1746 vel
1400 1703 1685 1748 seorsum
1734 1687 1844 1749 do-

343 1781 570 1844 cendo.
605 1780 786 1843 Pater
815 1800 964 1862 ergo
997 1782 1096 1846 vel
1129 1781 1420 1858 TrinitaS,
1459 1785 1522 1845 in
1567 1785 1846 1847 incarna-

1953 803 2185 860 datum
2212 803 2353 877 ejus
2382 803 2553 882 quod
2594 802 2753 863 mihi
2794 802 2987 876 dedit,
3022 809 3084 864 et
3122 803 3293 882 quod
3330 819 3445 883 ego

1955 900 2193 961 mundo
2244 900 2567 982 proposui,
2610 902 2747 961 vita
2785 909 3026 962 oeterna
3062 911 3177 970 esc,
3217 900 3281 962 id
3324 909 3440 975 est,

1953 997 2031 1058 ad
2097 996 2463 1060 felicitatem
2527 1007 2826 1061 aeternam
2889 998 3201 1080 perducit,
3264 999 3445 1079 juxta

1955 1095 2113 1157 illud
2163 1097 2337 1177 quod
2382 1098 2551 1178 apud
2598 1096 2956 1159 Matthaeum
3007 1097 3275 1159 habetur
3318 1117 3333 1160 :
3376 1097 3439 1160 Si
3487 1117 3737 1176 uncam,

1955 1194 2049 1254 vis
2097 1194 2178 1255 ad
2226 1194 2417 1257 vitam
2468 1194 2735 1275 ingredi,
2783 1213 2964 1256 serva
3011 1197 3323 1258 mandata.
3368 1195 3443 1257 Et
3474 1183 3539 1224 ¹⁷·

1953 1291 2198 1354 Baruch
2248 1310 2261 1355 :
2312 1291 2426 1354 Hic
2483 1292 2647 1354 liber
2704 1293 3168 1368 mandatorum,
3221 1301 3284 1355 et
3342 1293 3443 1356 lex
3490 1313 3736 1368 eamean,

1954 1409 2096 1471 quae
2144 1398 2240 1453 est
2288 1391 2351 1452 in
2402 1398 2750 1471 aeternum3
2801 1409 3022 1454 omnes
3066 1392 3179 1473 qui
3228 1399 3447 1455 tenent
3476 1377 3515 1420 ¹·

1953 1508 2114 1563 eam,
2159 1491 2533 1571 pervenient
2579 1491 2656 1552 ad
2702 1491 2919 1552 vitam.
2956 1494 3109 1560 Quoe
3150 1511 3296 1568 erqo
3334 1511 3443 1569 eqo

1954 1593 2194 1668 loquor,
2238 1588 2518 1651 docendo
2560 1595 2621 1650 et
2669 1589 3090 1670 praedicandO,
3130 1591 3297 1650 sicut
3338 1594 3447 1652 do·-

1953 1687 2148 1754 cuit*,
2182 1685 2243 1747 id
2288 1693 2403 1760 est,
2438 1687 2743 1748 revelavit
2785 1694 2847 1748 et
2878 1685 3089 1766 jussit,
3126 1689 3314 1755 milei,
3347 1705 3445 1749 se-
3474 1697 3738 1742 'aliusdicit

1955 1785 2233 1846 cundum
2278 1783 2733 1846 humanitatem
2773 1789 3443 1866 assumptam,·Pater,

343 1878 520 1942 tione
567 1879 866 1954 ostendit,
919 1881 1225 1944 revelavit
1273 1889 1336 1944 et
1379 1881 1570 1963 jussit
1617 1883 1846 1945 animae
1883 1881 1928 1942 B
1953 1884 2046 1942 sic
2077 1887 2325 1962 loquor,
2354 1882 2419 1944 id
2450 1892 2545 1944 est
2573 1883 2961 1957 obedienter,
2984 1881 3154 1963 juste
3183 1892 3247 1946 et
3276 1901 3439 1959 vere,

343 1976 579 2039 Christi
637 1977 955 2059 quidquid
1015 1980 1417 2060 postmodum
1477 1981 1657 2043 dixit.
1718 1980 1846 2043 Hoc

342 2076 432 2137 ait
477 2075 784 2151 Salvator,
827 2078 905 2139 ad
955 2079 1418 2141 ostendendum
1467 2080 1640 2161 quod
1690 2099 1848 2161 prae—

345 2174 583 2238 dicatio
632 2194 748 2238 sua
795 2175 880 2238 sit
918 2193 1067 2239 vera
1111 2183 1173 2238 et
1215 2185 1450 2251 sancta,
1495 2177 1648 2258 quia
1689 2177 1850 2240 divi-

347 2272 524 2334 nitus
568 2273 797 2354 jussa:
836 2279 1103 2356 propter'
1147 2275 1318 2357 quod
1370 2276 1484 2356 qui
1531 2293 1671 2337 eam
1719 2295 1848 2338 non

343 2379 625 2447 servant,
686 2373 754 2435 in
812 2373 916 2435 die
971 2372 1320 2436 novissimo
1379 2373 1851 2436 damnabuntur

1957 2000 2080 2043 non
2115 1980 2375 2043 devians
2414 1980 2631 2061 aliquo
2662 1981 2848 2043 modo
2876 2000 2911 2042 a
2943 1981 3159 2062 regula
3188 1982 3449 2062 aequita-

1956 2079 2035 2142 tis
2066 2079 2315 2154 divinae,
2340 2098 2543 2160 quum
2575 2078 2931 2141 humanitas
2965 2078 3121 2141 mihi
3154 2080 3347 2154 unita,
3370 2079 3453 2142 sit

1958 2179 2455 2240 instrumentum
2484 2179 2855 2252 animatum,
2892 2177 3327 2258 conjunctum,
3363 2178 3453 2241 in-

1959 2275 2349 2358 obliquabile
2406 2283 2469 2338 et
2524 2277 2858 2358 proprium
2905 2275 3094 2338 Verbi
3154 2293 3266 2338 seu
3316 2276 3455 2339 Dei-

1959 2375 2124 2437 tatis.

1241 2785 1246 2790 ’
1352 2796 2001 2884 ARTICULUS
2078 2799 2466 2884 XXXIII

571 3073 958 3119 namnum
1002 3071 1276 3118 currum
1318 3071 1725 3118 rnartmncim
1769 3071 1783 3116 :
1829 3070 1990 3116 ANTE
2031 3071 2179 3117 num
2220 3073 2454 3120 πεῖσις
2495 3073 2771 3135 PASGHAE,
2815 3075 3020 3122 scmus
3061 3075 3237 3124 :usus

1508 3170 1655 3225 QmA
1695 3169 1875 3214 vnnrr
1905 3134 2087 3216 'noaA
2128 3171 2291 3217 mus.
2606 3179 2616 3186 ·

489 3448 774 3512 ΜΙΤΤΙΤ
821 3448 941 3513 hoc
988 3449 1126 3512 loco
1165 3455 1229 3510 et
1266 3448 1540 3511 transilit
1583 3465 1848 3528 evange-
1882 3447 1927 3510 C
1959 3447 2126 3510 xima
2183 3449 2286 3510 die
2345 3457 2490 3511 ante
2552 3450 2913 3531 paschalem
2978 3453 3443 3532 solennitatem,

509 3549 656 3612 lista
689 3547 958 3611 Ioannes
1001 3564 1296 3628 magnam
1333 3555 1575 3628 partem
1620 3547 1850 3609 doctri-

347 3667 446 3711 nae
486 3646 720 3710 Christi
759 3652 824 3708 et
859 3663 1126 3727 operum
1171 3644 1332 3725 eju5‚
1365 3644 1610 3707 scilicet
1641 3662 1654 3707 :
1689 3663 1848 3726 prae-

346 3747 734 3810 dicationem
779 3743 920 3825 ejus
962 3763 1154 3825 quam
1199 3742 1352 3805 fecit
1393 3743 1458 3805 in
1501 3742 1843 3805 Jerusalem

345 3845 506 3907 feria
544 3844 826 3907 secunda
863 3849 927 3904 et
962 3842 1148 3905 tertia
1192 3850 1334 3924 post
1374 3841 1749 3916 Palmarum,
1784 3850 1847 3903 et

344 3944 670 4025 quomodo
716 3941 1021 4005 insidiose
1071 3939 1574 4021 interrogabatur
1616 3958 1654 4001 a
1699 3938 1847 4002 Sad-

347 4043 584 4105 ducaeis
614 4049 680 4103 et
717 4039 1064 4114 pharisaeis,
1099 4046 1163 4101 et
1200 4037 1476 4121 qualiter
1505 4036 1845 4100 durissime

346 4138 766 4221 redarguebat
819 4137 1164 4201 Pharisaeos
1221 4155 1294 4198 ac
1351 4135 1623 4210 ScribaS,
1681 4136 1846 4198 sicut

345 4239 536 4301 etiam
588 4236 890 4299 instruxit
947 4253 1234 4298 seorsum
1292 4233 1638 4316 discipulos
1697 4254 1844 4298 suos

345 4339 426 4400 de
470 4335 1020 4400 consummatione
1063 4333 1301 4408 saeculi,
1343 4334 1421 4395 de
1463 4332 1848 4415 persecutio-

348 4455 428 4498 ne
480 4431 856 4497 Antichristi
909 4431 1282 4513 judicioque
1336 4430 1539 4493 finali.
1592 4430 1736 4493 Haec
1785 4439 1847 4492 et

346 4533 550 4595 multa
595 4530 966 4612 hujusmodi
1017 4529 1448 4612 pulcherrima
1494 4529 1708 4592 omisit
1750 4528 1849 4592 Jo-

1955 3545 2198 3609 scilicet
2239 3546 2389 3608 luna
2430 3564 2543 3609 seu
2587 3548 2689 3609 die
2737 3551 3209 3631 quartadecima
3252 3555 3445 3636 primi
3499 3580 3742 3632 amdan,

1955 3645 2193 3706 mensis
2240 3645 2409 3726 apud
2453 3644 2697 3708 Judaeos
2734 3647 2875 3728 (qui
2925 3647 3004 3710 ab
3042 3649 3243 3732 Aprili
3295 3653 3449 3714 inci·
3476 3646 3543 3687 ¹⁸·

1955 3742 2142 3824 piunt
2198 3759 2470 3817 menseS,
2523 3743 2589 3805 in
2646 3762 2775 3825 quo
2834 3753 3042 3827 patres
3098 3765 3317 3811 eorum
3365 3750 3444 3813 ab
3478 3776 3740 3829 marma,

1953 3841 2219 3922 AEgypto
2256 3841 2465 3902 educti
2506 3841 2700 3923 sunt),
2736 3843 2855 3906 hoc
2893 3852 2991 3906 est
3028 3844 3188 3908 feria
3223 3847 3449 3929 quinta

1955 3939 2245 4020 proxima
2273 3937 2399 3999 diei
2438 3937 2808 4022 Parasceves
2845 3959 2858 4003 :
2894 3941 2961 4003 in
2992 3943 3177 4023 cujus
3207 3946 3449 4026 quintae

1953 4036 2129 4100 feriae
2184 4055 2449 4118 vespera
2507 4037 2931 4119 incipiebatur
2989 4042 3302 4122 paschalis
3360 4044 3453 4107 fe-

1954 4136 2221 4210 stivitaS,
2255 4133 2771 4218 offerebaturque
2808 4146 2871 4199 et
2906 4139 3210 4203 edebatur
3250 4160 3451 4223 agnus

1956 4233 2291 4316 paschaliS,
2344 4234 2433 4295 ita
2486 4235 2659 4315 quod
2707 4235 2841 4297 dies
2901 4235 3269 4302 Parasceves
3326 4240 3452 4304 fuit

1956 4331 2163 4415 prima
2203 4333 2337 4395 dies
2381 4332 2696 4414 paschalis
2737 4334 3141 4412 celebritatiS,
3184 4338 3453 4420 loquen-

1956 4432 2034 4494 do
2092 4432 2169 4493 de
2228 4430 2489 4510 integris
2537 4430 2683 4492 festi
2732 4433 2997 4515 diebus3
3049 4454 3175 4498 non
3235 4445 3444 4501 tamen

1955 4528 2078 4591 fuit
2124 4527 2558 4603 celeberrima,
2602 4531 2713 4592 sed
2762 4530 3095 4594 sabbatum
3142 4551 3441 4615 sequens.
3476 4559 3742 4610 Lemnum.

343 4649 569 4706 anneS‚
603 4630 812 4693 sciens
851 4647 925 4691 ea
960 4627 1040 4690 ab
1081 4627 1222 4690 aliis
1263 4627 1676 4708 Evangelistis
1721 4625 1849 4688 suf·
1875 4632 1924 4695 D
1953 4627 2324 4690 Parasceves
2364 4627 2607 4710 quippe
2651 4629 3011 4704 vocabatur,
3054 4632 3207 4713 quia
3249 4632 3314 4695 in
3357 4633 3450 4716 ip-

343 4729 643 4794 ficienter
683 4727 1020 4809 descripta.
1059 4726 1337 4789 Festinat
1375 4733 1587 4788 autem
1625 4726 1702 4788 ad
1742 4726 1849 4787 de-

345 4828 762 4892 scribendum
804 4825 1364 4908 praeclarissimum
1399 4824 1584 4886 illum
1615 4823 1845 4888 Christi

345 4943 710 4990 sermonem
771 4923 1012 4987 factum
1076 4923 1143 4984 in
1209 4922 1418 4996 Coena,
1479 4940 1674 5003 quem
1737 4923 1842 4984 alii

345 5023 766 5105 Evangelistae
811 5022 1186 5085 omiserunt.
1230 5020 1306 5082 Et
1351 5020 1431 5082 ab
1477 5020 1617 5101 ipsa
1659 5019 1848 5084 Coena

347 5122 548 5186 sumit
593 5140 958 5185 amorosum
1002 5119 1356 5194 exordium,
1399 5118 1620 5200 sicque
1667 5137 1849 5182 exor-

348 5242 458 5285 sus
504 5230 604 5283 est
637 5239 650 5283 ε

1956 4745 2024 4788 sa
2062 4725 2369 4808 parabant
2416 4724 2593 4788 cibos
2635 4745 2749 4808 pro
2788 4727 2891 4788 die
2930 4728 3039 4790 illa
3076 4737 3139 4791 et
3186 4730 3448 4795 sabbato

1956 4823 2397 4905 subsequenti,
2449 4824 2620 4905 quod
2668 4825 2825 4888 adeo
2880 4826 3129 4889 celebre
3176 4826 3322 4903 fuit,
3381 4837 3450 4891 ut

1955 4941 2074 4985 nec
2115 4922 2291 4985 cibos
2336 4930 2630 5004 pararent
2671 4923 2737 4985 in
2780 4939 2876 4987 eo.

2037 5022 2262 5083 Sciens
2306 5024 2489 5082 Iesus
2534 5023 2691 5101 quia
2742 5025 2918 5084 venit
2964 5027 3124 5087 hora
3170 5027 3337 5104 ejus,
3383 5027 3448 5090 id

1956 5127 2070 5194 est,
2103 5120 2276 5201 quod
2314 5127 2566 5201 tempus
2616 5139 2747 5182 suae
2786 5122 3099 5202 passionis
3138 5123 3449 5188 divinitus

1959 5217 2386 5300 praestitutum
2444 5217 2521 5279 de
2580 5219 2869 5299 proximo
2927 5219 3313 5298 immineret,
3377 5235 3451 5286 uc

3516 4944 3705 4991 Ibidem.

430 5324 603 5384 Ante
637 5322 814 5380 diem
852 5321 1092 5398 festum
1132 5318 1417 5388 Pasckoe,
1460 5316 1524 5378 id
1566 5323 1664 5378 est
1706 5335 1850 5397 pro—
1961 5326 2245 5378 transeat
2273 5337 2355 5376 ew
2384 5319 2499 5378 lzoc
2530 5319 2769 5378 mundo
2800 5321 2888 5380 ad
2911 5321 3201 5389 Patrem,
3234 5321 3299 5384 id
3328 5330 3447 5398 est,

603 5453 670 5506 Τ.
705 5451 786 5504 12.

3141 5455 3202 5506 33
