4300 6259
851 450 930 513 50
1643 468 1989 513 manuario
2033 466 2094 510 m
2137 466 2275 511 car.

2324 466 2411 511 xit
2454 466 2640 511 LUCAE.
2686 486 2768 495 —
2810 467 2950 511 ΛΒΤ.
2997 466 3170 511 xxxn

851 639 1160 721 sapientia
1192 639 1308 699 ista
1336 657 1372 699 a
1401 637 1546 707 Deo,
1583 637 1688 697 sed
1721 644 1989 705 terrena,
2025 635 2340 706 animaliS,
2374 635 2421 694 A
2457 634 2743 716 pacifica,
2798 636 3099 707 modesta,
3152 633 3496 709 suasibilis,
3552 634 3737 697 bonis
3796 652 3947 697 con-

851 746 913 799 et
951 739 1280 801 diabolica.
1317 736 1463 808 Quae
1500 743 1708 795 autem
1753 736 2086 795 desursum
2119 742 2214 794 est.
2252 754 2347 793 sa-

853 836 1112 918 pientia,
1147 838 1356 919 primo
1392 834 1652 915 quidem
1698 833 1927 914 pudica
1965 839 2081 905 est,
2117 833 2346 894 deinde

2455 734 2757 805 sennem,
2812 733 2999 813 plena
3047 731 3589 826 misericordiaet
3635 731 3951 794 fructibus

2455 832 2662 895 bonis.

1872 1258 2526 1345 ARTICULUS
2601 1260 2941 1343 XXXII

1147 1534 1505 1580 ELucmA'rlo
1548 1532 1822 1578 CAPITULI
1865 1530 2196 1578 nuonsscnn
2242 1531 2255 1574 :
2300 1530 2518 1575 MULTIS
2564 1530 2769 1575 AUTEM
2811 1530 3024 1575 'munis
3067 1528 3645 1588 CIRGUMSTANTIBUS,

1813 1630 1917 1675 ITA
1958 1631 2034 1675 UT
2078 1630 2148 1675 SE
2190 1628 2440 1674 mvlcmff
2480 1627 2964 1673 CONCULCARENT.

968 1908 1160 1972 IRCA
1210 1909 1625 1992 praecedentis
1680 1907 1878 1969 finem
1929 1906 2189 1987 capituli
2246 1906 2343 1968 di·
2380 1902 2427 1964 B
2456 1904 2521 1964 in
2558 1904 2883 1966 Pharisaeis
2925 1911 3290 1985 regnantem
3333 1906 3654 1987 praecipue
3691 1907 3943 1969 evitate.

990 2015 1160 2069 ctum
1220 2016 1336 2081 est,
1387 2006 1928 2088 quemadmodum
1981 2003 2217 2067 Scribae
2272 2023 2346 2065 ac

843 2104 1139 2167 Pharisaei
1165 2105 1410 2168 Christo
1440 2104 1883 2186 multipliciter
1907 2103 2194 2165 insidiari
2225 2120 2345 2165 coe-

846 2212 1100 2285 perunt,
1137 2212 1204 2265 ut
1236 2203 1490 2285 plebem
1530 2203 1610 2266 ab
1641 2204 1782 2283 ipso
1809 2209 2197 2281 averterent3
2232 2201 2341 2262 sed

843 2302 1210 2383 oppositum
1251 2302 1516 2382 contigit
1553 2301 1643 2363 eis
1684 2301 1802 2362 hac
1834 2300 1993 2373 vice,
2027 2300 2181 2380 quia
2214 2307 2339 2362 tam

843 2400 1104 2462 evidens
1153 2399 1278 2462 fuit
1314 2400 1543 2462 veritas
1585 2398 1910 2480 sapientias
1950 2397 2343 2479 praedicatio-

845 2516 1130 2578 numque
1185 2497 1415 2560 Christi
1475 2504 1694 2559 contra
1750 2496 2029 2576 iniquoS,
2081 2502 2341 2575 tamque

845 2595 1145 2677 praeclara
1183 2595 1322 2676 ejus
1360 2595 1427 2656 in
1477 2595 1928 2656 miraculorum
1975 2593 2341 2675 operatione

845 2700 1141 2774 potestas,
1169 2701 1238 2754 ut
1267 2694 1494 2773 vulgus
1527 2692 1814 2754 certatim
1843 2692 1920 2753 ad
1955 2691 2167 2772 ipsum
2199 2710 2342 2753 con-

844 2790 1096 2865 flueret,
1130 2791 1295 2853 sicut
1318 2791 1631 2872 gloriosus
1659 2789 2057 2869 Evangelista
2082 2789 2216 2869 jam
2248 2808 2342 2851 re-

671 2895 696 2949 1
847 2890 1016 2951 citat.
1061 2892 1294 2951 Multis
1341 2900 1559 2950 autem
1609 2890 1816 2949 turbis
1859 2890 2338 2949 circum-stanti—

845 2990 960 3047 bus
990 2986 1332 3061 Christum,
1367 2987 1453 3048 ita
1489 2987 1662 3068 quod
1697 2986 1834 3067 ipse
1871 2984 1994 3046 fuit
2024 2984 2088 3046 in
2128 2986 2339 3048 medio

2453 2001 2749 2073 Quamvis
2787 2002 2959 2065 enim
2988 2004 3280 2084 quaedam
3315 2004 3443 2065 sint
3472 2005 3627 2067 vitia
3655 2006 3952 2088 hypocri-

2453 2100 2506 2161 si
2534 2100 2844 2181 graviora,
2879 2102 3017 2182 ipsa
3043 2108 3253 2163 tamen
3286 2102 3639 2184 hypocrisis
3667 2111 3945 2166 mentem

2451 2199 2861 2260 vehementer
2899 2208 3191 2261 excaecat.
3223 2199 3403 2262 Nunc
3445 2220 3706 2282 quoque
3756 2202 3948 2285 hypo-

2452 2296 2667 2359 crisim
2707 2298 3067 2379 specialiter
3099 2298 3280 2360 docet
3312 2300 3654 2375 vitandam,
3687 2300 3841 2381 quia
3877 2301 3941 2363 in

2451 2398 2831 2477 praecedenti
2863 2396 3133 2478 capitulo
3162 2397 3399 2459 dictum
3430 2406 3523 2460 est
3551 2402 3947 2479 quemadmo-
3989 2422 4259 2475 [Mensa.
4299 2448 4300 2453 η

2451 2496 2603 2556 dum
2646 2493 2939 2557 Pharisaei
2982 2494 3228 2558 Christo
3275 2506 3607 2578 coeperunt
3656 2498 3941 2561 insidiari
3970 2487 4048 2527 ⁵⁴·

2452 2592 2571 2653 sub
2602 2592 2813 2673 specie
2844 2593 3213 2654 sanctitatis
3242 2593 3526 2675 Denique
3556 2596 3943 2678 hypocrisim

2452 2690 2737 2753 Christus
2796 2691 3076 2772 appellat
3138 2691 3592 2755 Pharisaeorum
3664 2693 3944 2758 fermen-

2449 2796 2609 2863 tum,
2660 2789 2963 2869 quoniam
3014 2789 3179 2850 sicut
3230 2788 3619 2855 fermentum
3670 2812 3943 2856 massam

2450 2886 2527 2947 de
2574 2905 2702 2966 qua
2752 2885 2830 2946 sit
2877 2888 3083 2968 panis,
3116 2886 3339 2949 alterat
3376 2895 3439 2949 et
3478 2892 3850 2974 corrumpit,
3889 2893 3941 2953 si

2450 2983 2861 3046 immoderate
2906 2986 3191 3060 addatur,
3232 2985 3409 3065 juxta
3454 2988 3718 3050 verbum
3769 2990 3941 3053 Pauli

844 3102 1086 3159 earum,
1139 3084 1390 3146 nullum
1449 3084 1787 3165 repellens,
1840 3084 2125 3163 dansque
2182 3102 2341 3164 prae-
2376 3088 2419 3151 C
2451 3082 2739 3157 dicentiS,
2772 3081 3084 3145 Modicum
3122 3083 3512 3147 fermentum
3548 3093 3741 3149 totam
3782 3108 3945 3151 mas-
3972 3103 3985 3145 ι
4010 3106 4127 3149 eor.
4150 3111 4259 3157 ηε.

844 3180 984 3243 latis
1032 3182 1398 3263 exemplum
1442 3189 1510 3242 ut
1556 3189 1724 3243 stent
1761 3182 1826 3242 in
1875 3181 2084 3242 medio
2129 3182 2338 3261 gregis

845 3279 966 3353 sui,
1003 3299 1128 3342 non
1167 3281 1243 3342 ad
1285 3298 1476 3341 unam
1517 3297 1854 3360 personam
1895 3277 2104 3358 potius
2144 3297 2337 3358 quam

841 3378 919 3439 ad
965 3378 1157 3440 aliam
1206 3378 1581 3440 declinando
1638 3394 1714 3437 ex
1770 3375 2128 3439 inordinato
2184 3376 2341 3438 asse—

559 3500 816 3550 ,taceam-
842 3484 970 3551 ctu,
1023 3478 1133 3539 scd
1183 3478 1321 3539 sine
1379 3494 1794 3558 personarum
1847 3476 2214 3557 acceptione
2260 3480 2336 3538 ad

546 3566 588 3608 ⁹·
841 3593 1061 3638 omnes
1102 3575 1426 3638 caritative
1466 3592 1533 3639 se
1577 3574 1879 3655 habeant3
1914 3577 2009 3635 ita
2040 3585 2113 3636 ut
2140 3596 2205 3635 se
2236 3578 2340 3635 in-

840 3675 1042 3735 vicem
1087 3678 1535 3735 conculcarent
1584 3694 1606 3733 .·
1654 3674 1719 3734 in
1769 3692 1898 3753 quo
1949 3682 2118 3755 patet
2165 3675 2338 3754 quod

839 3790 987 3834 cum
1024 3771 1302 3834 maxima
1338 3772 1636 3834 aviditate
1679 3771 1962 3852 undique
2001 3790 2338 3834 concurre-

839 3876 990 3930 runt
1017 3870 1096 3931 ad
1121 3868 1358 3943 Jesum‚
1393 3876 1454 3931 et
1482 3869 1756 3950 quilibet
1786 3869 1879 3930 illi
1912 3870 2336 3950 propinquior

839 3966 984 4030 fieri
1041 3966 1384 4041 affectavit,
1440 3969 1978 4048 quemadmodum
2038 3970 2333 4050 superius

557 4085 809 4137 Lamum.
840 4066 1081 4128 dictum
1130 4074 1227 4127 est
1268 4084 1281 4128 :
1326 4064 1542 4127 Omnis
1591 4066 1776 4127 turba
1815 4067 2138 4147 quaerebat
2186 4085 2333 4129 eum

838 4172 1114 4245 tangere,
1157 4164 1310 4245 quia
1349 4165 1551 4227 virtus
1600 4163 1814 4226 exibat
1861 4166 1937 4226 de
1985 4165 2095 4228 illo
2135 4174 2199 4227 et
2244 4186 2334 4227 sa-

2450 3200 2584 3242 sam
2633 3181 3023 3262 corrumpit3
3079 3182 3166 3243 ita
3209 3182 3564 3264 hypocrisis
3612 3184 3834 3248 alterat
3880 3194 3945 3249 et

2450 3279 2803 3359 corrumpit
2858 3279 3146 3341 cordium
3206 3280 3609 3357 intentiones,
3659 3282 3946 3348 affectio-

2450 3395 2585 3451 neS,
2620 3387 2684 3439 et
2711 3396 2924 3458 opera.
2956 3378 3127 3439 Nihil
3159 3380 3329 3440 enim
3361 3380 3453 3441 sic
3482 3381 3703 3443 alterat
3732 3403 3941 3448 mores

2449 3476 2613 3538 sicut
2663 3476 3041 3558 hypocrisiS,
3094 3478 3445 3540 secundum
3491 3478 3936 3562 Theophilum.

2446 3575 2734 3656 Insuper,
2770 3574 3055 3637 Christus
3105 3576 3171 3637 in
3225 3575 3562 3657 Evangelio
3610 3598 3647 3640 a
3696 3580 3940 3663 duplici

2447 3672 2900 3735 Pharisaeorum
2952 3672 3267 3737 fermento
3309 3674 3492 3737 docet
3537 3695 3675 3739 esse
3716 3696 3944 3741 caven-

2447 3773 2621 3846 dum,
2677 3771 2971 3834 videlicet
3016 3791 3053 3833 a
3101 3771 3414 3836 fermento
3462 3792 3777 3856 perversae
3826 3779 3937 3841 do-

2447 3870 2686 3944 ctrinae,
2721 3877 2910 3951 prout
2948 3870 3013 3931 in
3053 3869 3337 3933 Matthaeo
3387 3871 3677 3949 habetur,
3711 3874 3862 3937 item
3899 3895 3936 3938 a
3978 3898 4269 3946 Mantus-1.

2444 3968 2758 4029 fermento
2788 3967 3164 4049 hypocrisiS‚
3200 3968 3366 4030 sicut
3401 3969 3521 4032 hoc
3552 3970 3708 4035 loco.
3742 3972 3939 4036 Inter-
3965 3964 4043 4005 ¹²·

2445 4067 2598 4128 dum
2642 4084 2790 4129 vero
2838 4066 3225 4128 fermentum
3275 4068 3339 4129 in
3388 4068 3555 4132 bono
3601 4072 3935 4153 accipitur,

2444 4166 2531 4227 ita
2558 4165 2728 4246 quod
2759 4164 2921 4226 sides
2954 4182 3066 4226 seu
3096 4165 3322 4227 caritas
3353 4184 3467 4248 per
3498 4168 3709 4249 ipsum
3740 4170 3943 4252 signa-

835 4262 1026 4324 naba’t
1073 4280 1317 4325 omnes.
1357 4265 1556 4339 Coepit
1597 4264 1810 4322 dicere
1853 4266 1940 4323 ad
1980 4265 2333 4339 discipulos
2366 4266 2414 4327 D
2444 4272 2547 4325 tur
2582 4281 2594 4325 :
2629 4262 2933 4343 quoniam
2987 4263 3153 4324 sicut
3188 4262 3575 4327 fermentum
3620 4270 3941 4333 moderate

832 4379 1000 4432 suos,
1031 4366 1335 4440 tanquam
1367 4361 1442 4422 ad
1476 4360 1862 4441 peculiarius
1904 4379 2080 4423 caros
2112 4369 2174 4422 et
2203 4380 2333 4423 ma-

831 4457 930 4538 gis
978 4476 1260 4540 capaceS,
1294 4478 1568 4539 quorum
1619 4459 1952 4521 instructio
1989 4460 2068 4521 ad
2117 4460 2331 4540 ipsum

835 4555 1194 4637 specialiter
1237 4557 1614 4637 pertinebat.
1647 4556 1858 4619 Nihilo
1901 4557 2113 4619 minus
2159 4560 2330 4638 quod

835 4654 995 4716 dixit
1043 4655 1376 4737 discipulis
1427 4657 1581 4729 suiS,
1629 4658 1706 4717 ad
1752 4656 2024 4717 aliorum
2071 4675 2329 4737 quoque

835 4753 1052 4814 retulit
1090 4754 1596 4827 instructionem,
1632 4755 1982 4815 secundum
2011 4756 2182 4835 quod
2222 4756 2331 4817 ali-

557 4859 805 4911 Mamm.
834 4848 898 4911 bi
931 4858 1318 4913 contestatur
1351 4869 1365 4913 :
1400 4851 1575 4923 Quod
1615 4852 1793 4915 vobis
1833 4852 1995 4927 dico,
2029 4853 2330 4916 omnibus

540 4924 608 4967 ³⁷·
834 4948 998 5011 dico.

929 5048 1288 5118 Attendite,
1337 5048 1457 5110 hoc
1514 5056 1628 5123 est,
1683 5049 1948 5111 solerter
1996 5058 2211 5111 caveto
2266 5060 2327 5113 et

831 5143 1055 5224 fugite,
1119 5167 1162 5206 a
1219 5147 1534 5223 fermento
1587 5150 2100 5217 Pharisaeorum,
2156 5152 2328 5226 quod

830 5252 919 5302 est
967 5243 1347 5319 hypocrism,
1400 5242 1466 5304 id
1513 5253 1628 5319 est,
1683 5244 1885 5325 ipsam
1935 5246 2320 5326 hypocrisim

2442 4370 2792 4443 sumptum,
2841 4362 2945 4423 dat
2994 4362 3144 4442 pani
3193 4362 3435 4425 bonum
3483 4382 3794 4445 saporem,
3848 4367 3939 4431 sic

2440 4459 2603 4521 sides
2653 4478 2764 4521 seu
2814 4459 3039 4521 caritas
3088 4478 3277 4522 omne
3325 4479 3485 4542 opus
3539 4464 3935 4529 meritorium

2440 4558 2656 4638 dirigit
2685 4575 2795 4618 seu
2838 4555 3156 4631 informat,
3190 4560 3725 4638 quemadmodum
3764 4566 3935 4645 apud
4299 4620 4300 4641 ,

2438 4654 2793 4716 Matthaeum
2826 4654 3111 4717 Christus
3142 4656 3418 4737 loquitur
3439 4656 3691 4721 :Simile
3720 4668 3815 4722 est
3842 4680 3935 4724 re-
3998 4687 4139 4733 [ιιι-α.
4166 4706 4245 4733 ,ιω

2436 4772 2635 4833 gnum
2680 4754 2986 4816 coelorum
3025 4752 3361 4829 fermento,
3392 4757 3563 4836 quod
3600 4768 3931 4840 acceptum
3961 4752 4039 4793 ³³·
4299 4744 4300 4783 ³

2440 4852 2672 4913 mulier
2720 4852 3051 4915 abscondit
3098 4853 3164 4913 in
3218 4852 3443 4916 farinae
3498 4856 3649 4917 satis
3701 4858 3929 4934 tribuS‚

2440 4952 2639 5014 donec
2681 4950 3131 5013 fermentatum
3174 4959 3269 5013 est
3310 4960 3536 5015 totum.

2535 5049 3007 5130 Consequenter
3066 5049 3349 5112 Christus
3418 5050 3931 5116 efficacissimam

2436 5148 2745 5210 rationem
2794 5148 3103 5228 adjungit,
3148 5167 3262 5209 cur
3308 5149 3663 5231 hypocrisis
3711 5152 3790 5213 sit
3840 5153 3933 5213 vi-

2435 5247 2643 5307 tanda.
2672 5248 2864 5309 Nihil
2892 5256 3109 5307 autem
3138 5257 3431 5323 opertum
3459 5258 3563 5317 est,
3596 5252 3767 5327 quod
3798 5270 3927 5313 non
4084 5268 4122 5320 2
