4300 6259
834 455 957 522 328

1613 480 1966 528 mutuno
2006 480 2071 527 m
2112 479 2253 528 cAl’.
2299 479 2367 528 111
2407 480 2684 529 mamus.
2729 501 2812 512 —
2849 483 2992 530 ΛΒΤ.
3035 483 3146 530 vul

835 647 1069 710 dantia.
1102 650 1257 713 Item
1285 652 1607 716 nescimus
1636 653 2127 715 determinatum
2163 652 2330 734 prin·
2358 650 2407 713 A
2437 662 2864 734 exponuntur.
2910 652 3086 727 Quod
3143 673 3292 736 ergo
3345 655 3434 718 ait
3487 653 3792 728 Salvator,
3831 653 3914 716 Tu

836 745 1079 828 cipium
1118 758 1491 833 certumque
1534 751 1756 826 linem,
1793 752 1961 814 unde
2001 751 2231 832 incipit
2269 759 2330 812 et

836 844 945 907 ubi
1004 849 1237 911 desinit
1295 859 1519 912 ventus
1577 849 1757 928 flare,
1813 851 2107 932 quamvis
2167 850 2326 912 scia-

833 963 977 1006 mus
1037 945 1102 1008 in
1158 948 1438 1028 generali
1512 950 1683 1030 quod
1738 949 1817 1010 ab
1876 948 2089 1031 aliqua
2150 956 2330 1030 parte

837 1041 1037 1124 plagae
1076 1046 1369 1108 australis
1414 1046 1513 1109 vel
1554 1047 1814 1109 alterius
1857 1047 2212 1110 inchoetur.

656 1139 693 1193 9
917 1145 1269 1219 Respondit
1298 1147 1707 1216 Nicodemus,
1734 1155 1793 1207 et
1821 1147 1999 1206 dixit
2026 1146 2090 1205 ei
2118 1167 2140 1206 .·
2173 1147 2332 1214 Quo—

839 1243 1021 1300 modo
1050 1253 1320 1320 possunt
1356 1245 1511 1312 ltoec,
1552 1261 1697 1325 quae
1740 1244 1817 1305 de
1864 1243 2182 1325 spirituali
2233 1260 2332 1304 re-

832 1339 1237 1417 generatione
1284 1350 1345 1403 et
1396 1340 1667 1423 Spiritus
1727 1341 1927 1404 libera
1984 1341 2330 1423 spiratione

832 1435 1212 1513 disseruisti,
1252 1442 1428 1516 fieri,
1470 1440 1531 1502 id
1575 1447 1691 1514 est,
1736 1440 1943 1502 taliter
1985 1458 2053 1502 se
2094 1439 2330 1501 habere

832 1542 902 1596 ut
958 1537 1230 1599 asseris?
1279 1536 1657 1601 Nicodamus
1708 1538 1771 1600 in
1823 1538 2077 1600 litterali
2138 1555 2330 1599 sensu

832 1634 987 1714 legis
1026 1654 1100 1698 ac
1142 1635 1595 1719 Prophetarum
1642 1638 1988 1700 instructus
2034 1644 2096 1698 et
2140 1636 2332 1698 usita-

830 1740 955 1814 ωε,
1006 1736 1084 1797 ad
1128 1736 1523 1817 spiritualem
1572 1755 1644 1798 ac
1693 1736 2028 1820 mysticum
2083 1735 2332 1796 intelle-

2437 769 2503 812 es
2563 752 2862 832 magister
2912 754 2980 815 in
3037 753 3249 828 Israel,
3297 762 3361 816 et
3418 754 3552 816 haec
3609 753 3914 833 ignoras?

2439 869 2562 912 non
2605 851 2760 912 dicit
2807 851 3188 926 insultando,
3223 853 3334 915 sed
3373 852 3584 934 potius
3623 852 3922 914 miseren-

2440 949 2540 1022 do,
2602 967 2878 1031 eumque
2935 950 3354 1031 humiliando,
3413 958 3477 1012 et
3530 951 3610 1012 ad
3668 949 3924 1012 meliora

2440 1049 2858 1128 provocando.

2536 1147 2845 1229 Deinceps
2905 1147 3125 1230 pandit
3179 1146 3463 1210 Salvator
3512 1166 3706 1230 quam
3761 1153 3926 1208 certa

2438 1246 2523 1307 sit
2569 1263 2684 1306 sua
2729 1245 3015 1309 doctrina
3051 1264 3064 1307 :
3109 1255 3368 1327 propter
3410 1246 3579 1327 quod
3621 1245 3680 1307 ei
3721 1244 3928 1307 humi-

2439 1343 2584 1406 liter
2619 1351 2716 1406 est
2753 1344 3160 1406 credendum.
3194 1346 3429 1414 Amen,
3457 1364 3646 1404 amen
3672 1346 3820 1405 dico
3851 1345 3926 1404 ti-
4039 1352 4104 1408 Η

2437 1445 2530 1513 bi,
2577 1444 2736 1522 quia
2796 1446 2969 1522 quod
3020 1443 3258 1504 scimus
3313 1461 3428 1506 nos
3485 1460 3597 1504 rex
3651 1441 3924 1516 Messias,

2439 1541 2806 1622 unigenitus
2849 1541 3046 1603 Filius
3085 1541 3216 1616 Dei,
3261 1541 3561 1605 Dominus
3606 1541 3932 1604 universo-

2439 1659 2582 1701 rum
2617 1658 2632 1702 :
2666 1640 2859 1720 quod,
2895 1640 3179 1720 inquam,
3220 1639 3478 1714 scimus,
3513 1639 3576 1702 id
3617 1648 3735 1713 est,
3769 1639 3934 1702 clare

2439 1739 2850 1819 cognovimus
2908 1737 2986 1799 ab
3052 1745 3286 1800 aeterno
3354 1739 3706 1800 secundum
3763 1739 3934 1818 quod

831 1838 1005 1894 ctum
1052 1833 1208 1914 erigi
1257 1833 1443 1896 facile
1492 1853 1619 1896 non
1669 1833 1917 1898 valebat
1961 1852 1974 1895 :
2025 1833 2327 1914 quoniam
2366 1830 2413 1893 B
2442 1837 2602 1898 Deus
2637 1855 2651 1899 ε
2685 1838 2902 1899 eadem
2943 1835 3117 1898 enim
3155 1845 3252 1898 est
3291 1835 3601 1919 sapientia
3637 1835 3936 1917 idemque

832 1948 986 1991 usus
1043 1939 1139 1993 est
1198 1932 1371 1994 velut
1424 1931 1621 1994 altera
1678 1939 1924 1993 natura.
1976 1930 2121 1994 Ideo
2177 1929 2327 1992 satis

831 2029 1129 2091 audacter
1172 2029 1527 2092 sciscitatur
1564 2031 1884 2112 quomodo
1922 2037 2161 2112 queant
2197 2029 2330 2091 haec

832 2125 1001 2189 fieri.

912 2225 1197 2289 Christus
1237 2244 1385 2290 vero
1429 2227 1541 2308 qui
1587 2227 1775 2291 corda
1816 2226 2160 2307 cognoscit,
2204 2244 2333 2288 cer-

832 2343 989 2386 nens
1030 2326 1347 2389 doctorem
1388 2327 1465 2388 de
1495 2345 1611 2388 suo
1650 2325 2011 2407 magisterio
2048 2325 2336 2407 aliquali-

832 2431 927 2486 ter
955 2423 1295 2496 tumidum‚
1325 2426 1402 2487 ad
1435 2425 1859 2487 humilitatem
1890 2443 2037 2487 eum
2068 2424 2329 2499 reducit,

831 2529 1144 2604 quatenus
1174 2522 1403 2584 instrui
1438 2531 1771 2585 mereatur.
1792 2522 2330 2596 Quemadmodum

832 2619 1004 2682 enim
1054 2620 1356 2702 superbia
1400 2622 1881 2685 excaecationem
1928 2620 2328 2694 diabolicam,

834 2719 925 2781 sic
954 2719 1280 2782 humilitas
1320 2719 1853 2784 illuminationem
1887 2720 2168 2783 divinam
2210 2737 2335 2782 me-

835 2825 1029 2881 retur.
1095 2817 1355 2900 Propter
1420 2820 1591 2900 quod
1662 2817 1955 2882 Salomon
2023 2825 2332 2901 protesta-

540 2938 804 2986 Pronma.
834 2925 940 2980 tur
981 2936 994 2980 :
1040 2916 1155 2978 Ubi
1202 2916 1398 2980 fuerit
1444 2918 1791 2992 humilitaS‚
1836 2917 1923 2979 ibi
1974 2925 2038 2979 et
2083 2918 2334 3000 sapien-

2442 1953 2708 1999 numero
2751 1934 3112 1997 intellectus
3155 1933 3353 1996 Patris
3393 1941 3455 1996 et
3497 1933 3682 2012 Filii3
3735 1937 3938 2014 loqui-

2440 2054 2589 2094 mur
2637 2051 2809 2095 nune
2869 2031 3048 2096 vobis
3097 2032 3350 2106 Judaeis,
3403 2033 3480 2095 de
3529 2032 3936 2095 sacramentis

2439 2138 2502 2194 et
2550 2131 2949 2195 documentis
3001 2131 3382 2212 evangelicae
3427 2129 3600 2211 legiS.
3635 2134 3720 2194 Ec
3767 2134 3938 2211 quod

2441 2232 2730 2291 vidimus
2777 2230 2962 2293 oculo
3013 2230 3270 2304 mentiS‚
3315 2229 3376 2291 id
3425 2237 3540 2303 est,
3587 2229 3936 2291 certissime

2441 2329 2760 2402 novimus,
2819 2337 3152 2400 testamur,
3213 2327 3276 2390 id
3338 2335 3454 2402 est,
3512 2326 3791 2390 firmiter
3846 2326 3938 2389 af-

2441 2426 2796 2500 firmamuS,
2841 2426 3214 2489 hominibus
3265 2425 3687 2508 praedicando.
3733 2425 3938 2488 Potest

2439 2544 2698 2608 quoque
2746 2525 3016 2606 intelligi
3062 2525 3138 2586 de
3184 2524 3450 2586 scientia
3495 2523 3728 2587 Christi
3767 2541 3938 2586 crea-

2439 2632 2523 2698 ta,
2559 2641 2673 2706 per
2710 2643 2902 2705 quam
2947 2623 3162 2687 omnia
3201 2623 3389 2686 scivit
3423 2622 3502 2685 ab
3543 2623 3802 2685 instanti
3849 2623 3938 2685 in-

2440 2723 2843 2796 carnationiS,
2895 2741 3040 2804 quae
3097 2722 3216 2784 scit
3267 2721 3429 2784 Deus
3478 2721 3742 2784 scientia
3791 2721 3938 2784 visi-

2439 2822 2580 2886 onis
2641 2841 2656 2884 :
2717 2820 2938 2902 sicque
2998 2819 3284 2884 Christus
3351 2821 3704 2882 secundum
3766 2821 3934 2901 quod

2442 2920 2654 2992 homo,
2691 2919 2851 2983 vidit
2890 2919 2956 2980 in
2985 2918 3213 2992 Verbo,
3247 2926 3310 2980 et
3347 2919 3498 2980 item
3537 2936 3651 3000 per
3689 2919 3932 3000 speciae

633 3020 701 3077 10
834 3015 943 3078 tia.
976 3019 1072 3078 Tu
1096 3036 1162 3076 es
1191 3017 1494 3094 magister
1528 3019 1601 3077 in
1635 3019 1863 3086 Israel,
1896 3016 1959 3078 id
1990 3024 2085 3078 est
2115 3016 2333 3079 doctor
2368 3016 2413 3079 C
2443 3025 2825 3092 concreataS,
2859 3017 3074 3080 omnia
3116 3035 3260 3098 quae
3303 3016 3688 3098 praedicavit.
3723 3019 3810 3078 Et
3853 3027 3934 3078 te-

832 3113 1213 3187 Judaeorum,
1273 3124 1333 3174 ec
1389 3117 1523 3176 Izoec
1580 3115 1657 3176 de
1718 3114 2032 3196 Baptismo
2092 3114 2334 3196 prolata

833 3214 1147 3290 iynoras?
1193 3211 1340 3285 Quae
1388 3219 1598 3274 tamen
1649 3213 1714 3274 in
1766 3212 1947 3275 libris
1996 3212 2222 3294 Moysis
2271 3221 2334 3275 et

835 3310 1287 3393 Prophetarum
1332 3309 1691 3392 figuraliter
1729 3320 1794 3374 et
1832 3310 2189 3373 litteraliter
2231 3313 2333 3374 de-

834 3409 1203 3471 scribuntur
1244 3427 1259 3471 ε
1301 3408 1592 3491 ideoque,
1635 3428 1837 3491 quum
1886 3410 1973 3471 sis
2022 3410 2179 3490 legis
2229 3411 2335 3474 do-

834 3518 990 3584 ctor,
1034 3509 1295 3572 deberes
1340 3509 1473 3572 haec
1518 3510 1701 3584 scire,
1740 3510 1838 3574 vel
1882 3510 2104 3572 saltem
2147 3510 2334 3573 facile

834 3607 1208 3689 intelligere.
1262 3607 1543 3672 Doctoris
1602 3609 1843 3690 quippe
1892 3617 1986 3670 est
2035 3609 2336 3692 mysteria

834 3714 897 3769 et
934 3706 1172 3788 figuras
1215 3713 1407 3788 atque
1448 3705 1835 3769 difficillima
1878 3707 2013 3770 loca
2050 3705 2334 3789 Scriptu-

834 3823 1050 3867 rarum
1107 3813 1466 3867 sanctarum
1524 3822 1921 3885 cognoscere.
1972 3804 2332 3886 Baptismus

834 3909 1044 3964 autem
1088 3902 1343 3983 Christi,
1377 3921 1493 3985 per
1529 3903 1867 3964 transitum
1908 3903 2099 3964 maris
2130 3902 2329 3965 Rubri

836 4009 899 4063 et
942 4019 1054 4084 per
1094 4001 1451 4064 ablutiones
1501 4001 1731 4081 legales
1775 4000 2327 4082 praefigurabatur,

545 4121 806 4175 wama.
836 4099 1085 4162 dicente
1135 4098 1432 4182 Apostolo
1484 4117 1498 4161 :
1551 4098 1779 4161 Omnes
1838 4099 1902 4160 in
1956 4098 2162 4182 Moyse
2219 4100 2330 4162 ba-

2438 3118 2820 3178 stimonium
2869 3124 3159 3175 nostrum
3209 3135 3340 3175 non
3397 3115 3720 3192 accipin-5,
3767 3123 3933 3177 recte

2440 3213 2754 3276 credendo
2799 3221 2992 3294 atque
3041 3211 3367 3275 humiliter
3413 3211 3571 3273 meis
3631 3212 3935 3276 sermoni-

2439 3311 2562 3374 bus
2605 3310 3078 3374 consentiendo.
3121 3309 3417 3383 Quamvis
3459 3309 3631 3371 enim
3673 3310 3934 3390 quidam

2437 3410 2798 3473 Judaeorum
2838 3408 3244 3472 crediderunt
3283 3407 3399 3482 illi,
3431 3416 3642 3470 tamen
3685 3427 3936 3490 compa·

2440 3509 2684 3572 ratione
2726 3508 3202 3571 incredulorum
3243 3505 3499 3568 fuerunt
3541 3507 3931 3588 paucissimi.

2439 3608 2616 3670 Unde
2661 3626 2774 3690 per
2815 3606 2970 3669 Osee
3014 3605 3298 3668 Christus
3343 3605 3634 3687 praedixit
3664 3624 3679 3668 :
3712 3604 3936 3668 Reces-
3963 3635 4199 3684 omma,

2441 3715 2661 3768 serunt
2691 3726 2726 3768 a
2757 3723 2859 3767 me
2889 3725 2904 3782 ;
2947 3713 3010 3768 et
3049 3723 3163 3785 ego
3203 3704 3448 3766 erudivi
3479 3721 3609 3778 θος,
3641 3711 3706 3766 et
3735 3704 3799 3767 in
3831 3723 3936 3766 me
3965 3701 4033 3742 ¹⁸·

2441 3805 2874 3886 cogitaverunt
2916 3803 3249 3865 malitiam.

2519 3907 2600 3966 Si
2644 3913 2895 3964 terrena
2933 3904 3084 3962 dixi
3126 3905 3320 3976 vobi-5,
3353 3911 3412 3963 ec
3451 3921 3582 3964 non
3621 3903 3882 3962 creditis
3911 3925 3938 3962 .·
4070 3914 4128 3969 12

2439 4004 2750 4082 quomodo
2797 4003 2857 4060 si
2901 4001 3130 4060 dia-ero
3175 4002 3347 4060 vobis
3391 4001 3692 4069 coelestia,
3727 4002 3941 4060 crede-

2442 4101 2574 4161 tis?
2612 4097 2760 4172 Quae
2809 4106 2959 4160 sunt
3007 4098 3126 4159 ista
3171 4105 3423 4159 terrena
3459 4116 3603 4178 quae
3649 4097 3938 4160 Christus

835 4197 1048 4279 ptizati
1098 4205 1246 4259 sunt
1295 4197 1361 4258 in
1401 4197 1573 4259 nube
1619 4205 1681 4258 et
1720 4197 1785 4259 in
1836 4197 2015 4258 mari.
2058 4196 2334 4280 Prophe-
2363 4199 2411 4261 D
2442 4198 2601 4261 dixit
2639 4196 2979 4260 Nicodemo
3026 4203 3219 4277 atque
3262 4195 3533 4259 ludaeis?
3573 4193 3936 4258 Secundum

831 4303 912 4358 tae
944 4314 1090 4360 vero
1128 4297 1206 4358 ad
1246 4296 1520 4358 litteram
1560 4296 1753 4358 locuti
1792 4305 1942 4358 sunt
1978 4296 2057 4358 de
2100 4296 2330 4360 Christi

832 4393 1233 4477 Baptismate,
1288 4402 1359 4457 ut
1414 4413 1613 4477 quum
1671 4411 1783 4477 per
1831 4394 2190 4457 Zachariam
2241 4395 2332 4457 di—

560 4501 806 4556 zuh-1¹¹¹.
836 4494 1001 4556 citur
1034 4513 1047 4557 :
1081 4494 1150 4556 In
1194 4494 1298 4556 die
1342 4493 1452 4555 illa
1493 4493 1614 4555 erit
1656 4491 1799 4556 sons
1844 4500 2067 4574 patens
2113 4494 2330 4556 domui

546 4569 582 4610 ¹·
836 4592 1030 4656 David
1070 4599 1133 4654 et
1174 4591 1606 4654 habitantibus
1648 4590 2015 4664 Jerusalem,
2049 4592 2117 4654 in
2154 4592 2335 4655 ablu-

836 4691 1072 4754 tionem
1135 4690 1503 4773 peccatoris.
1558 4690 1641 4752 De
1689 4709 1818 4771 quo
1865 4689 2069 4772 accipi
2128 4698 2334 4772 potest

552 4797 901 4860 :mammet
956 4789 1117 4852 illud
1171 4789 1361 4852 Joelis
1414 4807 1428 4852 :
1481 4787 1644 4852 Fons
1704 4790 1780 4851 de
1838 4789 2024 4852 domo
2083 4788 2332 4851 Domini

836 4887 1215 4970 egredietur,
1267 4895 1330 4949 et
1380 4885 1668 4968 irrigabit
1725 4893 2067 4950 torrentem
2120 4887 2336 4969 spina-

836 5006 1001 5062 rum,
1067 4985 1362 5049 videlicet
1427 4986 1615 5049 corda
1678 4985 1921 5060 vitiosa,
1989 4985 2193 5066 spinis
2261 5005 2334 5048 ac

834 5085 1089 5149 tribulis
1128 5084 1567 5167 spiritualibus
1609 5084 1817 5166 plena.
1851 5083 2010 5146 Hinc
2042 5101 2157 5166 per
2188 5082 2336 5146 Eze-

593 5184 760 5229 ssmst·
834 5184 1105 5248 chielem
1154 5184 1353 5247 multa
1401 5183 1703 5246 dicuntur
1745 5184 1823 5245 de
1864 5182 2050 5264 aquis
2100 5182 2334 5244 redun-

538 5261 665 5354 :iff'
700 5261 801 5304 ΡΨ
833 5283 1129 5347 dantibus
1158 5281 1405 5365 templi,
1438 5300 1583 5363 quie
1610 5281 1687 5344 de
1717 5281 1900 5363 aquis
1929 5280 2330 5362 Baptismatis

2441 4295 2864 4376 Augustinum
2915 4302 2975 4356 et
3023 4293 3272 4369 Bedam‚
3326 4294 3446 4356 ista
3501 4301 3752 4354 terrena
3805 4311 3938 4356 non

2442 4401 2591 4456 sunt
2649 4393 2866 4475 aliqua
2927 4392 3092 4454 dicta
3151 4392 3215 4454 in
3282 4391 3401 4455 isto
3462 4391 3760 4473 capitulo,
3822 4393 3935 4454 sed

2441 4493 2611 4574 quod
2652 4511 2843 4573 supra
2884 4491 2949 4553 in
2991 4490 3370 4573 praecedenti
3411 4489 3688 4572 capitulo
3730 4488 3936 4554 fertur

2442 4590 2729 4654 Christus
2770 4589 3004 4652 dixisse
3037 4589 3268 4652 Judaeis
3302 4608 3315 4652 :
3350 4587 3584 4653 Solvite
3621 4588 3935 4671 templum
4007 4610 4195 4654 mam.

2443 4689 2583 4764 hoc,
2637 4697 2700 4751 et
2755 4689 2821 4750 in
2872 4688 3076 4751 tribus
3135 4688 3360 4750 diebus
3408 4686 3694 4751 excitabo
3748 4687 3931 4750 illud.
3971 4677 4033 4717 ¹⁹·

2441 4787 2570 4852 Hoc
2624 4788 2798 4850 enim
2862 4786 3161 4849 disseruit
3220 4787 3298 4848 de
3358 4786 3616 4868 proprio
3671 4803 3938 4868 corpore

2442 4887 2651 4949 adhuc
2680 4885 3105 4968 corruptibili,
3139 4892 3393 4949 terreno
3425 4903 3498 4947 ac
3527 4884 3744 4948 mixto.
3778 4883 3942 4946 Tan-

2441 5004 2633 5068 quam
2676 4986 2842 5047 dicat
2875 5003 2888 5046 :
2924 4983 2986 5045 Si
3024 5003 3149 5047 non
3191 4983 3446 5047 creditis
3485 4984 3655 5065 quod
3695 4983 3940 5065 possim

2445 5083 2775 5166 proprium
2825 5102 3055 5164 corpus
3097 5082 3312 5145 divina
3352 5083 3584 5146 virtute
3631 5081 3940 5144 suscitare

2439 5201 2476 5244 a
2513 5189 2734 5256 morte,
2768 5182 3089 5263 quomodo
3129 5180 3398 5244 credetis
3433 5181 3604 5262 quod
3643 5180 3938 5243 homines

2443 5280 2684 5344 valeam
2736 5298 2812 5342 ex
2863 5298 3028 5362 aqua
3075 5287 3138 5341 et
3188 5277 3428 5361 Spiritu
3481 5277 3705 5343 Sancto
3761 5295 3940 5360 rege-
