4300 6259
761 493 883 560 3⁷2

1562 511 1909 558 mannum
1952 511 2017 557 m
2057 511 2196 558 cal».
2239 512 2280 555 V
2319 510 2596 559 tomis.
2641 530 2724 541 —
2763 513 2906 559 Am.
2951 513 3057 558 xtv

759 683 1024 766 cipium‚
1058 682 1123 745 in
1163 701 1293 765 quo
1330 689 1426 745 est
1467 684 1757 746 omnium
1803 683 2118 747 bonorum
2161 689 2254 744 at-
2285 682 2334 742 A
2363 701 2400 744 a
2445 701 2854 765 quocumque
2911 682 3246 746 manifeste
3301 681 3571 755 videtur,
3631 679 3856 742 beatus

756 799 883 863 que
914 781 1330 864 pulchrorum
1368 800 1440 844 ac
1479 779 1997 844 desiderabilium
2038 799 2254 862 supcr-

755 881 933 943 dives
977 879 1314 961 possessio.
1346 879 1552 942 Simili
1601 880 1787 943 modo
1827 877 2018 941 habet
2054 877 2252 940 Filius

757 980 1108 1041 secundum
1156 978 1437 1041 divinam
1479 985 1791 1052 naturam,
1822 977 2015 1040 vitam
2057 977 2122 1038 in
2164 995 2254 1038 se-

754 1077 1051 1159 metips0,
1084 1076 1389 1159 quoniam
1422 1077 1558 1159 ipsa
1598 1082 1693 1139 est
1722 1076 1851 1139 vita
1878 1075 2035 1138 haec.
2070 1074 2256 1137 Sunt-

755 1193 883 1257 que
926 1175 1103 1237 Pater
1151 1182 1215 1236 et
1260 1174 1456 1236 Filius
1504 1194 1629 1236 una
1668 1174 1816 1249 vita,
1850 1193 1995 1256 quae
2037 1174 2256 1236 divina

754 1282 852 1336 est
890 1273 1163 1336 essentia
1205 1281 1396 1355 prout
1430 1281 1527 1335 est
1565 1280 1744 1335 actus
1787 1292 1987 1354 purus
2022 1291 2036 1335 :
2076 1271 2255 1334 Pater

754 1391 903 1454 ergo
948 1373 1309 1452 generando
1356 1371 1837 1434 communicans
1883 1370 2043 1434 Filio
2090 1370 2256 1433 divi-

754 1491 903 1534 nam
939 1471 1301 1544 essentiam,
1337 1469 1833 1532 communicavit
1871 1477 1934 1532 et
1979 1469 2154 1531 dedit
2189 1469 2248 1531 ei

754 1570 949 1634 vitam
982 1577 1043 1631 et
1074 1567 1473 1651 sapientiam.
1507 1567 1712 1640 Quum
1743 1586 1891 1649 ergo
1934 1567 2016 1629 sit
2052 1567 2250 1629 Filius

756 1675 882 1730 tam
912 1667 1461 1749 superexuberans
1491 1666 1635 1729 i'ons
1668 1667 1825 1739 vitae,
1847 1666 2055 1748 palam
2085 1666 2253 1748 quod

758 1766 958 1850 possit
1000 1764 1329 1828 vivificare
1370 1782 1809 1846 quoscumque
1854 1764 2144 1827 voluerit.

2364 789 2478 842 est.
2530 780 2735 854 Quum
2795 799 2943 862 ergo
2995 799 3264 863 persona
3309 778 3452 840 Filii
3503 779 3584 840 sit
3630 795 3858 840 secun-

2366 879 2516 941 dum
2550 880 2891 941 humanam
2923 888 3211 941 naturam
3249 897 3288 940 a
3323 877 3508 942 bonis
3540 876 3856 958 malisque

2369 977 2662 1052 visibilis,
2697 976 2838 1041 ideo
2887 979 3102 1040 datum
3153 985 3246 1039 est
3295 976 3354 1038 ei
3399 975 3712 1056 judicium
3759 973 3858 1036 sa-

2366 1093 2529 1150 cere,
2563 1076 2716 1157 quia
2751 1075 2950 1138 Filius
2989 1075 3268 1138 hominis
3305 1082 3421 1136 est.
3454 1073 3598 1136 Ideo
3633 1073 3856 1134 Petrus

2366 1173 2650 1255 loquitur
2706 1174 2772 1236 in
2831 1173 3094 1236 Actibus
3149 1172 3594 1255 Apostolorum
3645 1190 3659 1234 :
3710 1171 3856 1252 lpse
3883 1192 4012 1235 Aet.
4043 1205 4094 1242 ι,
4123 1193 4206 1234 ⁸2.

2362 1280 2458 1334 est
2495 1272 2610 1354 qui
2650 1273 3031 1336 constitutus
3072 1279 3170 1334 est
3209 1291 3246 1334 a
3286 1270 3412 1334 Deo
3445 1270 3638 1350 judex
3679 1270 3858 1332 vivo-

2364 1389 2506 1432 rum
2546 1379 2610 1433 et
2647 1377 3064 1434 mortuorum.
3099 1368 3174 1431 Et
3214 1369 3405 1433 David
3438 1369 3528 1430 ait
3563 1369 3640 1430 de
3679 1367 3859 1430 Chri-

2363 1477 2460 1532 sto
2493 1489 2508 1532 :
2541 1468 2857 1530 Iudicabit
2887 1468 2951 1530 in
2985 1467 3368 1540 nationibus,
3403 1465 3694 1549 implebit
3723 1466 3858 1528 rui·
3901 1487 4000 1529 Ρ..
4023 1489 4194 1534 015.

2365 1586 2500 1628 nas.
2536 1567 2662 1631 Hoc
2698 1574 2951 1629 sanctus
2979 1566 3092 1630 Job
3131 1565 3424 1647 cognovit
3457 1563 3850 1640 adfuturum,

2363 1685 2564 1748 quum
2596 1665 2755 1728 dixit
2788 1683 2801 1727 :
2837 1665 3034 1729 Credo
3062 1665 3236 1746 quod
3263 1663 3641 1746 Redemptor
3670 1681 3854 1724 meus
3893 1684 4006 1728 ,1οο
4021 1687 4206 1734 mas,

2364 1765 2545 1846 vivit,
2579 1773 2641 1826 et
2680 1765 2743 1826 in
2791 1763 3136 1828 novissimo
3179 1763 3282 1825 die
3325 1764 3402 1825 de
3443 1768 3610 1825 terra
3647 1779 3856 1824 surre-
3881 1748 3970 1788 ²⁶·

551 1875 623 1930 27
838 1867 921 1926 Ει
952 1873 1325 1940 potestatem
1363 1865 1543 1924 dedit
1575 1865 1659 1930 ei,
1692 1873 1751 1924 et
1771 1863 2115 1940 judicium
2156 1863 2254 1940 fa·
2287 1868 2336 1931 B
2364 1871 2583 1926 cturus
2612 1883 2776 1934 sum,
2811 1871 2874 1924 et
2911 1862 2976 1924 in
3008 1879 3196 1924 carne
3227 1879 3368 1923 mea
3397 1859 3624 1923 videbo
3653 1859 3854 1921 Deum

754 1983 912 2024 cere.
963 1961 1167 2034 Quum
1216 1959 1413 2022 Filius
1470 1980 1507 2022 a
1554 1960 1732 2022 Patre
1786 1960 2014 2023 habeat
2065 1961 2256 2042 quid-
2364 1963 2740 2024 salvatorem
2792 1979 3028 2023 meum.
3062 1959 3288 2022 Videre
3333 1958 3505 2020 enim
3553 1958 3620 2020 in
3661 1975 3854 2020 carne

754 2060 912 2142 quid
952 2059 1162 2134 habet,
1199 2066 1442 2121 constat
1488 2059 1661 2140 quod
1704 2058 1918 2131 Filius,
1954 2059 2141 2121 etiam
2185 2067 2254 2120 ut
2363 2060 2622 2142 propria
2661 2060 2872 2141 ipsum
2906 2059 3122 2131 Deum,
3159 2077 3284 2121 non
3316 2057 3566 2120 videtur
3595 2057 3855 2139 proprie

753 2155 939 2230 DeuS,
988 2155 1177 2218 habet
1223 2175 1260 2217 a
1310 2156 1487 2218 Patre
1530 2155 1933 2236 judiciariam
1983 2165 2254 2238 potesta-
2364 2177 2548 2240 posse
2596 2157 2866 2238 intelligi
2917 2156 3040 2219 nisi
3090 2157 3169 2218 de
3216 2155 3341 2218 Deo
3387 2155 3708 2218 incarnato
3754 2162 3852 2216 at-

514 5126 665 5171 Ecod.

462 5203 606 5240 xxxin,
640 5192 692 5233 2⁰
714 5205 725 5214 ·

464 5251 481 5297 Ι
495 5252 657 5297 Joann.
670 5267 726 5305 iv,

464 5319 531 5359 ¹2.

753 2262 903 2317 tem.
938 2254 1058 2316 Sed
1099 2256 1175 2317 de
1210 2254 1405 2334 hujus
1457 2255 1781 2337 potestatis
1821 2255 2073 2316 datione
2122 2273 2248 2318 non

753 2361 849 2415 est
907 2372 1078 2416 nunc
1137 2372 1367 2416 sermo.
1424 2352 1731 2415 Subditur
1786 2353 1959 2415 enim
2016 2372 2029 2416 :
2092 2355 2250 2433 quia

752 2453 971 2513 Filius
1026 2454 1309 2512 hominis
1364 2461 1475 2513 est.
1544 2451 1701 2533 Ergo
1763 2451 2249 2532 intelligendum

755 2551 833 2612 de
872 2557 1178 2631 potestate
1218 2548 1731 2613 subauctoritatis
1777 2549 1842 2611 in
1880 2549 2246 2629 judicand0‚

754 2647 1052 2712 videlicet
1099 2650 1177 2711 de
1228 2655 1534 2730 potestate
1582 2648 1971 2730 exsequendi
2018 2647 2252 2728 judici-

754 2765 860 2808 um
891 2764 1007 2828 pro
1031 2747 1383 2828 prolatione
1414 2746 1775 2809 sententiae:
1802 2765 1945 2828 quae
1976 2754 2248 2828 potestas

754 2847 897 2908 data
942 2853 1038 2907 est
1085 2865 1122 2908 a
1169 2853 1297 2908 tota
1335 2844 1638 2908 Trinitate
1681 2845 1929 2909 Christo
1977 2846 2246 2920 homini,

751 2944 904 3025 quia
952 2943 1148 3006 Filius
1196 2943 1475 3007 hominis
1524 2951 1641 3006 est.
1684 2943 1856 3016 Quod
1908 2944 2251 3026 dupliciter

2362 2275 2489 2337 que
2547 2256 2784 2320 visibili
2849 2275 2863 2318 ;
2927 2255 3279 2339 praesertim
3337 2272 3538 2335 quum
3598 2260 3854 2315 sanctus

2358 2356 2472 2420 Job
2531 2354 2898 2437 subjecerit,
2957 2353 3154 2427 Quem
3214 2353 3468 2416 visurus
3531 2370 3671 2414 sum
3733 2369 3856 2432 ego

2363 2454 2521 2537 ipse,
2555 2463 2618 2516 et
2655 2453 2823 2517 oculi
2865 2453 2988 2515 mei
3022 2451 3422 2535 conspecturi
3453 2459 3601 2513 sunt
3632 2468 3646 2512 ε
3679 2451 3854 2532 quod

3915 2371 4066 2416 leid.
4089 2375 4178 2414 εἴ.

2363 2555 2440 2616 de
2501 2551 2940 2634 corporalibus
3005 2551 3208 2614 oculis
3275 2549 3518 2612 dictum
3576 2549 3849 2624 videtur,

2362 2651 2666 2733 quoniam
2701 2650 2816 2714 Job
2865 2649 3152 2731 loquitur
3198 2649 3277 2710 de
3315 2666 3464 2712 vera
3512 2665 3852 2730 corporum

2363 2749 2842 2812 resuscitatione
2879 2754 3070 2828 atque
3109 2745 3390 2830 perfecta
3418 2746 3852 2809 membrorum

2362 2848 2778 2931 reparatione.

2454 2946 2530 3009 Et
2575 2965 2656 3008 ne
2701 2945 2898 3009 Judaei
2949 2944 3348 3007 verbis-istis
3405 2963 3536 3026 prae
3580 2943 3856 3006 admira-

754 3041 1023 3122 intelligi
1085 3049 1308 3124 potest.
1370 3042 1579 3105 Primo
1636 3043 1727 3105 sic
1781 3061 1794 3104 :
1846 3041 2003 3114 Quia
2052 3042 2248 3104 Filius
2286 3051 2332 3117 G
2361 3046 2531 3109 tione
2571 3045 3021 3119 discrederent,
3064 3043 3238 3106 addit
3284 3042 3481 3105 Filius
3530 3042 3634 3105 Dei
3673 3043 3852 3105 aliud

752 3141 1032 3204 hominis
1080 3149 1196 3216 est,
1244 3141 1307 3202 id
1355 3149 1451 3203 est
1498 3141 1723 3204 merito
1774 3159 1905 3204 suae
1954 3141 2253 3203 humilia-

752 3239 967 3314 tioniS,
1030 3239 1505 3314 incarnationiS,
1569 3239 1862 3301 humanae
1919 3258 2251 3303 conversa-

752 3337 967 3412 tioniS,
989 3356 1061 3399 ac
1094 3337 1425 3419 passionis.
1462 3336 1748 3400 Christus
1780 3338 1953 3400 enim
1986 3357 2101 3420 per
2129 3339 2251 3401 ista

752 3435 988 3498 meruit
1018 3435 1142 3498 sibi
1181 3435 1305 3516 ipsi
1342 3434 1743 3516 judiciariam
1780 3443 2147 3517 potestatem
2183 3438 2248 3498 in

752 3536 1180 3615 exsequendo.
1214 3533 1339 3596 Nec
1380 3533 1588 3596 obstat
1628 3535 1801 3616 quod
1844 3534 2067 3597 habuit
2109 3553 2247 3598 eam

753 3632 833 3695 ab
872 3633 1133 3695 instanti
1173 3652 1303 3696 suae
1342 3632 1795 3696 incarnationis
1837 3641 2095 3715 propter
2138 3635 2252 3717 hy·

754 3732 1125 3814 postaticam
1157 3731 1455 3795 unionem
1489 3750 1633 3793 cum
1666 3731 1889 3795 Verbo.
1908 3731 2042 3795 Non
2074 3733 2247 3795 enim

753 3839 849 3893 est
892 3830 1348 3894 inconveniens
1396 3830 1641 3911 aliquid
1685 3830 1878 3892 alicui
1926 3830 2142 3893 deberi
2187 3840 2250 3894 et

754 3928 1094 3991 convenire
1142 3928 1223 3990 ob
1274 3947 1493 3990 causas
1543 3927 1823 3989 diversas
1876 3947 1889 3990 :
1944 3931 2251 4010 quemad-

752 4027 1009 4089 modum
1071 4026 1261 4088 etiam
1320 4025 1569 4107 corpori
1620 4024 1849 4088 Christi
1902 4026 2251 4089 debebatur

754 4125 854 4186 vel
904 4122 1737 4205 competebat‘glorificatio,
1774 4125 2015 4189 ratione
2054 4125 2251 4188 beati-

2361 3143 2742 3218 mirabilius,
2776 3151 3090 3225 quatenus
3141 3141 3458 3204 mirabilia
3509 3142 3854 3203 reddantur

2361 3242 2691 3305 credibilia
2722 3261 2835 3324 per
2865 3241 3028 3304 facta
3056 3240 3468 3304 mirabiliora.
3494 3241 3708 3304 Nolite
3735 3240 3856 3299 mi·
4013 3249 4102 3304 28

2359 3343 2505 3402 rari
2533 3340 2949 3403 admiratione
2979 3339 3356 3411 inordinata,
3390 3337 3720 3418 dejectiva,
3757 3336 3856 3398 in-

2361 3439 2637 3513 credula,
2690 3441 2804 3499 hoc
2849 3438 3020 3520 quod
3071 3437 3227 3512 dixi,
3277 3436 3436 3498 mihi
3486 3436 3690 3498 datam
3743 3453 3856 3516 po-

2361 3545 2649 3599 testatem
2686 3535 3037 3617 judicandi,
3070 3554 3272 3616 quum
3311 3533 3548 3615 maJ'ora
3571 3525 3855 3596 ⁴acturus

2361 3637 2524 3714 sim;
2567 3637 2724 3715 quia
2767 3636 2974 3695 veniet
3011 3635 3195 3702 liora,
3240 3633 3535 3696 videlicet
3577 3631 3712 3694 dies
3751 3631 3857 3712 ju-

2365 3735 2514 3798 dicii
2569 3753 2582 3797 :
2636 3736 2714 3797 de
2761 3751 2890 3814 qua
2933 3731 3088 3794 alibi
3141 3731 3391 3812 legitur,
3443 3731 3529 3792 De
3584 3731 3685 3792 die
3745 3729 3858 3790 illa
3945 3753 4157 3799 aum„

2364 3842 2426 3895 et
2473 3833 2627 3897 hora
2674 3850 2861 3895 nemo
2898 3831 3056 3910 scit3
3098 3831 3168 3890 in
3210 3851 3338 3910 qua
3383 3849 3597 3891 omnes
3623 3831 3740 3910 qui
3775 3831 3853 3889 in
3883 3829 4026 3867 ω’·
4051 3823 4132 3862 ³⁶·

2362 3933 2796 3993 monumentis
2838 3939 3017 3998 sunt,
3056 3929 3120 3990 id
3159 3935 3255 3990 est
3299 3945 3520 3990 omnes
3568 3925 3852 3989 defuncti

2361 4037 2674 4111 quantum
2722 4029 2798 4090 ad
2857 4044 3089 4108 corpus
3147 4025 3212 4087 in
3273 4025 3585 4107 sepulcris
3639 4025 3846 4098 locati,

2360 4135 2672 4210 quantum
2717 4144 2865 4189 vero
2915 4125 2992 4186 ad
3040 4124 3318 4186 animam
3370 4123 3434 4186 in
3479 4122 3749 4196 inferno,
3781 4122 3850 4185 in

754 4221 996 4284 tudinis
1062 4221 1291 4284 animae
1346 4241 1525 4302 suae3
1595 4222 1799 4286 nihilo
1862 4224 2075 4286 minus
2136 4234 2330 4307 perD
2361 4226 2581 4301 limbo,
2634 4224 3015 4307 purgatoriO,
3065 4223 3164 4286 vel
3217 4223 3282 4284 in
3336 4222 3496 4286 coelo
3547 4221 3855 4284 exsisten-

754 4339 936 4384 suam
987 4320 1346 4402 passionem
1389 4321 1740 4402 promeruit
1778 4340 1938 4396 eam,
1978 4331 2041 4384 et
2083 4342 2252 4405 saepe

754 4418 959 4482 oravit
988 4437 1103 4500 pro
1132 4436 1226 4480 ea.
1260 4454 1341 4464 -
1370 4417 1659 4482 Secundo
1690 4419 1783 4481 sic
1818 4439 1831 4482 :
1866 4419 2023 4492 Quia
2053 4419 2251 4484 Filius

756 4517 1035 4580 hominis
1065 4526 1180 4591 est,
1216 4517 1279 4580 id
1310 4525 1407 4579 est
1444 4525 1704 4600 propter
1743 4521 2252 4583 convenientiam

758 4634 950 4697 quam
992 4615 1181 4678 habet
1227 4617 1304 4678 ad
1352 4618 1777 4679 exercendum
1815 4617 2131 4699 judicium
2177 4639 2254 4682 ex

757 4721 935 4796 parte
983 4714 1394 4777 humanitatis
1442 4723 1803 4797 assumptae.
1850 4716 2035 4779 Decet
2080 4718 2253 4780 enim

755 4812 1036 4894 judicem
1074 4813 1153 4874 ab
1191 4813 1489 4876 omnibus
1518 4813 1878 4893 judicandis
1918 4815 2255 4878 manifeste

758 4911 982 4984 videri,
1039 4918 1107 4972 ut
1162 4918 1328 4972 stent
1385 4930 1596 4973 coram
1653 4929 1749 4986 eo,
1799 4920 1862 4974 et
1912 4912 2254 4994 loquantur

760 5029 875 5093 pro
923 5027 1011 5084 se,
1052 5009 1105 5070 si
1158 5009 1500 5090 potuerint.
1542 5009 1727 5072 Nulla
1774 5019 1985 5072 autem
2037 5013 2254 5075 divina

758 5109 1028 5172 Persona
1066 5109 1417 5170 secundum
1458 5109 1779 5190 propriam
1820 5119 2106 5173 naturam
2145 5132 2256 5194 ap-

715 5214 821 5269 ·ta
868 5213 962 5269 est
1006 5206 1291 5288 judicare
1338 5206 1459 5270 hoc
1506 5208 1713 5270 modo.
1760 5207 1893 5271 Non
1942 5211 2114 5272 enim
2165 5211 2256 5273 vi-

758 5305 893 5368 deri
942 5312 1149 5387 potest
1196 5303 1532 5366 manifeste
1580 5305 1703 5367 nisi
1750 5325 1789 5368 a
1830 5306 2054 5369 Beatis.
2097 5308 2250 5383 Imo,

2359 4332 2453 4386 tes
2498 4323 2697 4404 (unde
2754 4321 3054 4382 dicuntur
3111 4337 3250 4382 esse
3307 4319 3374 4381 111
3423 4317 3852 4382 monumentis

2362 4423 2603 4484 ratione
2652 4419 2870 4501 partiS,
2923 4435 3037 4500 per
3085 4417 3522 4499 synecdochen
3571 4434 3587 4480 ε
3632 4435 3856 4498 quem-

2361 4519 2700 4583 admodum
2760 4516 3075 4578 Abraham
3141 4515 3374 4596 dicitur
3439 4515 3724 4598 sepultus
3781 4515 3852 4578 111
3883 4538 4190 4588 cenans.

2364 4619 2668 4703 spelunca
2736 4615 3024 4698 duplici;
3091 4622 3156 4676 et
3215 4613 3406 4676 Maria
3469 4613 3850 4695 Magdalene,
3898 4637 4190 4694 human,

2365 4717 2692 4790 Tulerunt,
2727 4714 2959 4797 inquit,
2997 4713 3356 4787 Dominum,
3391 4711 3454 4775 id
3490 4721 3586 4774 est
3621 4731 3852 4795 corpus
3885 4703 3964 4745 ¹³·

2364 4815 2610 4880 Domini
2673 4815 2750 4877 de
2809 4813 3269 4890 monumento),
3319 4813 3588 4872 audient
3643 4831 3856 4872 vocem

2369 4918 2532 4978 Filii
2563 4916 2706 4982 Dei,
2739 4913 2801 4975 id
2831 4920 2946 4987 est,
2989 4912 3066 4974 ad
3108 4911 3451 4993 imperium
3491 4909 3718 4973 Christi
3757 4927 3858 4972 re-

2364 5019 2640 5094 surgent,
2655 5011 3178 5093 quemadmodum
3211 5027 3326 5092 per
3355 5008 3674 5072 Danielem
3707 5027 3857 5090 prae-

2365 5110 2725 5174 nuntiatum
2765 5115 2860 5170 est
2902 5127 2914 5170 :
2957 5107 3072 5180 Qui
3113 5107 3439 5171 dormiunt
3479 5106 3544 5168 in
3590 5105 3854 5188 pulvere
3883 5131 4020 5178 02.-
4047 5141 4180 5186 mz-

2364 5218 2567 5282 terrae,
2619 5206 3033 5288 evigilabunt.
3081 5205 3268 5268 Isaias
3316 5223 3574 5287 quoque
3623 5203 3854 5287 praedi—

2365 5307 2458 5370 xit
2490 5325 2504 5368 :
2537 5305 2765 5368 Vivent
2803 5305 3037 5368 mortui
3076 5305 3194 5378 tui,
3237 5303 3682 5384 interfectique
3724 5301 3853 5364 mei
3885 5320 4180 5380 stamas.
