4300 6259
1108 489 1461 538 suanm-rio
1503 489 1568 535 m
1609 488 1748 535 cn.
1794 487 1883 534 xn
1925 487 2115 535 mcxi.
2161 507 2244 518 —
2283 487 2426 536 mr.
2473 488 2663 535 xxxnr
3349 469 3431 534 69

328 661 775 737 inflictionem,
806 679 917 724 seu
950 679 1067 742 per
1094 660 1320 742 judicii
1353 659 1830 734 exhibitionem,
1864 656 1915 718 A
1943 665 2077 720 esto
2116 656 2408 738 vigilans.
2451 656 2516 720 Si
2557 675 2706 738 ergo
2744 676 2871 721 non
2913 655 3297 738 vigilaveris»,
3331 672 3436 718 ve-

328 779 441 824 vos
490 760 781 824 visitabit
822 778 836 822 ε
879 760 1051 842 quod
1090 767 1220 822 tam
1270 760 1348 822 de
1386 759 1541 822 hora
1588 757 1830 831 mortiS,
1944 755 2111 817 niam
2164 756 2242 817 ad
2293 764 2354 819 te
2401 763 2703 838 tanquam
2753 755 2880 830 fur,
2915 763 2976 817 et
3025 754 3269 818 nescies
3311 772 3440 834 qua

324 877 441 922 seu
489 858 860 941 particulari
920 857 1269 940 cujuslibet
1324 857 1588 939 judicio,
1641 875 1834 938 quam
1943 855 2095 918 hora
2124 855 2375 917 veniam
2406 856 2484 917 ad
2514 862 2587 917 te.
2611 854 2732 918 Sed
2762 863 2822 916 et
2853 874 3136 917 summus
3169 853 3278 915 ille
3307 851 3440 935 phi-

326 959 405 1020 de
437 958 541 1020 die
571 957 840 1020 extremi
880 956 1109 1038 judicii
1149 965 1355 1038 potest
1386 955 1678 1036 intelligi.
1711 955 1836 1016 Un-
1947 953 2250 1034 losophus
2280 952 2452 1016 Plato
2483 953 2548 1015 in
2579 952 2888 1016 Phaedone
2918 951 3239 1025 disseruit,
3267 951 3439 1032 quod

68 1073 300 1122 almam.
326 1057 405 1118 de
437 1064 499 1118 et
538 1056 695 1119 alibi
738 1056 1023 1138 loquitur
1053 1055 1340 1118 Christus
1374 1074 1388 1117 ε
1424 1054 1688 1134 Vigilate
1729 1053 1837 1115 ita-
1946 1070 2196 1113 summa
2253 1051 2658 1133 philosophia
2707 1051 2788 1112 sit
2834 1051 3161 1114 meditatio
3217 1049 3439 1113 mortis

70 1140 124 1178 ¹³·
329 1173 478 1237 que,
512 1155 669 1236 quia
709 1154 969 1217 nescitis
1010 1153 1179 1216 diem
1230 1171 1439 1234 neque
1482 1153 1741 1230 horam;
1774 1158 1838 1213 et
1944 1149 2218 1212 assidua.
2263 1148 2499 1212 Seneca
2546 1167 2803 1231 quoque
2851 1155 3115 1212 testatur
3156 1167 3169 1211 ε
3211 1147 3443 1220 Quoni-

86 1272 218 1319 Act-1,
238 1273 276 1310 7.
329 1254 397 1315 in
436 1253 703 1316 Actibus
741 1253 1212 1334 Apostolorum,
1244 1251 1380 1315 Non
1419 1257 1515 1314 est
1554 1258 1834 1314 vestrum
1944 1267 2045 1308 am
2078 1248 2246 1310 diem
2279 1247 2500 1310 mortis
2531 1248 2874 1321 nescimuS,
2908 1246 3182 1328 quilibet
3211 1252 3440 1308 nostrae

329 1371 517 1415 nosse
576 1359 866 1434 tempora
914 1351 1015 1415 vel
1076 1357 1417 1426 momenta,
1468 1369 1613 1430 quae
1658 1347 1838 1410 Pater
1946 1346 2091 1409 vitae
2139 1347 2274 1408 dies
2331 1345 2719 1409 ordinandus
2778 1353 2874 1408 est
2926 1353 3229 1427 tanquam
3290 1343 3439 1406 ulti-

326 1451 545 1532 posuit
583 1450 652 1512 in
687 1469 803 1512 sua
836 1455 1146 1532 potestate
1180 1467 1193 1512 :
1228 1450 1400 1530 quod
1433 1449 1511 1511 de
1550 1456 1837 1529 tempore
1946 1464 2089 1507 mus
2133 1445 2290 1506 dies.

320 1548 543 1610 finalis
583 1548 747 1612 dixit
782 1547 1031 1629 judicii.
1067 1547 1258 1611 Porro
1298 1553 1635 1627 utramque
1672 1545 1836 1607 hanc
2025 1542 2366 1617 Postremo,
2404 1542 2720 1624 praedictis
2769 1541 2999 1605 Christi
3052 1540 3263 1606 verbis
3314 1559 3440 1604 non

322 1648 549 1711 horam
587 1647 897 1710 Dominus
938 1646 1145 1710 voluit
1186 1665 1300 1710 nos
1342 1645 1558 1718 latere,
1594 1651 1665 1706 ut
1702 1652 1838 1706 tan·
1946 1641 2182 1714 obviat,
2215 1643 2385 1724 quod
2429 1642 2688 1723 quidam
2721 1641 3091 1704 Sanctorum
3123 1659 3199 1702 ex
3229 1639 3445 1720 singu-

319 1754 386 1809 to
422 1745 797 1826 diligentius
837 1764 911 1807 ac
941 1743 1408 1807 indesinentius
1448 1744 1523 1805 ad
1564 1749 1829 1805 mortem
1945 1741 2062 1802 lari
2109 1740 2219 1802 Dei
2261 1741 2481 1821 gratia,
2528 1740 2698 1803 diem
2747 1739 2969 1803 mortis
3019 1758 3150 1801 suae
3197 1756 3313 1820 per
3351 1754 3446 1799 re-

320 1852 385 1907 et
424 1846 503 1906 ad
546 1845 841 1908 divinum
878 1862 993 1907 nos
1032 1843 1349 1925 judicium
1395 1843 1830 1923 disponamus,
1873 1842 1919 1902 B
1948 1838 2327 1901 velationem
2359 1845 2926 1920 praecognoverunt
2955 1836 3251 1900 divinam.
3272 1834 3447 1898 Chri-

320 1951 565 2026 quanto
595 1942 1089 2007 determinatum
1126 1950 1379 2023 tempus
1410 1941 1620 2003 minus
1652 1959 1836 2020 agno·
1946 1946 2080 2001 stus
2130 1939 2302 2000 enim
2343 1937 2627 2019 loquitur
2659 1937 2793 1999 haec
2841 1937 3194 1999 secundum
3240 1936 3442 2016 legem

320 2041 588 2114 scimu8‚
654 2041 928 2103 scientes
986 2039 1139 2121 quia
1200 2057 1419 2102 revera
1476 2038 1833 2119 periculum
1947 2055 2377 2111 communem,
2430 2036 2966 2117 quemadmodum
3026 2034 3318 2097 Salomon
3376 2033 3443 2094 in

322 2147 419 2201 est
459 2139 877 2213 immensum,
912 2139 965 2201 si
997 2138 1145 2219 quis
1178 2136 1477 2199 inventus
1516 2156 1590 2200 ac
1619 2138 1837 2219 depre-
1946 2133 2323 2196 Ecclesiaste
2375 2153 2388 2196 z
2439 2133 2650 2196 Nescit
2693 2133 2962 2214 (inquit)
3003 2133 3195 2196 homo
3240 2130 3441 2193 finem
3500 2151 3734 2203 flectam,

322 2237 569 2299 hensus
606 2235 807 2299 fuerit
854 2235 1225 2318 imparatus.
1270 2234 1429 2296 Hinc
1468 2253 1725 2316 quoque
1769 2235 1835 2297 in
1948 2251 2173 2312 suum3
2217 2233 2327 2295 sed
2375 2232 2540 2294 sicut
2587 2231 2794 2314 pisces
2841 2231 3182 2313 capiuntur
3229 2230 3438 2304 ham0‚
3474 2217 3541 2258 ¹²·

323 2334 710 2417 Apocalypsi
770 2333 1056 2415 loquitur
1103 2332 1389 2395 Christus
1438 2333 1839 2414 reprehensi·
1946 2337 2009 2392 et
2038 2349 2186 2393 aves
2217 2331 2460 2412 laqueo,
2481 2330 2573 2392 sic
2602 2330 2942 2412 capiuntur
2971 2329 3261 2392 homines
3291 2335 3446 2390 tem-

98 2449 296 2519 Αμιιι,
326 2433 445 2496 bili
495 2451 685 2496 servo
719 2451 733 2494 ε
768 2433 838 2494 In
868 2439 1083 2494 mente
1133 2430 1297 2492 habe
1345 2431 1621 2511 qualiter
1664 2449 1839 2493 acce·
1950 2447 2102 2511 pore
2152 2429 2340 2502 malo,
2383 2448 2585 2510 quum
2635 2429 2729 2491 eis
2778 2427 3097 2509 extemplo
3145 2444 3444 2509 superve-

116 2513 151 2553 ξ·
327 2532 503 2614 peris
550 2539 612 2594 et
659 2531 961 2605 audieriS,
996 2537 1059 2592 et
1108 2529 1551 2610 poenitentiam
1589 2547 1745 2610 age3
1778 2536 1841 2590 et
1951 2528 2137 2591 nerit.

1342 2955 1995 3043 ARTICULUS
2071 2957 2454 3041 XXXIV

524 3231 847 3278 Exposrno
890 3229 1169 3276 ausuum
1210 3229 1431 3275 maris
1474 3229 1662 3276 umus
1703 3227 2034 3275 nuonccml
2076 3228 2355 3276 cxprrnu
2398 3230 2413 3274 ε
2460 3229 2564 3275 An·
2608 3230 2818 3277 Acran
2859 3231 2920 3276 m
2963 3231 3195 3278 ramus
3241 3232 3254 3276 :

933 3327 1185 3388 nonnus,
1228 3329 1312 3374 An
1353 3327 1469 3375 Nos
1509 3327 1670 3374 nmis
1710 3327 1877 3374 HANG
1916 3327 2310 3388 rAaAnoLAn,
2355 3327 2440 3373 AN
2484 3329 2568 3374 An
2608 3315 2854 3375 cimas?

138 3613 197 3670 41
468 3606 589 3669 IT
633 3614 853 3666 autem
907 3605 969 3664 ei
1016 3605 1275 3666 Petrus.
1330 3602 1508 3668 Circa
1564 3604 1701 3667 haec
1756 3602 1844 3665 ait
1880 3601 1924 3667 C
1951 3605 2129 3682 tutis,
2154 3605 2391 3688 quibus
2422 3606 2718 3688 superius
2747 3607 2908 3670 dixit
2935 3607 3217 3672 Salvator
3249 3626 3263 3670 ε
3290 3607 3452 3668 Ven-

492 3702 889 3785 Theophilus
919 3721 933 3765 :
961 3700 1181 3764 Petrus
1212 3702 1315 3765 cui
1344 3702 1475 3784 jam
1505 3702 1844 3766 commissa
1954 3704 2083 3767 dite
2120 3723 2266 3786 quae
2304 3704 2664 3786 possidetis,
2697 3705 2906 3768 Facite
2945 3706 3125 3771 vobis
3166 3704 3450 3769 sacculos

324 3802 616 3867 Ecclesia
656 3799 887 3875 fuerat,
927 3801 1112 3881 quasi
1154 3800 1443 3864 omnium
1487 3819 1704 3863 curam
1746 3818 1846 3880 ge-
1952 3802 2066 3884 qui
2095 3821 2223 3866 non
2256 3811 2676 3878 veterascunt,
2699 3810 2819 3866 etc.
2843 3803 3290 3867 Verumtamen
3322 3823 3452 3866 ma-

324 3922 490 3978 rens,
518 3901 795 3984 inquirit
821 3918 901 3962 an
931 3901 1009 3963 ad
1040 3917 1261 3963 omnes
1291 3899 1597 3963 Dominus
1629 3899 1846 3982 praein-
1950 3902 2048 3982 gis
2080 3901 2332 3964 videtur
2361 3903 2713 3965 secundum
2751 3903 2981 3964 seriem
3013 3909 3244 3978 textuS,
3278 3903 3449 3985 quod

320 4003 585 4066 ductam
627 3998 993 4082 parabolam
1036 3998 1421 4078 protulisset.
1439 4000 1731 4066 Domine,
1758 4001 1846 4060 ad
1954 4001 2032 4062 de
2083 3999 2382 4081 parabola
2430 4000 2796 4062 immediate
2846 4000 3192 4082 praehabita
3239 4000 3453 4063 scisci-

322 4122 437 4162 nos
476 4107 623 4163 tuos
667 4097 1001 4180 Apostolos
1048 4103 1239 4178 atque
1284 4096 1632 4178 discipulos
1682 4104 1841 4173 tum,
1954 4105 2120 4161 tatus
2181 4098 2263 4160 sit
2318 4098 2558 4172 Petrus,
2623 4087 2974 4180 praesertim
3033 4099 3186 4181 quia
3245 4100 3454 4163 adhuc

320 4200 437 4282 qui
490 4217 624 4262 non
676 4197 885 4260 solum
938 4203 1269 4278 praecep‘ta,
1314 4197 1424 4258 sed
1472 4201 1536 4257 et
1580 4195 1845 4258 consilia
1955 4196 2229 4278 simplex
2269 4202 2332 4258 et
2376 4197 2552 4259 rudis
2591 4195 2756 4274 fuit;
2808 4205 2871 4260 et
2910 4197 2974 4259 in
3016 4197 3453 4280 superioribus

322 4306 434 4360 tua
484 4296 853 4369 observant,
892 4296 1062 4355 dicis
1106 4297 1275 4356 hanc
1313 4297 1713 4372 parabolam,
1754 4315 1843 4355 an
1955 4294 2084 4356 illis
2126 4294 2361 4368 verbiS‚
2397 4313 2522 4357 non
2561 4293 2813 4357 videtur
2843 4295 3126 4358 Christus
3165 4295 3454 4377 posuisse

320 4401 410 4458 ad
434 4415 679 4464 omnes,
702 4393 1036 4456 salvandos
1068 4410 1182 4454 seu
1214 4391 1635 4456 Christianos?
1661 4393 1842 4474 quasi
1956 4393 2342 4476 parabolam,
2375 4393 2670 4474 quamvis
2703 4394 3132 4476 metaphorice
3163 4395 3452 4476 quaedam

324 4493 497 4556 dicat
544 4509 559 4555 :
606 4490 885 4553 Pertinet
933 4490 1069 4552 haec
1117 4497 1227 4551 tua
1278 4490 1567 4553 doctrina
1606 4491 1686 4553 ad
1728 4508 1841 4553 nos
1955 4491 2043 4553 ibi
2096 4490 2346 4553 locutus
2405 4489 2507 4552 sit.
2559 4489 2718 4552 Hinc
2775 4508 3034 4572 quoque
3078 4490 3451 4554 Ambrosius

326 4594 683 4664 dumtaxat,
716 4608 796 4651 an
838 4589 917 4651 ad
956 4605 1178 4652 omnes
1218 4587 1489 4651 fideles?
1528 4587 1648 4650 Sed
1692 4588 1845 4669 quia
1953 4596 2145 4669 atque
2195 4587 2583 4669 Theophilus
2633 4596 2960 4670 exponunt
3008 4588 3178 4651 istud
3218 4589 3296 4650 de
3344 4607 3453 4669 pa-

326 4689 719 4754 iacillimum
747 4685 874 4748 suit
904 4705 1173 4768 pensare
1200 4688 1372 4768 quod
1404 4686 1705 4768 parabola
1733 4688 1845 4748 im·
1956 4686 2172 4749 rabola
2219 4685 2583 4748 immediate
2632 4686 2978 4768 praemissa,
3031 4705 3158 4767 qua
3209 4685 3448 4748 dictum

328 4788 609 4852 mediate
645 4784 1013 4868 praehabita,
1045 4785 1124 4846 ad
1158 4803 1413 4848 omnem
1450 4792 1693 4867 spectet
1730 4785 1847 4848 sal·
1876 4787 1926 4849 D
1954 4791 2049 4846 est
2087 4802 2100 4846 ε
2133 4783 2262 4845 Hoc
2298 4790 2510 4846 autem
2552 4784 2792 4859 scitote,
2826 4783 3129 4865 quoniam
3169 4783 3221 4845 si
3262 4783 3453 4846 sciret
3505 4819 3623 4852 vm.
3650 4809 3717 4849 ³⁹.

330 4888 643 4960 vandum,
684 4892 754 4947 ut
793 4882 1039 4946 scilicet
1077 4900 1332 4965 semper
1366 4884 1445 4945 ad
1484 4892 1753 4947 mortem
1784 4891 1847 4945 et
1956 4881 2434 4965 paterfamiliaS‚
2469 4890 2588 4944 etc.

334 4984 573 5050 Christi
614 4984 965 5046 adventum
1017 4989 1272 5063 paratus
1322 4981 1444 5058 sit;
1498 4982 1639 5045 ideo
1686 4981 1848 5043 Beda
2034 4982 2228 5042 Dixit
2260 4989 2476 5042 autem
2505 4982 2824 5042 Dominus
2858 4980 3037 5043 Jesus
3072 4999 3086 5044 :
3125 4981 3304 5050 Quis,
3329 5000 3455 5058 pu-
3588 4995 3660 5050 ⁴2

336 5093 399 5148 et
442 5082 715 5167 quidam
763 5097 907 5141 eum
960 5086 1322 5161 sequentes,
1366 5079 1693 5142 affirmant
1739 5079 1848 5142 Pe·
1960 5090 2077 5152 tas,
2099 5089 2190 5140 est
2217 5080 2427 5156 fidelis
2445 5079 2849 5155 dispensator
2866 5081 3244 5157 etprudem,
3266 5099 3454 5160 quem

340 5192 513 5245 trum
565 5183 646 5245 de
692 5178 812 5240 hac
872 5196 996 5240 non
1051 5177 1470 5258 interrogasse
1530 5177 1846 5260 parabola,
1958 5178 2292 5240 const-ituit
2322 5177 2626 5237 dominus
2655 5196 2851 5256 super
2878 5178 3212 5255 familiam
3239 5197 3456 5248 suam,

344 5281 459 5344 sed
498 5281 579 5342 de
618 5275 971 5341 subtil-ibus
1012 5275 1142 5339 illis
1174 5276 1321 5340 vitae
1358 5276 1634 5340 coelestis
1675 5276 1854 5339 insti·
1959 5286 2033 5338 ut
2062 5279 2168 5337 det
2199 5276 2336 5335 ielis
2365 5275 2440 5336 in
2475 5283 2751 5353 tempore
2782 5276 2990 5337 tritici
3025 5295 3398 5338 mensuram
3427 5278 3458 5337 a?
