4300 6259
1175 525 1524 573 manu-rio
1567 526 1631 571 m
1671 525 1808 572 aar.
1855 527 1896 572 x
1937 526 2126 573 tuam.
2174 548 2255 557 —
2296 528 2438 574 aar.
2482 528 2653 574 xxvii
3378 508 3453 574 21

68 716 316 767 Aetnaei
344 706 496 781 post
525 699 1075 774 resurrectionem,
1097 699 1451 781 praesertim
1483 699 1547 761 in
1582 700 1684 761 die
1714 697 1860 760 Pen-
1890 696 1940 757 A
1973 718 2040 760 ra
2079 698 2382 761 Dominus
2427 708 2635 762 vester
2666 707 2973 763 venturus
3012 702 3133 781 sit;
3177 710 3240 763 et
3277 701 3452 777 item,

53 790 138 833 ⁸²⁹·
341 805 644 873 tecosteS,
697 797 936 860 infudit
991 798 1282 861 omnium
1341 798 1629 861 notitiam
1689 797 1858 861 Scri-

343 904 686 980 pturarum
727 914 844 979 per
879 895 1270 959 infusionem
1314 896 1588 979 Spiritus
1620 895 1853 970 Sancti,

342 996 892 1077 quemadmodum
925 996 1220 1077 passione
1259 996 1534 1057 instante
1565 996 1859 1077 promisit

52 1104 310 1209 {3⁴³¹“‘¹*¹'
343 1095 692 1178 ApostoliS,
728 1095 998 1176 loquens
1028 1114 1042 1157 :
1067 1093 1273 1166 Quum
1307 1096 1554 1157 venerit
1584 1095 1692 1157 ille
1723 1092 1858 1176 Spi-

104 1199 115 1209 '
343 1194 510 1256 ritus
560 1193 870 1267 veritatiS,
921 1193 1176 1255 docebit
1222 1212 1334 1257 vos
1384 1211 1639 1256 omnem
1693 1193 1856 1255 veri-

343 1300 566 1355 tatem.
614 1291 734 1354 Sed
779 1298 842 1353 et
889 1310 1004 1374 per
1045 1292 1465 1373 quadraginta
1511 1292 1666 1367 dies,
1709 1292 1856 1372 qui—

77 1401 218 1451 Act-1.
239 1404 280 1445 ³·
340 1391 470 1453 bus
513 1398 657 1473 post
695 1390 1226 1453 resurrectionem
1265 1407 1474 1472 usque
1515 1390 1593 1451 ad
1631 1408 1852 1452 ascen-

339 1490 596 1553 sionem
655 1488 1003 1572 apparebat
1062 1488 1396 1570 discipulis
1463 1488 1850 1562 successive,

341 1586 568 1650 docuit
615 1595 678 1648 et
725 1585 1108 1666 evangelicae
1153 1585 1312 1667 legis
1369 1586 1713 1650 declaravit
1761 1585 1852 1648 eis

339 1688 673 1771 mysteria.

441 1790 530 1848 Et
577 1788 678 1847 ait
722 1808 746 1845 .·
793 1788 1032 1847 Curam
1081 1787 1270 1846 illius
1317 1788 1497 1846 habe.
1552 1785 1855 1867 Praecepit

1969 795 2191 859 Beatus
2251 797 2361 859 ille
2417 816 2661 873 servuS,
2716 817 2907 879 quem
2959 818 3161 880 quum
3212 798 3460 863 venerit
3538 814 3707 859 uatem.

1968 895 2273 958 Dominus
2323 896 2486 978 ejuS,
2534 904 2596 959 et
2640 898 2989 980 pulsaverit
3034 898 3315 979 januam,
3362 897 3459 959 in·
3485 880 3731 985 ἱᾞζῃῒζό

1970 995 2217 1056 venerit
2262 994 2650 1075 vigilantem.
2698 999 2992 1057 Reddam
3034 997 3173 1067 tibi,
3224 996 3289 1058 id
3337 1003 3453 1071 est,
3485 1005 3556 1047 ³⁷·
3664 972 3675 993 ’
3736 972 3749 993 ’

1969 1093 2346 1173 condignam
2388 1093 2549 1157 dabo
2587 1094 2968 1156 mercedem.
3003 1093 3163 1156 Hinc
3197 1093 3263 1156 in
3293 1092 3459 1176 Apo-

1967 1191 2206 1273 calypsi
2254 1191 2341 1253 ait
2392 1210 2405 1253 :
2459 1191 2619 1253 Ecce
2669 1192 2855 1255 venio
2904 1191 3050 1266 cite,
3104 1199 3167 1255 et
3214 1209 3456 1254 merces
3500 1206 3747 1261 Amana,

1965 1308 2107 1351 mea
2170 1308 2421 1352 mecum
2479 1299 2600 1365 est,
2663 1291 2810 1352 dare
2870 1290 3219 1372 unicuique
3278 1289 3457 1372 juxta
3488 1271 3553 1315 ¹²·

1963 1407 2157 1471 opera
2199 1408 2333 1451 sua.

2049 1486 2333 1551 Subinde
2381 1485 2665 1550 Christus
2711 1487 2942 1568 quaerit
2986 1506 3022 1549 a
3068 1487 3451 1570 legisperitO,

1964 1604 2092 1649 non
2142 1586 2326 1668 quasi
2378 1586 2696 1666 ignoranS,
2748 1587 2857 1647 sed
2912 1586 3225 1647 instruere
3270 1586 3454 1648 illum

1965 1684 2184 1748 volens
2220 1703 2234 1746 :
2274 1686 2429 1753 Quis
2476 1686 2707 1745 horum
2759 1685 2982 1757 trium,
3018 1683 3333 1758 videlicet,
3375 1703 3455 1745 an
3590 1683 3661 1739 36

1965 1784 2277 1858 sacerdOS,
2308 1802 2388 1844 an
2419 1782 2656 1857 Levita,
2690 1801 2769 1844 an
2806 1781 3254 1858 Samaritanus,
3289 1784 3461 1843 vide-

339 1886 522 1947 enim
556 1884 898 1967 ApostoliS,
933 1892 1004 1947 ut
1031 1892 1234 1948 totum
1265 1902 1468 1964 genus
1499 1884 1851 1947 humanum
1893 1881 1937 1941 B
1967 1892 2076 1943 tur
2116 1884 2234 1943 tibi
2272 1883 2617 1959 promimus
2657 1882 2861 1959 fuisse
2909 1882 3017 1941 illi
3060 1884 3179 1961 qui
3220 1883 3458 1943 incidit
3490 1956 3493 1961 Ι

339 1984 624 2048 sollicite
679 1983 1030 2045 erudirent.
1081 1982 1258 2045 Unde
1307 1982 1371 2044 in
1429 1981 1717 2046 Matthaeo
1768 1982 1858 2046 lo-

102 2098 266 2141 mna,
339 2083 572 2166 quitur
609 2082 702 2145 eis
736 2100 750 2143 :
785 2080 1044 2156 EunteS,
1083 2081 1302 2144 docete
1349 2098 1570 2144 omnes
1609 2087 1850 2162 gentes·

55 2174 186 2210 ¹¹¹¹¹¹
209 2162 276 2203 ¹⁹·
340 2183 530 2245 Petro
557 2197 820 2263 quoque
848 2187 994 2241 ante
1023 2178 1464 2242 ascensionem
1496 2179 1857 2261 specialiter

65 2295 308 2347 locum,
341 2281 511 2343 dixit
547 2298 560 2342 :
596 2280 786 2342 Pasce
815 2296 966 2342 oves
997 2294 1192 2339 meas.
1229 2277 1386 2340 Cum
1414 2278 1592 2340 omni
1624 2296 1856 2359 nempe

59 2359 114 2399 ¹⁷·
341 2380 682 2460 diligentia
733 2376 979 2461 praelati
1027 2374 1328 2438 Ecclesiae
1374 2375 1674 2457 gregibus
1733 2375 1857 2437 Sibi

340 2478 712 2543 commissis
751 2477 988 2539 debent
1024 2474 1222 2537 verbo
1260 2481 1324 2537 et
1361 2473 1544 2537 factis
1577 2474 1857 2538 virtuose

340 2594 646 2660 praeesse.
681 2575 842 2637 Hinc
879 2574 946 2636 in
985 2572 1344 2635 Proverbiis
1384 2571 1674 2635 Salomon
1719 2572 1807 2634 ait
1839 2591 1852 2635 :

55 2688 308 2739 Prot-nus
339 2676 701 2755 Diligenter
728 2690 1000 2753 agnosce
1030 2671 1280 2733 vultum
1323 2670 1570 2752 pecoris
1611 2670 1726 2744 tui,
1761 2678 1860 2733 tu-

341 2792 550 2856 osque
607 2788 832 2853 greges
891 2769 1242 2834 considera.
1295 2767 1568 2843 Etenim,
1618 2777 1858 2850 quanto

341 2872 632 2937 nobilior
659 2878 757 2933 est
793 2868 1006 2931 anima
1039 2866 1366 2930 rationalis
1405 2868 1580 2930 omni
1613 2867 1860 2930 irratio—

341 2971 476 3033 nali
520 2975 834 3041 creatura,
869 2972 1045 3028 tanto
1095 2972 1191 3027 est
1231 2965 1601 3045 diligentius
1651 2973 1860 3029 custo-

1964 1982 2038 2041 in
2071 1982 2389 2041 latrones?
2420 1982 2507 2041 Ac
2536 1982 2649 2039 ille
2676 1980 2857 2039 dimit
2886 2000 2908 2039 .·
2942 1980 3069 2049 Qui
3096 1981 3250 2057 fecit
3281 1981 3459 2040 mise·
3592 1984 3663 2039 37

1965 2080 2321 2139 ricordiam
2351 2079 2423 2137 in
2457 2078 2675 2150 illum,
2702 2077 2824 2139 hoc
2852 2085 2967 2151 est,
3004 2077 3090 2139 ita
3120 2084 3188 2138 ut
3218 2077 3459 2139 dictum

1966 2184 2060 2241 est
2089 2177 2146 2239 ei
2180 2175 2499 2237 subvenit.
2533 2175 2643 2237 Ille
2682 2175 2855 2237 enim
2886 2176 3085 2256 magis
3118 2194 3313 2257 quam
3348 2175 3460 2237 alii

1967 2276 2092 2339 duo
2142 2274 2472 2356 proximus
2522 2274 2875 2355 promeruit
2917 2273 3228 2356 appellari
3276 2273 3463 2337 ratio-

1969 2392 2048 2436 ne
2091 2372 2393 2435 beneficii
2437 2372 2616 2434 tanti.
2661 2371 2965 2435 Praeterea
3006 2373 3457 2447 contuendum,

1967 2473 2138 2554 quod
2167 2470 2612 2552 multipliciter
2642 2470 2874 2533 dicitur
2903 2470 3093 2534 homo
3131 2470 3461 2553 proximus

1966 2570 2147 2633 alteri
2198 2588 2212 2632 ε
2260 2568 2490 2643 Primo,
2540 2568 2781 2632 ratione
2832 2568 3245 2650 cognationis,
3295 2568 3464 2631 sicut

1968 2669 2033 2731 in
2064 2668 2333 2741 Psalmo,
2367 2666 2571 2729 Amici
2602 2667 2729 2728 mei
2769 2673 2831 2728 et
2861 2666 3135 2748 proximi
3174 2666 3323 2729 mei.
3358 2665 3465 2728 Se-
3507 2679 3757 2731 mexm,

1969 2750 2197 2841 cundo,
2229 2784 2417 2828 causa
2446 2763 2771 2845 religionis
2801 2764 3111 2845 ejusdem,
3146 2771 3217 2825 ut
3242 2782 3464 2828 omnes
3494 2743 3565 2786 ¹²·

1969 2864 2331 2927 Christiani.
2380 2862 2611 2937 Tertio,
2660 2863 2901 2926 ratione
2951 2863 3201 2944 pietatis
3250 2872 3314 2926 et
3357 2863 3468 2925 be-

1968 2962 2187 3026 neficii
2221 2982 2236 3025 ε
2272 2969 2335 3023 et
2363 2962 2451 3023 ita
2479 2979 2651 3023 nunc
2691 2960 3095 3043 potissimum
3136 2961 3465 3043 proximus

340 3070 602 3143 dienda,
638 3067 922 3130 docenda
969 3072 1032 3127 et
1081 3064 1498 3148 perficienda.
1535 3068 1620 3127 Et
1660 3068 1857 3145 quod-
1896 3059 1939 3122 C
1967 3062 2348 3144 appellatur.
2382 3059 2615 3141 Sicque
2642 3059 3015 3123 Ambrosius
3045 3060 3270 3121 asserit
3294 3078 3308 3124 ε
3330 3059 3465 3123 Non

337 3188 624 3249 cumque
677 3167 1264 3245 supereroqaveris,
1326 3164 1446 3227 hoc
1513 3170 1628 3238 est,
1692 3163 1858 3225 ultra

340 3266 638 3330 debitum
691 3262 943 3337 feceris,
979 3280 1093 3324 seu
1133 3263 1211 3325 de
1253 3269 1360 3324 tua
1409 3262 1722 3323 industria
1768 3268 1860 3323 at-

340 3383 474 3448 que
526 3364 750 3426 labore
800 3360 1142 3433 addideriS,
1195 3360 1593 3441 cooperando
1642 3359 1860 3440 gratiae

341 3483 530 3537 meae,
564 3469 633 3525 et
683 3479 800 3543 pro
841 3459 1114 3522 aliorum
1155 3457 1570 3521 conversione
1616 3456 1862 3520 fidelis-

341 3563 512 3625 sime
562 3558 956 3622 desudando.
1003 3556 1123 3619 Sed
1175 3556 1414 3618 utinam
1467 3562 1749 3638 pastores
1799 3562 1862 3617 et

343 3658 802 3743 praedicatores
838 3654 970 3737 jam
1013 3653 1300 3717 debitum
1343 3671 1532 3715 suum
1576 3652 1862 3716 exsolve-

345 3764 492 3821 rent
547 3775 560 3819 :
619 3756 773 3829 imo,
825 3753 989 3836 proh
1037 3752 1270 3815 dolor!
1324 3750 1640 3833 stipendia
1690 3751 1862 3832 larga

343 3855 704 3938 accipiunt,
757 3860 821 3915 et
869 3851 1122 3934 plebem
1172 3868 1300 3914 non
1351 3850 1696 3924 instruunt,
1747 3868 1860 3911 seu

347 3955 675 4034 condigne
719 3970 846 4015 non
885 3950 1066 4012 alunt
1103 3949 1234 4012 vita
1276 3947 1624 4030 exemplari
1669 3954 1860 4029 atque

349 4053 670 4118 doctrina.
705 4048 946 4122 Quibus
979 4066 1093 4129 per
1120 4046 1516 4109 Ezechielem
1548 4047 1711 4108 Deus
1746 4046 1864 4107 im-

119 4171 274 4213 εςα-ιι.
347 4159 662 4237 properat
694 4168 708 4211 :
742 4148 865 4211 Lac
894 4146 1320 4210 comedebatis
1351 4153 1415 4207 et
1447 4146 1592 4208 lana
1620 4146 1864 4228 operie-

345 4351 716 4423 Quocontra
765 4346 831 4407 in
882 4342 1320 4406 Ecclesiastico
1366 4342 1541 4406 omni
1591 4342 1860 4405 aliorum

121 4466 256 4509 seen.
349 4446 588 4513 rectori
637 4443 1058 4507 saluberrime
1105 4441 1340 4503 dicitur
1375 4460 1388 4503 :
1423 4441 1752 4504 Rectorem
1799 4448 1862 4503 te

159 4544 170 4569 ¹
226 4532 300 4577 ¹²·
349 4546 760 4632 posuerunt?
792 4540 924 4605 noli
962 4539 1217 4619 extolli3
1251 4548 1386 4603 esto
1417 4539 1482 4601 in
1520 4539 1648 4601 illis
1679 4540 1862 4621 quasi

351 4665 528 4709 unus
569 4662 650 4706 ex
682 4639 877 4723 ipsis3
911 4656 1128 4701 curam
1171 4636 1428 4700 illorum
1461 4637 1644 4712 habe,
1678 4644 1741 4699 et
1772 4637 1864 4699 sic

350 4742 716 4809 considera.
753 4741 892 4817 Ερο
921 4757 1124 4817 quum
1153 4737 1402 4796 rediero
1431 4736 1510 4797 ad
1547 4736 1862 4816 judicium

349 4840 680 4926 generale,
715 4834 1127 4918 corporaliter
1160 4834 1602 4897 descendendo
1639 4853 1867 4897 sccun-

353 4944 514 5005 dum
562 4944 856 5000 naturam
897 4939 1328 5013 assumptam;
1363 4932 1463 4995 vel
1511 4934 1589 4996 ad
1638 4933 1868 5013 judici-

355 5059 472 5103 um
503 5035 906 5121 particulare,
927 5032 1093 5113 quod
1124 5030 1201 5092 fit
1230 5030 1295 5092 in
1327 5031 1636 5094 mortibus
1665 5032 1871 5113 singu-

355 5140 597 5210 lorum,
633 5132 748 5195 ubi
779 5129 1064 5195 Christus
1098 5128 1458 5203 revertitur,
1492 5148 1617 5193 non
1656 5130 1866 5193 locum

359 5234 696 5307 mutando,
730 5230 844 5293 sed
874 5247 989 5311 per
1018 5227 1501 5290 retributionem
1535 5228 1864 5291 visitando.

131 5288 287 5333 '‘⁸¹⁰''
360 5332 547 5398 Unde
585 5330 674 5393 ait
708 5348 724 5392 :
757 5326 1048 5409 Vigilate,
1091 5324 1245 5405 quia
1283 5325 1541 5388 nescitis
1583 5344 1711 5407 qua
1757 5326 1870 5389 ho-

85 5364 186 5403 xxn,
203 5355 272 5397 42.

1969 3160 2258 3241 cognatio
2310 3158 2465 3222 facit
2512 3158 2896 3240 proximum,
2951 3159 3060 3220 sed
3109 3158 3469 3221 misericor-

1969 3260 2093 3322 dia.
2125 3258 2377 3332 Quarto,
2412 3257 2492 3320 ob
2523 3255 3029 3320 conformitatem
3069 3264 3327 3320 naturae.
3363 3256 3466 3319 Sic

1968 3376 2189 3421 omnes
2218 3355 2509 3420 homines
2540 3355 2663 3418 sibi
2694 3354 2970 3417 invicem
3004 3355 3277 3437 proximi
3308 3375 3466 3418 nun-

1971 3462 2308 3538 cupantur,
2360 3453 2541 3533 juxta
2587 3452 2745 3515 illud
2798 3471 2812 3515 :
2859 3452 3057 3515 Omne
3105 3454 3339 3516 animal
3384 3456 3463 3517 ad
3512 3473 3758 3525 scotiam.

1971 3554 2093 3616 sibi
2136 3552 2347 3615 simile
2378 3551 2821 3632 conjungetur.
2856 3552 2941 3611 Ec
2971 3553 3068 3612 ait
3098 3553 3207 3612 illi
3230 3556 3415 3613 Jesus
3440 3574 3465 3613 .·
3496 3538 3561 3587 ¹⁹⁹
3580 3537 3649 3579 ²⁰·

1973 3654 2166 3723 Vade,
2218 3649 2635 3732 spiritualiter
2682 3648 3098 3731 proficiend0‚
3152 3656 3216 3711 et
3261 3650 3464 3730 legem

1969 3749 2196 3831 Moysis
2236 3748 2542 3810 veraciter
2581 3747 3013 3827 intelligendo,
3045 3758 3105 3807 et
3145 3757 3217 3808 tu
3243 3750 3353 3825 fae
3378 3750 3468 3809 si-

1971 3850 2244 3917 militer,
2278 3846 2399 3908 hoc
2447 3853 2562 3918 est,
2600 3864 2725 3908 non
2776 3844 3010 3919 verbiS‚
3044 3845 3153 3908 sed
3203 3845 3467 3908 veritate

1973 3953 2037 4008 et
2062 3963 2256 4027 opere
2296 3943 2623 4006 caritativo
2650 3962 2723 4005 ac
2760 3943 2887 4025 pio,
2922 3944 3183 4005 ostende
3217 3951 3283 4005 te
3322 3963 3468 4025 pro—

1973 4045 2237 4115 ximum,
2262 4061 2389 4106 non
2420 4042 2571 4106 solis
2598 4041 2849 4119 JudaeiS,
2876 4042 2984 4103 sed
3014 4042 3191 4105 omni
3220 4042 3465 4105 homini

1972 4143 2199 4209 viatori
2238 4142 2470 4224 egenti,
2506 4143 2559 4205 si
2600 4160 2780 4205 casus
2811 4141 3096 4204 evenerit
3124 4146 3193 4201 ut
3229 4140 3465 4222 aliquis

345 4250 907 4329 bamini2gregem
939 4252 1144 4307 autem
1177 4262 1388 4306 meum
1421 4263 1546 4307 non
1580 4245 1854 4326 pavistis
1899 4246 1944 4307 D
1972 4242 2088 4305 tibi
2134 4248 2425 4305 occurrat
2468 4247 2575 4302 tua
2618 4239 2909 4321 indigens
2951 4258 3093 4321 ope.

2052 4341 2338 4422 Denique
2369 4338 2780 4420 AugustinuS‚
2817 4338 3023 4420 primo
3052 4336 3217 4400 libro
3246 4339 3323 4400 de
3355 4339 3467 4401 Do-

1974 4440 2178 4502 ctrina
2225 4437 2588 4511 christiana,
2632 4436 2915 4499 affirmat
2948 4454 2961 4497 :
2994 4435 3085 4497 Ex
3133 4436 3233 4498 his
3282 4436 3468 4499 intel-

1973 4538 2232 4619 ligimus
2292 4536 2477 4598 illum
2534 4553 2671 4597 esse
2729 4536 3092 4617 proximum
3151 4543 3460 4609 nostrum,

1973 4637 2075 4699 cui
2126 4635 2417 4700 officium
2468 4634 2718 4716 pietatis
2768 4640 2864 4697 est
2908 4634 3362 4709 exhibendum,
3410 4635 3465 4697 si

1974 4742 2173 4815 egeat,
2208 4740 2272 4796 et
2308 4734 2498 4795 etiam
2539 4733 2720 4794 illurn
2760 4752 2796 4794 a
2828 4751 2959 4813 quo
2997 4732 3183 4795 nobis
3222 4732 3467 4815 impen-

1975 4834 2255 4896 dendum
2309 4838 2407 4893 est
2456 4831 2708 4912 pietatis
2764 4830 3055 4894 officium
3109 4849 3219 4893 seu
3268 4830 3466 4894 bene-

1975 4932 2201 4996 ficium
2251 4930 2453 5013 pium.
2502 4928 2775 4993 Proximi
2823 4930 3058 4993 etenim
3108 4948 3339 4993 nomen
3387 4933 3465 4996 ad

1975 5030 2221 5112 aliquid
2263 5036 2379 5103 est,
2424 5047 2541 5091 nec
2578 5028 2919 5109 quisquam
2959 5045 3096 5091 esse
3136 5029 3469 5111 proximus

1978 5128 2101 5192 nisi
2160 5127 2450 5210 proximo
2500 5133 2726 5209 potest.
2777 5126 2973 5190 Nemo
3021 5134 3233 5190 autem
3285 5146 3467 5191 exce-

1980 5235 2126 5310 ptus
2176 5234 2291 5301 est,
2337 5226 2441 5288 cui
2491 5226 2574 5286 sit
2621 5224 3012 5287 beneficium
3061 5226 3312 5308 pietatis
3362 5229 3468 5291 de-

1984 5326 2365 5406 negandum,
2428 5323 2675 5387 Christo
2730 5324 2979 5387 dicente
3037 5344 3051 5388 ε
3111 5324 3467 5391 Benefacite
3494 5290 3754 5401 „PM”
