4300 6259
896 478 1018 545 250
1730 497 2078 545 mam-no
2120 498 2186 544 m
2227 498 2364 545 car.
2411 499 2559 545 xxiv
2599 499 2788 547 Luca.
2835 520 2915 531 —
2955 500 3098 547 Amr.
3144 502 3180 547 1.

896 669 1157 732 sationis
1206 669 1377 732 dulci
1436 670 1647 745 odore,
1700 671 2180 753 exemplarique
2227 670 2394 733 fama
2421 670 2470 733 A
2502 671 2802 735 bonitatis
2844 675 3169 736 ardentem
3211 692 3514 748 amorem,
3549 692 3802 757 suaeque
3841 676 3962 739 vitae

896 768 1184 830 venerari
1244 787 1315 830 ac
1370 786 1646 849 ungere3
1699 776 1760 831 et
1821 770 1883 831 in
1946 789 2107 833 novo
2156 788 2392 852 ponere
2501 789 2573 832 ac
2604 771 2916 852 passionis
2947 772 3392 835 cruciformem
3425 772 3850 837 imitationem.
3879 774 3963 835 De-

896 875 1331 942 monumento,
1365 868 1426 929 id
1460 876 1553 929 est
1588 868 1651 929 in
1687 869 1911 933 intimo
1945 869 2152 932 cordis
2193 869 2392 933 fundo
2501 870 2726 932 bemus
2775 871 2965 933 etiam
3015 889 3162 933 eum
3214 871 3539 935 involvere
3589 872 3815 945 linteis,
3861 872 3960 934 hoc

897 966 1240 1028 virtutibus
1290 966 1628 1030 reformato
1678 968 1889 1049 ipsum
1940 968 2232 1049 sepelire,
2282 972 2394 1031 no-
2501 977 2595 1030 est
2643 969 3003 1031 sinceritate
3051 970 3474 1044 conscientiae,
3527 979 3590 1032 et
3635 971 3822 1033 animi
3867 990 3964 1052 pu·

898 1064 1043 1125 stris
1084 1082 1227 1125 eum
1271 1064 1567 1127 cordibus
1612 1065 2059 1147 imprimendo,
2104 1084 2219 1148 per
2263 1085 2393 1129 suae
2501 1068 2704 1141 ritate,
2741 1068 3078 1150 cordisque
3108 1068 3393 1150 vigilanti
3427 1070 3728 1143 custodia,
3755 1078 3816 1131 ut
3845 1087 3962 1151 per-

896 1162 1245 1224 divinitatis
1294 1164 1893 1245 contemplationem
1952 1165 2393 1228 humanitatis·
2501 1174 2746 1228 severct
2789 1184 3042 1247 semper
3085 1166 3442 1241 nobiscum,
3477 1168 3589 1249 qui
3633 1186 3774 1229 cum
3810 1167 3962 1229 Patre

898 1280 1025 1342 que
1066 1281 1195 1324 suae
1232 1263 1755 1343 speculationem,
1792 1272 1985 1344 atque
2024 1283 2138 1345 per
2174 1265 2391 1345 jugem
2501 1273 2565 1328 et
2620 1265 2860 1347 Spiritu
2919 1264 3144 1329 Sancto
3202 1274 3297 1327 est
3346 1286 3510 1327 unus
3563 1266 3745 1341 DeuS,
3795 1285 3964 1348 super

898 1379 1157 1423 suorum
1190 1360 1649 1424 beneficiorum
1690 1362 2083 1435 memoriam,
2121 1382 2234 1445 per
2263 1383 2393 1427 suae
2501 1365 2715 1428 omnia
2757 1364 3051 1426 sublimis
3095 1372 3158 1426 et
3201 1364 3596 1428 benedictus.
3629 1364 3841 1427 Amen.

2065 1794 2717 1881 ARTICULUS
2783 1796 2844 1879 L

1168 2066 1488 2113 Expost'rlo
1530 2066 1805 2112 CAPITULI
1851 2065 2112 2113 vtcsssun
2157 2066 2384 2120 QUARTI
2429 2065 2443 2110 ἶ
2491 2066 2618 2112 UNA
2660 2067 2864 2113 Atrum
2908 2068 3166 2114 SABBATI
3207 2070 3408 2115 VALDE
3447 2070 3734 2119 Dlmcum

1978 2164 2299 2211 VENERUNT
2342 2167 2426 2211 An
2466 2165 2908 2213 uoNUIENTUM.

1023 2446 1385 2519 OSTQUAM
1431 2447 1653 2509 beatus
1692 2455 1754 2509 et
1796 2446 2230 2509 lucidissimus
2275 2446 2395 2508 Lu·
2430 2443 2752 2510 BDomini
2813 2446 3142 2510 descendit
3185 2448 3266 2510 de
3323 2449 3504 2523 coelo,
3558 2458 3621 2511 et
3665 2450 3968 2523 accedenS,

1042 2564 1145 2607 cas
1174 2546 1559 2626 evangelista
1596 2545 1825 2609 Christi
1869 2546 2389 2619 incarnationem,
2506 2545 2774 2609 revolvit
2825 2546 3121 2626 lapidem,
3167 2554 3232 2607 et
3280 2546 3537 2609 sedebat
3583 2566 3773 2629 super
3815 2566 3967 2609 eum.

896 2651 1087 2725 atque
1122 2645 1185 2706 in
1218 2645 1447 2708 saeculo
1486 2645 1605 2707 isto
1636 2645 2203 2718 convcrsationem,
2239 2664 2397 2726 prae-
2507 2648 2588 2707 E'c
2633 2648 2933 2721 inyressoe
2979 2646 3378 2708 monumenti
3431 2646 3819 2728 speluncam,
3857 2666 3968 2707 non
4079 2660 4104 2714 3

896 2743 1275 2806 dicationem
1322 2752 1384 2805 et
1426 2744 1879 2826 operationem,
1920 2762 1993 2806 ac
2034 2744 2393 2825 passionem
2505 2746 2896 2805 invenerunt
2924 2764 3153 2822 corpus
3183 2746 3451 2807 Domini
3472 2746 3792 2808 Jesu.Jam
3819 2744 3970 2807 enim

895 2842 1169 2923 gloriose
1227 2843 1583 2924 descripsit,
1642 2862 1812 2905 nunc
1871 2844 1933 2904 in
1995 2844 2219 2906 ultimo
2275 2843 2396 2905 isto
2505 2844 2800 2905 surrexit.

899 2945 1177 3027 capitulo
1216 2946 1355 3024 ejus
1396 2946 1925 3008 resurrectionem
1968 2945 2292 3007 describit.
2327 2944 2394 3007 In
2589 2945 2673 3003 Et
2708 2943 2960 3019 saccum
3000 2952 3109 3014 est,
3140 2946 3299 3003 dum
3343 2953 3550 3004 mente
3583 2953 3977 3006 consternatae
4083 2953 4108 3007 l

900 3041 1033 3104 sine
1072 3060 1329 3124 quoque
1366 3043 1627 3124 capituli
1667 3043 1907 3125 aliquid
1950 3044 2147 3124 tangit
2190 3044 2266 3105 de
2307 3043 2396 3125 ip·
2505 3050 2705 3101 essent
2750 3044 2828 3099 de
2879 3043 3021 3108 isto,
3075 3041 3138 3103 id
3197 3049 3291 3103 cst
3341 3042 3556 3105 animo
3615 3043 3868 3124 dejectae
3915 3061 3976 3104 ac

904 3142 1035 3202 sius
1097 3141 1464 3204 ascensione
1523 3151 1584 3204 et
1641 3141 1849 3204 Sancti
1908 3141 2182 3224 Spiritus
2242 3142 2394 3203 mis·
2507 3137 2876 3220 stupefactae
2914 3140 2990 3201 de
3033 3139 3332 3202 dominici
3372 3140 3660 3204 absentia
3693 3141 3974 3225 corporiS,

905 3239 1105 3302 sione.
2509 3236 3032 3319 revolutioneque
3066 3238 3316 3320 lapidis,
3353 3239 3430 3300 de
3467 3258 3598 3319 quo
3631 3240 3792 3302 inter
3819 3258 3881 3302 se
3907 3238 3979 3300 di-

732 3347 759 3403 l
986 3338 1203 3418 ltaque
1251 3337 1341 3399 ait
1391 3356 1403 3400 :
1459 3341 1598 3399 Una
1646 3348 1862 3399 autem
1906 3340 2178 3411 sabbati,
2229 3339 2400 3401 vide-
2511 3343 2740 3397 xerunt
2769 3356 2916 3399 cum
2952 3337 3190 3418 ingenti
3232 3337 3544 3401 anxietate
3576 3338 3640 3401 in
3675 3339 3772 3401 via
3803 3358 3817 3402 :
3848 3338 3977 3411 Quis
4015 3350 4203 3435 uate-1¹³4

907 3437 1057 3499 licet
1107 3437 1313 3519 prima
1361 3437 1463 3499 die
1518 3445 1661 3519 post
1708 3438 2063 3513 sabbatum,
2116 3438 2226 3520 qui
2279 3437 2401 3500 ruit
2513 3436 2794 3498 revolvet
2853 3434 3036 3498 nobis
3094 3435 3368 3517 lapidem
3427 3435 3505 3498 ab
3563 3437 3726 3501 ostio
3781 3416 4074 3500 monn-³'“
4202 3436 4203 3445 ²

908 3536 1041 3598 dies
1105 3534 1372 3598 festivus
1422 3536 1805 3609 Judaeorum,
1860 3537 1923 3599 id
1981 3544 2074 3598 cst
2138 3538 2240 3599 die
2296 3538 2402 3599 do-
2515 3534 2756 3597 menti?
2797 3533 2941 3596 Erat
2983 3534 3226 3616 quippe
3265 3554 3528 3616 magnus
3574 3537 3774 3612 valde,
3817 3543 3880 3597 ut
3923 3534 3978 3596 in

906 3634 1160 3709 minica,
1204 3637 1389 3694 valde
1428 3637 1747 3702 diluculo,
1792 3642 2011 3716 utpote
2055 3635 2404 3717 incipiente
2441 3635 2484 3698 C
2516 3632 2717 3696 Marco
2785 3633 3037 3713 legitur.
3099 3636 3259 3694 Ecce
3312 3638 3442 3695 duo
3501 3637 3638 3695 viri
3696 3642 3980 3697 steterunt

908 3752 1155 3807 aurora,
1215 3734 1469 3814 quando
1526 3734 1733 3795 adhuc
1798 3734 2096 3815 apparuit
2158 3734 2405 3815 aliquid
2502 3734 2708 3809 juxta
2753 3732 2904 3791 illas
2947 3732 3020 3790 in
3065 3741 3228 3791 veste
3267 3732 3579 3809 fulgenti,
3619 3733 3683 3796 id
3731 3743 3843 3812 est,
3873 3734 3980 3794 duo

906 3833 1765 3907 tenebrarum,veneruntex
1795 3832 2139 3895 Jerusalem
2171 3836 2262 3893 ad
2283 3855 2406 3894 mo·
2516 3829 2720 3910 angeli
2774 3829 2838 3891 in
2892 3829 3104 3911 specie
3153 3830 3457 3905 virorum,
3511 3832 3675 3895 sicut
3720 3839 3784 3894 et
3823 3832 3978 3913 juxta

902 3942 1285 3991 numentum
1337 3930 1590 4005 Christi,
1644 3932 1969 4005 muliereS,
2026 3932 2102 3994 de
2165 3932 2403 4013 quibus
2517 3929 2846 4011 Apostolos
2897 3927 3140 3991 Christo
3196 3930 3574 3992 ascendente
3631 3930 3696 3992 in
3745 3931 3973 3995 coelum.
4009 3938 4174 3987 lettr-

906 4030 969 4093 in
1020 4030 1152 4092 fine
1202 4030 1615 4111 praecedcntis
1675 4030 1937 4111 capituli
1988 4031 2230 4093 dictum
2283 4038 2397 4105 est,
2517 4029 2959 4090 Verumtamen
3006 4025 3327 4089 Matthaeus
3365 4036 3426 4089 et
3465 4027 3702 4091 Marcus
3743 4028 3980 4092 mentio-

902 4138 1231 4206 portantes
1280 4150 1423 4209 quoe.
1471 4140 1872 4205 paraverant
1931 4140 2250 4193 aromata.
2305 4130 2405 4192 Di-
2516 4146 2660 4189 nem
2706 4146 2830 4189 non
2869 4124 3114 4187 faciunt
3162 4124 3284 4187 nisi
3327 4127 3404 4187 de
3445 4127 3667 4207 angelo
3705 4146 3850 4190 uno.
3879 4124 3980 4187 Sed

909 4234 1079 4288 ctum
1120 4234 1215 4287 est
1252 4246 1528 4308 namque
1570 4227 1632 4289 in
1682 4229 2095 4309 praecedentis
2138 4229 2400 4311 capituli
2515 4226 2718 4306 maior
2764 4242 3065 4286 numerus
3109 4224 3420 4286 minorem
3469 4225 3760 4300 includit,
3791 4234 3847 4288 et
3885 4223 3984 4286 mi-

644 4340 879 4389 Lumxn„
912 4322 1044 4385 fine
1079 4342 1092 4385 ε
1128 4322 1489 4386 Subsecutae
1534 4325 1856 4400 mulieres,
1890 4346 2034 4407 quae
2076 4346 2223 4388 cum
2265 4327 2404 4407 ipso
2517 4344 2632 4388 nor
2662 4322 2969 4402 maj0rem
3011 4341 3134 4385 non
3169 4323 3471 4384 excludit.
3505 4323 3824 4387 Matthaeus
3851 4340 3984 4405 quo-

618 4406 687 4453 ⁵⁵·
713 4405 782 4445 ⁵⁶·
914 4430 1215 4485 venerant
1258 4424 1333 4484 de
1377 4421 1646 4497 Galilaea,
1693 4424 1989 4486 viderunt
2032 4443 2406 4487 monumen·
2514 4442 2642 4505 que
2692 4429 2754 4483 et
2802 4420 3040 4483 Marcus
3100 4420 3451 4501 loquuntur
3493 4422 3571 4483 de
3618 4422 3836 4502 angelo
3886 4419 3980 4502 qui

914 4530 1070 4594 tum,
1106 4530 1167 4583 et
1210 4522 1740 4602 quemadmodum
1791 4523 2065 4604 positum
2110 4522 2233 4584 suit
2273 4543 2407 4587 cor-
2517 4523 2792 4605 lapidem
2857 4520 3145 4594 revolvit,
3198 4528 3262 4582 et
3307 4538 3382 4581 ex
3444 4528 3620 4602 parte
3678 4522 3979 4585 amborum

916 4638 1034 4700 pus
1074 4619 1252 4699 ejus;
1295 4629 1357 4682 et
1397 4629 1803 4696 revertenteS,
1849 4630 2232 4703 paraverunt
2272 4642 2409 4688 aro-
2516 4620 2896 4685 mulieribus
2946 4618 3347 4701 loquebatur.
3394 4618 3456 4680 Si
3500 4628 3711 4681 autem
3751 4618 3983 4701 objicia-

736 4726 771 4778 2
915 4725 1081 4778 mata
1110 4724 1170 4779 et
1213 4728 1549 4799 unguenta.
1593 4723 1670 4782 Ει
1700 4721 2092 4781 invenerunt
2120 4723 2406 4799 lapidem
2517 4730 2641 4794 tur,
2677 4720 2847 4800 quod
2889 4719 3238 4781 secundum
3267 4717 3594 4791 loannem,
3627 4717 3813 4781 Maria
3847 4718 3983 4797 Mag·
4011 4734 4178 4777 mun·

916 4820 1272 4877 revolutum
1314 4839 1353 4877 a
1394 4829 1822 4881 monumento.
1859 4818 2191 4899 Postquam
2235 4820 2404 4882 enim
2441 4822 2488 4883 D
2519 4820 2740 4882 dalene
2779 4818 2939 4881 vidit
2976 4818 3230 4898 angelos
3265 4818 3424 4880 duos
3464 4818 3774 4893 sedentes,
3809 4833 3980 4879 unum
4005 4799 4052 4839 ¹²·

914 4916 991 4975 dc
1036 4914 1249 4976 clauso
1294 4916 1587 4996 sepulcro
1630 4916 1915 4979 Christus
1958 4919 2255 4992 surrexit,
2291 4919 2410 4981 sic-
2517 4919 2597 4979 ad
2645 4922 2856 4997 caput,
2901 4923 2962 4977 et
3013 4934 3209 4977 unum
3259 4916 3337 4977 ad
3381 4916 3572 4997 pedes
3616 4934 3630 4977 :
3675 4914 3986 4998 respondet

918 5020 983 5074 ut
1028 5015 1105 5075 de
1148 5012 1360 5076 clauso
1398 5012 1671 5094 Virginis
1717 5023 1893 5077 utero
1937 5017 2112 5091 exiit,
2146 5018 2408 5097 angelus
2519 5016 3021 5098 ChrysostomuS,
3067 5014 3239 5095 quod
3290 5013 3498 5094 primo
3545 5015 3862 5089 sederunt,
3903 5014 3985 5074 de-

916 5111 1192 5193 lapidem
1243 5112 1537 5193 sepulcro
1595 5114 2068 5195 superpositum
2121 5134 2267 5178 mox
2317 5134 2411 5176 re-
2520 5114 2666 5175 inde
2711 5111 2968 5175 feminis
3013 5113 3245 5175 sanctis
3287 5110 3720 5192 assurgebant.

679 5264 833 5307 Mam·
917 5210 1137 5282 movit,
1194 5217 1262 5271 ut
1310 5209 1645 5273 Dominum
1703 5220 2082 5274 monstraret
2130 5231 2412 5275 resurre-
2619 5216 2830 5282 Quum
2889 5214 3184 5273 timerent
3231 5220 3444 5271 autem
3499 5220 3562 5271 et
3610 5213 3986 5271 declinarent
4087 5211 4110 5263 5

626 5294 849 5381 mma]
921 5307 1108 5381 xisse,
1144 5306 1307 5370 sicut
1350 5308 1414 5370 in
1464 5307 1749 5373 Matthaeo
1786 5308 2055 5373 habetur
2089 5310 2416 5393 :Angelus
2525 5316 2781 5373 vultum
2839 5313 2912 5371 in
2975 5320 3235 5372 terram.
3301 5307 3593 5371 Mulieres
3658 5308 3794 5373 istae
3857 5304 3984 5371 visis
