4300 6259
60 1105 175 1148 Luc.
199 1118 262 1146 xx

47 1170 114 1210 23.

75 1303 260 1344 North.

76 1999 192 2041 Luc.
209 2012 242 2040 x

57 2065 100 2104 9.

243 2012 338 2049 ειν,

87 2294 218 2337 Ῑὸίά.
251 2297 320 2338 12.

111 4171 240 4215 leid.
256 4184 356 4222 xxii,

87 4238 152 4278 27.

115 4764 234 4807 leid.
247 4779 364 4816 xxxxx

92 4829 158 4877 30,
185 4830 253 4870 3¹.

95 4965 118 5005 1
122 4963 365 5007 bidan-35.

1104 522 1453 569 ENARRATIO
1496 523 1559 568 m
1600 521 1737 568 cAP.
1785 521 1870 566 XX
1910 519 2189 568 JOANNIS.
2234 539 2314 549 -
2345 521 2499 568 ΛΒΤ.
2545 521 2731 566 ΧῙΝΙΙῙ

3350 501 3468 564 607

358 697 482 764 est,
518 709 666 773 quae
702 692 838 754 dies
877 692 1002 755 fuit
1042 713 1168 755 una
1207 693 1454 756 dierum
1495 693 1669 755 illius
1714 692 1868 754 heb-
1896 691 1947 753 A
1979 699 2210 754 verunt
2263 709 2277 753 :
2333 690 2571 772 quibus
2631 691 2751 754 ista
2808 690 3236 765 narrantibuS,
3294 689 3472 752 venit
3522 708 3759 757 Lucam,

359 789 675 864 domadae,
720 793 834 872 qui
891 811 1112 855 omnes
1162 792 1537 854 dicebantur
1585 791 1864 864 sabbata,

361 889 522 968 quia
570 888 806 965 festivi,
839 901 900 952 ec
935 893 1124 970 fores,
1157 893 1218 953 id
1263 899 1358 953 est
1398 892 1632 973 januae,
1665 899 1869 952 essent

360 991 630 1055 clausae,
665 991 780 1050 ubi
813 1000 1004 1052 erant
1040 991 1378 1067 discipuli,
1408 991 1529 1053 hoc
1567 998 1663 1052 est
1701 990 1868 1071 Apo-

267 1119 330 1155 n,
364 1085 538 1159 stoli,
603 1093 666 1148 et
732 1088 953 1172 etiam·
991 1088 1124 1162 alii,
1189 1089 1540 1151 secundum
1611 1087 1864 1161 Lucam,

364 1189 744 1262 congr-effati
772 1198 1042 1266 propter
1069 1198 1306 1249 metum
1339 1191 1715 1248 Judaeorum
1747 1207 1769 1246 .·
1803 1185 1867 1246 in

287 1316 332 1352 x,
364 1302 500 1364 quo
542 1291 713 1365 patet
749 1303 966 1348 eorum
1009 1285 1374 1358 infirmitaS,
1409 1285 1522 1366 qui
1562 1284 1871 1347 timebant

365 1400 476 1446 eos
535 1383 650 1465 qui
709 1402 942 1466 corpus
1001 1391 1346 1467 potuerunt
1403 1385 1714 1447 occidere.
1770 1381 1872 1444 Di-

365 1488 525 1544 cunt
554 1483 832 1563 quidam,
867 1483 1041 1564 quod
1082 1483 1367 1565 Apostoli
1407 1489 1587 1544 erant
1627 1483 1872 1564 disper-

367 1580 423 1642 si
475 1581 540 1642 in
592 1581 696 1642 die
745 1589 1005 1663 propter
1054 1589 1294 1643 metum
1335 1581 1718 1654 Judaeorum,
1761 1581 1870 1642 sed

369 1680 450 1740 de
506 1697 650 1742 sero
705 1679 1172 1742 conveniebant
1226 1681 1302 1742 ad
1371 1679 1582 1743 locum
1643 1698 1867 1741 unum.

365 1777 772 1859 Evangelista
820 1797 970 1842 vero
1024 1798 1195 1841 nunc
1245 1779 1420 1852 dicit,
1473 1779 1646 1860 quod
1693 1785 1872 1839 erant

1973 789 2175 863 JesuS‚
2210 797 2271 851 et
2314 791 2487 852 stetit
2532 791 2594 851 in
2640 790 2849 852 medio
2893 787 3378 871 discipulorum.
3501 774 3567 814 ³⁶·

2061 891 2144 950 Et
2191 891 2369 948 dimit
2405 892 2498 948 eis
2536 910 2558 948 .·
2599 891 2751 950 Pax
2794 890 2983 948 vebia.
3035 887 3209 960 Quod
3257 885 3472 949 docuit

1980 984 2287 1059 ChristuS,
2342 987 2461 1049 hoc
2518 985 2690 1049 fecit.
2754 986 3055 1068 Praecepit
3110 992 3320 1047 autem
3380 984 3474 1047 di-

1981 1085 2246 1166 scipulis
2291 1103 2304 1148 :
2347 1086 2412 1148 ln
2457 1104 2932 1168 quamcumque
2976 1086 3235 1148 domum
3284 1085 3476 1146 intra-
3518 1101 3764 1153 [Μῶμε.

1982 1184 2225 1259 veritis,
2261 1186 2541 1268 primum
2584 1185 2775 1247 dicite
2820 1204 2833 1247 ε
2876 1184 2996 1246 Pax
3039 1184 3190 1246 huic
3228 1182 3471 1246 domui.

1981 1281 2139 1344 Hinc
2170 1283 2309 1365 ipse
2339 1284 2599 1346 domum
2634 1284 2997 1364 ingrediens
3035 1283 3100 1344 in
3141 1301 3269 1363 qua
3297 1289 3477 1343 erant

1982 1381 2292 1444 carissimi
2334 1383 2431 1444 sui
2465 1381 2966 1463 electissimique
2999 1380 3318 1462 discipuli,
3342 1381 3470 1442 ait:

1982 1479 2102 1542 Pax
2146 1481 2346 1544 vobis,
2384 1481 2647 1556 RursuS,
2694 1481 2786 1542 sic
2828 1499 2935 1544 eos
2980 1478 3288 1552 salutavit,
3328 1497 3477 1561 quo-

1983 1579 2150 1642 niam
2205 1579 2395 1661 paulo
2440 1587 2605 1654 ante,
2661 1579 2726 1641 in
2778 1598 2906 1660 qua
2958 1586 3139 1640 noete
3191 1578 3477 1640 tradeba-

1983 1687 2098 1751 tur,
2120 1679 2421 1741 disseruit
2446 1697 2457 1740 :
2486 1677 2706 1740 Pacem
2748 1678 3043 1759 relinquo
3076 1677 3279 1740 vobiS.
3300 1676 3477 1749 Quod

1981 1778 2177 1858 igitur
2231 1787 2385 1840 tunc
2442 1777 2725 1859 reliquit,
2779 1795 2951 1838 nunc
3006 1775 3241 1850 attulit,
3302 1775 3573 1838 dedit--

370 1877 735 1958 congregati
812 1884 1073 1960 propter
1147 1884 1390 1939 metum
1471 1877 1867 1960 praedictum.
1908 1877 2042 1938 Bet
2088 1877 2285 1939 auxit.
2332 1875 2635 1957 Discipuli
2687 1893 2947 1957 quoque
2996 1892 3151 1957 pace
3200 1874 3477 1936 maxime

373 1974 576 2037 Lucas
619 1994 882 2057 quoque
937 1975 1149 2049 habet,
1202 1976 1374 2057 quod
1431 1975 1732 2037 mulieres
1779 1992 1876 2036 re-

371 2091 610 2154 gressae
653 2093 690 2136 a
732 2082 1169 2148 monumento,
1218 2073 1674 2136 nuntiaverunt
1730 2091 1874 2153 quae

374 2173 718 2235 audierunt
755 2172 885 2234 illis
923 2172 1224 2236 undecim
1259 2191 1272 2234 :
1316 2173 1488 2255 quod
1539 2172 1662 2233 fuit
1706 2171 1876 2234 clara

377 2271 502 2346 die,
543 2272 698 2353 quia
744 2280 887 2354 post
933 2271 1054 2334 hoc
1098 2271 1316 2333 Petrus
1355 2279 1418 2332 et
1453 2271 1724 2334 Joannes
1767 2289 1875 2334 eu-

378 2379 720 2433 currerunt
773 2372 853 2433 ad
918 2378 1428 2434 monumentum.
1491 2370 1580 2432 Ex
1637 2368 1874 2452 quibus

380 2477 573 2551 patet,
620 2471 793 2551 quod
844 2468 1144 2550 discipuli
1195 2469 1386 2531 etiam
1435 2469 1500 2531 in
1552 2469 1654 2531 die
1703 2471 1878 2532 sede—

382 2575 532 2630 runt
581 2568 830 2631 collecti
876 2567 1089 2649 januis
1140 2567 1394 2640 clausiS,
1446 2575 1707 2650 propter
1753 2586 1880 2631 me-

381 2679 519 2731 tum
585 2667 944 2731 Judaeorum
1011 2686 1024 2730 :
1087 2667 1216 2730 imo
1281 2668 1496 2729 minus
1563 2668 1881 2731 audebant

381 2767 558 2829 exire
606 2766 834 2829 diebus
883 2785 1078 2847 quam
1131 2766 1445 2829 noctibus.

481 2867 666 2928 Venit
708 2868 888 2926 Jesus
935 2865 1098 2929 ostio
1147 2865 1384 2939 clauso,
1433 2883 1548 2947 per
1596 2873 1884 2947 penetra-

383 2965 626 3028 tionem
673 2963 1170 3027 dimensionum.
1214 2963 1489 3046 Corpora
1535 2962 1706 3026 enim
1753 2964 1887 3045 glo-

1981 1975 2363 2056 indigebant,
2395 1975 2699 2056 quoniam
2740 1973 3185 2055 multipliciter
3228 1981 3480 2036 contur-

1981 2075 2113 2137 bati
2172 2083 2373 2150 erant,
2433 2094 2506 2137 ac
2574 2074 2800 2148 territi,
2866 2073 3161 2138 videlicet
3218 2081 3480 2156 propter

1984 2173 2366 2256 praeteritam
2399 2173 2629 2237 Christi
2672 2172 3053 2254 passionem,
3088 2179 3348 2254 propter
3375 2171 3481 2234 Ju-

1983 2272 2265 2335 daeorum
2324 2271 2785 2345 crudelitatem,
2850 2278 2912 2332 et
2970 2270 3213 2353 proprii
3272 2270 3478 2332 cordis

1983 2372 2320 2453 quamdam
2352 2370 2809 2434 haesitationem
2841 2370 2919 2431 de
2949 2367 3177 2431 Christi
3212 2385 3484 2430 resurre-

1987 2470 2218 2544 ctione,
2253 2469 2559 2550 decujus
2602 2468 2863 2530 veritate
2901 2467 3183 2529 nondum
3228 2465 3482 2529 fuerant

1990 2566 2287 2631 roborati.
2348 2567 2615 2648 Insuper
2682 2565 2773 2628 sie
2835 2563 3133 2626 salutavit
3202 2563 3482 2646 discipu-

1990 2667 2104 2741 los,
2147 2666 2448 2748 quoniam
2504 2684 2625 2747 pax
2672 2672 2769 2725 est
2816 2662 3166 2725 maximum
3214 2662 3478 2738 bonum,

1991 2765 2297 2846 omnique
2364 2762 2719 2826 Christiano
2789 2761 3109 2843 praecipue
3174 2769 3482 2843 appeten-

1994 2866 2144 2927 dum
2182 2883 2195 2926 :
2240 2881 2356 2946 per
2396 2881 2590 2944 quam
2634 2861 2925 2925 homines
2968 2859 3140 2922 fiunt
3183 2859 3304 2921 filii
3348 2857 3480 2933 Dei,

1992 2963 2532 3044 quemadmodum
2582 2959 2893 3042 scriptum
2932 2966 3030 3020 est
3062 2977 3075 3020 :
3110 2957 3278 3020 Beati
3321 2958 3488 3039 paci·
3514 2977 3779 3028 mame.

385 3061 637 3125 rificata
673 3063 892 3126 omnia
941 3070 1274 3144 penetrant
1323 3081 1438 3145 per
1483 3064 1692 3126 dotem
1738 3062 1888 3124 sub-
1914 3066 1957 3130 C
1995 3061 2126 3136 fici,
2161 3060 2463 3142 quoniam
2497 3059 2621 3121 filii
2654 3059 2761 3121 Dei
2796 3058 3205 3122 vocabuntur.
3230 3056 3490 3138 Propter

383 3161 656 3235 utitatis,
690 3161 1045 3224 secundum
1088 3163 1397 3243 quosdam
1444 3179 1458 3224 :
1503 3181 1628 3225 non
1673 3169 1884 3223 tamen

383 3261 526 3322 sine
571 3261 796 3341 grandi
844 3259 1173 3334 miraculo,
1224 3268 1415 3342 prout
1461 3260 1730 3323 Thomas
1783 3279 1887 3322 su-

388 3378 504 3442 per
550 3368 853 3440 quartum
901 3357 1372 3421 Sententiarum
1427 3359 1578 3421 satis
1628 3360 1888 3422 demon-

385 3466 565 3521 strat.
615 3456 1160 3530 Quemadmodum
1211 3457 1409 3538 igitur
1453 3457 1631 3520 Jesus
1691 3457 1891 3522 exivit

387 3564 646 3620 uterum
686 3556 918 3630 Matris,
961 3574 1034 3617 ea
1077 3556 1322 3637 integra
1364 3565 1750 3631 remanente,
1796 3556 1888 3620 sic

389 3655 652 3718 intravit
717 3663 780 3717 et
837 3654 992 3717 exiit
1053 3656 1314 3718 domum
1385 3674 1512 3719 non
1578 3663 1884 3737 apertam,

390 3755 609 3819 divina
664 3753 1102 3834 omnipotente
1151 3754 1407 3817 virtute.
1461 3757 1546 3816 Ει
1594 3758 1768 3816 stetit
1815 3757 1887 3816 in

393 3855 602 3914 medio
673 3851 1161 3933 discipulorum.
1231 3851 1372 3933 lpse
1445 3871 1724 3934 namque
1793 3859 1889 3914 est

392 3951 723 4024 mediator,
764 3949 981 4012 doctor
1025 3949 1596 4036 reconciliatorque
1650 3958 1884 4026 noster,

389 4049 537 4112 ideo
585 4047 988 4130 competebat
1033 4048 1090 4109 ei
1141 4065 1280 4109 esse
1327 4049 1392 4112 in
1443 4048 1676 4123 medio,
1725 4049 1892 4112 sicut

391 4156 456 4210 et
501 4156 648 4209 ante
697 4146 1059 4230 passionem
1120 4147 1370 4209 locutus
1427 4156 1522 4209 est
1574 4166 1587 4210 :
1643 4147 1768 4228 Ego
1821 4148 1886 4210 in

1995 3161 2168 3242 quod
2206 3159 2295 3221 ait
2323 3159 2683 3240 DionysiuS,
2718 3158 2887 3238 quod
2926 3156 3142 3220 omnia
3178 3162 3493 3238 appetunt

1999 3275 2241 3340 pacem,
2275 3265 2337 3319 et
2368 3264 2629 3338 propter
2666 3255 2831 3317 hanc
2866 3262 3062 3334 agunt
3101 3273 3290 3318 omne
3319 3254 3491 3335 quod

1997 3365 2215 3437 agunt.
2251 3356 2341 3418 Ex
2384 3374 2515 3438 quo
2558 3355 2983 3428 concluditur,
3018 3354 3189 3434 quod
3234 3372 3355 3436 pax
3399 3359 3495 3414 est

1999 3456 2099 3520 vel
2148 3454 2287 3538 ipsa
2335 3455 2679 3529 beatitudo,
2736 3453 2834 3516 vel
2886 3451 3176 3535 proxima
3222 3451 3301 3514 ad
3347 3452 3497 3513 bea-

2001 3554 2339 3618 titudinem
2383 3553 2741 3636 dispositio.

2078 3654 2361 3717 Christus
2408 3659 2621 3715 autem
2661 3651 3016 3734 praesertim
3070 3669 3243 3712 nune
3289 3649 3499 3732 loqui-

1998 3761 2103 3816 tur
2150 3753 2228 3816 de
2276 3769 2429 3835 pace
2478 3751 2748 3825 interna,
2801 3768 2947 3831 quae
2993 3755 3089 3810 est
3137 3748 3499 3830 tranquilli-

1998 3860 2090 3914 tas
2120 3851 2341 3926 animi,
2378 3857 2595 3932 utpote
2625 3848 2810 3931 quies
2841 3867 2878 3909 a
2910 3847 3187 3910 motibus
3219 3847 3496 3929 propriis

1998 3949 2394 4022 inordinatiS,
2452 3946 2748 4010 videlicet
2806 3965 2843 4008 a
2902 3946 3131 4009 timore
3192 3945 3500 4008 immode-

2001 4057 2155 4122 rato,
2216 4066 2254 4109 a
2310 4046 2567 4109 tristitia
2633 4045 2871 4120 saeculi,
2933 4062 3076 4126 quae
3142 4045 3495 4106 secundum

1999 4147 2391 4230 Apostolum,
2454 4153 2725 4208 mortem
2794 4153 3116 4225 operatur,
3177 4161 3214 4204 a
3278 4140 3495 4205 dolore
3550 4167 3783 4220 nem-‚m

391 4249 606 4310 medio
647 4255 929 4310 vestrum
969 4264 1130 4307 sum.
1161 4245 1450 4326 Magister
1491 4247 1734 4329 quippe
1775 4248 1893 4310 vir·
1921 4252 1969 4313 D
2001 4247 2307 4308 rationem
2366 4243 2775 4325 impediente.
2829 4240 2965 4304 Non
3023 4241 3195 4303 enim
3253 4241 3495 4322 optavit
3525 4233 3592 4274 ¹⁰·

391 4353 628 4420 tutum,
683 4345 967 4408 medium
1027 4363 1280 4426 semper
1337 4345 1550 4426 elegit,
1611 4347 1764 4427 quia
1823 4347 1886 4408 in

393 4445 608 4507 medio
666 4445 869 4506 virtus
927 4443 1238 4506 consistit.
1299 4442 1620 4516 Quomodo
1677 4454 1887 4508 autem

392 4543 637 4606 factum
675 4543 758 4604 sit
793 4543 964 4624 quod
1005 4560 1178 4603 nunc
1217 4540 1412 4604 refert
1446 4542 1736 4617 JoanneS,
1771 4544 1891 4605 Lu—

397 4663 502 4706 cas
564 4642 818 4724 plenius
876 4642 1095 4704 edocet
1148 4660 1161 4703 :
1216 4660 1346 4723 quo
1405 4641 1656 4722 legitur,
1719 4643 1890 4723 quod

396 4761 599 4824 quum
636 4741 816 4802 Jesus
855 4741 1144 4821 cognitus
1183 4738 1406 4802 fuisset
1444 4759 1480 4802 a
1519 4739 1767 4803 duobus
1808 4741 1895 4802 di-

398 4839 666 4922 scipulis
711 4839 778 4900 in
829 4837 1137 4901 fractione
1187 4838 1390 4918 paniS,
1439 4845 1502 4899 et
1549 4838 1895 4920 disparuis-

399 4949 516 5013 set,
551 4938 642 5000 illi
688 4945 1016 5018 surgentes
1060 4937 1323 5016 regressi
1368 4946 1517 4999 sunt
1551 4938 1616 5000 in
1650 4936 1896 4999 Jerusa-

399 5037 528 5099 lem
569 5037 786 5098 eadem
833 5036 1004 5108 hora,
1039 5034 1551 5115 inveneruntque
1597 5035 1891 5097 undecim

397 5142 830 5216 congregatoS,
883 5141 945 5194 et
991 5151 1096 5195 eos
1145 5133 1255 5214 qui
1308 5151 1454 5195 cum
1505 5133 1631 5196 illis
1691 5141 1891 5208 erant,

398 5235 640 5316 quibus
689 5232 987 5296 dixerunt
1031 5233 1351 5314 quomodo
1399 5232 1578 5295 Iesus
1623 5253 1896 5315 apparu-

397 5334 554 5396 isset
601 5332 694 5394 eis
744 5332 808 5394 in
861 5332 983 5407 via,
1031 5340 1093 5394 et
1135 5331 1410 5414 qualiter
1457 5351 1608 5394 eum
1665 5350 1896 5413 cogno-

2000 4343 2333 4426 discipulis
2372 4342 2654 4422 quietem
2694 4341 2773 4402 ab
2814 4339 3239 4402 exterioribus
3281 4356 3497 4421 perse-

1999 4442 2365 4507 cutionibus
2402 4443 2481 4503 ad
2521 4448 2799 4521 tempuS,
2833 4458 2995 4521 quos
3036 4439 3101 4500 in
3146 4439 3358 4502 medio
3400 4439 3497 4502 lu-
3553 4465 3783 4518 mum„

2000 4561 2228 4625 porum
2297 4547 2431 4602 erat
2488 4539 2826 4613 missuruS,
2890 4539 2997 4601 sed
3058 4545 3128 4598 ut
3186 4537 3251 4599 in
3319 4537 3494 4600 omni
3526 4529 3591 4573 ¹⁶·

1999 4640 2359 4702 turbatione
2398 4637 2754 4700 extrinseca
2790 4643 3239 4701 conservarent
3275 4653 3494 4718 pacem

2001 4740 2339 4801 internam.
2401 4736 2737 4817 Propterea
2794 4736 2872 4798 ad
2932 4734 3224 4797 Hebraeos
3280 4742 3499 4797 monet

2001 4837 2338 4920 Apostolus
2392 4854 2406 4898 t
2459 4834 2681 4897 Pacem
2741 4833 3087 4916 sequimini
3148 4841 3212 4894 et
3268 4833 3498 4896 sancti·
3552 4851 3785 4905 fletam,

2001 4936 2303 5009 moniam,
2338 4935 2477 4996 sine
2514 4952 2643 5014 qua
2682 4951 2868 4996 nemo
2905 4931 3101 4994 Deum
3147 4931 3409 4994 videbit.
3526 4917 3593 4958 ¹⁴·

2082 5038 2167 5096 E'c
2198 5055 2401 5113 quum
2434 5036 2549 5093 hoc
2581 5033 2871 5103 cli-visset,
2917 5033 3193 5092 ostendit
3230 5032 3323 5089 eis
3361 5052 3497 5091 ma-

2001 5155 2127 5195 nus
2165 5143 2225 5194 et
2265 5137 2459 5199 latus,
2494 5130 2655 5194 forte
2704 5138 2768 5191 et
2817 5130 3006 5211 pedes
3053 5147 3067 5191 ε
3112 5129 3241 5191 imo
3283 5136 3345 5190 et
3390 5146 3498 5210 pe-

2003 5233 2135 5306 deS,
2182 5237 2250 5291 ut
2290 5229 2457 5291 infra
2495 5248 2573 5291 ex
2616 5228 2829 5292 verbis
2866 5227 3053 5289 Lucae
3094 5225 3500 5306 evangelistae

2005 5328 2259 5415 patebit.
2286 5328 2353 5390 ln
2384 5328 2485 5390 his
2514 5327 2799 5409 quinque
2830 5326 3160 5390 vulnerum
3194 5342 3503 5388 remanse-

3626 5042 3699 5099 20
