4300 6259
55 1107 230 1150 Ιοαιυι.
253 1121 300 1157 x.

27 1799 144 1842 [bid.
161 1802 306 1852 aab.

57 2193 180 2237 md.
202 2195 280 2236 34.

143 3671 212 3725 ¹2

145 4248 214 4303 13

3043 382 3104 425 ‹-

3107 424 3186 467 xx

3189 464 3236 489 x

1120 519 1473 576 numano
1515 527 1578 573 m
1620 527 1758 574 car.
1805 527 1892 574 xn
1933 527 2210 575 mamm.
2256 549 2337 559 —
2376 529 2519 577 aar.
2564 532 2691 578 xxx

331 694 678 774 excogitat,
732 696 1209 779 studiosiusque
1265 697 1528 773 laborat,
1581 715 1656 761 eo
1711 716 1843 759 am·
1869 697 1920 758 A
1953 704 2302 781 cturusque
2338 708 2630 776 mortem,
2668 709 2732 763 et
2772 721 2919 770 suos
2958 720 3037 764 ex
3074 701 3274 765 limbo
3312 719 3449 764 ere·-

333 791 516 872 plius
549 794 1006 875 praecipitatur,
1039 802 1100 857 et
1131 796 1194 856 in
1229 794 1518 858 salsitatis
1551 795 1842 857 tenebras

336 891 808 974 pravitatisque
849 892 1150 976 abyssum
1193 894 1602 975 demergitur.

433 989 772 1066 Quaeritur,
832 1010 1036 1073 quum
1099 993 1395 1074 superius
1462 992 1702 1054 dictum
1763 992 1846 1054 sit

333 1089 514 1169 quod
557 1089 745 1151 multi
787 1090 1148 1152 Judaeorum
1193 1090 1600 1153 crediderunt
1643 1091 1709 1152 in
1750 1091 1845 1153 Je-

333 1206 488 1248 sum
547 1195 808 1271 propter
867 1197 1086 1251 natum
1145 1208 1383 1252 caecum
1442 1208 1634 1271 quem
1695 1189 1844 1251 illu-

333 1287 588 1363 stravit,
623 1307 738 1350 cur
770 1289 1094 1371 principes
1125 1290 1335 1370 potius
1377 1298 1846 1371 proposuerunt

335 1385 708 1449 interficere
758 1386 1077 1462 Lazarum,
1128 1407 1322 1469 quam
1372 1405 1608 1450 caecum
1662 1388 1844 1450 illum

335 1484 798 1548 illuminatum.
823 1485 1187 1560 Dicendum,
1216 1487 1386 1568 quod
1421 1493 1678 1568 propter
1708 1505 1848 1548 cau-

336 1602 444 1645 sas
497 1583 779 1647 diversas
817 1603 830 1647 :
867 1583 1172 1659 Primum,
1219 1585 1524 1666 quoniam
1575 1585 1847 1646 miracu-

337 1683 480 1744 lum
513 1684 674 1745 illud
705 1683 946 1747 factum
975 1684 1042 1746 in
1074 1703 1252 1753 caeco,
1275 1685 1550 1766 quodam
1585 1684 1845 1766 palliati-

338 1782 487 1846 onis
519 1782 730 1846 colore
763 1781 1277 1856 diffamaverunt,
1297 1801 1372 1845 eo
1400 1783 1572 1864 quod
1604 1781 1842 1844 factum

1950 804 2200 877 pturuS,
2243 796 2780 879 praefiguraretur.
2827 799 2931 862 Sic
2978 801 3151 863 enim
3201 799 3445 864 obviari

1950 894 2297 958 victoribus
2330 897 2586 961 solitum
2628 896 2772 960 fuit.
2808 898 2984 961 Rami
3023 917 3281 981 quoque
3313 898 3449 981 pal-

1949 1011 2199 1055 marum
2239 996 2593 1077 antiquitus
2638 996 2949 1059 dabantur
2988 997 3335 1060 victoribus
3380 997 3449 1058 in

1953 1090 2189 1172 praeliis
2234 1093 2751 1173 praevalentibus,

2031 1193 2116 1250 Ec
2153 1193 2525 1254 clamabant
2554 1215 2577 1252 .·
2612 1195 2950 1263 Hosanna,
3002 1193 3066 1255 id
3114 1200 3230 1264 est,
3274 1193 3452 1256 obse-

1951 1305 2080 1361 cre,
2135 1289 2329 1365 salva,
2382 1292 2772 1372 benedictum
2824 1292 2888 1353 id
2936 1300 3032 1354 est
3088 1300 3342 1354 sanctus
3391 1299 3455 1354 et

1950 1385 2264 1462 laudatuS,
2298 1387 2380 1449 sit
2414 1390 2530 1466 qui
2562 1391 2739 1472 venit
2769 1391 2841 1450 in
2875 1392 3135 1452 nomine
3162 1391 3449 1459 Domini,

1953 1483 2018 1546 id
2067 1492 2163 1546 est
2212 1485 2277 1547 in
2336 1485 2481 1560 Deo,
2534 1495 2596 1548 et
2644 1489 2997 1550 seeundum
3060 1489 3453 1552 voluntatem

1953 1584 2679 1667 praeordinationemque
2734 1585 2861 1661 Dei,
2914 1587 3451 1669 quemadmodum

1955 1681 2030 1742 de
2089 1681 2336 1745 Christo
2397 1701 2509 1765 per
2565 1683 2905 1766 Prophetas
2964 1685 3280 1766 praedixit.
3344 1685 3451 1746 Isti

1955 1767 2154 1841 solam
2192 1781 2423 1844 Christi
2465 1781 2925 1845 humanitatem
2963 1791 3298 1859 noverunt,
3334 1783 3455 1846 sic-

341 1880 544 1943 fuerit
593 1880 896 1960 sabbato;
948 1880 1068 1943 hoc
1116 1888 1326 1942 autem
1378 1900 1501 1943 non
1557 1887 1845 1963 poterant
1881 1881 1926 1943 B
1957 1895 2082 1960 que
2128 1879 2434 1960 putabant
2478 1899 2615 1944 esse
2658 1900 2893 1962 purum
2938 1881 3285 1958 hominem,
3320 1901 3457 1945 san-

343 1979 557 2042 facere
623 1980 689 2041 in
755 1979 968 2041 Lazari
1038 1978 1467 2043 suscitatione.
1529 1977 1840 2055 Secunde,

341 2079 656 2160 quoniam
713 2097 952 2141 caecum
1013 2077 1193 2139 illum
1252 2077 1432 2159 quasi
1492 2077 1686 2140 vilem
1748 2078 1845 2141 in-

340 2195 666 2261 opemque
706 2195 1040 2259 personam
1081 2175 1374 2238 Pharisaei
1415 2176 1739 2256 ejecerunt
1769 2179 1846 2240 de

339 2293 700 2359 synagoga3
749 2275 1018 2337 Lazarus
1069 2292 1218 2337 vero
1267 2282 1513 2356 potenS,
1560 2275 1736 2338 dives
1785 2283 1847 2338 et

339 2375 582 2438 nobilis
620 2373 746 2436 fuit
779 2393 792 2437 :
827 2372 1066 2436 idcirco
1101 2372 1241 2453 ejus
1281 2373 1606 2437 suscitatio
1647 2375 1847 2437 multo

339 2474 650 2537 famosior
697 2480 852 2546 erat,
897 2472 1244 2555 pluresque
1293 2472 1369 2533 ad
1419 2489 1566 2533 eum
1612 2473 1843 2534 ierunt.

341 2571 577 2647 Terti0,
622 2571 926 2653 quoniam
978 2569 1304 2632 suscitatio
1349 2569 1467 2630 ista
1515 2571 1850 2634 miraculo-

342 2672 474 2734 sior
522 2670 650 2733 fuit
697 2688 893 2751 quam
943 2668 1330 2731 illuminatio
1378 2668 1488 2730 illa
1532 2687 1546 2730 τ
1591 2677 1850 2751 propter

341 2771 517 2851 quod
550 2769 768 2851 plures
800 2767 1208 2831 crediderunt
1245 2766 1308 2828 in
1335 2767 1550 2829 Jesum
1589 2775 1850 2848 propter

339 2869 672 2942 Lazarum,
705 2886 900 2948 quam
947 2874 1206 2948 propter
1249 2883 1485 2928 caecum
1533 2865 1740 2927 illum.
1775 2865 1850 2928 Et

340 2967 643 3049 quamvis
693 2965 1006 3046 scriptum
1058 2982 1185 3027 non
1245 2964 1327 3025 sit
1385 2965 1556 3046 quod
1616 2964 1852 3046 princi-

1956 1976 2315 2039 ctissimum
2348 1985 2579 2052 tamen,
2604 1987 2667 2040 et
2695 1979 2919 2041 mundi
2951 1980 3348 2056 salvatorem,
3381 2000 3456 2044 ac

1958 2093 2172 2156 regem
2220 2075 2507 2138 Messiam
2544 2095 2557 2139 :
2594 2076 2735 2140 ideo
2778 2077 3000 2140 dicunt
3041 2096 3186 2140 eum
3237 2079 3457 2142 venire

1959 2173 2024 2235 in
2085 2173 2344 2236 nomine
2403 2174 2675 2250 Domini,
2728 2175 2792 2236 id
2851 2180 2965 2237 est'
2999 2176 3267 2238 missum
3318 2195 3457 2240 esse

1957 2291 1994 2334 a
2036 2272 2183 2348 Deo,
2226 2281 2290 2335 et
2330 2274 2680 2335 secundum
2724 2273 2923 2335 Deum
2965 2274 3180 2337 omnia
3222 2273 3452 2352 facere,

1957 2379 2147 2453 atque
2190 2373 2267 2434 ad
2310 2372 2451 2453 ejus
2497 2371 2801 2434 honorem
2843 2373 3081 2435 venire.
3118 2372 3193 2436 Et
3233 2392 3455 2437 verum

1957 2469 2082 2531 fuit
2129 2471 2301 2552 quod
2360 2470 2643 2533 Christus
2695 2471 2871 2534 venit
2917 2471 2982 2532 in
3041 2472 3298 2534 nomine
3345 2473 3456 2536 Do-

1959 2569 2140 2644 mini,
2175 2569 2326 2649 quia
2363 2575 2425 2630 et
2464 2568 2600 2650 ipse
2639 2567 2767 2649 jam
2816 2568 3059 2631 dixerat
3092 2588 3105 2632 ε
3141 2569 3275 2651 Ego
3308 2571 3453 2634 veni
3516 2591 3744 2645 Joanna.

1959 2666 2024 2729 in
2092 2668 2349 2730 nomine
2416 2667 2610 2729 Patris
2676 2668 2825 2730 mei.
2888 2667 3039 2742 lmo,
3100 2670 3455 2758 secundum
3482 2657 3552 2698 ⁴³·

1958 2767 2128 2846 quod
2184 2765 2394 2838 homo,
2448 2766 2622 2828 venit
2678 2766 2743 2828 in
2805 2767 3062 2830 nomine
3111 2767 3457 2848 cujuslibet

1960 2863 2193 2926 divinae
2236 2863 2541 2927 Personae.

2033 2965 2180 3024 Rex
2211 2965 2437 3036 Israel,
2472 2963 2537 3024 id
2576 2971 2673 3024 est
2713 2981 2899 3025 verus
2942 2972 3147 3028 rector
3184 2974 3248 3028 et
3285 2986 3458 3029 sum-

345 3084 458 3148 pes
491 3065 891 3128 sacerdotum
928 3063 1364 3143 cogitaverunt
1398 3081 1632 3124 caecum
1666 3063 1848 3124 illum
1887 3057 1931 3121 C
1962 3080 2103 3122 mus
2135 3061 2435 3142 princeps
2474 3061 2830 3124 Israeliticae
2861 3063 3035 3144 plebi
3077 3065 3454 3145 promissuS,

343 3165 660 3239 occidere,
703 3182 832 3226 non
872 3169 968 3224 est
1010 3168 1219 3223 tamen
1266 3161 1641 3223 incredibile
1680 3163 1850 3244 quod

343 3263 789 3344 cogitaverunt
845 3261 966 3323 hoc
1025 3260 1260 3341 ipsum.
1322 3258 1582 3320 Nullum
1639 3267 1849 3322 tamen

347 3361 736 3424 miraculum
802 3358 955 3421 fecit
1021 3357 1164 3420 illos
1234 3357 1325 3419 sic
1387 3356 1624 3438 furere,
1686 3359 1852 3421 sicut

347 3458 680 3523 suscitatio
721 3457 958 3532 Lazari,
993 3456 1297 3538 quoniam
1338 3455 1512 3518 nulla
1555 3458 1854 3538 tergiver-

349 3559 598 3622 satione
641 3562 886 3639 poterat
927 3553 1140 3635 negari
1186 3554 1287 3617 vel
1329 3555 1635 3617 accusari.

429 3660 516 3719 In
546 3655 909 3716 erastinum
936 3661 1176 3722 aute-m,
1208 3652 1271 3713 id
1315 3661 1410 3714 est
1448 3653 1550 3714 die
1589 3671 1855 3736 sequen-

351 3755 397 3818 ti
451 3773 566 3818 seu
618 3753 720 3815 die
773 3751 1154 3825 Palmarum,
1209 3753 1393 3811 turba
1446 3755 1674 3823 multa,
1728 3771 1850 3814 non

349 3855 562 3918 solum
591 3852 974 3924 Judaeorum,
1009 3850 1119 3911 sed
1148 3856 1213 3910 et
1246 3848 1605 3929 gentilium,
1641 3858 1710 3911 ut
1749 3869 1856 3932 pa-

349 3949 534 4024 tebit,
569 3969 714 4028 quoe
753 3955 1017 4007 venerat
1055 3946 1132 4007 ad
1169 3945 1516 4007 Jerusalem
1555 3949 1642 4006 ad
1681 3949 1854 4007 diem

347 4051 620 4128 festum,
660 4046 782 4109 hoc
821 4053 917 4107 est
954 4045 1032 4106 ad
1078 4045 1195 4107 hoc
1242 4052 1310 4106 ut
1351 4044 1715 4108 imminenti
1758 4065 1858 4109 so-

352 4146 646 4210 lennitati
688 4145 1022 4206 interesset
1063 4143 1367 4225 paschali,
1403 4165 1606 4222 quum
1639 4147 1856 4205 audis-

1962 3168 2022 3221 et
2073 3159 2255 3223 nobis
2301 3161 2432 3241 jam
2482 3161 2662 3222 datus
2704 3180 2717 3224 :
2765 3162 2841 3223 de
2889 3181 3019 3244 quo
3069 3162 3255 3226 lsaias
3300 3185 3459 3246 prae-

1961 3258 2140 3332 dixit,
2195 3257 2401 3340 Super
2458 3258 2690 3321 solium
2748 3259 2943 3322 David
3002 3268 3065 3322 et
3122 3281 3316 3344 super
3363 3281 3459 3325 re-
3510 3282 3711 3336 18.11,'¹1.

1957 3374 2156 3437 gnum
2202 3357 2341 3437 ejus
2390 3356 2654 3430 sedebit,
2701 3364 2768 3418 ut
2810 3357 3149 3421 confirmet
3192 3361 3352 3423 illud
3395 3369 3457 3423 et

1961 3454 2325 3518 corroboret
2364 3455 2427 3516 in
2466 3454 2707 3534 judicio
2746 3461 2807 3516 et
2843 3455 3129 3536 justitia;
3173 3466 3237 3520 et
3277 3457 3452 3535 Osee,

1962 3551 2378 3616 Revertentur
2414 3551 2535 3613 filii
2575 3551 2785 3627 lsrael,
2820 3560 2882 3614 et
2918 3563 3207 3634 quaerent
3248 3555 3457 3619 Domi-
3485 3576 3595 3620 om
3618 3591 3675 3632 m,
3702 3582 3747 3623 ο.

1962 3670 2118 3713 num
2163 3650 2360 3712 Deum
2404 3669 2610 3727 suum,
2646 3659 2714 3712 et
2750 3649 2942 3714 David
2989 3669 3201 3733 regem
3245 3673 3453 3731 suum,

1960 3750 2024 3812 id
2055 3759 2152 3812 est
2179 3749 2486 3824 Messiam,
2522 3757 2592 3810 ut
2618 3767 2839 3812 omnes
2878 3759 3225 3832 exponunt.
3261 3751 3455 3816 David

1962 3848 2281 3930 siquidem
2321 3855 2605 3929 tempore
2643 3846 2797 3909 Osee
2827 3847 2936 3910 diu
2977 3857 3265 3912 mortuus
3306 3849 3453 3913 fuit.

1965 3945 2290 4027 Prophetae
2322 3945 2493 4006 enim
2532 3945 2928 4009 concorditer
2959 3945 3257 4010 dixerunt
3288 3949 3459 4012 Chri-

1965 4052 2132 4106 stum
2182 4043 2317 4106 sore
2367 4061 2575 4124 regem
2635 4043 3016 4106 Judaeorum.
3070 4044 3147 4106 Et
3194 4047 3457 4127 quidam

1961 4143 2319 4212 Judaeorum
2364 4142 2816 4204 intellexerunt
2856 4142 3046 4206 verba
3088 4143 3459 4225 hujusmodi

347 4256 488 4307 senc
531 4245 692 4325 quia
736 4243 915 4303 venit
951 4245 1132 4304 Jesus
1169 4244 1654 4320 lerosolymam,
1685 4262 1859 4302 acce·
1887 4247 1934 4308 D
1965 4241 2417 4323 Prophetarum
2450 4241 2804 4316 carnaliter,
2840 4242 2917 4303 de
2948 4242 3081 4306 solo
3112 4260 3305 4324 regno
3336 4252 3461 4306 ter-

339 4354 589 4422 perunt
633 4361 848 4403 ramos
879 4343 1284 4417 palmarum,
1325 4348 1384 4399 et
1419 4351 1855 4417 processerunt

349 4445 606 4504 obviam
637 4443 712 4502 ei.
732 4439 856 4500 Alii
886 4437 1301 4519 Evangelistae
1333 4445 1657 4516 testantur,
1683 4440 1855 4521 quod

61 4555 326 4662 ffss‘*'¹¹''
351 4541 540 4604 multi
585 4557 663 4602 ex
708 4537 894 4600 turba
935 4535 1260 4599 caedebant
1304 4556 1508 4600 ramos
1552 4539 1630 4600 de
1672 4537 1856 4602 arbo—

89 4635 100 4668 ;
163 4631 321 4670 areat,

352 4640 556 4714 ribus,
590 4647 654 4701 et
696 4635 1063 4699 sternebant
1101 4634 1167 4695 in
1209 4634 1332 4698 via.
1367 4635 1550 4698 Solus
1584 4636 1854 4700 Joannes

352 4738 602 4818 scribit,
634 4736 808 4818 quod
839 4753 986 4797 cum
1017 4733 1210 4795 ramis
1241 4733 1598 4815 palmarum
1629 4735 1694 4796 in
1726 4754 1856 4796 ma-

353 4837 545 4899 nibus
608 4834 1031 4897 obviaverunt
1099 4831 1382 4894 Domino.
1446 4832 1696 4895 Certum
1761 4840 1857 4894 est

351 4953 502 5016 ergo
530 4933 704 5016 quod
735 4939 1082 5012 utrumque
1109 4928 1420 4991 fecerunt.
1455 4929 1528 4992 Et
1559 4930 1683 5012 ipsi
1714 4931 1857 5012 qui-

355 5036 499 5097 dem
558 5032 638 5094 ad
689 5031 964 5092 litteram
1021 5029 1142 5091 hoc
1199 5027 1485 5090 fecerunt
1541 5030 1618 5090 ad
1682 5047 1856 5092 reve-

1964 4358 2117 4402 reno
2176 4359 2247 4402 ac
2305 4339 2681 4421 temporali3
2729 4339 2838 4401 alii
2892 4340 3328 4422 spiritualiter,
3383 4345 3459 4406 de

1965 4456 2158 4520 regno
2217 4457 2381 4501 verae
2439 4437 2834 4512 obedientiae,
2896 4440 3065 4520 quod
3123 4439 3461 4504 inchoatur

1965 4539 2030 4600 in
2089 4537 2213 4612 via,
2265 4541 2328 4599 et
2385 4544 2864 4600 consummatur
2916 4557 2989 4600 ac
3048 4546 3461 4621 perpetuatur

1965 4637 2031 4698 in
2075 4635 2277 4718 patria
2312 4652 2324 4696 :
2362 4634 2447 4696 ita
2485 4635 2656 4716 quod
2696 4634 2979 4698 Christus
3018 4636 3224 4700 dando
3253 4637 3456 4719 legem

1965 4733 2335 4817 perfectam,
2398 4733 2529 4794 suis
2591 4732 3007 4814 spiritualiter
3066 4736 3455 4816 praesideret,

1965 4832 2288 4913 regnando
2338 4831 2403 4893 in
2460 4832 2648 4894 corde
2701 4849 2919 4894 eorum
2981 4849 3094 4912 per
3149 4832 3347 4896 fidem
3398 4841 3463 4896 et

1963 4929 2388 4994 obedientiam
2436 4946 2608 4990 nunc
2645 4929 2709 4989 in
2753 4929 2875 5003 via,
2912 4929 3213 5011 deinceps
3258 4937 3461 4994 trans-

1964 5029 2156 5091 ferret
2187 5046 2292 5091 eos
2323 5028 2402 5089 ad
2432 5044 2699 5108 regnum
2730 5026 3003 5089 coelestis
3040 5029 3334 5109 paradisi,
3364 5049 3460 5092 re-

353 5131 628 5194 rentiam
677 5127 1065 5207 Salvatoris3
1113 5126 1330 5190 divina
1377 5145 1526 5190 vero
1585 5127 1858 5209 inspira-
1962 5129 2212 5210 gnando
2261 5128 2326 5189 in
2374 5126 2465 5188 eis
2516 5145 2630 5208 per
2675 5126 2893 5206 gloriae
2941 5128 3460 5192 communicatio-

355 5231 528 5293 tione
573 5229 715 5291 ideo
757 5225 998 5289 factum
1041 5232 1157 5300 est,
1205 5231 1276 5286 ut
1315 5226 1581 5289 victoria
1623 5225 1854 5289 Christi
1965 5244 2132 5289 nem.
2185 5225 2308 5288 Hoc
2360 5223 2603 5306 quippe
2651 5222 2953 5286 Dominus
3004 5226 3459 5305 praenuntiavit
3538 5223 3710 5268 ⁸⁸⁶⁶*-

357 5347 486 5411 qua
533 5345 681 5390 mox
731 5331 1145 5406 superaturus
1195 5331 1327 5385 erat
1375 5323 1721 5400 diabolum,
1771 5324 1858 5387 vi·
1965 5342 2078 5408 per
2121 5323 2515 5386 Ezechielem
2558 5341 2571 5386 ε
2614 5320 2881 5386 Salvabo
2920 5322 3281 5406 (inquiens)
3320 5341 3459 5406 gre·
3484 5300 3631 5396 32¹¹*
3664 5289 3737 5332 ²²²

608 5459 676 5512 T.
704 5457 788 5508 12.
3150 5456 3212 5510 82
