4300 6259
852 454 973 520 232

1613 482 1962 530 zumulo
2004 481 2069 527 IN
2109 481 2249 530 cAP.
2293 480 2450 527 11111
2489 478 2678 527 LUCAE.
2723 500 2804 511 -—
2843 482 2987 529 Am.
3033 482 3178 527 xmx

572 662 681 705 Lue-
707 662 828 711 m.¹·
857 648 1113 714 collavit
1158 652 1597 717 beatissimum
1633 655 1934 719 Joannem
1984 652 2347 736 Baptistam,
2379 648 2433 711 A
2463 669 2616 713 suus
2667 650 2819 715 fecit
2865 651 3066 715 occidi
3118 650 3411 727 infantes,
3452 658 3643 732 atque
3688 648 3944 711 similia.

560 724 831 775 Marc-vav.

560 788 829 838 Mamm·
858 754 920 809 et
948 748 1072 810 fuit
1110 751 1370 833 majoris
1398 752 1682 827 HerodiS,
1718 751 1837 815 sub
1867 771 1995 833 quo
2034 759 2217 814 natus
2258 759 2354 813 est
2459 752 2544 811 Et
2587 752 2722 829 ipse
2763 750 2942 813 Iesus
2991 752 3167 811 nihil
3201 752 3264 810 ei
3303 750 3769 827 respondebat:
3796 748 3952 829 quia

586 4012 753 4057 Mami.
770 4027 827 4065 ix,

565 4078 633 4181 {23
644 4076 757 4121 Luc.
770 4090 829 4129 tv,

562 4505 699 4550 lCor.
716 4519 745 4557 1,
759 4506 827 4550 22.

562 4703 671 4748 Luc.
700 4716 759 4756 tx,
784 4705 827 4748 9.

676 4794 713 4851 9

856 844 1163 924 ChristuS,
1201 850 1407 932 tilius3
1440 854 1691 913 remisit
1718 872 1864 913 eum
1894 854 1981 912 ad
2010 854 2348 917 Herodem,

854 948 1117 1029 cupiens
1146 968 1215 1011 se
1247 968 1585 1014 exonerare
1614 949 1695 1012 ab
1724 952 1863 1031 ejus
1890 950 2141 1031 judicio,
2162 968 2348 1031 quem

852 1047 1031 1112 novit
1073 1048 1498 1125 innocentem,
1533 1050 1921 1112 mendaciter
1957 1056 2344 1123 accusatum,

852 1154 915 1207 et
954 1165 1031 1209 ex
1071 1148 1311 1211 invidia
1349 1149 1675 1221 traditum,
1710 1156 1772 1211 et
1811 1167 1893 1211 ne
1941 1168 2202 1211 manum
2247 1168 2350 1211 su-

851 1264 951 1308 am
995 1246 1273 1309 mitteret
1310 1248 1377 1309 in
1419 1266 1691 1310 messem
1729 1248 2024 1311 alienam.
2062 1248 2134 1309 Et
2184 1248 2349 1311 sicut

851 1344 941 1406 ait
970 1344 1381 1428 TheophiluS,
1416 1347 1482 1409 in
1521 1347 1643 1410 hoc
1680 1346 1810 1427 egit
1845 1346 2079 1409 Pilatus
2121 1365 2349 1409 secun-

852 1444 1005 1505 dum
1035 1444 1239 1525 legem
1269 1444 1716 1520 Romanorum,
1740 1464 1884 1527 quae
1911 1445 2102 1527 jussit
2129 1463 2350 1527 quem-

852 1541 1009 1604 libet
1036 1560 1075 1603 a
1103 1561 1235 1605 suae
1264 1544 1521 1606 ditionis
1562 1543 1852 1625 principe
1888 1544 2185 1625 judicari.
2223 1544 2350 1611 Qui

849 1650 911 1703 et
948 1642 1109 1719 ipse,
1138 1641 1382 1705 scilicet
1430 1642 1725 1718 HerodeS,
1756 1646 2170 1721 lerosolymis
2208 1654 2348 1704 erat

850 1740 989 1799 illis
1015 1741 1239 1800 diebus
1278 1740 1673 1803 solennitatis
1717 1740 2052 1822 paschaliS,
2089 1747 2349 1822 propter

2457 846 2733 911 Herodes
2773 848 3073 929 indignus
3113 847 3258 921 fuit,
3291 867 3366 911 eo
3404 848 3576 929 quod
3622 865 3700 909 ex
3745 846 3950 908 curio-

2458 947 2641 1009 sitate
2687 947 2883 1009 fuerit
2930 955 3161 1011 motus.
3204 947 3488 1010 Christus
3537 963 3794 1027 quoque
3841 964 3952 1007 no-

2458 1045 2578 1106 luit
2625 1064 2739 1128 per
2784 1045 3095 1109 Herodem
3145 1045 3401 1108 liberari
3450 1063 3486 1106 a
3533 1044 3849 1126 passione.
3887 1042 3947 1104 Si

2456 1152 2668 1206 autem
2716 1143 2972 1207 fecisset
3021 1163 3230 1207 coram
3281 1162 3355 1207 eo
3403 1142 3807 1215 miraculum,
3845 1150 3950 1203 aut

2454 1243 2634 1324 juxta
2681 1242 3058 1325 sapientiam
3117 1260 3298 1304 suam
3356 1240 3790 1324 respondisset
3837 1239 3950 1301 He-

2458 1342 2616 1415 rodi,
2661 1359 2787 1404 non
2839 1339 3232 1423 permisisset
3268 1338 3543 1402 Herodes
3591 1356 3741 1400 eum
3788 1338 3950 1400 occi-

2456 1439 2542 1501 di.
2601 1439 2746 1502 Ideo
2806 1457 3066 1520 quoque
3128 1438 3324 1501 tacuit
3377 1436 3578 1511 JesuS,
3643 1443 3713 1498 ut
3775 1437 3950 1498 daret

2456 1537 2822 1619 exemplum
2886 1536 3126 1600 vitandi
3190 1536 3671 1600 ostentationem
3735 1552 3943 1597 coram

2457 1635 2879 1717 magnatibus.
2914 1638 3190 1699 Stabant
3231 1644 3448 1695 autem
3476 1635 3812 1712 principes
3847 1654 3946 1693 sa-

2456 1738 2785 1797 cerdotum
2807 1745 2869 1799 et.
2893 1736 3156 1804 Scriboe,
3177 1734 3296 1797 hoc
3328 1740 3424 1795 est
3452 1732 3607 1813 legis
3639 1732 3940 1803 doctore-S,

852 1835 1104 1900 festum.
1145 1837 1289 1900 Fuit
1316 1840 1491 1901 enim
1518 1840 1770 1902 Judaeus
1810 1839 2115 1920 religione
2146 1846 2209 1901 et
2242 1858 2348 1901 na·
2385 1836 2430 1898 B
2456 1844 2840 1907 constanter,
2894 1835 2959 1896 id
3008 1840 3104 1895 est
3149 1833 3456 1895 audenter
3503 1840 3567 1893 et
3613 1830 3950 1913 pertinaci-

849 1943 943 1997 tu.
976 1934 1133 1997 Nam
1181 1944 1243 1997 et
1282 1943 1459 2019 pater
1498 1938 1659 2018 eJuS,
1694 1937 1988 2019 quamvis
2037 1945 2204 1999 esset
2243 1957 2351 2000 na-

851 2033 1022 2097 tione
1076 2035 1355 2115 gentiliS,
1409 2036 1705 2099 videlicet
1752 2036 2086 2108 ldumaeus,
2135 2043 2348 2098 tamen

852 2132 1207 2215 proselytus
1269 2133 1471 2197 factus
1530 2142 1645 2209 est,
1702 2135 1764 2196 id
1823 2142 1939 2209 est,
1989 2134 2348 2198 Judaeorum

854 2231 1047 2294 ritum
1106 2232 1474 2314 assumpsit,
1527 2240 1589 2294 et
1646 2232 2016 2295 circumcidi
2073 2251 2141 2295 se
2199 2231 2352 2295 fecit

850 2348 1066 2393 amore
1114 2330 1404 2411 conjugis
1454 2349 1605 2405 suae,
1649 2350 1793 2412 quae
1839 2329 1965 2392 fuit
2007 2331 2241 2395 Judaea.
2275 2330 2352 2392 Et

854 2437 926 2491 ut
953 2428 1208 2503 dicitur,
1242 2428 1433 2490 etiam
1472 2428 1660 2491 aliam
1702 2430 1924 2491 habuit
1963 2448 2224 2493 uxorem
2256 2430 2353 2491 Je-

854 2526 1390 2609 rosolymitanam,
1444 2528 1521 2589 de
1570 2547 1697 2609 qua
1741 2528 1963 2608 genuit
2016 2529 2190 2590 hunc
2236 2528 2351 2590 He-

856 2626 1073 2689 rodem
1114 2624 1436 2707 Antipam.

938 2727 1219 2786 Herodes
1264 2734 1506 2796 autem,
1550 2726 1687 2785 viso
1731 2728 1905 2793 Jesu,
1948 2726 2217 2802 ,qavisus
2261 2734 2351 2785 est

855 2824 1068 2892 valde,
1121 2841 1245 2886 non
1304 2840 1381 2885 ex
1438 2823 1793 2897 devotione,
1852 2823 1963 2884 sed
2017 2822 2350 2885 curiosita-

854 2926 937 2982 te.
975 2918 1169 2999 Cujus
1204 2920 1420 3000 gaudii
1459 2939 1646 2983 causa
1690 2920 2104 3001 subjungitur
2136 2939 2149 2983 ε
2185 2924 2352 2983 Erat

2456 1940 2575 2005 ter,
2617 1940 2986 1992 accusantes
3033 1952 3202 2002 eum,
3247 1930 3486 1993 eisdem
3532 1927 3695 1993 forte
3743 1928 3950 1990 causis

2458 2030 2695 2111 quibus
2727 2038 2790 2092 et
2816 2036 2963 2092 ante
2992 2031 3258 2092 Pilatum
3297 2035 3750 2091 accusaverant
3777 2045 3948 2088 eum.

2459 2128 2578 2190 Sed
2615 2127 2794 2190 Jesus
2836 2127 2996 2189 nihil
3049 2127 3394 2209 respondit,
3439 2125 3810 2208 patientiam
3850 2126 3954 2187 do-

2460 2244 2630 2301 cenS,
2683 2234 2745 2289 et
2803 2226 3334 2307 incorrigibilium
3395 2226 3624 2287 cedens
3680 2222 3884 2286 furori
3935 2242 3948 2285 t

2461 2326 2812 2407 praesertim
2853 2326 3155 2407 quoniam
3195 2343 3388 2407 opera
3424 2324 3564 2405 ejus
3594 2342 3739 2405 quae
3777 2321 3950 2396 fecit,

2461 2424 2757 2487 videlicet
2787 2425 3084 2487 sanctitas
3116 2423 3260 2485 vitae
3290 2430 3352 2485 et
3381 2422 3830 2485 miraculorum
3863 2440 3956 2483 ex·

2460 2523 2776 2597 canentia,
2831 2522 3068 2604 quibus
3129 2540 3332 2603 usque
3390 2522 3456 2583 in
3515 2522 3678 2583 hanc
3736 2520 3952 2583 horam

2461 2619 2786 2703 praefulsit,
2823 2639 2971 2683 eum
3003 2621 3194 2683 etiam
3225 2620 3518 2682 silentem
3547 2618 3954 2697 excusabant;

2460 2719 2588 2783 imo
2645 2737 2721 2782 ex
2775 2738 2890 2781 sua
2945 2719 3374 2782 taciturnitate
3430 2717 3790 2792 mitissima,
3845 2735 3954 2798 pa-

2460 2817 2582 2879 tuit
2611 2818 2976 2881 innocentia
3013 2817 3175 2898 ejus.
3209 2817 3386 2879 Unde
3414 2816 3646 2877 Pilatus
3678 2816 3954 2877 maxime

2461 2915 2810 2978 mirabatur
2859 2916 2936 2977 de
2977 2915 3205 2978 Christi
3255 2914 3705 2983 taciturnitate,
3744 2913 3951 2976 sciens

852 3020 1029 3079 enim
1088 3038 1171 3079 ea>
1225 3022 1428 3080 multo
1489 3029 1763 3096 tempore
1808 3022 2075 3097 cupiens
2132 3022 2351 3081 videre
2387 3012 2430 3076 C
2460 3015 2630 3093 quod
2682 3014 2868 3077 unico
2908 3012 3103 3077 verbo
3151 3013 3461 3095 potuisset
3508 3030 3574 3073 se
3621 3030 3944 3073 excusare.

852 3136 1024 3187 eum,
1081 3116 1143 3178 id
1202 3123 1320 3190 est,
1373 3116 1484 3179 diu
1540 3116 1784 3199 optavit
1834 3118 2047 3180 lesum
2107 3118 2345 3192 videre,

856 3214 1207 3296 praesertim
1256 3232 1333 3275 ex
1381 3231 1456 3277 eo
1502 3222 1789 3296 tempore
1836 3233 1966 3296 quo
2014 3215 2352 3279 decollavit

851 3311 1177 3387 Joannem,
1212 3312 1366 3393 quia
1415 3319 1559 3395 post
1604 3313 1725 3376 hoc
1773 3314 1967 3395 coepit
2001 3314 2181 3377 Jesus
2221 3333 2352 3377 ma-

850 3410 949 3491 gis
999 3409 1257 3492 publice
1307 3410 1674 3493 praedieare,
1711 3430 1784 3473 ac
1830 3412 2137 3474 miracula
2182 3411 2351 3475 face-

854 3526 944 3579 re,
979 3508 1067 3571 ita
1111 3510 1284 3590 quod
1326 3508 1496 3571 fama
1541 3509 1681 3589 ejus
1728 3511 1808 3573 ad
1852 3510 2158 3573 Herodem
2210 3531 2351 3593 per-

854 3606 1051 3669 venit.
1108 3607 1252 3670 Ideo
1313 3607 1605 3689 sequitur
1661 3626 1675 3670 :
1732 3628 1800 3668 eo
1860 3612 2032 3687 quod
2088 3610 2350 3671 audiret

854 3710 1065 3767 multa
1112 3708 1191 3766 de
1240 3708 1382 3774 illo,
1415 3705 1713 3769 videlicet
1758 3706 1835 3768 de
1880 3706 2111 3769 Christi
2163 3707 2353 3769 mira-

855 3804 1040 3879 culiS,
1074 3804 1438 3885 eloquentia
1486 3811 1549 3866 et
1592 3803 1898 3868 doctrina.
1932 3805 2108 3868 Unde
2152 3806 2354 3869 Evan-

852 3902 1094 3983 gelistae
1140 3902 1380 3977 dicunt,
1432 3903 1603 3983 quod
1652 3903 1865 3965 statim
1914 3904 1979 3965 in
2030 3905 2352 3986 principio

859 4000 1322 4082 praedicationis
1372 4000 1603 4064 Christi
1654 4000 1810 4063 exiit
1862 4000 2031 4063 fama
2088 4002 2228 4081 ejus
2285 4003 2349 4065 in

861 4098 1225 4161 universam
1274 4098 1618 4180 regionem.
1650 4102 1738 4160 Et
1765 4102 2061 4176 sperabat
2087 4103 2352 4178 signum

2459 3114 2721 3190 Sprevit
2761 3115 2957 3173 illum
2986 3116 3266 3175 Herodes
3305 3132 3451 3173 cum
3487 3112 3775 3171 exercitu
3809 3130 3948 3179 sue,

2459 3216 2760 3290 tanquam
2811 3211 3171 3292 simplicem
3222 3216 3284 3271 et
3335 3208 3604 3284 fatuum,
3656 3227 3732 3271 eo
3779 3209 3947 3289 quod

2458 3326 2576 3371 nec
2615 3307 2760 3381 sibi,
2794 3328 2912 3371 nec
2958 3308 3432 3372 accusatoribus
3479 3308 3810 3390 quidpiam
3859 3324 3952 3368 re-

2458 3408 2818 3490 sponderet.
2853 3408 3026 3469 Unde
3066 3407 3132 3470 in
3160 3406 3273 3470 Joh
3314 3406 3624 3488 scriptum
3661 3413 3760 3468 est
3789 3424 3804 3469 :
3838 3405 3953 3466 De-

2459 3507 2703 3569 ridetur
2746 3506 2901 3587 justi
2951 3506 3348 3587 simplicitas.
3387 3508 3470 3567 Et
3507 3507 3718 3566 illusit
3757 3506 3954 3565 indu-

2463 3616 2599 3667 tum
2649 3616 2814 3666 veste
2859 3607 3035 3674 alba,
3079 3612 3148 3666 ut
3195 3604 3402 3667 solent
3445 3602 3602 3665 fatui
3654 3603 3948 3666 derideri.

2541 3704 2616 3766 Et
2655 3704 2747 3766 sic
2787 3704 2980 3766 Filius
3020 3703 3126 3765 Dei
3169 3703 3463 3783 dignatus
3501 3710 3597 3764 est
3629 3703 3704 3764 de
3741 3702 3953 3783 judice

2459 3804 2538 3865 ad
2583 3801 2866 3884 judicem
2915 3802 3102 3877 mitti,
3155 3821 3226 3864 ac
3284 3802 3495 3863 taliter
3539 3802 3836 3875 derideri,
3887 3810 3955 3861 ut

2461 3920 2576 3964 nos
2615 3900 2706 3963 rei
2737 3920 2774 3963 a
2809 3900 3052 3981 judicio
3090 3899 3553 3982 reprobationis
3589 3918 3664 3961 ac
3700 3900 3954 3961 damna-

2460 4000 2652 4061 tionis
2701 4008 2950 4061 aeternae
2997 3998 3436 4072 liberaremur,
3487 4004 3550 4060 et
3594 3997 3676 4059 ab
3723 4005 3954 4060 aeterna

2462 4096 2835 4161 confusione
2883 4116 2956 4160 ac
2999 4098 3360 4160 daemonum
3407 4095 3705 4159 illusione
3753 4096 3954 4177 eripe-

860 4199 1127 4276 aliquod
1164 4198 1381 4258 videre
1419 4199 1500 4259 ab
1536 4218 1604 4258 eo
1632 4199 1803 4275 fieri.
1836 4196 2129 4260 Naturale
2179 4200 2350 4262 enim
2381 4198 2431 4259 D
2461 4214 2698 4271 remur,
2749 4196 3036 4277 stolaque
3083 4196 3574 4258 immortalitatis
3620 4214 3694 4257 ac
3739 4194 3954 4276 glorias

860 4294 1229 4358 hominihus
1267 4302 1361 4357 est
1398 4295 1673 4357 libenter
1702 4294 1917 4357 videre
1956 4295 2230 4359 mirifica
2268 4305 2352 4360 at-

860 4412 987 4475 que
1044 4392 1318 4457 insolita.
1380 4392 1749 4476 Specialiter
1806 4412 2083 4475 quoque,
2139 4402 2210 4456 ut
2264 4396 2353 4459 ait

856 4491 1218 4574 ApostoluS,
1267 4490 1463 4553 Judaei
1510 4491 1689 4572 signa
1736 4498 1981 4573 petunt.
2036 4490 2111 4553 Et
2159 4512 2352 4576 supra

858 4590 1167 4671 scriptum
1209 4597 1303 4651 est
1332 4588 1569 4651 dixisse
1600 4589 1911 4652 Herodem
1942 4590 2019 4651 de
2050 4590 2296 4656 Christo
2332 4612 2345 4656 :

855 4688 1005 4762 Quis
1048 4695 1143 4750 est
1184 4688 1304 4749 iste
1344 4688 1422 4749 de
1465 4706 1592 4768 quo
1634 4687 1783 4750 talia
1824 4687 2059 4751 audio?

936 4788 1384 4863 Interroqabat
1430 4794 1646 4847 autem
1694 4787 1913 4859 illum,
1964 4786 2209 4849 scilicet
2256 4788 2352 4850 Je-

857 4903 1021 4959 sum,
1075 4885 1299 4945 multis
1342 4885 1763 4953 sermonibus,
1814 4884 1933 4947 hoc
1980 4891 2097 4959 est,
2146 4885 2350 4949 varias

854 4982 1237 5063 quaestiones
1288 4981 1619 5063 proposuit
1666 4980 1913 5045 Christo
1965 5000 1980 5044 t
2028 5001 2173 5063 quae
2223 5004 2348 5047 non

856 5088 1005 5143 sunt
1032 5079 1112 5143 ab
1140 5080 1357 5161 aliquo
1396 5077 1933 5161 Evangelistarum
1972 5081 2346 5163 descriptae3

854 5180 965 5241 sed
1020 5178 1221 5259 aliqui
1279 5176 1644 5259 opinantur,
1706 5179 1878 5259 quod
1938 5178 2350 5260 interrogavit

851 5275 1087 5353 Jesum,
1128 5295 1207 5338 an
1257 5282 1422 5338 esset
1470 5275 1580 5337 ille
1624 5282 1883 5358 propter
1924 5293 2118 5358 quem
2170 5284 2348 5358 pater

2460 4295 2829 4370 vestiamur,
2880 4303 2946 4357 et
3001 4295 3227 4357 merito
3275 4294 3504 4358 Christi
3557 4312 3722 4357 verae
3773 4295 3952 4356 desu-

2463 4412 2577 4476 per
2605 4393 2932 4476 sapientiae
2962 4400 3281 4457 consortes
3312 4412 3386 4455 ac
3415 4393 3538 4455 filii
3565 4391 3944 4455 efficiamur.

2457 4492 2676 4573 ltaque
2703 4491 3072 4573 gloriemur,
3106 4493 3360 4573 quando
3393 4492 3807 4573 despicimur,
3835 4510 3950 4554 nec

2461 4590 2733 4653 vestium
2793 4608 3115 4671 pompam,
3168 4588 3676 4671 superfluitatem
3735 4599 3799 4652 et
3843 4608 3952 4651 cu-

2462 4688 2810 4751 riositatem
2847 4706 3171 4767 amemus3
3205 4688 3314 4750 sed
3356 4688 3513 4769 quid
3551 4688 3848 4751 Dominus
3887 4697 3948 4749 et

2459 4784 2740 4849 Salvator
2769 4794 2983 4850 noster
3022 4805 3137 4868 pro
3177 4786 3359 4849 nobis
3400 4804 3623 4869 passus
3663 4794 3779 4861 est,
3813 4804 3950 4868 per-

2459 4885 2811 4967 pendamus
2855 4904 3002 4947 cum
3047 4884 3394 4965 gratiarum
3441 4884 3689 4948 actione
3735 4884 3947 4948 effica-

2459 4983 2648 5063 cique
2697 4983 3072 5046 imitatione.
3125 4982 3364 5064 Nempe
3417 4984 3469 5045 si
3520 4982 3629 5046 ille
3684 4984 3797 5065 qui
3847 4992 3944 5045 est

4063 1636 4117 1691 10

3989 3418 4064 3462 lob
4081 3430 4136 3463 n,
4167 3444 4176 3453 .

4069 3114 4118 3169 Η

2457 5081 2734 5144 increata
2781 5082 3111 5164 sapientia,
3145 5088 3335 5163 atque
3383 5082 3785 5163 omnipotens
3821 5082 4183 5149 vir—1coe.1.2⁸.

2457 5187 2558 5243 tus
2608 5179 2715 5242 Dei
2776 5180 2994 5254 Patris,
3049 5188 3310 5263 propter
3357 5200 3472 5245 nos
3532 5181 3618 5243 ita
3675 5181 3940 5245 derideri

2457 5278 2749 5360 dignatus
2789 5286 2886 5341 est
2919 5297 2933 5341 :
2967 5298 3082 5341 cur
3115 5298 3230 5343 nos
3269 5278 3538 5357 infirmi,
3573 5279 3939 5362 ignorantiis
