4300 6259
71 2557 131 2603 ¹8,
153 2524 217 2598 1‘1'.

1194 523 1545 572 mutuno
1586 523 1651 570 m
1692 523 1833 570 GAP.
1878 522 2008 569 xvu
2049 522 2238 570 LucAE.
2284 543 2365 554 -·
2407 525 2548 571 An'r.
2595 525 2674 572 xi.

3366 509 3484 573 135

364 695 689 756 scendum
740 703 837 758 est
883 703 1199 778 quantum
1246 698 1325 759 ad
1375 697 1581 778 culpae
1638 705 1703 759 et
1749 695 1875 759 odii
1910 694 1961 754 A
1991 705 2095 760 vat
2140 696 2325 772 iram,
2378 703 2441 759 et
2486 718 2523 760 a
2569 698 2694 762 Deo
2742 699 2972 780 quaerit
3018 698 3374 761 medelam?
3413 697 3482 760 In

366 792 846 870 remissionem,
880 795 1176 876 quamvis
1214 795 1419 876 major
1458 795 1541 858 sit
1588 794 1747 858 ratio
1786 794 1881 856 di-

362 891 674 954 mittendi
716 893 955 974 petenti
1000 912 1194 975 quam
1238 913 1364 957 non
1414 893 1674 976 petenti.

452 989 719 1053 Possent
765 991 884 1055 hoc
932 991 1073 1055 loco
1122 991 1403 1074 plurima
1448 992 1575 1054 dici
1624 993 1703 1054 de
1746 1010 1881 1054 cor-

364 1088 669 1171 reptione
698 1088 979 1152 fraterna
1018 1098 1081 1152 et
1118 1092 1308 1155 modo
1345 1110 1420 1154 ac
1457 1091 1683 1154 ordine
1712 1090 1875 1172 ejuS,

361 1187 653 1268 qualiter
701 1187 785 1250 sit
820 1189 1083 1269 agenda,
1126 1189 1449 1269 quomodo
1495 1207 1755 1271 quoque
1800 1191 1881 1251 ad
1991 1202 2271 1268 tuorum,
2324 1203 2388 1257 et
2434 1195 2653 1257 desine
2703 1194 3039 1268 inimicari,
3082 1199 3144 1256 et
3191 1212 3320 1256 non
3369 1193 3490 1255 ira·
3515 1195 3656 1288 {31⁷⁰ss
3677 1183 3718 1233 ⁶⁹
3735 1184 3778 1235 ⁸·

360 1304 598 1350 omnes
630 1286 966 1368 pertineat,
1002 1287 1068 1349 in
1100 1296 1413 1368 quantum
1450 1295 1547 1350 est
1573 1294 1751 1350 actus
1783 1307 1882 1350 ca·
1992 1293 2188 1354 scaris
2233 1293 2522 1374 proximo
2565 1300 2695 1364 tuo,
2737 1300 2802 1354 et
2841 1292 3088 1354 abstine
3129 1300 3193 1354 te
3235 1311 3271 1354 a
3312 1291 3443 1353 lite.

362 1384 603 1459 ritatis,
654 1384 1019 1466 specialiter
1060 1392 1275 1447 autem
1318 1387 1397 1448 ad
1443 1386 1878 1468 praesidenteS,
2074 1395 2162 1452 Εε
2190 1393 2509 1451 dia-erunt
2537 1393 2832 1468 Apostoli
2861 1393 3135 1452 Domino
3167 1410 3189 1452 .·
3218 1394 3491 1468 Adauqe
3629 1403 3666 1457 5

362 1485 731 1545 secundum
788 1484 962 1563 quod
1021 1491 1119 1546 est
1173 1492 1351 1546 actus
1398 1484 1684 1565 justitiae.
1735 1482 1883 1556 Quae

272 1637 286 1648 .
362 1581 531 1662 quia
559 1599 756 1664 super
783 1581 1144 1645 Matthaeum
1176 1583 1423 1665 prolixe
1462 1589 1612 1645 sunt
1641 1583 1877 1658 habita,

317 1703 329 1712 ·
358 1679 503 1760 jam
548 1679 953 1743 omittuntur.

452 1777 697 1859 ltaque,
732 1796 859 1841 non
910 1778 1113 1840 simus
1151 1777 1457 1841 difficiles
1495 1779 1573 1841 ad
1620 1797 1884 1861 parcen-

363 1877 553 1949 dum,
589 1894 707 1938 nec
745 1876 912 1939 tardi
950 1877 1031 1938 ad
1070 1876 1553 1958 ignoscendum,
1590 1895 1707 1940 nec
1741 1896 1886 1958 pro·
1920 1870 1967 1932 B

360 1974 437 2037 ni
482 1975 561 2036 ad
602 1974 936 2048 ultionem,
972 1993 1185 2057 neque
1224 1975 1719 2039 immoderanter
1755 1993 1887 2038 me-

360 2091 583 2137 mores
612 2072 805 2137 illatae
835 2073 1019 2136 nobis
1051 2073 1325 2154 injurias,
1350 2082 1688 2157 pensantes
1716 2075 1883 2156 quod

362 2173 439 2234 in
493 2170 722 2234 Genesi
785 2171 1145 2254 patriarcha
1200 2173 1641 2235 sanctissimus
1695 2172 1884 2236 Jacob

212 2310 239 2337 x
316 2327 329 2346 ,
360 2269 662 2333 affirmat
710 2289 727 2333 t
776 2269 1144 2334 Maledictus
1203 2270 1384 2334 furor
1434 2289 1679 2347 eorum,
1732 2272 1887 2353 quia

362 2369 709 2452 pertinax:
740 2375 805 2432 et
844 2368 1219 2450 indignatio,
1254 2370 1407 2450 quia
1446 2371 1625 2432 dura.
1666 2370 1735 2431 In
1776 2369 1887 2431 Le—

238 2506 327 2539 m.
362 2467 571 2532 vitico
618 2485 881 2549 quoque
932 2467 1237 2530 Dominus
1283 2468 1419 2532 ait:
1453 2467 1588 2530 Non
1638 2486 1886 2549 quaeras

361 2568 715 2640 ultionem,
751 2583 869 2628 nec
906 2583 1154 2629 memor
1188 2566 1314 2628 eris
1353 2566 1607 2648 injuriae
1646 2565 1884 2628 civium

362 2673 659 2728 tuorum.
691 2663 783 2726 Ne
820 2663 1031 2727 oderis
1070 2662 1333 2726 fratrem
1373 2671 1560 2726 tuum
1600 2663 1665 2726 in
1698 2665 1887 2727 corde

362 2772 519 2840 tuo;
554 2763 671 2824 sed
710 2761 993 2844 publice,
1030 2762 1097 2824 id
1136 2769 1233 2824 est
1266 2762 1616 2838 evidenter,
1647 2761 1887 2844 (primo

364 2861 651 2940 secrete)
688 2877 885 2942 argue
924 2879 1096 2933 eum,
1131 2877 1213 2922 ne
1252 2859 1487 2922 habeas
1534 2879 1729 2943 super
1774 2861 1889 2925 illo

1990 795 2320 859 hominem
2370 797 2492 859 sibi
2551 797 2826 860 similem
2877 817 3002 860 non
3039 796 3247 878 ‘habet
3293 796 3483 858 mise-

1990 896 2350 971 ricordiam,
2384 905 2448 959 et
2494 899 2572 959 de
2616 898 2890 980 peccatis
2939 898 3070 959 suis
3114 898 3489 979 deprecatur

1991 996 2444 1058 Altissimumi
2494 995 2643 1069 Quis
2702 996 2986 1059 exorabit
3045 1015 3160 1077 pro
3212 995 3486 1077 peccatis

1991 1096 2210 1158 illius?
2253 1095 2538 1178 Itemque
2581 1114 2594 1158 τ
2635 1095 2946 1158 Memento
2993 1095 3484 1158 novissimorum
3571 1119 3716 1162 καις.

1992 1489 2175 1551 nobis
2220 1493 2443 1566 fidem,
2486 1489 2606 1552 hoc
2651 1495 2767 1563 est,
2808 1487 3048 1571 perfice
3097 1495 3158 1550 et
3206 1487 3493 1552 conforta

1992 1586 2190 1650 fidem
2251 1595 2554 1661 nostram,
2609 1594 2680 1649 ut
2736 1587 3055 1668 possimus
3107 1587 3241 1649 haec
3297 1587 3493 1649 ardua

1993 1694 2101 1748 tua
2152 1692 2470 1768 praecepta
2514 1693 2578 1747 et
2619 1685 2998 1748 documenta
3045 1691 3496 1767 supernatura-

1994 1785 2080 1846 lia
2108 1782 2478 1865 adimplere.
2505 1782 2632 1847 Hoc
2661 1783 2984 1864 petierunt
3012 1782 3318 1866 Apostoli,
3343 1801 3497 1864 quo-

1996 1883 2167 1945 niam
2219 1889 2344 1944 tam
2396 1881 2788 1943 incessanter
2834 1881 3163 1961 injurianti
3215 1880 3499 1962 ignosce-

1997 1999 2085 2054 re,
2120 1988 2180 2042 et
2221 1980 2514 2042 scandala
2549 1979 2851 2053 devitare,
2888 1979 3498 2061 delinquentemque

1996 2078 2338 2161 corripere,
2375 2079 2728 2159 procedunt
2778 2096 2856 2140 ex
2905 2095 3132 2158 magna
3183 2076 3336 2151 fide,
3369 2095 3498 2159 qua

1995 2177 2143 2259 quis
2193 2175 2472 2238 firmiter
2506 2195 2580 2238 ac
2618 2175 2829 2238 lucide
2871 2177 3072 2238 credit
3111 2175 3499 2258 providenti-

1996 2296 2097 2339 am
2129 2294 2201 2338 ac
2231 2274 2545 2355 judicium
2581 2273 2714 2348 Dei,
2745 2274 3210 2356 praemiumque
3241 2274 3496 2336 beatum

1998 2395 2115 2458 pro
2157 2373 2406 2437 actibus
2449 2373 2660 2437 bonis.

2075 2473 2449 2556 Specialiter
2478 2491 2630 2535 vero
2659 2471 2813 2533 fidei
2847 2471 3172 2553 petierunt
3199 2489 3500 2552 augmen-

1996 2580 2136 2635 tum
2171 2591 2185 2634 :
2220 2571 2452 2645 Primo,
2485 2571 2791 2652 quoniam
2825 2570 2965 2652 ipsa
2993 2576 3089 2632 est
3121 2569 3501 2633 fundamen-

1996 2678 2132 2732 tum
2186 2669 2518 2732 virtutum.
2572 2667 2884 2742 Secundo,
2935 2676 3195 2751 propter
3239 2675 3497 2731 actuum

1996 2768 2137 2848 ejus
2187 2766 2656 2842 difficultatem,
2691 2767 2844 2848 quia
2891 2765 3159 2829 difficile
3207 2773 3304 2829 est
3349 2767 3500 2829 rati-

1996 2884 2186 2930 onem
2230 2866 2295 2928 in
2338 2865 2638 2929 omnibus
2676 2864 2832 2927 fidei
2875 2863 3242 2946 subjugare,
3277 2865 3498 2947 sicque

268 2997 329 3036 m,
364 2968 735 3044 peccatum.
786 2958 946 3021 Hinc
1001 2958 1187 3039 jubet
1230 2958 1569 3040 Apostolus
1622 2977 1636 3021 ε
1688 2959 1887 3042 Depo-
1998 2965 2394 3027 intellectum
2435 2963 2500 3025 in
2541 2963 2970 3044 captivitatem
3016 2963 3321 3044 redigere.
3354 2963 3498 3027 Pro—
3523 2986 3560 3030 11
3576 2987 3787 3040 Cor.x,5.

362 3060 505 3122 ¹¹5¹·ss
558 3057 723 3120 imm
763 3063 827 3118 0¹2
874 3056 1403 3137 indignatfflssem,
1437 3064 1884 3139 supportantes
1922 3057 1967 3121 C
1998 3071 2139 3145 pter
2188 3063 2362 3144 quod
2414 3061 2576 3124 dixit
2622 3060 2907 3125 Salvator
2958 3080 2971 3124 :
3025 3061 3089 3124 Si
3135 3069 3313 3144 potes
3363 3081 3496 3124 cre-
3553 3086 3786 3142 aaran.

362 3156 768 3230 invicomssst
796 3154 1103 3218 donantes
1135 3153 1707 3236 VObismetiPSis‚Si
1737 3155 1884 3236 quis
1996 3163 2168 3234 dere,
2221 3160 2436 3223 omnia
2485 3159 2816 3241 possibilia
2863 3167 3014 3222 sunt
3061 3160 3368 3222 credenti.
3423 3159 3497 3222 Et
3522 3150 3590 3192 ²²·

359 3256 683 3318 ³dV0¹¹S¹¹S
728 3253 1012 3334 aliquem
1064 3251 1255 3313 habet
1303 3252 1654 3333 querelam·
1709 3252 1887 3314 lusu·
1995 3259 2223 3322 Paulus
2273 3264 2539 3320 testatur
2583 3276 2596 3320 ε
2639 3257 2776 3320 Non
2823 3257 3113 3320 omnium
3161 3264 3258 3320 est
3305 3256 3490 3320 fides·
3524 3283 3560 3326 11
3577 3283 3784 3336 Thomu,

115 3375 337 3422 stne-n.
362 3371 491 3436 per
540 3352 611 3414 in
668 3349 873 3413 Marco
922 3349 1210 3414 Christus
1270 3350 1560 3413 hortatur
1610 3368 1624 3413 ἰ
1678 3349 1883 3423 Quum
1997 3357 2227 3430 Tertio,
2260 3355 2564 3438 quoniam
2614 3355 2955 3417 audierunt
3003 3354 3322 3418 Christum
3371 3355 3499 3418 fre-
3523 3349 3565 3391 ²·

73 3439 135 3488 ²⁵·
159 3441 225 3482 ²⁸·
362 3450 625 3514 stabitis
665 3450 745 3511 ad
774 3449 1110 3523 orandum,
1144 3448 1470 3522 dimittite,
1504 3448 1558 3510 si
1590 3448 1747 3530 quid
1778 3449 1885 3511 ha-
1994 3461 2268 3536 quenter
2298 3452 2497 3515 fidem
2542 3453 2863 3535 praecipue
2901 3455 3368 3528 commendare,
3403 3455 3497 3517 di..

362 3549 537 3612 betis
586 3549 896 3610 adversus
946 3546 1255 3628 aliquem·
1286 3545 1462 3618 Quod
1510 3547 1565 3608 Si
1616 3566 1740 3610 non
1791 3546 1886 3609 di·
1993 3554 2196 3615 cendo
2238 3571 2251 3615 :
2295 3551 2476 3614 Fides
2524 3559 2631 3614 tua
2679 3559 2742 3613 te
2790 3551 3039 3614 salvum
3087 3551 3261 3614 fecit.
3304 3551 3497 3625 Quar-
3546 3577 3786 3630 uanam,

361 3646 704 3721 miseritiS,
758 3663 877 3708 nec
929 3644 1108 3707 Pater
1155 3651 1366 3708 vester
1413 3645 1525 3726 qui
1586 3645 1651 3707 in
1704 3645 1881 3709 coelis
1991 3657 2078 3724 to,
2122 3650 2277 3732 quia
2315 3649 2638 3732 praecipua
2677 3657 2774 3712 est
2818 3649 3182 3712 virtuositas
3220 3648 3374 3712 fidei
3414 3653 3492 3714 ad
3519 3641 3785 3694 ”mm-‘2

360 3755 489 3820 est,
523 3743 806 3807 dimittet
835 3743 1018 3807 vobis
1060 3750 1317 3824 peccata
1353 3749 1581 3806 vestra.
1615 3743 1775 3806 Hinc
1814 3743 1880 3806 in
1990 3746 2353 3811 faciendum
2385 3748 2706 3820 miracula,
2730 3765 2875 3828 quae
2903 3747 3217 3828 Apostolis
3247 3750 3325 3811 ad
3356 3768 3496 3813 oon·
3520 3705 3691 3755 εεςοιο.

72 3045 110 3092 8,
132 3045 193 3086 Β.

174 3861 273 3965 ⁶0¹3.
360 3842 820 3907 Ecclesiastico
859 3841 1134 3903 habetur
1168 3859 1181 3904 :
1215 3840 1332 3914 Qui
1371 3841 1679 3904 vindicari
1720 3843 1877 3918 vult,

82 3935 195 3964 xxxxx
198 3954 211 3970 .
258 3926 329 3970 ,2.

358 3962 401 4004 a
456 3941 727 4006 Domino
774 3939 1061 4002 inveniet
1105 3939 1475 4013 vindictam,
1516 3946 1580 4002 et
1629 3948 1884 4022 peccata

362 4040 549 4102 illius
594 4057 855 4100 servans
895 4036 1196 4100 servabit.
1240 4037 1551 4119 Relinque
1591 4038 1882 4120 proximo

362 4147 481 4202 tuo
514 4136 771 4200 nocenti
800 4143 886 4211 te,
920 4144 985 4197 et
1015 4144 1169 4197 tunc
1198 4135 1561 4217 deprecanti
1594 4136 1712 4198 tibi
1747 4155 1883 4218 pec-

1990 3846 2423 3910 firmationem
2483 3845 3004 3927 praedicationum
3063 3865 3324 3908 suarum
3381 3865 3492 3909 ne-

1992 3943 2264 4007 cessaria
2310 3951 2510 4005 erant.
2545 3979 2625 3988 —
2664 3942 2970 4005 Praeterea
3018 3942 3179 4005 fides
3227 3952 3496 4026 augetur

1991 4041 2384 4124 dupliciter:
2420 4041 2649 4117 Prim0,
2697 4039 3024 4104 extensive
3073 4049 3135 4103 et
3181 4049 3495 4122 quantum

1990 4141 2068 4203 ad
2116 4139 2256 4222 ejus
2315 4139 2663 4220 objectum,
2718 4141 2872 4202 dum
2932 4140 3118 4223 plura
3165 4140 3497 4203 credibilia

360 4242 509 4300 cata
540 4235 894 4298 solventur.
929 4231 1136 4305 Quum
1173 4240 1387 4295 autem
1428 4241 1601 4298 tanto
1628 4235 1882 4315 gravior
1910 4240 1961 4304 D
1993 4240 2343 4302 creduntur
2388 4238 2690 4319 explicite
2723 4256 2737 4300 ε
2773 4238 2941 4301 sicut
2990 4237 3247 4301 litterati
3296 4239 3498 4301 multa

360 4335 451 4397 sit
500 4331 777 4407 offensa,
818 4338 1061 4413 quanto
1108 4331 1313 4412 major
1354 4339 1451 4394 est
1495 4333 1883 4396 honorabili-

360 4441 463 4495 tas
495 4438 566 4494 et
590 4428 969 4492 excellentia
999 4427 1139 4509 ejus
1170 4430 1283 4510 qui
1315 4428 1704 4493 offenditur:
1731 4450 1884 4495 non·

364 4549 453 4594 ne
496 4527 881 4611 gravissima
920 4534 983 4589 et
1024 4526 1643 4591 irrationabilissima
1690 4536 1882 4612 atque

364 4631 695 4692 immensa
732 4623 1005 4688 stultitia
1043 4632 1161 4701 est,
1196 4633 1267 4688 ut
1306 4625 1497 4689 homo
1534 4645 1639 4689 vas
1682 4629 1884 4709 putri-

364 4729 531 4790 dum
582 4730 754 4806 petat
800 4722 924 4786 sibi
964 4741 1002 4784 a
1039 4722 1165 4786 Deo
1204 4723 1467 4805 ignosci,
1500 4744 1703 4806 quum
1744 4726 1883 4809 ipse

368 4825 674 4910 proximo
714 4842 830 4887 suo
869 4841 997 4885 non
1036 4822 1193 4886 velit
1230 4823 1601 4904 ignosceret
1632 4823 1709 4885 Et
1748 4844 1885 4887 rur-—

370 4945 511 4997 suS,
548 4939 763 4985 nonne
790 4919 1049 4983 infinita
1088 4928 1184 4982 est
1213 4921 1415 5001 pietas
1447 4921 1553 4983 Dei
1584 4921 1749 4984 hanc
1780 4942 1886 4987 no-

1990 4337 2261 4400 credunt
2307 4335 2629 4419 explicite,
2665 4355 2810 4417 quae
2857 4336 3182 4419 simplices
3230 4338 3496 4400 credunt

1991 4434 2327 4516 implicite,
2362 4434 2678 4496 credendo
2729 4434 2896 4496 sicut
2942 4435 3143 4496 credit
3190 4433 3492 4498 Ecclesia.

1992 4531 2305 4606 Secundo,
2357 4532 2675 4594 intensive
2724 4538 2785 4593 et
2833 4533 3042 4613 quoad
3092 4531 3233 4612 ejus
3285 4532 3498 4613 subje-

1995 4639 2191 4704 ctum,
2227 4631 2378 4693 dum
2421 4629 2751 4692 credibilia
2795 4629 3071 4692 lucidius
3111 4648 3497 4711 cognoscun-

1991 4737 2119 4803 tur,
2183 4736 2247 4790 et
2303 4727 2558 4790 firmius
2621 4727 3106 4809 ferventiusque
3173 4737 3492 4791 tenentur.

1992 4826 2168 4901 Quod
2217 4831 2630 4906 augmentum
2691 4827 2876 4888 datur
2924 4825 3326 4908 potissimum
3383 4845 3497 4908 per

1995 4924 2232 4987 donum
2267 4922 2648 4999 intellectuS,
2682 4942 2812 5005 quo
2842 4924 3034 4986 homo
3064 4923 3337 4986 rationes
3367 4942 3498 4986 cre-

110 5039 343 5091 mum-1,
372 5024 479 5086 bis
520 5021 727 5103 legem
770 5018 1088 5102 ponentiS,
1126 5027 1195 5080 ut
1230 5020 1550 5100 quomodo
1589 5020 1884 5082 volumus
1996 5021 2349 5084 dendorum
2398 5021 2722 5102 agnoscit;
2765 5028 2956 5102 atque
3008 5039 3120 5103 per
3169 5021 3496 5104 sapientiae

100 5103 156 5144 ¹²
378 5120 573 5184 nobis
628 5117 709 5181 ab
768 5119 909 5200 ipso
955 5115 1102 5178 fieri
1155 5123 1217 5177 et
1264 5115 1531 5197 ignosci,
1585 5117 1678 5180 sic
1735 5117 1889 5180 faci-
1998 5121 2260 5192 donum,
2311 5138 2442 5200 quo
2492 5120 2822 5182 veritatem
2881 5119 3244 5184 divinorum
3302 5139 3496 5203 quam

146 5273 287 5317 Baeti.
379 5239 569 5282 amus
620 5217 1155 5299 ignoscamusque
1212 5214 1577 5296 proximis?
1628 5216 1772 5279 Ideo
1820 5217 1885 5278 in
2000 5217 2224 5290 credit,
2259 5217 2429 5279 dulci
2476 5217 2913 5300 praelibatione
2963 5219 3270 5298 degustat,
3307 5237 3499 5301 expe-

103 5339 331 5388 uma.
382 5315 833 5382 Ecclesiastico
870 5313 1176 5377 scribitur
1208 5330 1223 5376 :
1257 5311 1455 5377 Homo
1490 5312 1734 5376 homini
1766 5332 1893 5376 ser-

2004 5315 2558 5397 rimentaliterque
2587 5315 2753 5397 sapit
2777 5317 2948 5398 quod
2980 5316 3194 5392 credit,
3212 5324 3276 5379 et
3303 5336 3496 5399 quam
