4300 6259
828 473 952 538 336

1642 493 1991 541 zumulo
2034 492 2097 539 m
2138 491 2278 539 mu).
2324 491 2392 538 111
2433 490 2710 539 JOANNIS.
2757 510 2836 522 --
2876 493 3020 540 Amr.
3067 493 3132 540 lx

534 668 800 718 ‹roam-m-
832 678 1159 724 versorum
1189 681 1203 726 :
1236 665 1395 743 quia
1426 668 1571 736 lum,
1602 663 1724 728 hoc
1759 672 1857 726 θεῖ
1888 663 2175 727 Christus
2213 662 2324 725 lux
2354 661 2406 723 A
2434 662 2699 737 malum,
2733 669 3034 745 operatur
3079 662 3258 737 illud,
3301 663 3420 727 hoc
3460 669 3574 734 θεῖ,
3610 680 3734 725 non
3781 679 3925 744 per-

830 775 979 820 vera
1024 759 1393 824 illuminans
1432 781 1689 824 omnem
1727 761 2053 826 hominem
2097 761 2213 842 qui
2255 760 2325 822 il-

2436 769 2637 841 petrat
2697 779 2814 823 nec
2865 762 3111 843 appetit
3165 760 3427 835 malum,
3479 761 3602 823 nisi
3661 760 3779 823 sub
3829 779 3926 822 ra-

830 855 1200 921 luminatur.
1236 859 1321 921 De
1360 879 1488 942 quo
1527 860 1683 923 dicit
1720 861 2005 922 Michaeas
2051 860 2326 941 prophe-
2435 860 2605 924 tione
2642 861 2918 940 alicujus
2959 861 3108 924 boni
3151 861 3536 944 apparentiS,
3573 868 3786 941 utpote
3819 861 3927 922 de—

533 968 799 1018 met-unns.
831 962 892 1016 ta
942 973 956 1017 :
1008 955 1212 1029 Quum
1271 959 1492 1021 sedero
1550 959 1615 1020 in
1665 958 1968 1030 tenebriS,
2023 957 2322 1020 Dominus

544 1069 795 1123 Heba-‚s
829 1051 937 1115 lux
987 1072 1129 1116 mea
1174 1063 1291 1118 est.
1335 1055 1411 1118 Et
1456 1055 1795 1139 Apostolus
1845 1056 2001 1119 dicit
2048 1074 2061 1118 :
2114 1054 2322 1128 Quum

825 1151 907 1212 sit
950 1152 1249 1234 splendor
1284 1154 1521 1235 gloriae.
1565 1155 1697 1218 lmo
1739 1154 1937 1228 Pater,
1986 1161 2048 1216 et
2094 1153 2318 1229 Filius,

824 1256 887 1310 et
934 1249 1208 1332 Spiritus
1268 1252 1556 1328 SanctuS,
1610 1259 1758 1314 sunt
1816 1271 1943 1314 una
2000 1251 2132 1314 lux.
2183 1251 2320 1314 Lux

823 1365 994 1428 ergo,
1050 1349 1348 1414 videlicet
1392 1351 1671 1414 Verbum
1727 1358 1789 1413 et
1844 1350 2168 1433 Sapientia
2212 1350 2320 1412 Pa-

821 1446 961 1522 triS,
996 1450 1171 1510 venit
1214 1452 1284 1510 in
1331 1453 1651 1512 mundum
1700 1468 1814 1532 per
1862 1448 2318 1512 incarnationis

544 1558 793 1608 amotam.
824 1546 1221 1628 mysterium,
1264 1554 1327 1609 et
1374 1549 1440 1610 in
1494 1547 1677 1611 terris
1728 1548 1884 1623 visa,
1929 1555 2122 1628 atque
2172 1565 2317 1608 cum

531 1625 599 1667 ³⁸·
825 1643 1193 1708 hominibus
1225 1656 1594 1710 conversata
1622 1655 1718 1709 est
1756 1647 1866 1710 lux
1904 1647 2044 1722 ista,
2077 1665 2322 1708 assum-

826 1751 933 1825 pta
989 1743 1382 1808 humanitate
1440 1747 1662 1809 velata.
1718 1746 2002 1809 Christus
2060 1761 2320 1826 quoque

2434 958 2758 1033 lectabiliS,
2787 959 2884 1022 vel
2921 959 3117 1021 utilis.
3143 960 3403 1041 Propter
3428 960 3599 1040 quod
3630 957 3920 1022 Salomon

2431 1057 2520 1118 ait
2559 1077 2574 1121 z
2617 1057 2730 1119 Via
2771 1057 2945 1120 stulti
2994 1066 3164 1120 recta
3205 1058 3270 1120 in
3313 1058 3516 1121 oculis
3559 1057 3718 1138 ejuS.
3993 1069 4230 1112 Prot-m

2515 1158 2738 1218 Omnis
2767 1158 2944 1218 enim
2981 1158 3100 1236 qui
3138 1161 3304 1218 male
3341 1158 3500 1232 aqit,
3545 1174 3670 1219 non
3711 1155 3922 1220 solum
3955 1136 4032 1176 ¹⁵·
4067 1188 4146 1242 20

2431 1273 2506 1318 ex
2546 1255 2941 1330 infirmitate,
2976 1256 3075 1320 vel
3116 1255 3490 1336 ignorantia,
3525 1255 3636 1316 sed
3673 1273 3749 1317 ex
3789 1273 3926 1318 cer-

2432 1361 2492 1415 ta
2530 1353 2792 1428 malitia,
2835 1371 2946 1415 seu
2991 1353 3214 1415 habitu
3265 1371 3474 1435 pravo,
3507 1354 3644 1414 odit
3691 1356 3920 1422 lucem,

2431 1451 2495 1512 id
2543 1459 2638 1514 est
2681 1451 2994 1532 justitiam
3047 1469 3393 1533 veramque
3441 1451 3811 1525 doctrinam,
3861 1459 3926 1512 θῖ

2429 1549 2618 1611 etiam
2679 1549 2998 1612 Christum
3055 1550 3419 1631 aliquande,
3480 1568 3672 1631 quem
3733 1549 3926 1614 vellet

2431 1666 2554 1710 non
2605 1666 2764 1725 esse,
2802 1656 2871 1710 ut
2914 1649 3112 1730 possit
3154 1666 3372 1729 poenas
3417 1646 3664 1710 futuras
3701 1649 3928 1710 evade-

2430 1763 2520 1821 re,
2543 1755 2602 1806 εἰ
2632 1766 2758 1807 non
2792 1749 2970 1808 venit
2999 1749 3087 1806 ad
3115 1749 3343 1818 lucem,
3377 1745 3496 1808 hoc
3535 1753 3630 1808 θεῖ
3666 1747 3742 1808 ad
3776 1765 3926 1828 pec-

529 1855 796 1907 Joann.1x.s.
824 1845 1177 1907 secundum
1235 1853 1525 1908 naturam
1583 1854 2001 1927 assumptam,
2054 1851 2152 1906 cst
2208 1843 2318 1904 lux
2355 1841 2402 1904 B
2431 1851 2713 1907 catorum
2773 1863 3034 1906 suorum
3103 1842 3442 1905 salutarem
3501 1861 3574 1906 ac
3643 1843 3922 1906 lucidam

825 1941 1240 2007 ineffabiliter
1288 1945 1519 2008 clarior
1556 1945 1896 2027 ApostoliS,
1938 1942 2178 2025 quibus
2227 1941 2321 2002 di-

559 2053 793 2105 stantia.
823 2049 998 2104 ctum
1036 2050 1133 2104 est
1174 2062 1188 2105 :
1232 2042 1352 2106 Vos
1392 2043 1544 2105 estis
1588 2043 1697 2105 lux
1741 2043 1989 2105 mundi.

530 2117 597 2159 ¹⁴·
902 2143 987 2202 Et
1012 2143 1387 2203 dileoeerunt
1418 2142 1707 2203 homines
1747 2159 1862 2222 pro
1904 2139 2133 2221 majori
2175 2156 2317 2220 par-

820 2245 903 2313 te,
950 2257 1077 2303 non
1127 2247 1338 2302 tamen
1383 2257 1603 2302 omnes
1653 2239 2053 2322 simpliciter,
2106 2239 2318 2314 magis

822 2339 1128 2406 tenebras,
1167 2337 1289 2401 hoc
1336 2345 1433 2400 θεῖ
1481 2337 1809 2420 passiones
1858 2343 1921 2400 et
1970 2337 2125 2402 vitia
2169 2335 2316 2398 rati-

816 2453 1006 2500 onem
1060 2435 1543 2500 obtenebrantia
1598 2444 1789 2517 atque
1837 2437 1913 2498 ad
1966 2434 2312 2496 infernales

819 2533 1111 2596 tenebras
1169 2534 1603 2616 perducentia,
1654 2555 1849 2615 quam
1909 2537 2141 2604 lucem,
2191 2531 2312 2596 hoc

816 2639 914 2693 est
955 2631 1299 2706 Christum,
1336 2651 1447 2694 seu
1490 2631 1631 2714 ejus
1676 2631 2027 2694 doctrinam
2072 2630 2314 2693 acvir-

816 2737 1026 2792 tutum
1066 2731 1491 2812 splendorem.
1538 2731 1621 2792 De
1658 2729 1959 2812 qualibus
1998 2729 2309 2812 scriptum

563 2847 647 2891 Job
676 2862 786 2901 mv,
816 2839 916 2892 est
952 2831 1017 2893 in
1056 2830 1169 2894 Job
1214 2850 1228 2893 :
1270 2830 1395 2912 Ipsi
1436 2829 1697 2893 fuerunt
1740 2829 2009 2892 rebelles
2055 2828 2308 2890 lumini.

526 2911 592 2953 ¹³·
817 2928 1215 3012 Quicumque
1272 2927 1529 3012 prael'ert
1582 2928 2164 3010 concupiscentiam
2218 2946 2314 2988 ra-

2429 1941 2892 2004 confessionem
2918 1961 2934 2022 3
2987 1941 3108 2015 vel,
3161 1959 3288 2004 non
3349 1942 3524 2004 venit
3581 1942 3648 2003 in
3705 1943 3924 2024 publi-

2427 2059 2596 2114 cum,
2629 2059 2708 2102 ex
2739 2040 3120 2103 verecundia
3146 2047 3255 2101 aut
3291 2039 3519 2102 timore
3549 2059 3920 2122 poenarum;

2426 2149 2500 2200 uc
2527 2159 2656 2200 non
2685 2147 3082 2216 arquantur,
3119 2137 3183 2200 id
3223 2143 3339 2211 est,
3374 2138 3922 2221 reprehendantur

2426 2253 2537 2298 seu
2568 2236 2965 2317 corrigantur
3002 2255 3039 2296 a
3079 2236 3354 2318 praelatis
3393 2243 3454 2298 et
3493 2237 3682 2316 justis
3722 2235 3922 2300 homi-

2425 2333 2638 2409 nibus,
2684 2354 2877 2412 opera
2921 2335 3062 2412 ejus
3103 2334 3458 2398 tenebrosa.

2501 2432 2622 2496 Sed
2651 2433 2752 2495 his
2783 2433 3154 2496 contrariari
3185 2434 3458 2508 videtur,
3492 2435 3662 2516 quod
3691 2435 3919 2496 asserit

2419 2531 2608 2593 Isaias
2671 2549 2686 2594 :
2745 2531 3076 2594 Peccatum
3145 2550 3332 2593 suum
3399 2533 3582 2613 quasi
3649 2531 3918 2596 Sodoma

2421 2630 2944 2710 praedicavcrunt,
2989 2647 3106 2692 ncc
3152 2628 3640 2694 absconderunt.
3686 2630 3764 2692 Et
3807 2631 3919 2694 ob-

2420 2728 2651 2792 stinato
2696 2728 2934 2810 populo
2977 2728 3260 2809 loquitur
3303 2728 3602 2791 Ieremias
3655 2748 3670 2792 ε
3721 2728 3917 2794 Frons
3957 2753 4194 2808 aem-13.

2420 2826 2708 2890 mulieris
2749 2827 3100 2892 meretricis
3138 2826 3304 2890 facta
3345 2835 3443 2889 θεῖ
3476 2827 3618 2900 tibi,
3653 2829 3914 2892 noluisti

2421 2924 2816 2987 erubescere.
2850 2924 3028 2987 Tales
3060 2925 3302 3006 utique,
3337 2933 3606 2988 testante
3637 2926 3918 2992 Salomo-

3985 2555 4054 2598 12.
4072 2569 4130 2602 m.
4147 2559 4186 2598 9.

815 3026 997 3098 tioni‚
1030 3027 1347 3090 carnalem
1378 3026 1766 3108 voluptatem
1806 3026 2121 3109 spirituali
2165 3043 2312 3089 con·
2347 3027 2392 3090 G
2424 3041 2523 3096 ne,
2556 3023 2874 3086 Laetantur
2920 3041 3121 3104 quum
3171 3022 3628 3098 malefecerint,
3661 3033 3725 3087 et
3775 3025 3914 3088 sine
3941 3051 4208 3098 summ..
4294 3021 4295 3100 l

816 3125 1133 3200 solationi,
1166 3124 1403 3188 bonum
1436 3133 1739 3198 creatum,
1773 3125 2081 3187 caducum
2114 3131 2179 3186 θῖ
2208 3143 2313 3186 va-

818 3223 1063 3297 riabile,
1100 3221 1267 3286 bono
1316 3223 1555 3296 divino,
1601 3231 1836 3286 aeterno
1886 3231 1950 3285 ct
1998 3222 2304 3286 infinito:

814 3321 932 3384 iste
963 3322 1171 3403 diligit
1195 3321 1487 3383 tenebras
1520 3322 1716 3402 magis
1747 3340 1940 3404 quam
1972 3322 2204 3384 lucem.
2238 3319 2310 3382 Et

814 3421 926 3503 qui
997 3428 1253 3503 peccata
1320 3419 1658 3483 commissa
1723 3420 1933 3502 potius
2000 3420 2138 3483 vult
2201 3438 2308 3483 oc-

814 3518 1052 3581 cultare
1100 3526 1163 3580 et
1210 3518 1507 3599 prosequi
1557 3536 1751 3599 quam
1795 3518 2124 3581 humiliter
2163 3537 2311 3581 con-

811 3617 1005 3692 fiteri,
1059 3617 1315 3700 praefert
1364 3615 1847 3680 absconsionem
1898 3616 2306 3679 tenebrarum

812 3734 1072 3778 suarum
1122 3715 1616 3778 manifestationi
1678 3714 1958 3777 lucifluae
2007 3715 2310 3779 confessi-

812 3815 973 3877 onis.
1006 3815 1152 3878 Ideo
1182 3813 1475 3878 Salomon
1516 3814 1581 3876 in
1612 3813 1969 3877 Proverbiis
1998 3822 2302 3876 testatur:

812 3912 925 3985 Qui
965 3911 1297 3976 abscondit
1336 3912 1575 3974 scelera
1612 3931 1746 3986 sua,
1782 3930 1909 3975 non
1953 3911 2302 3992 dirigetur;

812 4011 923 4092 qui
976 4019 1186 4073 autem
1238 4010 1565 4074 confessus
1612 4009 1807 4072 fuerit
1862 4017 1924 4072 et
1976 4009 2307 4091 reliquerit

812 4126 905 4182 ea,
968 4107 1467 4171 miscricordiam
1524 4115 1972 4189 consequetur.
2032 4107 2107 4169 Et
2163 4127 2308 4169 san-

519 4001 664 4040 xxvm,
690 3991 754 4033 1³.

2423 3121 2553 3184 ullo
2592 3122 2820 3185 timore
2864 3129 3230 3203 perpetrant
3275 3122 3458 3184 mala.
3500 3122 3778 3185 Veniunt
3819 3143 3914 3186 er·
3945 3113 4210 3220 lffd‘fl'·

2417 3237 2497 3300 go
2527 3221 2604 3282 ad
2637 3218 2991 3302 publicum,
3025 3220 3183 3282 etin
3217 3221 3550 3302 praesentia
3579 3221 3912 3285 hominum

2422 3338 2684 3402 peccare
2713 3338 2840 3382 non
2873 3318 3276 3382 erubescunt.
3309 3355 3392 3366 -
3417 3319 3494 3382 Εῖ
3529 3323 3918 3403 responden-

2419 3419 2594 3492 dum,
2635 3419 2804 3499 quod
2857 3416 3049 3480 verba
3097 3417 3490 3499 praeinducta
3541 3420 3918 3483 universali-

2419 3525 2514 3578 ter
2564 3534 2710 3578 vera
2759 3523 2922 3590 sunt,
2975 3517 3085 3579 sed
3132 3517 3210 3578 de
3257 3516 3524 3578 diversis
3569 3517 3915 3596 generibus

2419 3614 2584 3677 male
2632 3614 2976 3694 agentium,
3011 3614 3432 3676 diversimode
3477 3614 3914 3679 verificantur.

2417 3713 2634 3794 Aliqui
2673 3712 2848 3774 enim
2885 3713 3040 3775 adeo
3079 3711 3230 3774 mali
3270 3719 3440 3787 sunt,
3485 3720 3555 3775 ut
3605 3722 3909 3795 respuant

2419 3811 2757 3893 increpari,
2807 3811 2988 3891 Juxta
3036 3811 3195 3874 illud
3237 3810 3427 3875 Amos
3463 3830 3477 3874 :
3512 3811 3666 3875 Odio
3712 3812 3916 3875 habu·
3942 3840 4204 3886 Ammo.
4290 3883 4291 3900 χ

2417 3917 2606 3972 erunt
2651 3909 3122 3990 corripientem.
3158 3909 3263 3970 Isti
3316 3909 3572 3992 publice
3621 3920 3909 3993 peccant,
4290 3911 4291 3965 l

2417 4017 2480 4071 et
2522 4025 2690 4090 saepe
2731 4025 3024 4089 peccasse
3059 4025 3128 4070 se
3162 4006 3420 4088 jactant.
3455 4008 3578 4070 Alii
3621 4018 3772 4073 sunt
3801 4010 3918 4094 hy-

2417 4107 2695 4189 pocritae,
2730 4106 3128 4169 simulatores
3157 4113 3220 4168 θῖ
3247 4105 3482 4182 callidi,
3515 4107 3793 4170 humana
3823 4110 3918 4172 vi-

532 4215 784 4272 sanum-s,
812 4213 950 4269 ctus
995 4204 1109 4268 Job
1154 4223 1168 4268 :
1221 4205 1363 4267 Vias
1399 4206 1666 4288 (inquit)
1708 4223 1878 4267 meas
1928 4205 1991 4266 in
2042 4208 2384 4289 conspe-D
2416 4206 2666 4288 tuperia
2723 4205 2923 4286 magis
2978 4223 3174 4286 quam
3241 4205 3531 4267 divinum
3593 4205 3912 4286 judicium

520 4281 587 4323 ¹⁰·
814 4311 918 4366 ctu
977 4303 1115 4386 ejus
1181 4321 1462 4384 arguam,
1524 4311 1587 4366 et
1642 4304 1781 4386 ipse
1847 4303 1967 4366 erit
2033 4303 2307 4367 salvator

810 4420 1013 4465 meuS.
1076 4404 1287 4464 Erant
1340 4403 1517 4462 enim
1573 4422 1794 4463 eorum
1852 4405 2029 4463 mala
2086 4421 2304 4478 opera,

811 4501 930 4565 hoc
968 4508 1062 4563 est
1100 4500 1325 4564 vitiosa
1358 4519 1371 4562 :
1416 4500 1637 4581 sicque
1677 4517 1755 4562 ex
1796 4499 2105 4563 electione
2157 4500 2305 4562 mali

808 4607 873 4661 et
909 4597 1129 4661 habitu
1172 4598 1399 4662 vitioso
1441 4597 1809 4680 peccabant,
1850 4598 2193 4678 gloriantes
2237 4598 2302 4661 in

808 4697 1015 4772 maliS,
1071 4697 1334 4779 suisque
1382 4696 1829 4779 iniquitatibus
1878 4695 2154 4758 firmiter
2200 4698 2308 4758 ad-

809 4796 1139 4859 haerentes.
1182 4831 1263 4840 —
1309 4794 1427 4857 Sed
1476 4813 1678 4876 quum
1728 4794 1893 4856 dicat
1942 4794 2299 4877 Dionysius,

805 4893 1002 4957 Nemo
1051 4893 1401 4976 respiciens
1451 4894 1529 4955 ad
1577 4892 1815 4954 malum
1868 4900 2188 4974 operatur,
2242 4900 2305 4955 et

806 4992 968 5055 nihil
1008 4992 1329 5074 appetitur
1364 4991 1487 5053 nisi
1528 4991 1791 5060 bonum,
1826 4992 2144 5072 quomodo
2191 5009 2304 5072 po—

806 5099 928 5153 test
963 5091 1109 5172 quis
1153 5091 1298 5173 plus
1336 5089 1601 5170 diligere
1640 5089 1930 5152 tenebras
1969 5108 2162 5171 quam
2209 5089 2304 5151 lu-

804 5207 966 5264 cem,
1007 5207 1117 5252 seu
1169 5189 1397 5254 vitium
1444 5207 1638 5270 quam
1689 5189 2035 5251 virtutem?
2082 5186 2160 5248 Et
2207 5207 2300 5251 rc-

804 5288 1271 5369 spondendum,
1330 5288 1503 5369 quod
1568 5305 1755 5350 nemo
1814 5286 2162 5368 respiciens
2219 5288 2298 5350 ad

2415 4304 2848 4368 formidantes,
2886 4304 2992 4366 Isti
3024 4312 3288 4386 peccant
3316 4304 3382 4366 in
3412 4304 3664 4380 abditis,
3698 4305 3915 4368 dicen·
4288 4359 4289 4395 1

2417 4412 2477 4466 te
2533 4402 2832 4485 Apostolo
2895 4421 2908 4465 ε
2971 4401 3117 4474 Quae
3175 4403 3237 4464 in
3297 4403 3545 4467 occulto
3601 4401 3770 4466 fiunt
3827 4404 3909 4466 ab
3968 4421 4200 4476 ephan,

2417 4503 2595 4583 ipsiS,
2645 4509 2833 4584 turpe
2883 4509 2978 4563 est
3027 4501 3260 4564 dicere.
3311 4500 3436 4564 Alii
3485 4511 3633 4564 sunt
3679 4501 3906 4566 famuli
3937 4487 4001 4530 ¹²·

2415 4600 2546 4672 Dei,
2581 4601 2690 4662 sed
2722 4599 3105 4682 imperfecti,
3139 4617 3266 4662 non
3295 4599 3692 4662 ambulantes
3723 4601 3909 4664 timo-

2417 4706 2547 4760 rate
2585 4705 2646 4758 et
2685 4698 2836 4759 satis
2884 4697 3152 4761 sollicite
3190 4716 3400 4760 coram
3430 4697 3575 4772 Deo,
3609 4699 3717 4761 sed
3757 4717 3902 4760 cum

2415 4796 2817 4860 observantia
2863 4796 3224 4859 debitorum
3273 4814 3382 4858 seu
3443 4805 3903 4879 proeceptorum

2415 4895 2712 4958 contenti.
2747 4894 2852 4956 lsti
2883 4895 3086 4957 multa
3113 4895 3387 4958 venialia
3422 4895 3664 4957 faciunt
3705 4897 3770 4958 in
3807 4915 3904 4959 se-

2415 5002 2606 5068 creto,
2659 5011 2805 5074 quae
2851 5011 3251 5074 nequaquam
3303 4991 3582 5054 facerent
3629 5012 3904 5075 praesen-

2411 5091 2582 5153 tibus
2630 5091 2807 5171 aliis3
2853 5098 2916 5152 θῖ
2968 5091 3287 5152 interdum
3337 5109 3464 5154 non
3513 5091 3780 5154 veniunt
3823 5093 3900 5155 ad

2413 5190 2622 5251 lucem
2679 5208 2756 5251 ex
2815 5189 3216 5262 verecundia,
3271 5207 3350 5251 ne
3405 5188 3895 5253 confundantur.

2410 5288 2584 5350 Unde
2614 5287 3008 5370 quicumque
3037 5295 3276 5370 peccat,
3308 5288 3524 5371 aliquo
3554 5290 3740 5354 modo
3769 5289 3902 5353 odit
