4300 6259
624 3555 759 3598 Pron.

569 3633 707 3668 xxviii,
732 3619 799 3662 ¹⁴.

604 3950 667 3994 1³.
689 3964 741 4002 u,
758 3951 797 3993 7.

870 496 951 559 52

1666 513 2011 559 ENARRATIO
2055 513 2118 556 IN
2159 512 2296 557 CAP.
2343 511 2430 556 xn
2474 511 2660 556 LUCAE.
2707 530 2787 539 -
2829 512 2968 557 ΛΒΤ.
3017 511 3187 556 xxxii

870 683 1359 746 immoderanter
1396 684 1579 746 timet
1626 685 1857 746 damna
1908 700 2141 756 rerum,
2179 681 2364 743 disfa-
2391 682 2439 742 A
2469 688 2618 743 ster.
2650 680 2726 741 Et
2772 689 3028 743 sanctus
3073 679 3188 744 Job
3239 686 3619 762 protestatur
3653 697 3667 742 :
3701 677 3962 759 Semper
4039 693 4122 736 ιώ
4137 708 4230 736 xm

874 782 1087 856 miam,
1140 792 1330 864 atque
1377 783 1630 844 similia.
1680 781 1752 844 Et
1801 783 1878 844 de
1927 782 2065 843 istis
2116 781 2360 844 vitiosis

870 879 1205 943 timoribus
1248 880 1531 962 loquitur
1573 881 1878 944 Christus.

946 976 1483 1050 Quemadmodum
1525 997 1675 1046 vero
1719 979 1925 1041 omnis
1966 978 2360 1041 Christianus

866 1083 1117 1139 tenetur
1143 1077 1339 1140 Deum
1370 1095 1565 1159 super
1593 1079 1807 1141 omnia
1839 1084 1969 1141 toto
1999 1079 2188 1140 corde
2219 1077 2362 1139 dili-

862 1191 1032 1254 gere,
1066 1175 1154 1238 ita
1184 1182 1432 1238 tenetur
1461 1176 1586 1238 Deo
1616 1185 1742 1238 tam
1774 1176 2023 1240 fortiter
2051 1193 2362 1237 amorose-

864 1291 991 1353 que
1018 1275 1357 1348 adhaerere‚
1393 1283 1462 1336 ut
1494 1275 1674 1336 malit
1702 1275 1929 1349 occidi,
1965 1283 2027 1337 et
2055 1273 2362 1355 quaelibet

866 1371 1094 1434 damna
1140 1373 1292 1454 pati,
1335 1392 1529 1454 quam
1579 1372 1775 1436 sidem
1832 1391 2081 1453 negare,
2128 1390 2361 1454 praece-

868 1477 974 1550 pta
1009 1489 1137 1533 non
1174 1471 1535 1544 observare,
1570 1470 2001 1534 mortaliterve
2031 1488 2296 1552 peecare
2339 1489 2354 1532 :

865 1575 928 1628 et
971 1577 1279 1649 quantum
1328 1570 1406 1631 ad
1456 1570 1597 1642 hoe,
1646 1588 1923 1651 praesens
1969 1569 2201 1632 Christi
2253 1569 2361 1632 do-

864 1667 1067 1729 ctrina
1098 1667 1226 1729 vim
1265 1667 1453 1729 habet
1494 1668 1818 1749 praeeepti.
1852 1668 2013 1730 Hine
2050 1668 2138 1729 ait
2169 1666 2360 1749 Chry-

864 1772 1176 1828 sostomus
1234 1783 1247 1826 ε
1304 1764 1527 1827 Omnia
1588 1766 1755 1828 mala
1810 1773 2110 1848 operatur
2169 1765 2360 1828 timor

2469 780 2649 861 quasi
2707 787 3024 842 tumentes
3083 797 3277 861 super
3327 796 3429 840 me
3485 777 3720 840 fluctus
3779 777 3962 839 timui

2469 878 2688 940 Deum.
2721 881 2830 940 Ita
2866 880 3009 939 dico
3059 880 3257 950 vobis,
3287 881 3462 938 hunc
3511 879 3742 938 timete.
3775 874 3964 948 Quasi

2469 978 2635 1040 dicat
2666 996 2680 1039 ε
2717 977 2828 1038 Hic
2858 976 3020 1039 Deus
3059 977 3464 1059 omnipotens
3507 974 3967 1056 incomparabi-

2468 1076 2613 1138 liter
2658 1075 2856 1157 magis
2903 1075 3226 1137 timendus
3275 1081 3371 1137 est
3417 1093 3612 1156 quam
3659 1074 3784 1136 alia
3831 1093 3966 1137 om-

2470 1176 2607 1257 nia3
2641 1176 2772 1239 imo
2811 1175 2948 1256 ipse
2988 1174 3160 1238 solus
3205 1174 3579 1256 perhibetur
3616 1175 3960 1248 timenduS,

2467 1275 2770 1356 quoniam
2799 1273 2922 1335 alia
2961 1293 3086 1336 non
3127 1280 3278 1334 sunt
3314 1273 3620 1348 timenda,
3654 1272 3776 1334 nisi
3820 1291 3964 1354 pro-

2469 1381 2610 1455 pter
2647 1373 2882 1454 ipsum,
2919 1371 2982 1434 in
3034 1371 3197 1452 ipso,
3227 1377 3290 1432 et
3329 1372 3680 1434 secundum
3722 1371 3956 1452 ipsum.

2467 1472 2726 1553 Propter
2763 1471 2934 1552 quod
2990 1467 3469 1532 Ecclesiasticus
3518 1470 3743 1532 asserit
3785 1489 3798 1532 :
3843 1469 3956 1542 Qui

2469 1570 2648 1632 timet
2693 1570 2913 1643 Deum,
2969 1568 3130 1629 nihil
3181 1567 3548 1650 trepidabit.
3601 1567 3721 1630 Sed
3771 1567 3958 1630 multi

2470 1676 2619 1731 sunt
2662 1668 2822 1731 viles
2870 1686 2943 1729 ae
2985 1667 3216 1741 vitiosi,
3261 1667 3374 1748 qui
3422 1666 3712 1730 homines
3759 1668 3958 1747 magis

2469 1785 2664 1847 quam
2723 1766 2922 1828 Deum
2982 1774 3302 1838 verentur,
3363 1783 3566 1846 quum
3621 1772 3833 1826 tamen
3890 1765 3958 1826 in

3989 759 4064 800 23.

4045 1485 4190 1528 Eccli.

3987 1561 4132 1594 xxxiv.
4155 1551 4210 1590 15.

864 1863 1107 1936 mortiS,
1138 1863 1382 1925 scilicet
1430 1863 1849 1938 inordinatuS,
1887 1871 1950 1926 et
1996 1864 2212 1928 omnia
2254 1863 2360 1926 bo-
2395 1866 2442 1928 B
2471 1863 2824 1928 Proverbiis
2867 1864 3033 1926 dicat
3069 1863 3395 1944 Scriptura
3429 1881 3443 1924 :
3477 1862 3590 1935 Qui
3632 1863 3814 1924 timet
3852 1864 3959 1928 ho·
4001 1885 4240 1930 eroum.

866 1981 946 2022 na
992 1969 1288 2042 operatur
1327 1969 1728 2044 contemptus
1770 1963 2013 2026 mortiS.
2056 1963 2119 2024 si
2163 1963 2358 2042 gratis

866 2065 1008 2140 post
1034 2060 1357 2121 modicum
1388 2058 1681 2122 morituri
1722 2078 1965 2135 sumus,
2000 2078 2199 2142 quare
2230 2079 2357 2122 non

864 2165 927 2219 et
955 2163 1099 2219 ante
1135 2157 1455 2220 modicum
1499 2158 1565 2219 in
1611 2176 1800 2220 eausa
1832 2158 1940 2219 Dei
1980 2177 2128 2220 eum
2159 2159 2360 2238 gloria

864 2255 1196 2331 morimur,
1232 2263 1301 2316 ut
1341 2255 1456 2317 siat
1496 2254 1928 2318 voluntarium
1975 2257 2147 2337 quod
2188 2256 2360 2318 futu-

864 2373 1007 2416 rum
1038 2361 1133 2416 est
1170 2354 1643 2416 necessarium?
1675 2353 1738 2416 Si
1780 2362 2004 2417 mutuo
2034 2355 2356 2436 acceperis

862 2452 1113 2526 bovem,
1164 2470 1403 2534 equum
1451 2459 1561 2513 aut
1606 2453 1881 2526 asinum,
1927 2453 2210 2533 operaris
2261 2454 2358 2515 in-

862 2557 1119 2624 stanter,
1154 2557 1216 2611 et
1245 2550 1427 2625 dieis,
1462 2549 1643 2612 Forte
1674 2569 1809 2611 cras
1850 2550 2106 2613 tolletur
2134 2571 2171 2612 a
2200 2570 2303 2613 me
2337 2571 2351 2616 :

862 2666 1058 2729 quare
1117 2667 1241 2711 non
1304 2648 1476 2709 idem
1532 2649 1665 2729 agis
1726 2649 1789 2710 in
1851 2668 2116 2731 corpore
2149 2653 2175 2711 ’ἐ
2235 2650 2352 2712 lta-

861 2765 1006 2827 que,
1037 2747 1088 2808 si
1121 2754 1379 2828 propter
1409 2746 1698 2808 timorem
1730 2765 1950 2809 eorum
1981 2747 2093 2827 qui
2126 2767 2355 2830 corpus

862 2845 1179 2918 occidunt,
1231 2844 1505 2925 impium
1553 2851 1648 2905 est
1697 2845 2026 2908 veritatem
2076 2853 2283 2908 tacere
2335 2864 2349 2908 :

861 2943 1179 3023 quomodo
1218 2961 1343 3004 non
1394 2941 1597 3022 major
1633 2942 1924 3024 impietas
1966 2951 2060 3004 est
2097 2951 2356 3026 propter

2469 1964 2732 2037 minem,
2778 1963 2903 2025 cito
2944 1969 3218 2024 corruet.

2547 2062 2849 2124 Praeterea
2896 2060 3128 2141 triplex
3173 2067 3268 2121 est
3315 2060 3506 2122 timor
3547 2059 3677 2121 Dei.
3711 2059 3959 2122 Primus

2468 2167 2728 2224 vocatur
2775 2158 3046 2232 serviliS,
3095 2176 3223 2239 quo
3271 2157 3416 2238 quis
3463 2159 3691 2220 metuit
3735 2157 3956 2232 Deum,

2468 2277 2594 2321 non
2641 2275 2854 2320 amore
2899 2255 3184 2337 justitiae,
3238 2257 3347 2318 sed
3395 2255 3631 2318 intuitu
3686 2275 3888 2338 poenae
3941 2275 3956 2318 ε

2465 2357 2578 2438 qui
2621 2357 2812 2419 timor
2849 2363 2944 2418 est
2987 2353 3533 2436 imperfectorum,
3566 2355 3696 2417 imo
3737 2362 3800 2416 et
3841 2355 3962 2416 im-

2467 2456 2741 2538 piorum,
2775 2454 3076 2536 quoniam
3111 2453 3370 2514 caritate
3401 2461 3462 2514 et
3488 2453 3691 2534 gratia
3721 2460 3956 2526 carent,

2465 2555 2702 2635 quibus
2761 2553 3076 2632 inhaeret3
3129 2551 3411 2633 disponit
3461 2559 3672 2614 tamen
3723 2552 3800 2613 ad
3844 2551 3960 2615 bo-

2465 2673 2643 2726 num,
2678 2660 2741 2714 et
2770 2659 3081 2733 praeparat
3114 2652 3191 2712 ad
3223 2651 3510 2724 virtuteS,
3547 2651 3614 2713 in
3647 2660 3960 2732 quantum

2466 2751 2726 2813 retrahit
2755 2769 2792 2812 a
2823 2749 3119 2831 peccatis.
3145 2748 3472 2810 Secundus
3503 2756 3598 2810 est
3625 2748 3815 2810 timor
3845 2749 3964 2810 ini-

2463 2850 2651 2923 tialia
2687 2869 2814 2930 quo
2844 2849 2990 2930 quis
3021 2849 3202 2909 timet
3231 2847 3450 2922 Deum,
3486 2847 3717 2928 partim
3745 2865 3962 2910 amore

2463 2948 2613 3011 boni
2664 2967 2736 3010 ae
2783 2946 2961 3028 justi,
3015 2946 3245 3027 partim
3305 2947 3532 3008 timore
3585 2945 3886 3027 supplicii
3942 2964 3955 3006 :

860 3040 1167 3103 miserum
1211 3048 1495 3103 ventrem
1546 3047 1607 3101 et
1652 3059 1831 3122 spem
1875 3042 2017 3104 vani
2068 3042 2350 3117 honoriS,
2388 3045 2430 3108 C
2463 3047 2575 3128 qui
2615 3047 2806 3108 timor
2845 3051 3086 3127 spectat
3122 3044 3198 3105 ad
3237 3042 3668 3124 proficientes,
3712 3042 3960 3105 Tertius

859 3144 1067 3200 tacere
1097 3138 1445 3212 veritatem,
1480 3138 1939 3220 melioremque
1977 3139 2186 3202 faeere
2223 3141 2356 3221 glo-

862 3237 1019 3298 riam
1064 3237 1245 3318 panis
1290 3245 1352 3298 et
1396 3237 1675 3311 honoriS,
1709 3256 1899 3318 quam
1940 3238 2204 3318 gloriam
2246 3239 2352 3301 Dei

859 3353 933 3396 ac
963 3335 1279 3398 veritatis?
1300 3335 1515 3416 ltaque
1546 3335 1709 3396 mala
1738 3336 1941 3417 culpae
1972 3337 2354 3412 incidere‚id

861 3441 957 3496 est
996 3452 1277 3516 peccare,
1318 3434 1554 3515 jugiter
1595 3433 2033 3511 formidemuS‚
2065 3437 2246 3517 juxta
2284 3439 2357 3499 il-

862 3533 973 3594 lud
1003 3533 1489 3596 proverbiorum
1524 3551 1538 3595 ε
1572 3531 1796 3594 Beatus
1827 3534 2016 3597 homo
2046 3537 2158 3616 qui
2192 3555 2357 3598 sem-

864 3649 979 3714 per
1017 3639 1111 3693 est
1150 3632 1439 3712 pavidus.
1483 3629 1602 3693 Sed
1644 3632 1807 3694 mala
1847 3633 2121 3714 poenalia
2160 3635 2353 3716 hujus

864 3730 1009 3793 vitae
1039 3730 1530 3792 immoderanter
1561 3747 1685 3791 non
1717 3730 2074 3808 timeamuS‚
2096 3734 2225 3797 imo
2253 3736 2356 3796 ad-

865 3847 1046 3892 versa
1074 3847 1221 3891 cum
1249 3828 1480 3908 gaudio
1510 3829 1873 3890 toleremus.
1896 3830 2155 3912 Propter
2183 3835 2353 3914 quod

866 3927 931 3988 in
970 3926 1127 3988 lsaia
1165 3926 1437 3988 habetur
1471 3944 1483 3987 :
1518 3925 1722 3989 Nolite
1762 3928 1989 3990 timere
2024 3930 2355 4011 opprobri-

866 4044 972 4086 um
1018 4025 1351 4088 hominum
1394 4033 1457 4086 et
1497 4024 1925 4106 blasphemias
1970 4045 2212 4090 eorum.

959 4123 1427 4204 consequenter
1476 4121 1755 4186 Salvator
1804 4125 1985 4188 docet
2033 4126 2352 4189 salubrem

2465 3163 2615 3207 vero
2664 3151 2757 3206 est
2807 3144 2997 3206 timor
3040 3142 3278 3216 filialis,
3314 3149 3521 3204 castus
3569 3150 3632 3204 et
3679 3149 3955 3217 sanctus,

2464 3263 2592 3326 quo
2631 3243 2795 3305 Deus
2835 3243 3096 3304 timetur
3137 3241 3342 3304 solum
3381 3259 3596 3303 amore
3632 3239 3956 3316 bonitatiS‚

2464 3343 2727 3424 zeloque
2763 3339 3078 3422 aequitatis
3113 3358 3126 3402 :
3161 3347 3384 3421 estque
3426 3339 3617 3402 timor
3655 3340 3772 3401 iste
3809 3337 3962 3420 fuga

2465 3441 2614 3503 mali
2663 3439 2891 3521 culpae,
2929 3457 3040 3500 seu
3090 3437 3419 3500 detestatio
3467 3437 3731 3500 offensae
3776 3437 3961 3501 inho-

2466 3537 2940 3619 norationisque
2979 3535 3108 3610 Dei,
3153 3535 3479 3617 pertinens
3517 3536 3594 3597 ad
3643 3535 3958 3617 perfectos

2463 3657 2535 3699 ac
2572 3637 2678 3698 Dei
2730 3636 2988 3710 amicOS,
3027 3635 3139 3715 qui
3179 3635 3406 3695 timent
3445 3633 3639 3696 Deum
3685 3651 3766 3695 ne
3807 3651 3958 3696 eum

2463 3734 2812 3808 offendant,
2833 3751 2912 3795 ne
2945 3741 3319 3813 separentur
3348 3732 3426 3794 ab
3459 3733 3610 3814 ipso,
3633 3750 3713 3793 ne
3744 3733 3957 3814 ipsum

2465 3836 2528 3896 in
2561 3835 2776 3914 aliquo
2811 3833 3212 3894 inhonorent.
3248 3830 3333 3892 De
3363 3849 3491 3911 quo
3533 3829 3758 3893 timore
3785 3851 3960 3894 nune

2464 3931 2868 4015 potissimum
2918 3929 3202 4010 loquitur
3241 3928 3548 4000 ChristuS,
3590 3947 3956 4010 quanquam

2465 4039 2524 4092 et
2576 4032 2653 4093 de
2712 4029 2938 4090 timore
2993 4025 3219 4089 initiali
3271 4024 3464 4088 verba
3515 4025 3654 4106 ejus
3711 4026 3957 4108 possint

2463 4127 2756 4207 intelligi.
2808 4124 3348 4198 Quemadmodum
3406 4131 3616 4185 autem
3675 4123 3958 4205 perfecta

3985 1949 4060 1992 2⁵.

864 4241 937 4285 ae
984 4222 1345 4284 ordinatum
1396 4221 1711 4285 timorem.
1751 4225 2088 4285 Ostendam
2138 4237 2352 4287 autem
2383 4229 2430 4290 D
2463 4228 2687 4290 caritas
2734 4226 2901 4289 foras
2940 4223 3136 4286 mittit
3183 4223 3316 4285 sive
3355 4222 3618 4303 expellit
3659 4222 3952 4286 timorem
3983 4249 4246 4294 nomm„

865 4322 1062 4388 vobis,
1094 4320 1213 4383 hoe
1255 4328 1350 4381 est
1390 4319 1647 4394 docebo,
1681 4342 1869 4401 quem
1910 4325 2210 4385 timeatis,
2255 4328 2356 4385 Ti-

868 4428 1023 4479 mete
1051 4437 1197 4479 eum
1236 4420 1355 4497 qui
1384 4429 1724 4498 postquam
1763 4423 2066 4482 occiderit
2095 4441 2349 4504 corpus,

865 4517 1047 4578 habet
1067 4525 1435 4594 potestatem
1464 4519 1715 4577 mittere
1744 4519 1817 4577 in
1840 4521 2214 4595 geliennam.
2233 4523 2352 4587 hoc

865 4623 961 4676 est
1022 4633 1251 4695 eorpus
1308 4621 1371 4675 et
1426 4613 1703 4675 animam
1766 4616 2147 4679 aeternaliter
2205 4639 2353 4682 con-

863 4714 1163 4775 demnare
1198 4713 1357 4792 :qui
1404 4719 1576 4775 tanto
1621 4712 1765 4794 plus
1811 4717 2189 4778 metuendus
2233 4726 2348 4794 est,

864 4819 1101 4893 quanto
1163 4810 1624 4874 intolerabilius
1688 4819 1784 4873 est
1837 4815 2158 4876 aeternalia
2223 4817 2350 4897 pati

864 4909 1157 4970 incendia
1204 4907 1742 4989 acerbissimeque
1790 4919 2124 4992 tormenta,
2159 4933 2350 4994 quam

862 5007 1121 5069 brevem
1180 5025 1251 5068 ae
1300 5015 1803 5069 momentaneam
1851 5008 2018 5071 ferre
2068 5013 2351 5093 eorporis

863 5112 1151 5168 mortem.
1194 5104 1454 5186 Propter
1492 5107 1661 5186 quod
1711 5124 1825 5187 per
1867 5107 2089 5169 Isaiam
2134 5110 2354 5190 praeci—

2464 4327 2782 4400 servilem,
2819 4324 2904 4385 ita
2945 4322 3238 4404 producit
3277 4320 3817 4402 conjunctumque
3847 4322 3957 4383 ha-

2464 4426 2572 4488 bet
2618 4425 2908 4485 timorem
2960 4419 3247 4494 filialem,
3281 4438 3410 4500 quo
3457 4418 3653 4480 Deum
3702 4437 3957 4501 semper

2463 4524 2686 4585 timere
2749 4518 3076 4592 debemus,
3137 4526 3438 4599 tanquam
3503 4515 3952 4580 fidelissimum

2461 4641 2534 4684 ac
2562 4618 3089 4699 benignissimum
3135 4623 3399 4698 patrem.
3432 4614 3518 4676 De
3549 4614 3732 4696 eujus
3771 4615 3956 4679 timo—

2463 4719 2550 4782 ris
2609 4717 2954 4780 eminentia
3015 4714 3456 4796 multiplieiter
3515 4713 3796 4794 loquitur
3852 4733 3951 4776 sa-

2462 4837 2568 4881 era
2615 4815 2940 4897 Scriptura
2984 4833 2998 4876 ε
3045 4822 3115 4875 ut
3159 4832 3361 4894 quum
3411 4813 3473 4873 in
3515 4810 3954 4876 Ecclesiastico

2463 4915 2770 4996 scriptum
2819 4922 2933 4988 est,
2977 4912 3144 4974 Nihil
3196 4911 3444 4974 dulcius
3489 4929 3680 4992 quam
3727 4911 3952 4973 timere
3979 4943 4249 4994 gedam„

2461 5012 2694 5090 Deum3
2729 5017 2811 5084 et,
2855 5009 3067 5072 Timor
3110 5008 3354 5072 Domini
3395 5025 3586 5090 super
3623 5009 3836 5070 omnia
3883 5027 3952 5071 se
3981 5010 4087 5080 ³⁷2

2464 5109 2724 5192 posuit:
2775 5117 2966 5190 atque
3016 5109 3080 5168 in
3129 5106 3394 5182 Psalmo,
3447 5106 3688 5169 Timete
3741 5105 3952 5170 Domi-
3981 5133 4054 5177 ιι.

4009 5070 4134 5114 [bid.
4157 5086 4244 5117 xxv,

610 5225 833 5279 mamm.
864 5203 1037 5286 pitur
1072 5222 1085 5266 ε
1120 5203 1457 5266 Dominum
1505 5205 1897 5266 exercituum
1950 5205 2163 5287 ipsum
2211 5228 2354 5269 san-
2464 5228 2639 5282 num,
2693 5225 2913 5269 omnes
2967 5205 3166 5267 sancti
3221 5205 3382 5285 ejuS,
3434 5204 3736 5285 quoniam
3790 5205 3950 5266 nihil
3983 5196 4246 5300 ιζ’-ΨΜ

572 5293 637 5333 13.

862 5301 1137 5364 ctificate
1172 5321 1185 5364 :
1222 5303 1360 5384 ipse
1410 5320 1606 5382 pavor
1646 5312 1852 5364 vester
1892 5310 1955 5364 et
2004 5313 2204 5368 terror
2249 5325 2354 5369 ve—

2465 5308 2639 5370 deest
2671 5304 3044 5368 timentibus
3087 5321 3255 5365 eum.
3289 5304 3358 5365 ln
3397 5301 3771 5366 Ecclesiaste
3803 5322 3954 5384 quo—
