4300 6259
1172 528 1520 578 mmmm
1561 528 1627 576 m
1668 528 1807 576 au.
1851 529 1913 576 v1
1953 529 2230 577 somnis,
2273 549 2353 560 —
2393 531 2536 578 Αιιτ.
2581 533 2710 579 xvu
3369 518 3492 582 389

374 699 705 780 quomodo
754 699 874 762 hoc
932 699 1296 763 audebant?
1345 719 1547 782 quum
1597 699 1883 775 Romani,
1913 697 1966 758 A
1995 718 2069 762 ac
2119 700 2470 778 liberalem,
2523 703 2689 767 sicut
2739 705 2803 768 in
2851 705 3182 769 satiatione
3230 725 3344 768 sua
3391 704 3494 767 fu-

374 797 619 878 quibus
672 805 851 859 erant
903 797 1201 880 subjecti,
1250 799 1381 880 jam
1429 798 1547 862 sub
1600 798 1886 881 periculo

34 915 345 1018 {tumn-1,
376 895 603 958 mortis
658 895 1135 978 prohibuissent
1178 915 1257 960 ne
1298 896 1513 979 aliqua
1562 896 1743 980 plebs
1790 915 1887 959 as-

376 1002 664 1057 sumeret
713 995 838 1057 sibi
878 1013 1092 1078 regem
1142 1003 1370 1079 praeter
1412 997 1881 1079 imperatorem,

360 1093 479 1158 .vel
530 1093 673 1156 sine
722 1093 1147 1158 Romanorum
1198 1114 1549 1176 consensu3
1590 1104 1653 1158 et
1695 1096 1885 1158 etiam

372 1193 530 1273 quia
574 1192 773 1255 Judaei
830 1193 933 1256 isti
980 1194 1195 1256 Iesum
1256 1212 1469 1277 regem
1519 1194 1729 1258 facere
1778 1212 1885 1258 vo-

370 1289 601 1366 lenteS,
656 1291 943 1354 sciebant
991 1295 1163 1375 quod
1225 1294 1550 1376 principes
1598 1295 1885 1357 sacerdo-

367 1397 534 1465 tum,
606 1389 845 1454 Scribae
911 1410 985 1454 ac
1045 1391 1366 1468 Pharisaei,
1436 1393 1690 1456 oderint
1750 1393 1881 1473 jam

372 1487 725 1564 Christum,
760 1499 825 1552 et
856 1508 1023 1572 aegre
1058 1491 1422 1573 acciperent
1458 1493 1629 1573 quod
1668 1491 1883 1574 aliqua

374 1605 523 1669 pars
582 1587 947 1652 Judaeorum
1011 1588 1368 1671 praeficeret
1426 1607 1574 1651 eum
1632 1589 1755 1652 sibi
1814 1590 1879 1652 in

376 1685 765 1769 principem.
801 1686 1175 1762 Dicendum,
1208 1689 1381 1769 quod
1419 1687 1524 1750 isti
1557 1687 1694 1752 viso
1726 1675 1884 1770 'prze-

372 1785 617 1866 scripto
668 1785 981 1849 miraculo
1038 1785 1587 1868 multiplicationis
1643 1806 1880 1868 panum

1994 808 2183 861 erunt
2247 803 2492 882 experti
2527 821 2544 882 3
2604 805 2903 880 secundo,
2970 803 3125 886 quia
3192 803 3492 867 viderunt

1993 914 2142 959 eum
2183 898 2364 962 valde
2402 901 2754 982 sapientem
2795 901 2860 965 in
2905 901 3244 984 omnibus3
3277 901 3486 977 tertio,

1993 996 2147 1078 quia
2186 997 2487 1062 viderunt
2525 1017 2672 1062 eum
2717 1008 3041 1084 potentem
3079 1021 3274 1083 supra
3311 1008 3492 1063 natu-

1994 1112 2150 1168 ram,
2191 1095 2412 1177 sicque
2455 1097 2794 1160 credebant
2833 1116 2900 1160 se
2938 1097 3367 1162 defendendos
3409 1099 3490 1162 ab

1992 1191 2156 1274 ipso.
2188 1193 2426 1259 Idcirco
2465 1214 2582 1258 nec
2628 1195 2961 1272 Romanos,
2994 1215 3113 1260 nec
3153 1196 3492 1280 pontifices

1996 1292 2288 1373 proprios
2331 1296 2758 1357 attenderunt.

2073 1392 2301 1468 Fugit,
2340 1392 2405 1454 id
2446 1401 2561 1468 est,
2604 1393 2979 1456 festinanter
3026 1394 3331 1470 ascendit,
3374 1397 3494 1456 ite-

1993 1509 2143 1550 rum
2173 1491 2246 1550 in
2277 1501 2578 1562 montem,
2611 1493 2678 1554 in
2708 1510 2903 1575 quem
2935 1493 3144 1575 primo
3181 1494 3488 1569 ascendit,

1994 1593 2064 1647 ut
2101 1587 2341 1649 dictum
2381 1596 2496 1664 est,
2531 1597 2595 1652 et
2629 1609 2664 1651 a
2702 1609 2832 1672 quo
2881 1591 3227 1666 descendit,
3269 1610 3492 1655 occur-

1994 1686 2190 1748 rendo
2237 1686 2440 1750 turbae
2488 1707 2682 1770 quam
2731 1690 2944 1770 pavit;
2998 1691 3134 1767 ipse
3178 1694 3372 1762 solus,
3419 1698 3492 1752 ut

1992 1801 2181 1846 nemo
2249 1785 2442 1848 sciret
2513 1787 2622 1850 ubi
2689 1796 2874 1862 esset,
2938 1795 3002 1849 et
3071 1796 3141 1850 ut
3204 1789 3488 1870 quietius

371 1901 447 1946 ac
500 1882 803 1964 piscium,
855 1883 1131 1946 confessi
1178 1881 1441 1946 fuerunt
1479 1884 1695 1946 Jesum
1742 1902 1880 1946 esse
1918 1883 1965 1946 B
1992 1889 2201 1970 oraret
2246 1901 2259 1944 :
2309 1902 2436 1947 non
2484 1886 2656 1966 quod
2705 1883 3046 1948 multitudo
3095 1885 3301 1967 potuit
3348 1885 3490 1966 ejus

374 1981 777 2064 praecipuum
812 1980 999 2044 illum
1028 1981 1403 2064 Prophetam
1435 1981 1515 2044 ab
1551 1983 1693 2044 aliis
1726 2001 1883 2065 prae-

374 2079 744 2143 nuntiatum
814 2081 987 2162 quod
1054 2087 1221 2142 esset
1284 2080 1566 2144 Salvator
1632 2082 1877 2143 mundi.

375 2177 615 2261 Sieque
657 2178 1144 2245 considerabant
1180 2180 1352 2261 quod
1390 2185 1557 2240 esset
1596 2178 1881 2241 Christus

378 2278 447 2340 in
488 2278 629 2359 lege
668 2265 1047 2361 pr'omissuS,
1090 2285 1153 2340 et
1191 2295 1303 2360 per
1346 2296 1742 2359 consequens
1788 2295 1884 2340 re-

374 2385 715 2458 gnaturuS,
760 2385 955 2459 atque
1000 2376 1419 2439 hereditarius
1470 2394 1578 2438 rex
1626 2376 1815 2439 Israel
1864 2396 1877 2440 :

378 2476 928 2558 quemadmodum
973 2493 1088 2559 per
1121 2475 1455 2538 Ieremiam
1499 2474 1623 2537 fuit
1660 2476 1886 2558 praedi-

48 2591 349 2695 sar-‚nnn
379 2583 583 2650 ctum,
618 2573 781 2638 Ecce
809 2575 945 2637 dies
977 2574 1264 2650 veniunt,
1289 2574 1444 2637 dicit
1471 2573 1798 2652 Dominus,
1824 2582 1886 2638 et

380 2672 707 2737 suscitabo
736 2672 933 2737 David
970 2690 1232 2753 germen
1269 2672 1536 2753 justum,
1572 2680 1635 2734 et
1667 2692 1888 2755 regna-

378 2771 479 2834 bit
518 2765 679 2848 Rex,
730 2779 793 2834 et
839 2771 1095 2853 sapiens
1142 2771 1313 2852 erit;
1365 2778 1428 2833 et
1476 2789 1589 2853 per
1636 2771 1881 2848 isaiam,

78 2889 149 2932 ιε.
172 2901 241 2944 ᾳ,
268 2890 321 2930 ⁷.
377 2869 589 2953 Super
628 2870 862 2934 solium
899 2869 1095 2933 David
1124 2876 1188 2932 et
1216 2887 1411 2952 super
1450 2887 1715 2951 regnum
1746 2871 1886 2951 ejus

379 2968 653 3032 sedebit.
715 2969 1069 3032 Voluerunt
1130 2986 1279 3049 ergo
1340 2969 1687 3050 scripturas
1746 2969 1886 3032 illas

1992 1981 2595 2062 contemplationem
2660 1983 2990 2065 impedire,
3053 1982 3154 2046 vel
3216 1983 3492 2046 solitudo

1990 2078 2236 2158 juvare,
2279 2081 2390 2142 sed
2442 2086 2511 2141 ut
2549 2100 2663 2144 nos
2700 2101 2814 2146 suo
2863 2081 3238 2146 informaret
3280 2099 3494 2145 exem-

1994 2177 2122 2259 p10,
2139 2178 2456 2252 videlicet,
2473 2187 2544 2240 ut
2573 2186 2715 2261 post
2743 2180 3249 2264 occupationem,
3269 2199 3494 2263 quam-

1994 2276 2091 2338 vis
2141 2276 2446 2351 divinam,
2500 2296 2645 2339 cum
2692 2277 2835 2341 aliis
2884 2278 3188 2354 habitam,
3235 2278 3495 2342 festine-

1994 2393 2137 2438 mus
2188 2375 2541 2439 solitarium
2599 2376 2812 2439 locum
2859 2385 3178 2460 expetere,
3229 2377 3492 2459 illicque

1995 2493 2110 2537 nos
2161 2473 2332 2557 ipsos
2392 2474 2778 2555 recolligere,
2830 2476 3103 2540 venialia
3153 2475 3493 2540 commissa

1992 2573 2370 2655 abstergere,
2406 2573 2924 2657 contemplationi
2966 2581 3028 2637 et
3076 2575 3345 2640 orationi
3385 2593 3492 2639 va-

1994 2691 2159 2736 care.
2183 2673 2482 2735 Ascendit
2518 2673 2753 2735 etenim
2785 2672 3070 2736 Christus
3109 2673 3174 2736 in
3207 2682 3487 2737 montem
3530 2689 3785 2743 Mamm,

1994 2789 2196 2847 orare,
2250 2773 2602 2834 secundum
2654 2771 3012 2835 Matthaeum
3068 2780 3132 2834 et
3186 2771 3484 2836 Marcum.
3519 2753 3785 2867 {fjfflff‘m‘

2074 2867 2396 2944 Praeterea,
2448 2871 2620 2952 quod
2677 2869 2962 2933 Christus
3020 2871 3492 2952 promovendus

1996 2967 2063 3028 in
2104 2985 2338 3048 regem,
2373 2965 2556 3048 fugit,
2590 2969 2896 3050 quaesitus
2937 2986 3090 3033 vero
3127 2969 3204 3032 ad
3241 2969 3496 3032 crucifi-

379 3068 677 3151 implere‚
726 3075 789 3130 et
833 3068 1047 3131 Jesum
1096 3085 1293 3150 super
1339 3085 1407 3130 se
1452 3067 1887 3149 temporaliter
1924 3071 1967 3135 G
1994 3066 2297 3147 gendum,
2333 3073 2622 3148 paratum
2653 3086 2722 3130 se
2752 3067 3004 3143 obtulit,
3035 3066 3371 3131 confundit
3400 3087 3500 3130 su-

378 3165 929 3248 corporaliterque
967 3183 1231 3246 regnare
1266 3185 1279 3228 ε
1314 3173 1593 3228 errantes
1634 3165 1701 3228 in
1742 3167 1882 3242 hoc,

376 3266 557 3347 quod
596 3265 905 3347 putabant
946 3264 1295 3346 scripturas
1338 3263 1479 3326 illas
1529 3266 1608 3327 de
1644 3271 1887 3347 tempo-

374 3362 499 3425 rali
545 3363 916 3445 carnalique
958 3381 1153 3444 regno
1195 3362 1659 3443 intelligendaS,
1701 3365 1885 3444 quasi

374 3461 633 3546 primus
672 3463 984 3524 adventus
1032 3460 1270 3523 Messiae
1319 3461 1671 3543 promissus
1720 3472 1887 3525 esset

372 3562 449 3623 in
492 3561 823 3642 majestate
865 3567 928 3622 et
966 3559 1189 3641 gloria,
1224 3566 1294 3621 ut
1336 3560 1788 3636 dominaretur,
1824 3569 1887 3624 et

372 3679 511 3724 non
553 3658 765 3742 potius
806 3658 873 3720 in
914 3658 1279 3721 omnimoda
1318 3657 1697 3738 abjectione,
1732 3678 1887 3742 pau-

373 3765 629 3844 pertate
670 3764 736 3819 et
774 3756 1161 3832 humilitate,
1196 3763 1265 3817 ut
1306 3757 1721 3819 occideretur.

460 3856 797 3931 Quaeritur,
838 3874 1043 3937 quum
1086 3854 1371 3918 Christus
1420 3856 1613 3917 etiam
1661 3874 1887 3919 sccun-

370 3959 535 4022 dum
594 3961 889 4018 naturam
950 3960 1345 4036 assumptam
1403 3951 1600 4016 fuerit
1655 3971 1765 4016 rex
1822 3962 1885 4017 et

368 4056 675 4120 sacerdos
732 4071 769 4115 a
828 4050 1149 4134 principio
1206 4051 1682 4127 incarnationIS,
1745 4059 1884 4115 tan-

367 4173 576 4237 quam
607 4151 783 4216 omni
827 4159 1132 4214 creaturae
1162 4151 1458 4234 praelatus
1495 4159 1688 4233 atque
1722 4151 1887 4214 inter

1999 3163 2311 3246 perbiam,
2343 3163 2778 3242 ambitionem,
2813 3165 3148 3229 mollitiem
3192 3173 3494 3230 nostram.

1996 3264 2137 3346 Ipse
2167 3262 2338 3324 enim
2379 3262 2616 3326 idcirco
2655 3264 2789 3326 haec
2816 3262 2990 3339 fecit,
3025 3272 3095 3327 ut
3123 3267 3345 3328 doceat
3383 3284 3498 3330 nos

1997 3362 2270 3425 honores
2337 3361 2866 3444 praelationesque
2932 3362 3175 3444 fugere,
3234 3365 3499 3427 adversa

1996 3467 2204 3522 autem
2253 3459 2696 3540 aequanimiter
2744 3460 3082 3523 sustinere.
3126 3459 3270 3536 Sed,
3318 3461 3490 3524 heu!

1998 3559 2184 3643 pauci
2227 3558 2523 3622 videntur
2569 3558 2682 3640 qui
2729 3577 2854 3622 non
2905 3559 3169 3621 mallent
3225 3577 3496 3641 praeesse

1994 3677 2189 3740 quam
2229 3657 2510 3731 subesse,
2552 3655 2778 3736 jubere
2825 3675 3018 3737 quam
3067 3657 3348 3734 obedire,
3384 3658 3495 3721 ho-

1996 3757 2206 3820 norari
2246 3774 2438 3838 quam
2479 3754 2736 3836 sperni;
2777 3754 2890 3836 qui
2931 3755 3229 3836 ingerunt
3266 3764 3494 3818 semet-

1996 3856 2190 3938 ips05,
2238 3873 2363 3918 non
2416 3853 2616 3916 vocati
2655 3871 2692 3914 a
2728 3852 2854 3916 Deo
2905 3860 3210 3935 tanquam
3257 3854 3488 3918 Aaron.
3523 3874 3784 3928 uotam.

1994 3953 2182 4016 Pauci
2219 3950 2705 4016 adversitatibus
2741 3952 3020 4032 gaudent
3059 3952 3258 4033 magis
3298 3971 3492 4035 quam

1996 4051 2340 4133 prosperis.
2383 4050 2451 4112 ln
2496 4048 2633 4111 istis
2676 4050 2960 4112 nondum
3010 4049 3359 4113 exstinctus
3397 4058 3495 4114 est

1993 4169 2171 4212 amor
2219 4149 2527 4232 privatuS,
2571 4148 2855 4212 nondum
2893 4149 3200 4213 veraciter
3240 4156 3304 4212 et
3351 4167 3495 4232 per-

366 4254 580 4316 Deum
638 4258 701 4313 et
758 4249 1053 4312 homines
1113 4249 1421 4314 mediator
1477 4250 1882 4324 constitutuS,
1918 4254 1969 4316 D
1995 4249 2161 4311 fecte
2219 4266 2286 4310 se
2345 4247 2639 4329 diligunt,
2702 4248 2985 4311 nondum
3053 4257 3321 4311 utuntur
3375 4249 3496 4312 hoc

368 4350 702 4432 incipiens
742 4367 819 4410 ex
870 4355 1051 4410 utero
1100 4346 1399 4428 virgineae
1436 4347 1771 4411 Genitricis
1819 4367 1887 4411 se

370 4450 599 4532 ipsum
648 4445 888 4510 offerre
937 4464 1054 4529 pro
1092 4445 1299 4521 nobiS,
1342 4447 1661 4526 quomodo
1711 4447 1889 4510 volu·-

369 4553 573 4613 erunt
602 4565 753 4610 eum
794 4544 1002 4608 facere
1040 4562 1277 4626 regem.
1310 4543 1683 4620 Dicendum,
1716 4547 1888 4627 quod

368 4668 417 4712 a
470 4645 792 4729 principio
840 4643 967 4706 fuit
1012 4662 1123 4706 rex
1178 4643 1551 4707 auctoritate
1597 4662 1670 4706 ac
1718 4652 1891 4726 pote-

370 4752 587 4824 state;
639 4742 754 4806 sed
808 4741 1151 4805 voluerunt
1195 4759 1344 4804 eum
1392 4740 1602 4804 facere
1650 4759 1885 4822 regem,

370 4847 701 4925 quantum
739 4841 821 4902 ad
866 4857 1057 4901 usum
1105 4857 1218 4900 seu
1265 4839 1736 4902 exsecutionem
1781 4858 1891 4921 po-

371 4938 655 5004 testatis.
717 4936 1005 5018 Denique
1068 4936 1410 5000 voluerunt
1470 4955 1617 5000 eum
1684 4937 1891 5000 facere

374 5055 626 5119 regem,
670 5034 1033 5117 specialiter
1081 5043 1343 5117 propter
1388 5036 1511 5098 tria
1556 5055 1701 5118 quae
1747 5055 1895 5100 con-

374 5135 835 5200 sideraverunt
883 5134 947 5195 in
1009 5133 1174 5218 ipso,
1227 5142 1291 5196 et
1340 5135 1699 5216 specialiter
1756 5155 1898 5217 spe-

374 5243 565 5300 ctant
611 5253 686 5297 ac
736 5231 1155 5315 requiruntur
1201 5234 1279 5296 ad
1328 5251 1539 5315 regem
1594 5252 1607 5297 :
1662 5234 1894 5316 prim0,

376 5335 549 5419 quia
606 5333 908 5397 viderunt
965 5349 1110 5394 eum
1162 5331 1364 5414 pium,
1428 5333 1896 5415 compassivum

1998 4348 2239 4409 mundo
2269 4347 2445 4409 velut
2482 4346 2727 4421 exsilio,
2763 4347 2880 4409 hac
2911 4347 3043 4409 vita
3079 4353 3148 4408 ut
3185 4347 3308 4420 via,
3343 4365 3497 4430 prae-

1998 4445 2286 4508 sentibus
2347 4445 2413 4507 in
2469 4446 2692 4508 ordine
2747 4447 2824 4508 ad
2881 4443 3117 4508 futura.
3169 4445 3495 4509 Verumta-

1998 4561 2144 4607 men
2177 4543 2437 4617 scimu8,
2473 4551 2632 4634 teste
2659 4543 2980 4626 Apost010,
3019 4544 3172 4626 quia
3199 4544 3314 4627 qui
3344 4553 3494 4608 sunt
3567 4565 3723 4611 aaut.
3744 4579 3784 4618 v,

1998 4641 2254 4716 Christi,
2306 4658 2560 4704 carnem
2609 4661 2788 4704 suam
2837 4641 3298 4705 crucifixerunt
3344 4662 3492 4706 cum
3521 4631 3590 4672 ²⁴·

2000 4740 2174 4803 vitiis
2215 4747 2278 4802 et
2320 4739 2876 4821 concupiscentiis,

2090 4842 2168 4900 Ut
2198 4848 2414 4900 autem
2441 4857 2579 4898 sero
2607 4838 2860 4915 factum
2888 4847 3005 4908 est,
3031 4841 3494 4902 descenderunt
3633 4844 3702 4900 16

1997 4939 2315 5018 discipuli
2337 4939 2478 5015 ejus
2507 4940 2594 4998 ad
2624 4956 2821 4998 mare.
2855 4936 2982 5000 Hoc
3016 4939 3186 5018 quod
3224 4937 3356 5019 jam
3387 4939 3495 5003 hic

2002 5037 2301 5100 recitatur
2345 5037 2422 5099 de
2465 5033 2862 5115 navigatione
2910 5035 3394 5117 discipulorum,
3428 5039 3496 5102 in

2000 5135 2327 5218 aliquibus
2387 5132 2650 5197 differre
2708 5132 2960 5196 videtur
3014 5153 3052 5196 a
3099 5134 3500 5217 navigatione

2003 5255 2196 5318 quam
2221 5234 2328 5297 alii
2363 5231 2776 5313 Evangelistae
2815 5231 3184 5295 describunt
3215 5243 3358 5316 post
3383 5237 3502 5298 mi-

2006 5334 2296 5398 raculum
2342 5349 2601 5415 panum.
2637 5329 2750 5392 Hic
2791 5329 2965 5394 enim
3005 5331 3296 5408 habetur,
3330 5337 3502 5416 quod
