4300 6259
1107 510 1457 558 malumno
1499 508 1562 554 m
1605 506 1742 554 CAP-
1788 507 1898 554 xlx
1938 505 2126 554 LUGAE.
2171 525 2252 537 -
2294 507 2435 553 ART.
2480 507 2603 552 nu

3169 553 3179 564 .
3284 490 3394 555 161

306 699 436 743 mea
463 700 718 745 mecum
749 689 866 757 est,
884 683 1034 745 dare
1065 682 1416 764 unicuique
1445 681 1794 744 secundum
1827 678 1878 740 A
1907 678 2112 754 Porro,
2133 681 2485 742 secundum
2515 678 2815 755 Glossam,
2840 697 2989 742 mna
3016 680 3232 742 decem
3265 680 3400 742 dra-

303 799 484 861 opera
526 800 665 843 sua.

377 878 580 942 Potest
616 886 830 942 autem
867 887 930 942 et
967 877 1054 941 ita
1096 878 1329 961 exponi
1367 897 1380 940 ε
1416 881 1622 941 Homo
1652 880 1796 958 qui-

305 979 448 1038 dam
507 979 744 1038 nobilis
800 979 966 1039 abiit
1025 978 1100 1036 in
1151 979 1478 1055 regionem
1535 979 1792 1053 lonqin-

300 1096 512 1154 quam,
543 1076 663 1138 hoc
706 1083 822 1150 est,
865 1077 942 1138 de
993 1094 1245 1139 summo
1297 1075 1456 1138 coelo
1499 1075 1675 1139 venit
1724 1075 1788 1136 in

299 1172 460 1235 hunc
490 1174 804 1236 mundum
837 1172 1229 1248 inferiorem,
1254 1173 1788 1255 quemadmodum

134 1301 154 1330 x
201 1271 600 1352 1..scriptum
659 1279 756 1333 est
807 1290 823 1335 ε
874 1271 926 1332 Α
983 1289 1238 1334 summo
1295 1271 1456 1334 coelo
1513 1270 1790 1351 egressio

87 2367 203 2411 laeli.
217 2383 266 2420 tx,

63 2431 108 2472 Ιθ.

63 2955 208 3058 ,Παιαελ
217 2973 252 3002 tv

77 3021 190 3127 ἐμ..

63 3143 106 3193 Β,
121 3147 174 3188 9-6.

122 3435 177 3490 13

85 4814 100 4858 l
111 4817 194 4862 Cor.
205 4835 266 4874 m,

63 4877 104 4919 Η
111 4882 144 4922 0.

63 5209 270 5267 mama.

297 1368 448 1449 ejus,
505 1368 766 1451 Propter
815 1370 988 1451 quod
1044 1369 1330 1432 Christus
1388 1369 1558 1450 apud
1609 1367 1792 1431 Joan-

219 1499 270 1535 m,
299 1486 438 1530 nem
487 1468 774 1550 loquitur
812 1469 891 1530 de
929 1485 998 1530 se
1036 1468 1177 1550 ipso
1211 1486 1226 1530 :
1267 1465 1463 1530 Nemo
1505 1466 1791 1529 ascendit

299 1565 360 1628 in
418 1566 676 1640 coelum,
730 1566 855 1628 nisi
915 1565 1028 1647 qui
1079 1565 1410 1628 descendit
1467 1565 1544 1626 de
1602 1564 1784 1638 coe10‚

296 1663 485 1726 Filius
528 1664 810 1728 hominis
849 1664 964 1746 qui
1009 1671 1104 1727 est
1145 1663 1212 1726 in
1257 1663 1441 1726 coelo.
1483 1664 1789 1740 Accipere

295 1763 416 1822 sibi
460 1782 762 1840 requam,
809 1763 933 1826 hoc
982 1769 1101 1838 est,
1153 1779 1230 1824 ex
1285 1761 1504 1824 electis
1556 1759 1786 1823 Judaeis

1907 777 2122 840 chmas
2167 778 2473 861 appendit
2514 797 2625 840 seu
2670 779 2856 842 valet.

1983 879 2071 938 Ec
2109 879 2207 938 ait
2246 881 2335 938 ad
2372 880 2517 938 illos
2547 898 2571 938 .·
2606 879 3051 955 Neyotiamini
3092 880 3253 938 dam
3300 897 3402 937 ve-

1901 977 2036 1046 nio,
2069 975 2190 1039 hoc
2220 983 2335 1049 est,
2370 974 2705 1038 beneficiis
2737 975 3047 1057 donisque
3077 974 3184 1036 Dei
3218 973 3398 1038 vobis

1904 1073 2221 1136 concessis
2262 1073 2585 1137 fructuose
2627 1072 2916 1146 utamini,
2951 1073 3292 1135 crescendo
3330 1073 3398 1135 in

1903 1171 2015 1246 eiS,
2069 1180 2131 1234 et
2179 1172 2666 1255 multiplicando
2714 1190 2787 1234 ea
2836 1189 2950 1254 per
2994 1189 3188 1254 opera
3233 1171 3400 1235 bona

1901 1288 2013 1332 seu
2053 1271 2300 1346 merita,
2336 1271 2558 1353 sicque
2596 1288 2710 1353 per
2744 1269 2911 1333 bona
2948 1268 3093 1333 vitae
3133 1287 3399 1352 praesen·

1901 1369 1981 1431 tis
2011 1369 2351 1432 mercando
2390 1368 2557 1432 bona
2591 1367 2811 1449 gloriae
2840 1368 2987 1432 vitae
3023 1366 3255 1429 futurae
3288 1385 3301 1430 ε
3336 1374 3400 1429 et

1901 1466 2040 1543 hoc,
2077 1486 2193 1550 per
2229 1475 2430 1531 totum
2470 1474 2723 1549 tempus
2764 1467 2909 1530 vitae
2950 1466 3157 1541 istim,
3194 1483 3397 1547 usque

1899 1567 1976 1628 ad
2026 1565 2227 1629 finem
2276 1566 2515 1641 saeculi,
2565 1565 2629 1627 in
2678 1583 2807 1646 quo
2856 1566 2935 1628 ad
2979 1564 3395 1645 judicandum

1901 1664 2142 1729 redibo.
2177 1665 2437 1727 Interim
2478 1682 2757 1745 namque
2787 1671 2881 1726 est
2912 1670 3109 1725 status
3149 1680 3400 1725 meren-

1900 1764 1964 1825 di
2007 1782 2081 1826 ac
2127 1763 2517 1826 demerendi.
2562 1762 2705 1825 Haec
2754 1769 2849 1825 est
2889 1761 3227 1842 negotiatio
3270 1761 3401 1844 spi-

297 1867 354 1921 et
394 1861 745 1941 gentilibus
802 1860 1100 1941 colligere
1149 1858 1273 1922 sibi
1328 1859 1664 1941 populum,
1718 1857 1784 1920 in
1823 1863 1870 1926 B
1901 1863 2146 1924 ritualis
2204 1882 2277 1925 ac
2333 1862 2521 1936 bona,
2582 1880 2709 1944 qua
2764 1879 3031 1942 regnum
3090 1860 3396 1923 coelorum

297 1975 418 2039 quo
464 1966 759 2039 regnaret
803 1977 917 2041 per
960 1958 1250 2039 gratiam.
1283 1957 1460 2019 Unde
1507 1956 1575 2018 in
1622 1955 1789 2018 Psal-

157 2086 193 2124 ιι,
233 2105 246 2117 .
297 2075 396 2120 mo
439 2056 622 2120 Pater
667 2058 954 2140 loquitur
1001 2056 1161 2121 Filio
1210 2074 1224 2118 ε
1276 2055 1528 2119 Postula
1572 2075 1609 2117 a
1656 2073 1781 2131 me,

297 2165 356 2218 et
381 2156 544 2221 dabo
576 2155 694 2219 tibi
722 2164 943 2237 gentes
984 2154 1400 2218 hereditatem
1437 2162 1634 2229 tuam,
1662 2161 1782 2216 etc.

295 2253 404 2317 Per
450 2255 818 2319 Zachariam
875 2271 1135 2336 quoque
1193 2254 1270 2315 de
1328 2252 1576 2316 Christo
1629 2271 1788 2334 prae—

296 2353 530 2415 dictum
575 2361 672 2416 est
715 2371 730 2416 ε
777 2351 1052 2416 Potestas
1101 2352 1241 2433 ejus
1288 2370 1327 2412 a
1371 2351 1530 2413 mari
1582 2368 1786 2433 usque

294 2453 368 2514 ad
414 2469 613 2527 mare,
661 2458 722 2513 et
764 2470 801 2512 a
841 2449 1228 2513 fluminibus
1280 2467 1482 2530 usque
1531 2449 1609 2512 ad
1658 2456 1786 2511 ter-

296 2551 498 2614 minos
545 2557 754 2613 terrae.
805 2553 887 2612 Ec
936 2550 1175 2610 reverti
1221 2548 1288 2610 in
1346 2548 1481 2610 fine
1534 2547 1782 2621 mundi,

295 2649 391 2710 vel
449 2648 645 2731 paulo
701 2655 869 2722 ante,
921 2647 1180 2728 quando
1228 2663 1342 2728 per
1390 2645 1530 2727 ejus
1590 2645 1790 2708 virtu-

293 2753 417 2808 tem
455 2753 521 2808 et
556 2746 828 2828 gratiam
868 2744 1066 2807 Judaei
1103 2743 1485 2826 generaliter
1525 2761 1790 2806 conver-

295 2851 504 2908 tentur
539 2847 620 2908 ad
659 2844 860 2907 fidem
901 2861 1014 2925 per
1057 2842 1570 2926 praedicationem
1610 2841 1783 2917 Eliae,

255 2950 362 3011 ,ut
401 2943 466 3005 in
509 2942 816 3006 Malachia
862 2941 1115 3022 legitur.
1158 2940 1244 3003 De
1285 2959 1414 3021 quo
1457 2946 1520 3001 et
1557 2938 1786 3002 Paulus

292 3041 366 3102 ad
423 3041 738 3105 Romanos
789 3046 1056 3103 testatur
1107 3057 1122 3102 :

296 3138 556 3220 contigit
603 3138 671 3200 in
723 3138 937 3212 Israel,
988 3137 1188 3201 donec
1247 3136 1581 3219 plenitudo
1634 3154 1788 3217 gen-

294 3234 450 3298 tium
501 3237 792 3311 intraret,
839 3243 903 3298 et
953 3235 1047 3298 sic
1085 3236 1296 3300 omnis
1339 3235 1530 3298 Israel
1573 3235 1788 3298 salvus

295 3333 497 3397 fieret.

387 3435 638 3495 Vocatis
683 3443 901 3495 autem
947 3436 1161 3494 decem
1207 3433 1410 3493 servis
1455 3434 1619 3504 suis,
1669 3433 1790 3495 hoc

295 3538 386 3592 est
432 3531 684 3594 cunctis
731 3532 1140 3594 credentibus
1184 3551 1198 3594 ε
1242 3531 1354 3613 qui
1406 3549 1522 3612 per
1570 3532 1788 3593 decem

293 3629 648 3711 signantur,
711 3639 972 3713 propter
1036 3630 1325 3711 Decalogi
1387 3629 1790 3712 adimpletio-

295 3745 457 3804 nem,
504 3745 624 3811 per
671 3746 866 3809 quam
915 3728 1091 3809 digni
1135 3736 1282 3790 sunt
1323 3727 1489 3790 servi
1533 3727 1641 3789 Dei
1683 3746 1792 3790 vo-

295 3827 460 3910 cari3
503 3827 633 3902 vel,
665 3827 818 3909 quia
856 3827 1153 3890 denarius
1193 3834 1291 3889 est
1320 3827 1566 3909 primus
1605 3826 1790 3888 limes

295 3943 734 4000 numerorum,
794 3932 1264 4007 sequentesque
1327 3925 1578 3986 numeri
1643 3931 1794 3986 sunt

295 4022 742 4104 replicationes
783 4021 1009 4104 ipsiuS,
1044 4040 1117 4085 ac
1158 4022 1436 4104 partium
1485 4021 1648 4104 ejus.
1681 4021 1792 4086 Po-

293 4127 412 4182 test
462 4137 728 4203 quoque
787 4138 902 4202 per
953 4139 1169 4184 servos
1224 4121 1376 4184 istos
1433 4121 1793 4202 specialiter

1898 1961 2132 2025 emitur
2164 1967 2554 2043 paupertate,
2587 1961 2771 2042 quies
2801 1967 3035 2022 aeterna
3065 1957 3397 2041 temporali

1899 2059 2134 2133 labore,
2171 2059 2375 2122 honor
2412 2065 2477 2120 et
2519 2057 2823 2138 gaudium
2869 2056 3045 2137 regni
3095 2055 3393 2131 coelestiS,

1899 2157 2271 2221 confusione
2320 2163 2381 2219 et
2431 2155 2647 2219 dolore
2695 2155 3004 2219 incolatus
3056 2156 3392 2217 terrestris.

1898 2255 2057 2319 Hinc
2095 2257 2265 2338 apud
2302 2254 2659 2317 Matthaeum
2698 2253 2785 2316 ait
2816 2252 3098 2316 Salvator
3130 2271 3143 2315 :
3178 2252 3398 2316 Simile
3425 2277 3689 2332 Mamm,

1899 2363 1994 2416 est
2037 2372 2303 2435 regnum
2354 2353 2659 2416 coelorum
2708 2351 2950 2414 bomini
3000 2351 3393 2432 negotiatori.
3426 2343 3496 2385 ⁴⁵·

1899 2451 2006 2514 Est
2042 2459 2257 2515 autem
2288 2458 2350 2514 et
2387 2450 2729 2532 negotiatio
2769 2450 3112 2526 saeculariS‚
3147 2469 3291 2532 quae
3330 2451 3397 2514 in

1899 2551 2036 2616 loco
2079 2570 2257 2614 sacro
2301 2549 2699 2633 prohibetur,
2743 2551 2821 2612 de
2858 2569 2986 2631 qua
3029 2549 3182 2612 dicit
3224 2549 3400 2614 Chri-

1899 2656 2032 2710 stus
2069 2669 2080 2711 :
2115 2648 2323 2713 Nolite
2365 2648 2629 2712 domum
2657 2647 2856 2710 Patris
2885 2647 3012 2710 mei
3050 2646 3259 2710 facere
3289 2650 3401 2711 do-
3464 2671 3627 2716 Jom.
3648 2685 3693 2726 ιι,

1897 2766 2075 2809 mum
2119 2747 2588 2828 negotiationis,
3428 2737 3495 2778 ¹⁶·

1982 2848 2161 2908 Cives
2194 2855 2411 2906 autem
2448 2846 2611 2923 ejus,
2655 2851 2809 2926 puta
2853 2843 3073 2920 Judaei,
3117 2845 3195 2906 de
3241 2863 3399 2926 quo-

1900 2964 2043 3006 rum
2100 2953 2269 3007 terra
2314 2952 2378 3006 et
2435 2944 2672 3026 populo
2732 2944 3083 3006 secundum
3143 2961 3397 3007 carnem

3537 2851 3606 2909 14

1177 3038 1433 3103 Caecitas
1483 3056 1560 3100 ex
1611 3045 1790 3120 parte
1825 3045 1870 3112 C
1900 3051 2083 3107 natus
2132 3051 2230 3105 est
2277 3041 2584 3118 ChristuS,
2623 3045 2892 3103 oderant
2930 3062 3100 3104 eum.
3132 3042 3288 3105 Nam
3336 3050 3399 3105 et

1898 3142 2133 3205 Pilatus
2171 3141 2361 3204 scivit
2387 3140 2560 3222 quod
2602 3157 2718 3222 per
2760 3140 3067 3203 invidiam
3105 3142 3398 3204 tradidis-
3476 3163 3648 3209 Macen.

1899 3249 2042 3304 sent
2082 3258 2254 3302 eum.
2288 3239 2365 3301 Et
2402 3239 2572 3321 apud
2609 3237 2912 3302 Ioannem
2962 3240 3189 3302 asserit
3225 3240 3398 3304 Chri·
3426 3231 3637 3281 ¹¹V¹¹³¹⁸·

1901 3347 2034 3402 stus
2080 3358 2094 3402 :
2137 3337 2291 3400 Odio
2340 3337 2702 3399 hahuerunt
2743 3355 2847 3398 me
2883 3337 3100 3418 gratis.
3133 3338 3287 3414 lmo‚
3330 3339 3395 3401 in
3442 3361 3693 3416 Joanmv,

1900 3444 2145 3500 tantum
2187 3437 2449 3500 oderant
2486 3453 2658 3510 eum,
2694 3436 2864 3517 quod
2901 3435 3113 3516 gravis
3153 3435 3275 3499 fuit
3304 3437 3395 3499 eis
3426 3426 3591 3544 {aaa
3621 3491 3687 3531 ¹5·

1899 3537 1977 3598 ad
2020 3535 2388 3599 videndum.
2433 3533 2627 3614 Cujus
2670 3551 2861 3595 causa
2901 3533 2967 3596 in
3012 3532 3175 3597 libro
3223 3533 3399 3617 Sapi·
3594 3519 3605 3542 ⁸

1899 3632 2087 3696 entiae
2135 3631 2487 3694 clarissime
2541 3630 2846 3712 aperitur,
2901 3630 3010 3693 ubi
3060 3631 3127 3693 in
3175 3649 3393 3696 eorum

1902 3749 2171 3813 persona
2213 3729 2515 3793 asseritur
2548 3747 2561 3791 :
2598 3727 2923 3810 Tanquam
2966 3748 3239 3810 nugaces
3286 3749 3399 3794 aes-
3424 3745 3690 3800 masona,

1900 3829 2103 3892 timati
2135 3847 2359 3890 sumus
2387 3826 2466 3889 ab
2498 3826 2630 3901 illc,
2666 3834 2727 3888 et
2757 3825 3146 3909 improperat
3184 3828 3250 3891 in
3282 3848 3396 3893 nos
3428 3810 3495 3862 ’θ’
3516 3812 3585 3853 ¹⁵·

1902 3935 2159 4009 peccata
2187 3926 2385 4007 legis3
2428 3932 2491 3987 et
2524 3924 2798 3987 abstinet
2838 3943 2905 3987 se
2937 3945 2974 3987 a
3004 3926 3125 3990 viis
3166 3929 3397 3991 nostris

1898 4033 2204 4107 tanquam
2233 4024 2313 4086 ab
2347 4023 2799 4098 immunditiis,
2833 4031 2896 4086 et
2934 4023 3263 4089 dissimilis
3303 4034 3399 4090 est

1901 4124 2042 4186 aliis
2083 4123 2214 4186 vita
2253 4122 2450 4184 illius.
2483 4121 2953 4205 impletumque
2998 4122 3121 4216 fuit
3165 4123 3230 4187 in
3279 4125 3393 4200 eiS,

292 4220 492 4303 accipi
522 4220 684 4285 ordo
714 4219 1139 4300 praelatorum,
1175 4218 1680 4301 praedicatorum‚
1715 4221 1794 4282 si·
1822 4227 1873 4290 D
1901 4222 2073 4305 quod
2102 4221 2171 4284 in
2200 4219 2557 4284 Proverbiis
2587 4219 2937 4284 Salomonis
2970 4221 3201 4303 legitur
3224 4222 3396 4287 :Non
3468 4239 3688 4294 Promv,

295 4335 367 4378 ve
405 4319 766 4382 doctorum.
799 4319 995 4379 Dedit
1022 4319 1161 4378 illis
1191 4320 1405 4379 decem
1433 4339 1641 4387 mnas,
1673 4319 1794 4382 hoc

293 4424 384 4478 est
419 4417 604 4480 varia
645 4417 812 4479 dona
848 4423 976 4477 tam
1013 4415 1230 4498 gratiae
1265 4423 1517 4496 gratum
1558 4416 1796 4480 facien-

293 4513 390 4589 tis,
422 4533 628 4597 quam
654 4513 872 4596 gratiae
898 4513 1092 4595 gratis
1123 4514 1312 4595 datae3
1347 4532 1464 4576 nec
1493 4515 1793 4578 omnibus

293 4629 467 4694 aeque
517 4612 825 4686 multum,
875 4612 987 4674 sed
1042 4611 1391 4693 unicuique
1441 4614 1790 4676 secundum

296 4709 492 4792 ipsius
523 4712 856 4786 virtutem,
891 4727 1004 4772 seu
1044 4710 1477 4792 capacitatem.
1513 4711 1671 4775 Hinc
1707 4713 1795 4774 ait

291 4810 636 4891 Apostolus
669 4827 684 4872 ε
718 4808 842 4871 Alii
886 4827 1000 4890 per
1029 4807 1340 4891 Spiritum
1371 4811 1554 4872 datur
1585 4828 1794 4874 sermo

293 4909 644 4990 sapientiae,
686 4907 797 4969 alii
844 4925 1053 4970 sermo
1097 4907 1398 4983 scientiae,
1440 4908 1549 4971 alii
1596 4911 1797 4990 gratia

293 5008 659 5082 sanitatum,
683 5005 792 5067 alii
827 5005 1111 5086 operatio
1141 5006 1465 5086 virtutum,
1481 5007 1591 5070 alii
1616 5026 1798 5090 gene-

296 5123 360 5166 ra
386 5105 780 5188 linguarum,
813 5103 924 5166 alii
954 5104 1252 5168 discretio
1287 5104 1652 5189 spirituum,
1686 5107 1793 5170 alii

295 5203 736 5288 interpretatio
784 5221 1194 5284 sermonum3
1247 5203 1550 5285 itemque,
1596 5204 1797 5268 Unus—

295 5301 569 5386 quisque
623 5301 962 5385 proprium
1015 5301 1254 5365 donum
1312 5301 1504 5364 habet
1557 5321 1593 5364 a
1645 5303 1791 5368 Deo.

539 5435 609 5487 T.
647 5434 728 5486 12.

1901 4327 2070 4383 amat
2112 4319 2415 4402 pestilens
2456 4336 2601 4381 eum
2646 4319 2758 4400 qui
2804 4337 2871 4382 se
2913 4321 3196 4403 corripit.
3238 4320 3400 4394 Quo·
3427 4304 3494 4346 ¹²·

1903 4437 2045 4481 rum
2076 4416 2555 4499 perversitatem
2596 4435 2769 4479 nunc
2798 4418 2983 4480 multi
3014 4427 3392 4501 sequuntur,

1902 4517 2014 4599 qui
2051 4516 2133 4578 ab
2169 4515 2525 4578 animarum
2568 4533 2826 4578 suarum
2868 4526 3180 4600 respuunt
3219 4538 3400 4582 cura-

1904 4616 1957 4677 ri
2009 4613 2404 4688 vulneribuS,
2457 4621 2521 4676 et
2576 4613 3012 4677 indesinenter
3062 4617 3400 4681 vulnerant

1905 4713 2301 4794 semetipsos.
2340 4714 2428 4773 Ec
2470 4714 2787 4774 miserunt
2839 4717 3214 4792 legationem
3252 4727 3399 4796 post

1904 4815 2097 4873 illum
2127 4832 2150 4871 .·
2182 4811 2303 4874 hoc
2344 4817 2461 4885 est,
2506 4819 2648 4893 post
2690 4810 2920 4874 Christi
2961 4814 3395 4877 ascensionem

1906 4909 2111 4974 conati
2152 4915 2302 4971 sunt
2342 4908 2771 4989 evangelicam
2809 4908 3007 4972 fidem
3051 4929 3123 4973 ac
3164 4912 3394 4994 legem,

1906 5025 2303 5090 regnumque
2332 5005 2564 5069 Christi
2606 5007 2672 5070 in
2710 5016 2878 5070 terra
2916 5009 3261 5072 destruere.
3303 5011 3398 5074 Ad

1904 5108 2075 5190 quod
2104 5105 2469 5168 faciendum
2508 5106 2815 5186 quosdam
2845 5107 2998 5171 hinc
3032 5108 3179 5171 inde
3208 5109 3400 5172 mise-

1906 5215 2056 5268 runt
2102 5222 2117 5267 ε
2171 5221 2447 5286 quorum
2494 5204 2573 5265 ad
2618 5212 2871 5287 tempus
2935 5225 3101 5269 unus
3157 5208 3398 5271 exstitit

1903 5304 2155 5379 PauluS‚
2190 5301 2502 5366 transiens
2538 5304 2616 5367 ad
2658 5303 3025 5368 Damascum
3061 5306 3141 5369 ad
3182 5324 3399 5390 perse-
3424 5331 3687 5385 Acamas.

3081 5437 3144 5490 11
