4300 6259
43 888 246 931 Joann.
271 904 330 939 v,

13 953 74 994 Β.

13 1190 334 1242 Dens-1153,

13 1258 76 1297 1⁴.

47 1386 246 1430 Ιοωιη.
275 1402 336 1439 v,

63 2276 296 2319 Ibidem.

121 2458 204 2512 51

61 3470 178 3525 Sap.
196 3484 246 3521 v,
265 3472 345 3511 16.

1139 509 1487 556 manuario
1529 510 1590 554 m
1633 510 1770 555 CAP.
1814 508 1922 555 vm
1962 508 2239 556 JoANms.
2284 528 2365 539 —
2404 510 2547 556 Aur.
2593 508 2749 555 xxm

371 684 464 745 de
500 683 623 746 hoc
652 680 967 763 judicabit
997 699 1106 746 vos
1139 680 1382 762 judicio
1419 679 1890 743 condemnatio-
1917 677 1968 739 A
2000 679 2201 762 porali
2262 680 2687 761 intelligentes
2748 698 2762 741 :

375 781 512 842 niS.
565 781 747 844 Pater
802 782 976 843 enim
1023 780 1293 862 requirit
1350 787 1412 841 et
1470 779 1607 842 vult
1655 778 1884 839 Filium

376 899 579 941 suum
608 879 957 961 glorificari
997 879 1075 941 ab
1114 878 1414 943 omnibus
1449 898 1462 941 ε
1500 878 1736 945 idcirco
1774 876 1887 958 qui

379 998 518 1041 non
574 978 958 1041 honorificat
1012 977 1267 1050 Filium,
1321 996 1445 1039 non
1507 966 1888 1040 honorificat

377 1076 656 1139 Patrem.
719 1078 897 1140 Unde
955 1077 1019 1139 in
1077 1076 1332 1138 Daniele
1397 1076 1706 1157 scriptum
1767 1082 1882 1149 est,

377 1177 564 1257 quod
632 1176 949 1259 Antiquus
1013 1176 1282 1249 dierum,
1352 1174 1646 1237 videlicet
1709 1172 1886 1234 Pater

378 1282 687 1349 aiterum,
721 1274 896 1337 dedit
941 1274 998 1336 ei
1043 1281 1437 1355 potestatem,
1472 1272 1776 1335 honorem
1824 1278 1887 1333 et

379 1390 677 1453 regnum.
733 1373 1040 1455 Superius
1090 1372 1250 1435 dixit
1307 1372 1588 1434 Salvator
1641 1389 1654 1433 :
1709 1369 1885 1431 Pater

383 1491 518 1533 non
585 1470 828 1551 judicat
895 1488 1308 1553 quemquam.
1365 1470 1687 1542 Quomodo
1735 1486 1884 1549 ergo

381 1589 564 1632 nunc
628 1570 717 1632 ait
782 1570 860 1632 de
918 1570 1116 1643 Patre,
1179 1568 1284 1631 Est
1349 1569 1461 1651 qui
1516 1575 1757 1650 quaerat
1823 1573 1886 1629 et

374 1669 672 1749 judicet?
720 1669 1276 1751 Respondendum,
1311 1670 1480 1750 quod
1532 1668 1595 1729 in
1643 1667 1885 1749 judicio

379 1771 514 1831 duo
551 1768 1056 1840 considerantur,
1108 1767 1406 1830 videlicet
1464 1766 1601 1848 ipsa
1653 1766 1887 1829 discre-

3368 484 3487 551 443

2826 681 3021 744 Nunc
3074 679 3489 756 coqnovimus

1997 784 2155 860 quia
2188 782 2584 842 daemonium
2614 781 2824 848 habes,
2859 779 2922 841 id
2952 786 3067 853 est,
3103 786 3228 840 tam
3277 779 3490 841 insen-

1997 886 2128 941 sate
2168 887 2423 959 tamque
2473 878 2805 941 manifeste
2848 878 3233 940 mendaciter
3273 879 3490 961 loque-

1997 978 2109 1055 ris,
2161 979 2331 1060 quod
2370 978 2481 1059 qui
2529 976 2716 1059 paulo
2763 984 2908 1039 ante
2955 977 3375 1060 opinabamur
3426 988 3488 1041 te

1996 1077 2382 1139 daemonium
2413 1076 2666 1150 habere,
2704 1076 2937 1157 illoque
2968 1076 3305 1157 instigante
3335 1077 3490 1139 stul-

1994 1176 2240 1237 tissime
2287 1176 2484 1256 loqui,
2519 1195 2690 1237 nunc
2742 1175 2895 1239 certi
2946 1194 3167 1237 sumus
3215 1176 3293 1237 de
3343 1174 3481 1239 hoc.

1995 1271 2072 1333 Et
2127 1266 2247 1335 h‘oc
2306 1272 2597 1353 probant.
2658 1274 2989 1334 Abraham
3040 1282 3335 1333 mortuus
3396 1286 3487 1333 esc

1997 1378 2199 1433 morte
2232 1370 2565 1452 corporali,
2600 1390 2802 1452 quum
2840 1378 3007 1434 esset
3050 1377 3303 1432 centum
3348 1388 3486 1451 sep·
3543 1390 3651 1434 oen.
3679 1404 3777 1441 m,

1994 1471 2278 1551 tuaginta
2324 1472 2613 1552 quinque
2659 1488 3013 1544 annorum;
3065 1469 3486 1551 sepelierunt·
3513 1456 3735 1559 ⁷·122i9·

1994 1587 2121 1650 que
2170 1587 2314 1631 eum
2364 1569 2532 1631 Isaac
2579 1576 2640 1631 et
2687 1568 2907 1631 ismael
2947 1566 3067 1630 filii
3117 1568 3278 1648 ejus,
3304 1575 3375 1629 ut
3415 1567 3481 1629 in

1993 1667 2218 1730 Genesi
2250 1668 2522 1742 dicitur;
2566 1679 2626 1730 et
2654 1670 2989 1745 Prophetae
3032 1666 3264 1729 mortui
3308 1674 3480 1728 sunt.

1994 1765 2181 1838 Quasi
2211 1766 2424 1829 dicant
2457 1786 2471 1829 ε
2497 1766 2649 1827 Tam
2679 1772 2933 1827 sanctus
2965 1764 3320 1848 patriarcha
3348 1763 3489 1826 bea-

381 1868 476 1930 tio
535 1867 686 1930 boni
746 1885 783 1928 a
841 1866 1028 1940 malo,
1083 1873 1144 1928 et
1202 1866 1472 1948 prolatio
1529 1864 1878 1927 sententias.
1923 1861 1967 1922 B
1997 1866 2357 1948 tissimique
2415 1864 2759 1947 Prophetae,
2821 1864 2933 1946 qui
2994 1881 3315 1927 sermones
3376 1862 3482 1925 Dei

379 1966 704 2039 Quantum
762 1967 841 2028 ad·
891 1965 1196 2048 primum,
1247 1964 1490 2046 judicat
1545 1963 1723 2026 Pater
1771 1982 1883 2025 seu

381 2064 660 2127 Trinitas
703 2071 950 2126 tantum
999 2081 1113 2146 per
1157 2062 1638 2143 auctoritatem3
1690 2080 1886 2143 quan-

382 2170 522 2225 tum
554 2164 632 2225 ad
671 2163 1047 2235 secundum,
1063 2161 1308 2242 judicat
1345 2160 1629 2223 Christus
1667 2178 1886 2223 secun-

383 2262 540 2323 dum
591 2268 882 2323 naturam
930 2268 1346 2342 assumptam,
1384 2267 1453 2321 ut
1496 2260 1738 2322 dictum
1789 2266 1884 2321 est

386 2360 642 2444 plenius
687 2378 903 2442 supra.

463 2462 701 2527 Amen,
751 2478 965 2528 amen,
1018 2458 1084 2519 id
1143 2464 1239 2519 est
1286 2474 1456 2530 vere,
1511 2474 1678 2531 vere,
1736 2457 1882 2516 dico

381 2560 580 2619 vobi-3.
640 2555 1015 2637 Ingeminat‚
1075 2554 1298 2629 Amen,
1359 2555 1434 2617 ad
1502 2554 1875 2636 ampliorem

379 2654 856 2719 certitudinem.
918 2656 1000 2715 Si
1055 2656 1202 2733 quis
1257 2673 1608 2713 sermonem
1667 2673 1878 2713 meum

373 2756 757 2821 servaverit,
803 2770 918 2834 per
948 2751 1146 2814 fidem
1177 2759 1240 2813 et
1275 2752 1621 2825 caritatem,
1657 2751 1720 2813 id
1759 2758 1876 2826 est,

379 2852 598 2915 verbis
659 2851 818 2912 meis
881 2850 1161 2912 fideliter
1218 2850 1549 2922 obedierit,
1613 2860 1878 2911 mortem

381 2970 511 3011 non
551 2952 791 3011 videbit
818 2951 887 3010 in
915 2958 1256 3019 aeternum,
1287 2948 1349 3011 id
1384 2957 1499 3021 est,
1552 2966 1878 3029 nunquam

379 3048 750 3130 experietur
795 3066 909 3109 seu
969 3046 1200 3109 sentiet
1258 3054 1526 3110 mortem
1587 3045 1882 3128 spiritua·
1918 3056 1960 3118 C
2073 3048 2418 3127 Numquid
2448 3057 2517 3108 cu
2563 3048 2796 3122 major,
2827 3046 2890 3108 id
2938 3052 3035 3109 est
3081 3046 3375 3119 sanctior,
3418 3068 3481 3107 es

381 3147 510 3209 lem
545 3165 559 3209 :
596 3146 750 3228 quia
781 3164 896 3208 nec
927 3145 992 3207 in
1026 3144 1323 3227 praesenti
1357 3144 1714 3226 privabitur
1752 3145 1882 3207 vita

375 3245 622 3326 gratiae,
658 3263 774 3307 nec
821 3244 886 3306 in
937 3244 1154 3307 futuro
1197 3244 1326 3305 vita
1370 3244 1610 3325 gloriae,
1657 3252 1720 3306 et
1762 3262 1880 3306 nec

378 3361 642 3424 poenam
684 3361 909 3406 sensus
954 3361 1072 3404 nec
1123 3360 1378 3423 poenam
1420 3342 1634 3405 damni
1676 3342 1742 3403 in
1793 3342 1884 3404 in·

378 3443 568 3506 ferno
617 3441 897 3504 habebit.
947 3440 1106 3504 Justi
1157 3441 1328 3503 enim
1383 3441 1446 3503 in
1500 3448 1878 3524 perpetuum

378 3542 624 3615 vivent,
660 3548 730 3602 ut
771 3539 1034 3623 Sapiens
1078 3540 1184 3601 ait.
1228 3540 1475 3614 Videre,
1509 3540 1573 3601 in
1607 3539 1884 3622 Scriptu-

381 3641 471 3703 ris
501 3640 582 3703 ad
611 3657 832 3703 omnes
871 3657 1096 3701 sensus
1141 3638 1434 3713 refertur,
1468 3647 1532 3701 et
1567 3640 1646 3700 ad
1685 3638 1884 3700 sensi-

377 3740 581 3803 tivam
625 3745 817 3821 atque
865 3737 1317 3800 intellectivam
1364 3738 1673 3800 notitiam.
1709 3737 1881 3799 Unde

381 3856 561 3900 nunc
621 3836 897 3899 sumitur
952 3854 1067 3917 pro
1119 3843 1394 3916 gustare,
1449 3836 1549 3898 vel
1603 3835 1878 3917 experiri

379 3955 496 4000 seu
531 3935 684 4018 pati.
719 3933 823 3997 Sic
860 3952 1119 4016 quoque
1159 3933 1473 4014 accipitur
1515 3934 1580 3995 in
1609 3932 1874 4008 Psalmo,

199 4068 226 4095 v
331 4054 514 4117 ‚quo
562 4033 798 4097 dicitur
850 4053 863 4095 :
915 4032 1049 4096 Non
1109 4030 1288 4093 dabis
1347 4040 1635 4094 sanctum
1695 4038 1874 4095 tuum

65 4936 189 4981 Pron.
203 4938 339 4989 nni.

139 5216 210 5271 52

378 4133 602 4197 videre
633 4132 1129 4213 corruptionem.
1175 4129 1479 4211 Denique,
1509 4138 1578 4191 ut
1611 4130 1877 4192 habetur

377 4330 646 4392 modum
694 4346 844 4409 ergo
902 4326 968 4388 in
1027 4325 1464 4408 corporalibus
1525 4326 1714 4388 rebus
1763 4328 1875 4409 qui

373 4446 597 4491 semen
630 4426 906 4490 custodit
948 4425 1013 4488 in
1063 4434 1250 4499 terra,
1285 4425 1588 4507 pertingit
1627 4427 1704 4487 ad
1745 4426 1878 4487 fru-

373 4535 598 4605 ctum3
651 4526 746 4587 sic
793 4524 906 4606 qui
957 4532 1166 4586 servat
1209 4525 1476 4586 verbum
1525 4524 1754 4587 Christi
1807 4526 1873 4586 in

372 4625 588 4695 corde,
614 4622 917 4687 continuo
959 4623 1159 4684 tendit
1205 4622 1587 4704 tandemque
1637 4624 1876 4705 pertin-

369 4723 472 4805 git
497 4724 575 4784 ad
608 4721 891 4783 fructum
924 4721 1187 4782 seminis
1219 4721 1434 4802 hujus,
1468 4722 1580 4803 qui
1621 4730 1716 4783 est
1747 4723 1874 4785 vita

371 4828 635 4884 aeterna.
672 4819 930 4901 Propter
973 4820 1144 4900 quod
1188 4818 1480 4883 Salomon
1523 4822 1820 4883 admonet
1854 4840 1868 4883 :

371 4918 571 4981 Serva
618 4918 914 4980 mandata
961 4924 1024 4979 et
1072 4917 1274 4998 legem
1325 4918 1505 4999 quasi
1559 4918 1868 5001 pupillam

369 5016 547 5080 oculi
598 5017 731 5095 tui3
786 5015 908 5096 liga
951 5033 1088 5077 eam
1135 5016 1197 5077 in
1251 5016 1464 5096 digitis
1514 5016 1659 5090 tuiS‚
1694 5025 1757 5079 et
1806 5018 1868 5079 in

369 5115 610 5178 tabulis
654 5115 860 5177 cordis
905 5114 993 5177 tui
1039 5114 1248 5176 scribe
1289 5132 1450 5176 eam.

457 5216 786 5275 Dixerunt
813 5230 960 5289 erqo
997 5213 1060 5271 ei
1092 5214 1313 5274 Judoei
1361 5212 1664 5286 carnaleS,
1714 5232 1872 5294 prae-

368 5312 634 5376 inducta
682 5310 876 5373 verba
923 5311 1002 5373 de
1047 5316 1248 5373 morte
1293 5310 1563 5373 naturali
1613 5328 1686 5373 ac
1735 5330 1868 5375 cor-

1996 1964 2449 2046 impleverunt,
2484 1964 2717 2028 mortui
2750 1971 2917 2025 sunt.
2952 1966 3039 2025 Ec
3070 1974 3142 2025 tu
3171 1961 3348 2025 filius
3391 1961 3486 2024 fa·
3512 1980 3776 2032 Mutinam.

1996 2063 2095 2126 bri
2144 2082 2217 2126 ac
2267 2063 2565 2146 pauperis
2614 2062 2891 2137 feminae,
2942 2064 3107 2122 dicis
3156 2078 3179 2123 .·
3222 2063 3303 2124 Si
3339 2064 3485 2142 quis
3512 2046 3579 2087 ⁵⁵·

1994 2182 2345 2222 sermonem
2391 2182 2605 2223 meum
2642 2164 3017 2228 servaverit,
3049 2168 3313 2221 mortem
3354 2180 3485 2220 non

1988 2262 2279 2337 ,qu-stabit
2326 2263 2400 2321 in
2442 2270 2779 2321 (eternum.
2827 2258 3151 2341 Tanquam
3202 2258 3416 2321 dicant
3467 2276 3481 2321 τ

1994 2358 2416 2421 Intolerabilis
2456 2365 2552 2420 est
2591 2357 3003 2440 praesumptio
3043 2365 3170 2430 tua,
3204 2358 3357 2438 quia
3392 2356 3485 2420 sic

1995 2456 2277 2538 loqueris
2314 2475 2388 2519 ac
2426 2456 2478 2518 si
2522 2455 2713 2518 verba
2753 2463 2861 2517 tua
2901 2462 3113 2517 essent
3155 2454 3483 2537 amplioris

1993 2553 2300 2618 efficaciae
2329 2572 2521 2636 quam
2552 2553 2745 2618 verba
2772 2552 2902 2625 Dei,
2936 2561 2999 2616 et
3038 2552 3152 2615 tibi
3182 2552 3483 2615 obedien-

1996 2661 2086 2716 tes
2116 2653 2429 2716 beatiores
2460 2660 2671 2715 essent
2699 2652 3014 2714 Abraham
3053 2670 3126 2714 ac
3154 2651 3482 2733 Prophetis

1993 2753 2350 2834 ceterisque
2381 2751 2487 2813 Dei
2523 2751 2852 2824 ministris,
2886 2752 2997 2831 qui
3030 2769 3154 2813 non
3194 2750 3483 2814 obstante

1991 2850 2429 2914 observatione
2459 2850 2821 2914 divinorum
2862 2849 3225 2924 verborum,
3259 2848 3483 2912 defun-

1991 2951 2074 3013 cti
2121 2957 2489 3013 noscuntur.

3614 3054 3687 3109 53

1981 3156 2173 3225 pat-re
2219 3148 2433 3208 nostro
2480 3146 2851 3207 Abraham*
2896 3146 3038 3226 (qui
3081 3146 3323 3209 amicus
3370 3145 3475 3208 Dei
3522 3164 3775 3219 ·[qm·mm·-

1991 3255 2248 3311 vocatus
2290 3252 2405 3319 est,
2440 3245 2606 3308 sicut
2655 3263 2768 3327 per
2805 3244 3025 3306 lsaiam
3058 3243 3361 3307 Dominus
3392 3244 3482 3307 lo-
3508 3231 3607 3269 Μ’*
3624 3226 3710 3280 ⁶⁸⁰

1989 3346 2231 3427 quitur,
2266 3345 2493 3407 Semen
2524 3342 2835 3405 Abraham
2868 3343 3057 3405 amici
3098 3344 3288 3422 mei)2
3328 3362 3483 3425 qua·
3521 3369 3586 3412 12,
3610 3370 3755 3419 ms,

1990 3445 2043 3507 si
2076 3444 2310 3517 dicant,
2344 3442 2779 3525 Nequaquam.
2812 3440 3190 3523 Loquuntur
3216 3460 3365 3522 ergo
3404 3443 3481 3503 de

1991 3542 2305 3625 spirituali
2348 3540 2804 3622 magnitudine,
2840 3560 2983 3621 quae
3023 3541 3371 3622 praesertim
3415 3540 3477 3602 in

1991 3642 2301 3724 sapientia
2330 3649 2391 3702 et
2423 3640 2657 3703 virtute
2688 3639 2995 3701 consistit.
3030 3639 3205 3702 Unde
3246 3640 3311 3701 in
3356 3640 3481 3721 spi-

1990 3741 2327 3803 ritualibus
2373 3739 2541 3801 idem
2581 3747 2675 3801 est
2712 3756 2850 3801 esse
2888 3738 3194 3819 majorem
3237 3746 3301 3801 et
3349 3756 3481 3801 me-

1990 3840 2394 3905 liorem.1deo
2424 3839 2608 3911 Deus,
2634 3839 2699 3903 in
2731 3857 2861 3921 quo
2893 3839 3067 3901 nulla
3106 3846 3203 3901 est
3229 3840 3481 3920 quanti-

1986 3938 2323 4019 taS,major
2352 3946 2447 4000 est
2474 3938 2772 4001 omnibus
2804 3937 2990 3999 rebus
3024 3938 3087 3999 in
3121 3936 3473 4000 infinitum.

1988 4038 2138 4100 Mira
2186 4036 2430 4100 caecitas
2467 4036 2847 4099 Judaeorum.
2884 4035 3478 4117 Experimentaliter

1986 4138 2159 4199 enim
2191 4135 2537 4209 constabat,
2571 4136 2743 4217 quod
2777 4134 2955 4197 Jesus
2998 4135 3063 4197 in
3101 4135 3301 4215 gratia
3331 4155 3477 4217 pro-

241 4265 286 4294 νι
329 4283 346 4301 ,
376 4232 448 4293 in
479 4229 670 4305 Luca,
703 4229 930 4291 Semen
971 4234 1065 4289 est
1107 4227 1374 4289 verbum
1415 4228 1544 4290 Dei.
1579 4228 1880 4300 Quemad-
1909 4230 1956 4291 D
1987 4236 2239 4317 phetiae,
2265 4234 2329 4296 in
2362 4234 2697 4296 altitudine
2726 4233 3071 4315 sapientiae,
3094 4234 3157 4295 in
3188 4233 3477 4298 efficacia

1989 4334 2465 4406 miraculorum,
2519 4332 2583 4394 in
2644 4332 3123 4395 conversatione
3180 4333 3477 4415 spiritua-

1987 4430 2146 4492 lium
2197 4448 2488 4512 operum‚
2532 4428 2800 4491 excessit
2849 4427 3162 4492 Abraham
3215 4428 3479 4511 patriar-

1987 4529 2193 4591 cham.
2241 4526 2360 4590 Sed
2410 4527 2625 4590 omnia
2674 4526 2793 4588 ista
2838 4526 3313 4608 adscripserunt
3351 4528 3479 4591 dia·

1984 4627 2155 4699 bolo,
2208 4644 2408 4707 quum
2458 4633 2669 4687 tamen
2720 4643 2837 4687 nec
2886 4625 3137 4688 diabolo
3188 4634 3479 4689 constent

1982 4723 2201 4786 futura
2250 4742 2408 4805 pure
2442 4722 2873 4803 contingentia
2921 4724 3339 4805 cordiumque
3383 4744 3479 4787 se-

1983 4830 2173 4897 creta,
2208 4822 2316 4884 sed
2356 4821 2473 4884 soli
2504 4821 2629 4883 Deo
2664 4840 2677 4883 ε
2712 4839 2855 4901 quae
2885 4820 3167 4883 Christus
3200 4822 3473 4885 ubertim

1983 4920 2276 5004 praedixit
2332 4938 2406 4981 ac
2464 4920 2786 4982 reseravit.
2846 4918 3022 4981 Unde
3082 4939 3194 5002 per
3252 4920 3472 4983 isaiam

1982 5018 2285 5082 Dominus
2327 5018 2413 5079 ait
2465 5036 2478 5079 :
2524 5016 2671 5088 Quae
2718 5025 2983 5080 ventura
3030 5025 3179 5079 sunt
3227 5038 3475 5081 annun-

1980 5117 2150 5191 tiate,
2205 5124 2267 5178 et
2326 5115 2599 5177 sciemus
2650 5115 2800 5196 quia
2848 5115 2935 5177 dii
2988 5115 3140 5197 estis
3202 5135 3335 5179 vos·
3395 5120 3474 5179 E'c

1979 5218 2317 5292 Prophetae
2359 5215 2601 5275 mortui
2636 5223 2788 5275 sunt
2817 5235 2840 5273 .·
2872 5212 2933 5275 id
2982 5220 3099 5288 est,
3151 5216 3471 5296 quomodo

1979 5319 2046 5373 tu
2086 5312 2199 5394 qui
2248 5310 2515 5375 inferior
2562 5328 2629 5372 es
2670 5310 2981 5373 Abraham
3031 5319 3094 5373 et
3143 5311 3471 5395 Prophetis

3532 5042 3650 5085 ibid.
3677 5044 3745 5085 23.
