4300 6259
561 3957 754 4062 garuch
766 3973 823 4011 ιιι,

861 494 982 561 204

1640 519 1990 569 numano
2032 521 2094 566 IN
2135 520 2275 568 CAP.
2320 520 2452 567 xxu
2495 521 2683 569 Luem.
2727 539 2809 552 —
2849 523 2995 570 Am.
3039 524 3203 570 XLVII

863 684 1070 748 licitas
1108 707 1121 750 :
1156 707 1359 770 quum
1410 689 1552 753 ideo
1596 709 1819 772 passus
1859 691 1942 753 sit
1978 690 2177 753 Filius
2226 691 2357 766 Dei,
2390 691 2441 752 A
2545 690 2655 753 His
2686 691 2881 773 igitur
2910 693 2988 755 de
3018 693 3248 756 Christi
3291 695 3581 776 passione
3618 695 3967 777 praemissis

865 792 933 846 ut
971 803 1086 848 nos
1123 786 1202 848 ab
1245 787 1372 849 illis
1413 797 1663 852 erueret
1705 789 1935 871 poeniS,
1969 797 2032 851 et
2069 790 2147 853 ad
2186 799 2363 852 aeter-

865 901 964 946 nae
1001 883 1412 947 beatitudinis
1453 888 1682 967 gaudia
1721 894 2090 970 reportaret.
2124 886 2361 950 Postre-

861 1001 988 1056 m0,
1025 1001 1139 1064 per
1168 984 1288 1046 hoc
1327 986 1500 1066 quod
1532 985 1816 1048 Christus
1857 1005 1972 1068 pro
2004 986 2191 1050 nobis
2228 995 2358 1048 tam

858 1080 1322 1144 amarissimam
1374 1102 1716 1166 perpessus
1765 1093 1861 1147 est
1904 1093 2197 1160 mortem,
2250 1104 2361 1149 no-

859 1186 1004 1241 strae
1053 1182 1408 1263 paupertati
1467 1201 1540 1245 ac
1589 1183 1954 1265 indigentiae
2003 1184 2360 1265 copiosissi-

857 1295 1028 1338 mam
1085 1295 1273 1360 opem
1332 1279 1650 1361 impendit
1703 1300 1716 1344 :
1770 1281 1924 1363 quia
1981 1281 2191 1363 passio
2249 1282 2359 1344 illa

855 1393 978 1455 quo
1025 1377 1320 1451 amarior,
1356 1395 1430 1440 eo
1477 1386 1538 1440 et
1588 1379 1788 1460 magis
1835 1379 2163 1443 meritoria
2208 1379 2354 1456 fuit,

855 1479 1190 1555 totumque
1230 1475 1532 1538 meritum
1573 1477 1732 1540 illud
1763 1478 2048 1541 Christus
2077 1498 2359 1542 commu·

855 1571 1024 1633 nicat
1063 1573 1269 1635 nobis.
1306 1574 1597 1656 illudque
1638 1577 1938 1639 meritum
1977 1584 2073 1638 est
2110 1578 2358 1639 thesau—

856 1689 962 1731 rus
1013 1670 1332 1748 Ecclesiae,
1371 1691 1448 1735 ex
1497 1692 1627 1755 quo
1675 1675 2088 1756 indulgentiae
2136 1695 2359 1739 conce-

855 1769 1115 1844 duntur,
1168 1778 1231 1833 et
1289 1782 1549 1854 propter
1595 1775 1768 1854 quod
1824 1774 2009 1838 nobis
2069 1775 2358 1856 quotidie

2466 797 2770 872 tanquam
2804 792 3233 873 praeambuliS,
3265 795 3342 855 ad
3373 793 3859 857 declarationem
3888 791 3968 855 fi-

2466 888 2567 950 dei
2618 889 2999 966 christianae,
3042 891 3226 971 cujus
3278 911 3527 954 summa
3572 900 3669 954 est
3716 891 3969 975 sapien-

2467 987 2574 1062 tia,
2608 995 2673 1049 et
2718 995 2789 1049 ut
2836 1006 2909 1050 ea
2954 1008 3102 1071 quae
3144 990 3221 1052 de
3260 989 3492 1053 Christi
3529 991 3826 1071 passione
3870 991 3967 1052 di-

2466 1087 2667 1148 cenda
2707 1094 2857 1148 sunt
2903 1087 3135 1150 clarius
3179 1088 3635 1170 intelligantur,
3672 1089 3964 1152 devotius

2464 1203 2723 1266 quoque
2762 1193 2825 1247 et
2872 1187 3247 1262 amorosius,
3282 1187 3412 1251 imo
3450 1195 3514 1249 et
3552 1207 3698 1250 cum
3736 1187 3967 1269 ampli-

2464 1283 2558 1346 ori
2608 1283 3049 1366 compassione
3092 1293 3155 1347 et
3196 1285 3409 1368 operis
3457 1286 3810 1350 imitatione
3854 1305 3967 1348 au-

2466 1381 2741 1457 diantur,
2794 1389 3259 1464 consequenter
3309 1385 3387 1446 ad
3446 1383 3963 1466 praedicationem

2464 1488 2526 1541 et
2583 1480 3045 1560 expositionem
3106 1481 3439 1545 dominicae
3497 1483 3809 1564 passionis
3862 1490 3965 1544 est

2462 1579 2915 1641 accedendum.
2948 1578 3210 1643 Intendo
3238 1588 3450 1643 autem
3484 1581 3841 1663 passionem
3868 1601 3964 1643 se-

2465 1678 2747 1739 cundum
2792 1677 3027 1739 Lucam
3076 1696 3415 1760 exponere,
3448 1688 3512 1742 et
3556 1697 3631 1742 ea
3673 1699 3819 1762 quae
3864 1681 3967 1762 ip-

2464 1793 2532 1837 se
2574 1775 2811 1838 omittit
2856 1783 3047 1857 atque
3095 1776 3175 1838 ab
3224 1777 3365 1840 aliis
3410 1777 3767 1860 conscripta
3812 1787 3967 1840 sunt

856 1867 1219 1931 relaxantur
1269 1879 1546 1952 peccata,
1599 1871 1771 1933 varia
1827 1891 2086 1954 quoque
2145 1871 2359 1936 conse·
2393 1873 2439 1936 B
2464 1872 2899 1953 EvangelistiS,
2928 1873 3207 1936 inserere
3236 1874 3384 1937 huic
3412 1876 3703 1948 sermoni,
3726 1877 3805 1938 ad
3834 1876 3969 1937 lau-

857 1973 1086 2028 runtur
1124 1968 1468 2048 gratiarum
1521 1970 1898 2032 charismata
1933 1989 1947 2032 :
1984 1972 2153 2034 unde
2202 1979 2360 2034 tem-

858 2083 977 2145 pus
1036 2066 1415 2146 evangelicae
1466 2067 1622 2148 legis
1682 2076 1743 2130 et
1791 2067 2044 2144 Christi,
2100 2077 2352 2152 tempus

854 2162 1071 2242 gratiae
1114 2171 1541 2246 nuncupatur.

2464 1971 2608 2033 dem
2652 1977 2716 2032 et
2759 1971 3025 2052 gloriam
3068 1971 3318 2048 Domini
3363 1973 3560 2036 nostri
3597 1973 3743 2036 Jesu
3782 1973 3965 2037 Chri-

2462 2068 2565 2144 sti,
2617 2069 2731 2150 qui
2790 2078 2887 2132 est
2936 2088 3129 2153 super
3176 2071 3390 2134 omnia
3438 2072 3603 2134 Deus
3660 2071 3963 2134 sublimis

2463 2175 2525 2229 et
2565 2167 2961 2230 benedictus.
2997 2169 3220 2232 Amen.

1879 2606 2531 2693 ARTICULUS
2608 2607 2928 2693 XLVII

1095 2877 1414 2925 nxrosrrlo
1461 2879 1777 2926 PASSIONIS
1821 2881 1894 2925 m·
1936 2880 2214 2927 CAPITULI
2256 2880 2523 2928 vasnn
2567 2879 2823 2927 SECUNDI
2869 2883 2883 2926 :
2929 2883 3480 2938 APPROPINQUABAT
3522 2884 3727 2930 Auri-:11

1636 2979 1774 3025 DIES
1815 2980 2040 3026 FESTUS
2084 2980 2442 3039 Azntomm,
2486 2980 2589 3034 Qm
2630 2979 2873 3026 mortun
2913 2980 3177 3028 PASGHA.

995 3256 1455 3325 PPROPINQ
1471 3259 1770 3319 UABAT
1805 3267 2016 3319 autem
2073 3259 2211 3318 dies
2257 3258 2354 3334 fe-
2387 3256 2430 3319 C
2464 3259 2527 3319 in
2575 3258 2782 3340 pejus,
2818 3257 3122 3340 Denique,
3157 3259 3310 3341 quia
3353 3259 3592 3321 invidia
3634 3267 3729 3321 est
3765 3259 3963 3322 tristi-

1013 3361 1149 3412 scus
1177 3355 1614 3429 Azymorum,
1640 3357 1756 3433 qui
1783 3358 2033 3416 dicitur
2060 3358 2354 3427 Pascha,-

851 3463 912 3512 ει
939 3455 1306 3531 quaerebant
1321 3455 1654 3530 principes
1677 3458 2073 3516 sacerdotum
2097 3465 2157 3516 et
2182 3457 2352 3518 Scri-

853 3552 943 3611 bae
999 3555 1309 3630 quomodo
1355 3554 1569 3612 Jesum
1630 3554 2085 3631 interficerent.
2143 3553 2349 3626 Quum

852 3647 1049 3710 Filius
1083 3648 1213 3723 Dei,
1247 3649 1550 3711 Dominus
1593 3657 1802 3713 noster
1828 3651 2007 3712 Jesus
2039 3651 2347 3726 ChristuS,

853 3753 1139 3828 tempore
1181 3767 1218 3808 a
1261 3748 1788 3829 superbenedicta
1823 3749 2126 3811 Trinitate
2175 3757 2353 3812 aeter-

854 3845 1080 3908 naliter
1120 3846 1540 3927 praeordinato
1580 3855 1858 3910 nostram
1900 3847 2351 3929 assumpsisset

855 3953 1164 4018 naturam,
1213 3944 1462 4007 modico
1508 3953 1794 4026 tempore
1844 3946 2009 4007 inter
2057 3946 2349 4010 homines

854 4051 1260 4104 conversatus
1311 4052 1407 4105 est
1455 4043 1519 4104 in
1569 4044 1689 4106 hoc
1739 4045 1999 4119 mundo,
2054 4045 2350 4109 videlicet

855 4140 1110 4220 triginta
1141 4141 1346 4203 tribus
1378 4141 1629 4204 circiter
1658 4144 1864 4218 anniS,
1897 4151 1959 4206 et
2000 4144 2204 4207 tribus
2235 4145 2351 4206 cir-

853 4239 1010 4300 citer
1041 4239 1225 4301 annis
1265 4240 1507 4302 ultimis
1539 4241 1684 4303 vitae
1721 4261 1852 4304 suae
1890 4241 1955 4304 in
1995 4243 2227 4306 saeculo
2266 4243 2350 4305 is-

853 4345 916 4399 to
947 4337 1312 4418 praedicavit
1339 4345 1530 4420 atque
1569 4339 1875 4402 miracula
1911 4339 2084 4403 fecit.
2118 4341 2349 4414 Quum-

2463 3356 2549 3419 tia
2578 3358 2656 3418 de
2683 3356 2854 3420 bono
2882 3365 2946 3419 et
2981 3357 3401 3439 prosperitate
3440 3358 3722 3432 alteriuS‚
3754 3377 3962 3440 quan-

2461 3463 2524 3518 to
2555 3455 2841 3518 Christus
2881 3455 3279 3537 praeclariora
3307 3456 3433 3537 egit
3465 3456 3790 3530 miracula,
3822 3465 3961 3520 tan-

2459 3561 2523 3616 to
2555 3551 2799 3634 praesati
2832 3553 3099 3616 acutiori
3130 3561 3193 3616 et
3222 3554 3517 3618 amariori
3556 3563 3777 3618 contra
3805 3572 3959 3617 eum

2460 3650 2954 3713 stimulabantur
3003 3650 3280 3731 invidia3
3322 3659 3385 3713 et
3431 3651 3705 3733 cogitare
3751 3671 3961 3734 coepe-

2460 3757 2610 3810 runt
2656 3750 2976 3830 quomodo
3026 3756 3284 3832 possent
3331 3768 3477 3811 eum
3527 3751 3778 3833 privare
3827 3751 3960 3812 vita

2458 3856 2521 3908 et
2562 3845 2747 3922 l‘ama,
2784 3847 2868 3910 ita
2907 3855 2977 3909 ut
3021 3865 3137 3910 neo
3182 3849 3487 3911 memoria
3526 3848 3665 3929 ejus
3708 3867 3959 3931 perma-

2460 3953 2638 4008 neret
2688 3946 2752 4007 in
2802 3955 2988 4020 terra,
3040 3947 3574 4028 quemadmodum
3625 3965 3741 4029 per
3784 3949 3958 4010 Jere-

2456 4044 2651 4106 miam
2693 4044 2757 4106 in
2789 4062 3007 4107 eorum
3049 4063 3319 4126 persona
3360 4044 3485 4106 fuit
3522 4045 3893 4127 praedictum
3933 4067 3949 4109 ε

2456 4142 2801 4205 Eradamus
2868 4161 3015 4206 eum
3083 4144 3160 4205 de
3220 4151 3389 4206 terra
3452 4144 3825 4218 viventium,
3886 4154 3951 4207 et
3980 4161 4221 4205 lemma

2457 4260 2689 4305 nomen
2733 4241 2872 4322 ejus
2916 4260 3041 4305 non
3089 4250 3475 4305 memoretur
3514 4241 3813 4325 amplius,

2550 4339 2761 4415 Porro,
2818 4359 3018 4422 quum
3071 4340 3357 4403 Christus
3402 4340 3702 4403 Lazarum
3754 4341 3952 4402 susci-

852 4453 978 4517 que
1019 4435 1083 4496 in
1127 4436 1526 4517 praedicando
1567 4456 1640 4498 ac
1688 4438 1993 4501 miracula
2030 4439 2343 4515 faciendO,
2379 4444 2428 4506 D
2456 4447 2649 4502 tasset
2676 4458 2711 4501 a
2741 4439 3031 4512 mortuiS‚
3068 4438 3312 4522 praefati
3341 4438 3535 4502 Judaei
3575 4439 3790 4502 audito
3820 4449 3949 4501 tam

851 4552 1072 4596 omnes
1121 4532 1380 4597 Sanctos
1419 4535 1533 4616 qui
1577 4543 1722 4597 ante
1761 4536 2043 4612 fuerunt,
2073 4538 2347 4618 gloriose
2458 4538 2693 4618 insigni
2752 4537 3081 4612 miraculo,
3134 4537 3691 4600 vehementissime
3737 4537 3955 4599 turba·
4013 4565 4223 4607 1m.11.

853 4632 1205 4704 excederet,
1239 4651 1275 4692 a
1313 4631 1553 4712 populo
1597 4651 1742 4695 cum
1779 4634 2004 4715 grandi
2047 4636 2347 4699 aviditate
2458 4636 2710 4710 bantur,
2744 4643 2809 4697 et
2856 4655 2987 4698 suae
3030 4635 3230 4699 livore
3278 4635 3535 4698 invidiae
3572 4635 3955 4717 torqueban-
3984 4631 4037 4670 ⁴⁶
4054 4631 4194 4678 ⁶²⁸4·

850 4728 1248 4791 audiebatur.

931 4825 1053 4889 Sed
1093 4827 1395 4908 quoniam
1440 4828 1651 4890 statim
1702 4837 1843 4910 post
1883 4831 2347 4912 praedicationis

853 4944 983 4987 suae
1025 4925 1301 5000 exordia,
1337 4926 1531 5008 coepit
1572 4945 1816 4990 errores
1857 4937 1920 4991 et
1958 4929 2110 4991 vitia
2153 4949 2352 4992 sacer-

855 5024 1072 5085 dotum
1105 5030 1166 5085 et
1195 5022 1556 5086 Scribarum
1589 5044 1662 5087 ac
1692 5024 2148 5089 Pharisaeorum
2182 5028 2351 5109 juste

854 5128 915 5182 et
956 5121 1186 5184 acriter
1226 5121 1577 5204 increpare,
1613 5123 1706 5186 illi
1757 5125 1970 5187 statim
2019 5135 2353 5209 coeperunt

856 5218 1165 5282 invidiam
1196 5226 1414 5283 contra
1449 5238 1598 5282 eum
1627 5223 1984 5304 concipere,
2019 5224 2209 5306 eique
2249 5226 2354 5288 de-

857 5318 1128 5394 trahere,
1176 5325 1240 5380 et
1283 5319 1499 5383 omnia
1547 5317 1713 5384 facta
1760 5321 1900 5402 ejus
1948 5323 2353 5407 interpretari

2458 4742 2583 4805 tur,
2635 4733 2918 4796 dolentes
2966 4734 3045 4795 de
3094 4733 3325 4796 Christi
3374 4732 3847 4814 magnificentia
3892 4743 3957 4796 et

2459 4833 2719 4895 honore.
2754 4833 2907 4907 Im0,
2942 4832 3294 4894 secundum
3324 4830 3773 4913 Augustinum,
3816 4832 3961 4894 nul-

2460 4931 2596 4993 lum
2637 4930 2867 4993 Christi
2916 4928 3298 4992 miraculum
3342 4929 3497 4992 fecit
3534 4930 3677 4994 illos
3725 4930 3818 4993 sic
3865 4931 3963 4992 in·

2461 5029 2671 5092 sanire
2708 5048 2781 5090 ac
2820 5027 3093 5091 fremere
3128 5037 3347 5092 contra
3385 5028 3620 5110 ipsum,
3654 5030 3961 5111 quemad-

2462 5128 2722 5191 modum
2759 5126 3084 5190 suscitatio
3116 5127 3353 5201 Lazari,
3387 5127 3541 5209 quia
3578 5127 3963 5190 miraculum

2465 5225 2626 5288 illud
2676 5225 3101 5287 clarissimum
3150 5224 3295 5301 fuit,
3329 5232 3393 5287 et
3438 5225 3616 5287 nulla
3654 5225 3961 5306 tergiver-

2466 5323 2709 5387 satione
2752 5330 2998 5407 poterat
3039 5322 3365 5398 offuscari,
3408 5341 3482 5387 eo
3529 5323 3702 5406 quod
3750 5324 3959 5387 solen-
