<?xml version="1.0" encoding="UTF-8"?>
<!DOCTYPE html PUBLIC "-//W3C//DTD XHTML 1.0 Transitional//EN"
    "http://www.w3.org/TR/xhtml1/DTD/xhtml1-transitional.dtd">
<html xmlns="http://www.w3.org/1999/xhtml" xml:lang="en" lang="en">
 <head>
  <title>
</title>
<meta http-equiv="Content-Type" content="text/html;charset=utf-8" />
  <meta name='ocr-system' content='tesseract 3.04.00' />
  <meta name='ocr-capabilities' content='ocr_page ocr_carea ocr_par ocr_line ocrx_word'/>
</head>
<body>
  <div class='ocr_page' id='page_1' title='image "./doctorisecstati09unkngoog_0486.png"; bbox 0 0 4300 6259; ppageno 0'>
   <div class='ocr_carea' id='block_1_1' title="bbox 817 482 3147 584">
    <p class='ocr_par' dir='ltr' id='par_1_1' title="bbox 817 482 3147 584">
     <span class='ocr_line' id='line_1_1' title="bbox 817 482 3147 584; baseline 0.005 -37"><span class='ocrx_word' id='word_1_1' title='bbox 817 482 940 548; x_wconf 82' lang='lat'><strong>396</strong></span> <span class='ocrx_word' id='word_1_2' title='bbox 1603 508 1953 556; x_wconf 61' lang='lat' dir='ltr'><strong>mma-no</strong></span> <span class='ocrx_word' id='word_1_3' title='bbox 1993 508 2058 555; x_wconf 76' lang='lat' dir='ltr'><strong>m</strong></span> <span class='ocrx_word' id='word_1_4' title='bbox 2099 508 2239 556; x_wconf 63' lang='lat' dir='ltr'><strong>car.</strong></span> <span class='ocrx_word' id='word_1_5' title='bbox 2285 508 2348 555; x_wconf 87' lang='lat' dir='ltr'><strong>v1</strong></span> <span class='ocrx_word' id='word_1_6' title='bbox 2386 507 2664 584; x_wconf 68' lang='lat' dir='ltr'><strong>somma.</strong></span> <span class='ocrx_word' id='word_1_7' title='bbox 2709 528 2791 541; x_wconf 90' lang='lat'>—</span> <span class='ocrx_word' id='word_1_8' title='bbox 2830 510 2975 558; x_wconf 70' lang='lat' dir='ltr'><strong>mr.</strong></span> <span class='ocrx_word' id='word_1_9' title='bbox 3018 510 3147 559; x_wconf 83' lang='lat' dir='ltr'><strong>xvn</strong></span> 
     </span>
    </p>
   </div>
   <div class='ocr_carea' id='block_1_2' title="bbox 523 673 4187 1849">
    <p class='ocr_par' dir='ltr' id='par_1_2' title="bbox 529 673 4187 875">
     <span class='ocr_line' id='line_1_2' title="bbox 569 673 4185 762; baseline 0.006 -30"><span class='ocrx_word' id='word_1_10' title='bbox 569 690 791 741; x_wconf 52' lang='lat' dir='ltr'><strong>paam.</strong></span> <span class='ocrx_word' id='word_1_11' title='bbox 821 673 1142 757; x_wconf 90' lang='lat' dir='ltr'><strong>Impulsus</strong></span> <span class='ocrx_word' id='word_1_12' title='bbox 1173 696 1434 742; x_wconf 89' lang='lat' dir='ltr'><strong>eversus</strong></span> <span class='ocrx_word' id='word_1_13' title='bbox 1473 700 1614 743; x_wconf 91' lang='lat' dir='ltr'><strong>sum</strong></span> <span class='ocrx_word' id='word_1_14' title='bbox 1657 688 1726 742; x_wconf 89' lang='lat' dir='ltr'><strong>ut</strong></span> <span class='ocrx_word' id='word_1_15' title='bbox 1763 681 2074 755; x_wconf 88' lang='lat' dir='ltr'><strong>caderem,</strong></span> <span class='ocrx_word' id='word_1_16' title='bbox 2110 687 2173 742; x_wconf 89' lang='lat' dir='ltr'><strong>et</strong></span> <span class='ocrx_word' id='word_1_17' title='bbox 2202 679 2319 744; x_wconf 92' lang='lat' dir='ltr'><strong>Do-</strong></span> <span class='ocrx_word' id='word_1_18' title='bbox 2343 678 2397 741; x_wconf 83' lang='lat' dir='ltr'><strong>A</strong></span> <span class='ocrx_word' id='word_1_19' title='bbox 2424 680 2592 743; x_wconf 88' lang='lat' dir='ltr'><strong>disse</strong></span> <span class='ocrx_word' id='word_1_20' title='bbox 2640 680 2957 762; x_wconf 87' lang='lat' dir='ltr'><strong>leguntur,</strong></span> <span class='ocrx_word' id='word_1_21' title='bbox 3000 683 3455 745; x_wconf 89' lang='lat' dir='ltr'><strong>murmurando</strong></span> <span class='ocrx_word' id='word_1_22' title='bbox 3502 689 3719 746; x_wconf 86' lang='lat' dir='ltr'><strong>contra</strong></span> <span class='ocrx_word' id='word_1_23' title='bbox 3762 700 3897 745; x_wconf 89' lang='lat' dir='ltr'><strong>eum</strong></span> <span class='ocrx_word' id='word_1_24' title='bbox 3934 706 4185 752; x_wconf 60' lang='lat' dir='ltr'><strong>emam.</strong></span> 
     </span>
     <span class='ocr_line' id='line_1_3' title="bbox 529 755 4187 875; baseline 0.002 -41"><span class='ocrx_word' id='word_1_25' title='bbox 529 755 594 795; x_wconf 81' lang='lat'><strong>¹³·</strong></span> <span class='ocrx_word' id='word_1_26' title='bbox 823 774 1037 837; x_wconf 92' lang='lat' dir='ltr'><strong>minus</strong></span> <span class='ocrx_word' id='word_1_27' title='bbox 1088 780 1369 861; x_wconf 79' lang='lat' dir='ltr'><strong>suscepit</strong></span> <span class='ocrx_word' id='word_1_28' title='bbox 1415 797 1540 841; x_wconf 91' lang='lat' dir='ltr'><strong>me.</strong></span> <span class='ocrx_word' id='word_1_29' title='bbox 1573 782 1703 841; x_wconf 85' lang='lat' dir='ltr'><strong>Sed</strong></span> <span class='ocrx_word' id='word_1_30' title='bbox 1736 783 2103 841; x_wconf 72' lang='lat' dir='ltr'><strong><em>resuscitem</em></strong></span> <span class='ocrx_word' id='word_1_31' title='bbox 2141 783 2316 841; x_wconf 80' lang='lat' dir='ltr'><strong>illud</strong></span> <span class='ocrx_word' id='word_1_32' title='bbox 2424 778 2488 840; x_wconf 91' lang='lat' dir='ltr'><strong>in</strong></span> <span class='ocrx_word' id='word_1_33' title='bbox 2540 780 2904 843; x_wconf 82' lang='lat' dir='ltr'><strong>solitudine.</strong></span> <span class='ocrx_word' id='word_1_34' title='bbox 2938 780 3143 843; x_wconf 90' lang='lat' dir='ltr'><strong>Verba</strong></span> <span class='ocrx_word' id='word_1_35' title='bbox 3184 782 3359 844; x_wconf 90' lang='lat' dir='ltr'><strong>enim</strong></span> <span class='ocrx_word' id='word_1_36' title='bbox 3400 800 3544 863; x_wconf 81' lang='lat' dir='ltr'><strong>quae</strong></span> <span class='ocrx_word' id='word_1_37' title='bbox 3586 781 3689 843; x_wconf 90' lang='lat' dir='ltr'><strong>isti</strong></span> <span class='ocrx_word' id='word_1_38' title='bbox 3739 770 4187 875; x_wconf 49' lang='lat' dir='ltr'><strong>intel-ffffi’ssssss</strong></span> 
     </span>
    </p>

    <p class='ocr_par' dir='ltr' id='par_1_3' title="bbox 525 864 4185 1061">
     <span class='ocr_line' id='line_1_4' title="bbox 816 864 4185 963; baseline 0.002 -31"><span class='ocrx_word' id='word_1_39' title='bbox 816 874 887 933; x_wconf 82' lang='lat' dir='ltr'><strong>in</strong></span> <span class='ocrx_word' id='word_1_40' title='bbox 931 877 1276 937; x_wconf 81' lang='lat' dir='ltr'><strong>novissimo</strong></span> <span class='ocrx_word' id='word_1_41' title='bbox 1323 880 1454 946; x_wconf 81' lang='lat' dir='ltr'><strong>die,</strong></span> <span class='ocrx_word' id='word_1_42' title='bbox 1508 878 1628 942; x_wconf 89' lang='lat' dir='ltr'><strong>hoc</strong></span> <span class='ocrx_word' id='word_1_43' title='bbox 1675 886 1770 940; x_wconf 87' lang='lat' dir='ltr'><strong>est</strong></span> <span class='ocrx_word' id='word_1_44' title='bbox 1820 879 1886 940; x_wconf 93' lang='lat' dir='ltr'><strong>in</strong></span> <span class='ocrx_word' id='word_1_45' title='bbox 1935 880 2038 941; x_wconf 91' lang='lat' dir='ltr'><strong>die</strong></span> <span class='ocrx_word' id='word_1_46' title='bbox 2086 878 2313 960; x_wconf 87' lang='lat' dir='ltr'><strong>judicii</strong></span> <span class='ocrx_word' id='word_1_47' title='bbox 2423 878 2617 960; x_wconf 91' lang='lat' dir='ltr'><strong>ligere</strong></span> <span class='ocrx_word' id='word_1_48' title='bbox 2683 880 2940 961; x_wconf 89' lang='lat' dir='ltr'><strong>propria</strong></span> <span class='ocrx_word' id='word_1_49' title='bbox 3001 880 3349 942; x_wconf 73' lang='lat' dir='ltr'><strong>subtilitate</strong></span> <span class='ocrx_word' id='word_1_50' title='bbox 3408 899 3535 943; x_wconf 90' lang='lat' dir='ltr'><strong>non</strong></span> <span class='ocrx_word' id='word_1_51' title='bbox 3602 887 3895 963; x_wconf 85' lang='lat' dir='ltr'><strong>poterant,</strong></span> <span class='ocrx_word' id='word_1_52' title='bbox 3926 868 3986 941; x_wconf 78' lang='grc' dir='ltr'><strong>η’,</strong></span> <span class='ocrx_word' id='word_1_53' title='bbox 4016 866 4091 941; x_wconf 68' lang='lat'><strong>3⁷.</strong></span> <span class='ocrx_word' id='word_1_54' title='bbox 4122 864 4185 938; x_wconf 61' lang='grc' dir='ltr'><strong>ἐς.</strong></span> 
     </span>
     <span class='ocr_line' id='line_1_5' title="bbox 525 971 3901 1061; baseline 0.003 -30"><span class='ocrx_word' id='word_1_55' title='bbox 525 978 792 1029; x_wconf 62' lang='lat' dir='ltr'><strong>lotum-&#39;10</strong></span> <span class='ocrx_word' id='word_1_56' title='bbox 820 971 1198 1037; x_wconf 88' lang='lat' dir='ltr'><strong>universalis</strong></span> <span class='ocrx_word' id='word_1_57' title='bbox 1252 994 1264 1038; x_wconf 94' lang='lat'><strong>:</strong></span> <span class='ocrx_word' id='word_1_58' title='bbox 1320 977 1397 1038; x_wconf 92' lang='lat' dir='ltr'><strong>de</strong></span> <span class='ocrx_word' id='word_1_59' title='bbox 1445 995 1574 1057; x_wconf 94' lang='lat' dir='ltr'><strong>quo</strong></span> <span class='ocrx_word' id='word_1_60' title='bbox 1621 984 1875 1039; x_wconf 88' lang='lat' dir='ltr'><strong>sanctus</strong></span> <span class='ocrx_word' id='word_1_61' title='bbox 1905 976 2036 1041; x_wconf 73' lang='lat' dir='ltr'><strong>,Job</strong></span> <span class='ocrx_word' id='word_1_62' title='bbox 2085 978 2193 1052; x_wconf 90' lang='lat' dir='ltr'><strong>ait,</strong></span> <span class='ocrx_word' id='word_1_63' title='bbox 2246 977 2313 1039; x_wconf 94' lang='lat' dir='ltr'><strong>In</strong></span> <span class='ocrx_word' id='word_1_64' title='bbox 2421 977 2737 1041; x_wconf 87' lang='lat' dir='ltr'><strong>debebant</strong></span> <span class='ocrx_word' id='word_1_65' title='bbox 2790 978 3120 1041; x_wconf 86' lang='lat' dir='ltr'><strong>humiliter</strong></span> <span class='ocrx_word' id='word_1_66' title='bbox 3176 978 3590 1061; x_wconf 79' lang='lat' dir='ltr'><strong>investigasse</strong></span> <span class='ocrx_word' id='word_1_67' title='bbox 3634 997 3708 1041; x_wconf 89' lang='lat' dir='ltr'><strong>ac</strong></span> <span class='ocrx_word' id='word_1_68' title='bbox 3753 978 3901 1041; x_wconf 93' lang='lat' dir='ltr'><strong>didi-</strong></span> 
     </span>
    </p>

    <p class='ocr_par' dir='ltr' id='par_1_4' title="bbox 523 1070 3911 1849">
     <span class='ocr_line' id='line_1_6' title="bbox 825 1070 3901 1157; baseline 0.003 -26"><span class='ocrx_word' id='word_1_69' title='bbox 825 1070 1174 1136; x_wconf 88' lang='lat' dir='ltr'><strong>novissimo</strong></span> <span class='ocrx_word' id='word_1_70' title='bbox 1211 1074 1314 1136; x_wconf 90' lang='lat' dir='ltr'><strong>die</strong></span> <span class='ocrx_word' id='word_1_71' title='bbox 1362 1076 1440 1138; x_wconf 92' lang='lat' dir='ltr'><strong>de</strong></span> <span class='ocrx_word' id='word_1_72' title='bbox 1489 1083 1653 1138; x_wconf 90' lang='lat' dir='ltr'><strong>terra</strong></span> <span class='ocrx_word' id='word_1_73' title='bbox 1701 1084 2104 1139; x_wconf 88' lang='lat' dir='ltr'><strong>surrecturus</strong></span> <span class='ocrx_word' id='word_1_74' title='bbox 2143 1096 2309 1139; x_wconf 91' lang='lat' dir='ltr'><strong>sum.</strong></span> <span class='ocrx_word' id='word_1_75' title='bbox 2422 1076 2605 1151; x_wconf 89' lang='lat' dir='ltr'><strong>cisse,</strong></span> <span class='ocrx_word' id='word_1_76' title='bbox 2640 1094 2758 1138; x_wconf 90' lang='lat' dir='ltr'><strong>nec</strong></span> <span class='ocrx_word' id='word_1_77' title='bbox 2796 1077 3153 1139; x_wconf 89' lang='lat' dir='ltr'><strong>debuerunt</strong></span> <span class='ocrx_word' id='word_1_78' title='bbox 3192 1076 3514 1157; x_wconf 82' lang='lat' dir='ltr'><strong>ambigere</strong></span> <span class='ocrx_word' id='word_1_79' title='bbox 3548 1078 3625 1139; x_wconf 91' lang='lat' dir='ltr'><strong>de</strong></span> <span class='ocrx_word' id='word_1_80' title='bbox 3655 1077 3901 1141; x_wconf 87' lang='lat' dir='ltr'><strong>veritate</strong></span> 
     </span>
     <span class='ocr_line' id='line_1_7' title="bbox 561 1167 3906 1257; baseline 0.002 -28"><span class='ocrx_word' id='word_1_81' title='bbox 561 1184 789 1235; x_wconf 71' lang='lat' dir='ltr'><strong>lcomv.</strong></span> <span class='ocrx_word' id='word_1_82' title='bbox 819 1167 1050 1233; x_wconf 89' lang='lat' dir='ltr'><strong>Omnes</strong></span> <span class='ocrx_word' id='word_1_83' title='bbox 1097 1172 1341 1255; x_wconf 88' lang='lat' dir='ltr'><strong>quippe</strong></span> <span class='ocrx_word' id='word_1_84' title='bbox 1389 1192 1794 1255; x_wconf 87' lang='lat' dir='ltr'><strong>resurgemus</strong></span> <span class='ocrx_word' id='word_1_85' title='bbox 1839 1177 1987 1257; x_wconf 90' lang='lat' dir='ltr'><strong>(nec</strong></span> <span class='ocrx_word' id='word_1_86' title='bbox 2043 1176 2313 1239; x_wconf 90' lang='lat' dir='ltr'><strong>dubium</strong></span> <span class='ocrx_word' id='word_1_87' title='bbox 2422 1175 2764 1255; x_wconf 87' lang='lat' dir='ltr'><strong>loquentis,</strong></span> <span class='ocrx_word' id='word_1_88' title='bbox 2818 1175 3003 1256; x_wconf 87' lang='lat' dir='ltr'><strong>cujus</strong></span> <span class='ocrx_word' id='word_1_89' title='bbox 3063 1176 3129 1237; x_wconf 89' lang='lat' dir='ltr'><strong>in</strong></span> <span class='ocrx_word' id='word_1_90' title='bbox 3188 1175 3380 1239; x_wconf 88' lang='lat' dir='ltr'><strong>tantis</strong></span> <span class='ocrx_word' id='word_1_91' title='bbox 3439 1175 3765 1239; x_wconf 78' lang='lat' dir='ltr'><strong>miraculis</strong></span> <span class='ocrx_word' id='word_1_92' title='bbox 3809 1194 3906 1237; x_wconf 87' lang='lat' dir='ltr'><strong>ex-</strong></span> 
     </span>
     <span class='ocr_line' id='line_1_8' title="bbox 523 1248 3902 1357; baseline 0.002 -29"><span class='ocrx_word' id='word_1_93' title='bbox 523 1248 684 1299; x_wconf 76' lang='lat'>⁵¹’⁵²·</span> <span class='ocrx_word' id='word_1_94' title='bbox 820 1268 977 1349; x_wconf 89' lang='lat' dir='ltr'><strong>quin</strong></span> <span class='ocrx_word' id='word_1_95' title='bbox 1030 1288 1144 1351; x_wconf 90' lang='lat' dir='ltr'><strong>per</strong></span> <span class='ocrx_word' id='word_1_96' title='bbox 1185 1272 1712 1355; x_wconf 84' lang='lat' dir='ltr'><strong>omnipotentiam</strong></span> <span class='ocrx_word' id='word_1_97' title='bbox 1757 1274 2019 1355; x_wconf 87' lang='lat' dir='ltr'><strong>Christi)</strong></span> <span class='ocrx_word' id='word_1_98' title='bbox 2067 1275 2132 1337; x_wconf 91' lang='lat' dir='ltr'><strong>in</strong></span> <span class='ocrx_word' id='word_1_99' title='bbox 2184 1293 2315 1338; x_wconf 90' lang='lat' dir='ltr'><strong>mo·</strong></span> <span class='ocrx_word' id='word_1_100' title='bbox 2424 1272 2589 1355; x_wconf 90' lang='lat' dir='ltr'><strong>perti</strong></span> <span class='ocrx_word' id='word_1_101' title='bbox 2633 1281 2812 1335; x_wconf 85' lang='lat' dir='ltr'><strong>erant</strong></span> <span class='ocrx_word' id='word_1_102' title='bbox 2860 1274 3253 1337; x_wconf 79' lang='lat' dir='ltr'><strong>sanctitatem</strong></span> <span class='ocrx_word' id='word_1_103' title='bbox 3304 1282 3495 1356; x_wconf 87' lang='lat' dir='ltr'><strong>atque</strong></span> <span class='ocrx_word' id='word_1_104' title='bbox 3545 1274 3902 1357; x_wconf 86' lang='lat' dir='ltr'><strong>potentiam,</strong></span> 
     </span>
     <span class='ocr_line' id='line_1_9' title="bbox 827 1369 3909 1454; baseline 0.002 -26"><span class='ocrx_word' id='word_1_105' title='bbox 827 1373 1062 1442; x_wconf 90' lang='lat' dir='ltr'><strong>mento,</strong></span> <span class='ocrx_word' id='word_1_106' title='bbox 1105 1369 1170 1430; x_wconf 94' lang='lat' dir='ltr'><strong>in</strong></span> <span class='ocrx_word' id='word_1_107' title='bbox 1222 1370 1350 1433; x_wconf 90' lang='lat' dir='ltr'><strong>ictu</strong></span> <span class='ocrx_word' id='word_1_108' title='bbox 1400 1371 1590 1447; x_wconf 90' lang='lat' dir='ltr'><strong>oculi,</strong></span> <span class='ocrx_word' id='word_1_109' title='bbox 1627 1373 1693 1435; x_wconf 91' lang='lat' dir='ltr'><strong>in</strong></span> <span class='ocrx_word' id='word_1_110' title='bbox 1742 1373 2090 1437; x_wconf 89' lang='lat' dir='ltr'><strong>novissima</strong></span> <span class='ocrx_word' id='word_1_111' title='bbox 2135 1373 2309 1445; x_wconf 87' lang='lat' dir='ltr'><strong>tuba,</strong></span> <span class='ocrx_word' id='word_1_112' title='bbox 2420 1371 2985 1454; x_wconf 89' lang='lat' dir='ltr'><strong>adsistentiamque</strong></span> <span class='ocrx_word' id='word_1_113' title='bbox 3044 1373 3348 1437; x_wconf 89' lang='lat' dir='ltr'><strong>divinam.</strong></span> <span class='ocrx_word' id='word_1_114' title='bbox 3404 1372 3715 1446; x_wconf 90' lang='lat' dir='ltr'><strong>Secundo,</strong></span> <span class='ocrx_word' id='word_1_115' title='bbox 3767 1372 3909 1454; x_wconf 89' lang='lat' dir='ltr'><strong>quia</strong></span> 
     </span>
     <span class='ocr_line' id='line_1_10' title="bbox 819 1467 3911 1552; baseline 0.002 -25"><span class='ocrx_word' id='word_1_116' title='bbox 819 1467 1178 1529; x_wconf 90' lang='lat' dir='ltr'><strong>secundum</strong></span> <span class='ocrx_word' id='word_1_117' title='bbox 1215 1468 1612 1551; x_wconf 86' lang='lat' dir='ltr'><strong>Apostolum.</strong></span> <span class='ocrx_word' id='word_1_118' title='bbox 1649 1471 1789 1533; x_wconf 91' lang='lat' dir='ltr'><strong>Dies</strong></span> <span class='ocrx_word' id='word_1_119' title='bbox 1831 1479 2042 1533; x_wconf 90' lang='lat' dir='ltr'><strong>autem</strong></span> <span class='ocrx_word' id='word_1_120' title='bbox 2085 1470 2310 1551; x_wconf 88' lang='lat' dir='ltr'><strong>judicii</strong></span> <span class='ocrx_word' id='word_1_121' title='bbox 2422 1469 2733 1552; x_wconf 89' lang='lat' dir='ltr'><strong>putabant</strong></span> <span class='ocrx_word' id='word_1_122' title='bbox 2779 1470 2991 1532; x_wconf 86' lang='lat' dir='ltr'><strong>Jesum</strong></span> <span class='ocrx_word' id='word_1_123' title='bbox 3040 1470 3311 1533; x_wconf 88' lang='lat' dir='ltr'><strong>naturali</strong></span> <span class='ocrx_word' id='word_1_124' title='bbox 3358 1470 3583 1534; x_wconf 87' lang='lat' dir='ltr'><strong>ordine</strong></span> <span class='ocrx_word' id='word_1_125' title='bbox 3626 1489 3708 1533; x_wconf 85' lang='lat' dir='ltr'><strong>ex</strong></span> <span class='ocrx_word' id='word_1_126' title='bbox 3750 1489 3911 1533; x_wconf 86' lang='lat' dir='ltr'><strong>com-</strong></span> 
     </span>
     <span class='ocr_line' id='line_1_11' title="bbox 816 1565 3911 1652; baseline 0.002 -28"><span class='ocrx_word' id='word_1_127' title='bbox 816 1565 1173 1646; x_wconf 89' lang='lat' dir='ltr'><strong>appellatur</strong></span> <span class='ocrx_word' id='word_1_128' title='bbox 1203 1568 1611 1645; x_wconf 82' lang='lat' dir='ltr'><strong>novissimuS‚</strong></span> <span class='ocrx_word' id='word_1_129' title='bbox 1632 1570 1785 1652; x_wconf 90' lang='lat' dir='ltr'><strong>quia</strong></span> <span class='ocrx_word' id='word_1_130' title='bbox 1814 1588 1890 1632; x_wconf 87' lang='lat' dir='ltr'><strong>ex</strong></span> <span class='ocrx_word' id='word_1_131' title='bbox 1921 1578 2075 1633; x_wconf 89' lang='lat' dir='ltr'><strong>tunc</strong></span> <span class='ocrx_word' id='word_1_132' title='bbox 2105 1578 2315 1633; x_wconf 86' lang='lat' dir='ltr'><strong>motus</strong></span> <span class='ocrx_word' id='word_1_133' title='bbox 2422 1569 2731 1632; x_wconf 86' lang='lat' dir='ltr'><strong>mixtione</strong></span> <span class='ocrx_word' id='word_1_134' title='bbox 2778 1569 2897 1633; x_wconf 90' lang='lat' dir='ltr'><strong>viri</strong></span> <span class='ocrx_word' id='word_1_135' title='bbox 2945 1588 3018 1633; x_wconf 89' lang='lat' dir='ltr'><strong>ac</strong></span> <span class='ocrx_word' id='word_1_136' title='bbox 3066 1568 3323 1633; x_wconf 82' lang='lat' dir='ltr'><strong>feminae</strong></span> <span class='ocrx_word' id='word_1_137' title='bbox 3370 1578 3613 1633; x_wconf 88' lang='lat' dir='ltr'><strong>natum.</strong></span> <span class='ocrx_word' id='word_1_138' title='bbox 3656 1568 3734 1632; x_wconf 87' lang='lat' dir='ltr'><strong>Et</strong></span> <span class='ocrx_word' id='word_1_139' title='bbox 3771 1588 3911 1649; x_wconf 88' lang='lat' dir='ltr'><strong>ergo</strong></span> 
     </span>
     <span class='ocr_line' id='line_1_12' title="bbox 820 1663 3911 1751; baseline 0.002 -27"><span class='ocrx_word' id='word_1_140' title='bbox 820 1663 966 1725; x_wconf 88' lang='lat' dir='ltr'><strong>coeli</strong></span> <span class='ocrx_word' id='word_1_141' title='bbox 1017 1665 1309 1741; x_wconf 82' lang='lat' dir='ltr'><strong>cessabit,</strong></span> <span class='ocrx_word' id='word_1_142' title='bbox 1343 1674 1406 1729; x_wconf 89' lang='lat' dir='ltr'><strong>et</strong></span> <span class='ocrx_word' id='word_1_143' title='bbox 1448 1686 1560 1750; x_wconf 93' lang='lat' dir='ltr'><strong>per</strong></span> <span class='ocrx_word' id='word_1_144' title='bbox 1598 1687 1994 1749; x_wconf 90' lang='lat' dir='ltr'><strong>consequens</strong></span> <span class='ocrx_word' id='word_1_145' title='bbox 2033 1675 2308 1750; x_wconf 89' lang='lat' dir='ltr'><strong>tempus,</strong></span> <span class='ocrx_word' id='word_1_146' title='bbox 2423 1668 2734 1749; x_wconf 87' lang='lat' dir='ltr'><strong>putabant</strong></span> <span class='ocrx_word' id='word_1_147' title='bbox 2791 1670 2962 1749; x_wconf 92' lang='lat' dir='ltr'><strong>quod</strong></span> <span class='ocrx_word' id='word_1_148' title='bbox 3020 1668 3253 1751; x_wconf 87' lang='lat' dir='ltr'><strong>Joseph</strong></span> <span class='ocrx_word' id='word_1_149' title='bbox 3314 1676 3481 1731; x_wconf 89' lang='lat' dir='ltr'><strong>esset</strong></span> <span class='ocrx_word' id='word_1_150' title='bbox 3542 1676 3725 1751; x_wconf 89' lang='lat' dir='ltr'><strong>pater</strong></span> <span class='ocrx_word' id='word_1_151' title='bbox 3780 1668 3911 1748; x_wconf 91' lang='lat' dir='ltr'><strong>ejus</strong></span> 
     </span>
     <span class='ocr_line' id='line_1_13' title="bbox 820 1761 3911 1849; baseline 0.002 -28"><span class='ocrx_word' id='word_1_152' title='bbox 820 1761 992 1840; x_wconf 89' lang='lat' dir='ltr'><strong>quod</strong></span> <span class='ocrx_word' id='word_1_153' title='bbox 1041 1769 1136 1824; x_wconf 90' lang='lat' dir='ltr'><strong>est</strong></span> <span class='ocrx_word' id='word_1_154' title='bbox 1185 1780 1482 1827; x_wconf 88' lang='lat' dir='ltr'><strong>mensura</strong></span> <span class='ocrx_word' id='word_1_155' title='bbox 1531 1774 1740 1829; x_wconf 90' lang='lat' dir='ltr'><strong>motus</strong></span> <span class='ocrx_word' id='word_1_156' title='bbox 1790 1766 2089 1829; x_wconf 87' lang='lat' dir='ltr'><strong>coelestis.</strong></span> <span class='ocrx_word' id='word_1_157' title='bbox 2137 1765 2313 1827; x_wconf 90' lang='lat' dir='ltr'><strong>Tem·</strong></span> <span class='ocrx_word' id='word_1_158' title='bbox 2422 1766 2729 1846; x_wconf 85' lang='lat' dir='ltr'><strong>carnalis3</strong></span> <span class='ocrx_word' id='word_1_159' title='bbox 2770 1766 3025 1829; x_wconf 84' lang='lat' dir='ltr'><strong>Mariam</strong></span> <span class='ocrx_word' id='word_1_160' title='bbox 3064 1786 3323 1849; x_wconf 88' lang='lat' dir='ltr'><strong>quoque</strong></span> <span class='ocrx_word' id='word_1_161' title='bbox 3360 1786 3397 1830; x_wconf 96' lang='lat' dir='ltr'><strong>a</strong></span> <span class='ocrx_word' id='word_1_162' title='bbox 3428 1768 3564 1833; x_wconf 91' lang='lat' dir='ltr'><strong>viro</strong></span> <span class='ocrx_word' id='word_1_163' title='bbox 3606 1767 3911 1849; x_wconf 81' lang='lat' dir='ltr'><strong>cognitam</strong></span> 
     </span>
    </p>
   </div>
   <div class='ocr_carea' id='block_1_3' title="bbox 827 1864 3914 1947">
    <p class='ocr_par' dir='ltr' id='par_1_5' title="bbox 827 1864 3914 1947">
     <span class='ocr_line' id='line_1_14' title="bbox 827 1864 3914 1947; baseline 0.002 -26"><span class='ocrx_word' id='word_1_164' title='bbox 827 1876 979 1939; x_wconf 91' lang='lat' dir='ltr'><strong>pore</strong></span> <span class='ocrx_word' id='word_1_165' title='bbox 1035 1868 1248 1923; x_wconf 88' lang='lat' dir='ltr'><strong>autem</strong></span> <span class='ocrx_word' id='word_1_166' title='bbox 1299 1872 1605 1944; x_wconf 81' lang='lat' dir='ltr'><strong>cessante,</strong></span> <span class='ocrx_word' id='word_1_167' title='bbox 1665 1864 2004 1927; x_wconf 89' lang='lat' dir='ltr'><strong>cessabunt</strong></span> <span class='ocrx_word' id='word_1_168' title='bbox 2063 1864 2199 1927; x_wconf 91' lang='lat' dir='ltr'><strong>dies</strong></span> <span class='ocrx_word' id='word_1_169' title='bbox 2254 1871 2313 1925; x_wconf 93' lang='lat' dir='ltr'><strong>et</strong></span> <span class='ocrx_word' id='word_1_170' title='bbox 2348 1865 2823 1947; x_wconf 90' lang='lat' dir='ltr'><strong>Breputabant.</strong></span> <span class='ocrx_word' id='word_1_171' title='bbox 2877 1866 3107 1941; x_wconf 91' lang='lat' dir='ltr'><strong>Tertio,</strong></span> <span class='ocrx_word' id='word_1_172' title='bbox 3164 1866 3467 1947; x_wconf 87' lang='lat' dir='ltr'><strong>quoniam</strong></span> <span class='ocrx_word' id='word_1_173' title='bbox 3525 1866 3914 1930; x_wconf 82' lang='lat' dir='ltr'><strong>aestimabant</strong></span> 
     </span>
    </p>
   </div>
   <div class='ocr_carea' id='block_1_4' title="bbox 613 1960 4114 2339">
    <p class='ocr_par' dir='ltr' id='par_1_6' title="bbox 824 1960 3911 2046">
     <span class='ocr_line' id='line_1_15' title="bbox 824 1960 3911 2046; baseline 0.002 -28"><span class='ocrx_word' id='word_1_174' title='bbox 824 1976 946 2019; x_wconf 91' lang='lat' dir='ltr'><strong>nox</strong></span> <span class='ocrx_word' id='word_1_175' title='bbox 994 1960 1252 2041; x_wconf 90' lang='lat' dir='ltr'><strong>proprie</strong></span> <span class='ocrx_word' id='word_1_176' title='bbox 1290 1963 1552 2045; x_wconf 89' lang='lat' dir='ltr'><strong>sumpti.</strong></span> <span class='ocrx_word' id='word_1_177' title='bbox 2418 1964 2631 2025; x_wconf 80' lang='lat' dir='ltr'><strong>Iesum</strong></span> <span class='ocrx_word' id='word_1_178' title='bbox 2676 1982 2814 2026; x_wconf 90' lang='lat' dir='ltr'><strong>esse</strong></span> <span class='ocrx_word' id='word_1_179' title='bbox 2853 1982 3087 2046; x_wconf 92' lang='lat' dir='ltr'><strong>purum</strong></span> <span class='ocrx_word' id='word_1_180' title='bbox 3132 1964 3480 2045; x_wconf 89' lang='lat' dir='ltr'><strong>hominem,</strong></span> <span class='ocrx_word' id='word_1_181' title='bbox 3512 1964 3751 2028; x_wconf 86' lang='lat' dir='ltr'><strong>idcirco</strong></span> <span class='ocrx_word' id='word_1_182' title='bbox 3792 1984 3911 2027; x_wconf 89' lang='lat' dir='ltr'><strong>non</strong></span> 
     </span>
    </p>

    <p class='ocr_par' dir='ltr' id='par_1_7' title="bbox 613 2059 4114 2339">
     <span class='ocr_line' id='line_1_16' title="bbox 613 2059 3915 2143; baseline 0.003 -28"><span class='ocrx_word' id='word_1_183' title='bbox 613 2059 688 2115; x_wconf 66' lang='lat'><strong>⁴0</strong></span> <span class='ocrx_word' id='word_1_184' title='bbox 903 2059 1057 2117; x_wconf 84' lang='lat' dir='ltr'><strong>Hoec</strong></span> <span class='ocrx_word' id='word_1_185' title='bbox 1098 2069 1190 2119; x_wconf 68' lang='lat' dir='ltr'><strong>esc</strong></span> <span class='ocrx_word' id='word_1_186' title='bbox 1225 2062 1400 2121; x_wconf 85' lang='lat' dir='ltr'><strong>enim</strong></span> <span class='ocrx_word' id='word_1_187' title='bbox 1443 2065 1740 2123; x_wconf 76' lang='lat' dir='ltr'><strong>voluntas</strong></span> <span class='ocrx_word' id='word_1_188' title='bbox 1767 2063 1992 2124; x_wconf 75' lang='lat' dir='ltr'><strong>Patris</strong></span> <span class='ocrx_word' id='word_1_189' title='bbox 2029 2063 2160 2122; x_wconf 82' lang='lat' dir='ltr'><strong>mei</strong></span> <span class='ocrx_word' id='word_1_190' title='bbox 2197 2064 2313 2140; x_wconf 82' lang='lat' dir='ltr'><strong>qui</strong></span> <span class='ocrx_word' id='word_1_191' title='bbox 2424 2062 2825 2125; x_wconf 90' lang='lat' dir='ltr'><strong>descendisse</strong></span> <span class='ocrx_word' id='word_1_192' title='bbox 2874 2062 2951 2124; x_wconf 89' lang='lat' dir='ltr'><strong>de</strong></span> <span class='ocrx_word' id='word_1_193' title='bbox 2992 2062 3174 2137; x_wconf 82' lang='lat' dir='ltr'><strong>coe10,</strong></span> <span class='ocrx_word' id='word_1_194' title='bbox 3216 2062 3369 2143; x_wconf 90' lang='lat' dir='ltr'><strong>quia</strong></span> <span class='ocrx_word' id='word_1_195' title='bbox 3416 2070 3601 2125; x_wconf 89' lang='lat' dir='ltr'><strong>natus</strong></span> <span class='ocrx_word' id='word_1_196' title='bbox 3642 2064 3711 2125; x_wconf 92' lang='lat' dir='ltr'><strong>in</strong></span> <span class='ocrx_word' id='word_1_197' title='bbox 3752 2070 3915 2125; x_wconf 87' lang='lat' dir='ltr'><strong>terra</strong></span> 
     </span>
     <span class='ocr_line' id='line_1_17' title="bbox 821 2156 2825 2242; baseline 0.005 -30"><span class='ocrx_word' id='word_1_198' title='bbox 821 2156 1000 2215; x_wconf 75' lang='lat' dir='ltr'><strong>misit</strong></span> <span class='ocrx_word' id='word_1_199' title='bbox 1043 2176 1165 2227; x_wconf 85' lang='lat' dir='ltr'><strong>me,</strong></span> <span class='ocrx_word' id='word_1_200' title='bbox 1195 2168 1267 2219; x_wconf 80' lang='lat' dir='ltr'><strong>ut</strong></span> <span class='ocrx_word' id='word_1_201' title='bbox 1303 2162 1516 2222; x_wconf 80' lang='lat' dir='ltr'><strong>omnis</strong></span> <span class='ocrx_word' id='word_1_202' title='bbox 1551 2162 1670 2239; x_wconf 81' lang='lat' dir='ltr'><strong>qui</strong></span> <span class='ocrx_word' id='word_1_203' title='bbox 1709 2162 1882 2221; x_wconf 81' lang='lat' dir='ltr'><strong>videt</strong></span> <span class='ocrx_word' id='word_1_204' title='bbox 1911 2161 2164 2223; x_wconf 76' lang='lat' dir='ltr'><strong>Filium</strong></span> <span class='ocrx_word' id='word_1_205' title='bbox 2202 2178 2315 2242; x_wconf 85' lang='lat' dir='ltr'><strong>per</strong></span> <span class='ocrx_word' id='word_1_206' title='bbox 2422 2180 2500 2224; x_wconf 85' lang='lat' dir='ltr'><strong>ex</strong></span> <span class='ocrx_word' id='word_1_207' title='bbox 2544 2160 2825 2224; x_wconf 88' lang='lat' dir='ltr'><strong>homine.</strong></span> 
     </span>
     <span class='ocr_line' id='line_1_18' title="bbox 821 2255 4114 2339; baseline 0.002 -26"><span class='ocrx_word' id='word_1_208' title='bbox 821 2255 1422 2337; x_wconf 85' lang='lat' dir='ltr'><strong>contemplationem</strong></span> <span class='ocrx_word' id='word_1_209' title='bbox 1450 2257 1726 2335; x_wconf 81' lang='lat' dir='ltr'><strong>fidelem,</strong></span> <span class='ocrx_word' id='word_1_210' title='bbox 1739 2268 1803 2319; x_wconf 86' lang='lat' dir='ltr'><strong>et</strong></span> <span class='ocrx_word' id='word_1_211' title='bbox 1829 2260 2035 2320; x_wconf 79' lang='lat' dir='ltr'><strong>credit</strong></span> <span class='ocrx_word' id='word_1_212' title='bbox 2063 2261 2137 2319; x_wconf 82' lang='lat' dir='ltr'><strong>in</strong></span> <span class='ocrx_word' id='word_1_213' title='bbox 2167 2279 2310 2320; x_wconf 86' lang='lat' dir='ltr'><strong>eum</strong></span> <span class='ocrx_word' id='word_1_214' title='bbox 2490 2262 2845 2339; x_wconf 79' lang='lat' dir='ltr'><strong>Respondit</strong></span> <span class='ocrx_word' id='word_1_215' title='bbox 2872 2278 3021 2337; x_wconf 70' lang='lat' dir='ltr'><strong>erqo</strong></span> <span class='ocrx_word' id='word_1_216' title='bbox 3043 2262 3239 2329; x_wconf 64' lang='lat' dir='ltr'><strong>Iesu-5,</strong></span> <span class='ocrx_word' id='word_1_217' title='bbox 3262 2270 3323 2321; x_wconf 83' lang='lat' dir='ltr'><strong>et</strong></span> <span class='ocrx_word' id='word_1_218' title='bbox 3351 2261 3526 2320; x_wconf 73' lang='lat' dir='ltr'><strong>dimit</strong></span> <span class='ocrx_word' id='word_1_219' title='bbox 3554 2260 3685 2321; x_wconf 76' lang='lat' dir='ltr'><strong>eis:</strong></span> <span class='ocrx_word' id='word_1_220' title='bbox 3702 2262 3915 2323; x_wconf 77' lang='lat' dir='ltr'><strong>Nolite</strong></span> <span class='ocrx_word' id='word_1_221' title='bbox 4046 2266 4114 2321; x_wconf 70' lang='grc'><strong>43</strong></span> 
     </span>
    </p>
   </div>
   <div class='ocr_carea' id='block_1_5' title="bbox 530 2350 4193 5299">
    <p class='ocr_par' dir='ltr' id='par_1_8' title="bbox 530 2350 4193 5299">
     <span class='ocr_line' id='line_1_19' title="bbox 823 2350 3915 2439; baseline 0.003 -28"><span class='ocrx_word' id='word_1_222' title='bbox 823 2368 938 2431; x_wconf 88' lang='lat' dir='ltr'><strong>per</strong></span> <span class='ocrx_word' id='word_1_223' title='bbox 977 2350 1176 2416; x_wconf 83' lang='lat' dir='ltr'><strong>fidem</strong></span> <span class='ocrx_word' id='word_1_224' title='bbox 1222 2353 1575 2419; x_wconf 83' lang='lat' dir='ltr'><strong>formatam.</strong></span> <span class='ocrx_word' id='word_1_225' title='bbox 1618 2356 1926 2439; x_wconf 89' lang='lat' dir='ltr'><strong>Loquitur</strong></span> <span class='ocrx_word' id='word_1_226' title='bbox 1973 2365 2187 2419; x_wconf 88' lang='lat' dir='ltr'><strong>autem</strong></span> <span class='ocrx_word' id='word_1_227' title='bbox 2236 2358 2315 2419; x_wconf 91' lang='lat' dir='ltr'><strong>de</strong></span> <span class='ocrx_word' id='word_1_228' title='bbox 2424 2378 2843 2419; x_wconf 81' lang='lat' dir='ltr'><strong>murmurare</strong></span> <span class='ocrx_word' id='word_1_229' title='bbox 2882 2360 2954 2419; x_wconf 80' lang='lat' dir='ltr'><strong>in</strong></span> <span class='ocrx_word' id='word_1_230' title='bbox 2996 2360 3293 2431; x_wconf 80' lang='lat' dir='ltr'><strong>invicem,</strong></span> <span class='ocrx_word' id='word_1_231' title='bbox 3337 2358 3640 2439; x_wconf 88' lang='lat' dir='ltr'><strong>quoniam</strong></span> <span class='ocrx_word' id='word_1_232' title='bbox 3680 2360 3915 2439; x_wconf 82' lang='lat' dir='ltr'><strong>grande</strong></span> 
     </span>
     <span class='ocr_line' id='line_1_20' title="bbox 825 2449 3912 2540; baseline 0.003 -30"><span class='ocrx_word' id='word_1_233' title='bbox 825 2449 1069 2514; x_wconf 92' lang='lat' dir='ltr'><strong>visione</strong></span> <span class='ocrx_word' id='word_1_234' title='bbox 1106 2453 1522 2534; x_wconf 82' lang='lat' dir='ltr'><strong>aenigmatica,</strong></span> <span class='ocrx_word' id='word_1_235' title='bbox 1557 2474 1684 2519; x_wconf 91' lang='lat' dir='ltr'><strong>non</strong></span> <span class='ocrx_word' id='word_1_236' title='bbox 1729 2457 1806 2518; x_wconf 91' lang='lat' dir='ltr'><strong>de</strong></span> <span class='ocrx_word' id='word_1_237' title='bbox 1852 2456 2100 2519; x_wconf 88' lang='lat' dir='ltr'><strong>visione</strong></span> <span class='ocrx_word' id='word_1_238' title='bbox 2147 2455 2315 2518; x_wconf 88' lang='lat' dir='ltr'><strong>clara</strong></span> <span class='ocrx_word' id='word_1_239' title='bbox 2428 2464 2759 2540; x_wconf 88' lang='lat' dir='ltr'><strong>peccatum</strong></span> <span class='ocrx_word' id='word_1_240' title='bbox 2808 2464 2923 2518; x_wconf 89' lang='lat' dir='ltr'><strong>est.</strong></span> <span class='ocrx_word' id='word_1_241' title='bbox 2964 2456 3201 2538; x_wconf 91' lang='lat' dir='ltr'><strong>Itaque,</strong></span> <span class='ocrx_word' id='word_1_242' title='bbox 3250 2457 3446 2520; x_wconf 87' lang='lat' dir='ltr'><strong>nolite</strong></span> <span class='ocrx_word' id='word_1_243' title='bbox 3494 2476 3912 2531; x_wconf 87' lang='lat' dir='ltr'><strong>murmurare,</strong></span> 
     </span>
     <span class='ocr_line' id='line_1_21' title="bbox 822 2551 3917 2637; baseline 0.002 -28"><span class='ocrx_word' id='word_1_244' title='bbox 822 2566 937 2630; x_wconf 91' lang='lat' dir='ltr'><strong>per</strong></span> <span class='ocrx_word' id='word_1_245' title='bbox 967 2551 1268 2631; x_wconf 90' lang='lat' dir='ltr'><strong>speciem.</strong></span> <span class='ocrx_word' id='word_1_246' title='bbox 1302 2552 1474 2617; x_wconf 90' lang='lat' dir='ltr'><strong>Visio</strong></span> <span class='ocrx_word' id='word_1_247' title='bbox 1503 2554 1673 2616; x_wconf 90' lang='lat' dir='ltr'><strong>enim</strong></span> <span class='ocrx_word' id='word_1_248' title='bbox 1707 2554 1810 2617; x_wconf 90' lang='lat' dir='ltr'><strong>Dei</strong></span> <span class='ocrx_word' id='word_1_249' title='bbox 1856 2572 1969 2637; x_wconf 90' lang='lat' dir='ltr'><strong>per</strong></span> <span class='ocrx_word' id='word_1_250' title='bbox 2007 2554 2310 2636; x_wconf 83' lang='lat' dir='ltr'><strong>speeiem,</strong></span> <span class='ocrx_word' id='word_1_251' title='bbox 2425 2554 2609 2637; x_wconf 89' lang='lat' dir='ltr'><strong>quasi</strong></span> <span class='ocrx_word' id='word_1_252' title='bbox 2666 2553 2910 2635; x_wconf 89' lang='lat' dir='ltr'><strong>aliquid</strong></span> <span class='ocrx_word' id='word_1_253' title='bbox 2967 2552 3110 2616; x_wconf 81' lang='lat' dir='ltr'><strong>falsi</strong></span> <span class='ocrx_word' id='word_1_254' title='bbox 3170 2554 3462 2617; x_wconf 84' lang='lat' dir='ltr'><strong>dixerim.</strong></span> <span class='ocrx_word' id='word_1_255' title='bbox 3522 2553 3648 2617; x_wconf 88' lang='lat' dir='ltr'><strong>Nec</strong></span> <span class='ocrx_word' id='word_1_256' title='bbox 3710 2562 3917 2617; x_wconf 88' lang='lat' dir='ltr'><strong>tamen</strong></span> 
     </span>
     <span class='ocr_line' id='line_1_22' title="bbox 822 2645 3921 2735; baseline 0.002 -26"><span class='ocrx_word' id='word_1_257' title='bbox 822 2645 1020 2711; x_wconf 81' lang='lat' dir='ltr'><strong>fidem</strong></span> <span class='ocrx_word' id='word_1_258' title='bbox 1063 2651 1364 2713; x_wconf 87' lang='lat' dir='ltr'><strong>excludit.</strong></span> <span class='ocrx_word' id='word_1_259' title='bbox 1416 2651 1504 2715; x_wconf 91' lang='lat' dir='ltr'><strong>De</strong></span> <span class='ocrx_word' id='word_1_260' title='bbox 1548 2653 1792 2717; x_wconf 88' lang='lat' dir='ltr'><strong>visione</strong></span> <span class='ocrx_word' id='word_1_261' title='bbox 1844 2671 1991 2718; x_wconf 90' lang='lat' dir='ltr'><strong>vero</strong></span> <span class='ocrx_word' id='word_1_262' title='bbox 2041 2654 2162 2717; x_wconf 88' lang='lat' dir='ltr'><strong>ista</strong></span> <span class='ocrx_word' id='word_1_263' title='bbox 2207 2653 2318 2717; x_wconf 90' lang='lat' dir='ltr'><strong>ob·</strong></span> <span class='ocrx_word' id='word_1_264' title='bbox 2428 2654 2663 2716; x_wconf 88' lang='lat' dir='ltr'><strong>mirum</strong></span> <span class='ocrx_word' id='word_1_265' title='bbox 2712 2653 2763 2715; x_wconf 95' lang='lat' dir='ltr'><strong>si</strong></span> <span class='ocrx_word' id='word_1_266' title='bbox 2816 2652 3249 2715; x_wconf 88' lang='lat' dir='ltr'><strong>murmuratis.</strong></span> <span class='ocrx_word' id='word_1_267' title='bbox 3304 2651 3381 2715; x_wconf 85' lang='lat' dir='ltr'><strong>Et</strong></span> <span class='ocrx_word' id='word_1_268' title='bbox 3436 2652 3769 2735; x_wconf 88' lang='lat' dir='ltr'><strong>utriusque</strong></span> <span class='ocrx_word' id='word_1_269' title='bbox 3824 2672 3921 2715; x_wconf 91' lang='lat' dir='ltr'><strong>ra-</strong></span> 
     </span>
     <span class='ocr_line' id='line_1_23' title="bbox 567 2749 3921 2834; baseline 0.002 -25"><span class='ocrx_word' id='word_1_270' title='bbox 567 2767 790 2819; x_wconf 63' lang='lat' dir='ltr'><strong>mam,</strong></span> <span class='ocrx_word' id='word_1_271' title='bbox 824 2767 1008 2810; x_wconf 89' lang='lat' dir='ltr'><strong>scura</strong></span> <span class='ocrx_word' id='word_1_272' title='bbox 1045 2749 1199 2812; x_wconf 90' lang='lat' dir='ltr'><strong>dicit</strong></span> <span class='ocrx_word' id='word_1_273' title='bbox 1225 2750 1565 2833; x_wconf 87' lang='lat' dir='ltr'><strong>Apostolus</strong></span> <span class='ocrx_word' id='word_1_274' title='bbox 1601 2769 1616 2815; x_wconf 72' lang='grc' dir='ltr'>ε</span> <span class='ocrx_word' id='word_1_275' title='bbox 1650 2751 1950 2815; x_wconf 85' lang='lat' dir='ltr'><strong>Videmus</strong></span> <span class='ocrx_word' id='word_1_276' title='bbox 1991 2772 2165 2815; x_wconf 90' lang='lat' dir='ltr'><strong>nunc</strong></span> <span class='ocrx_word' id='word_1_277' title='bbox 2204 2770 2319 2834; x_wconf 91' lang='lat' dir='ltr'><strong>per</strong></span> <span class='ocrx_word' id='word_1_278' title='bbox 2427 2754 2515 2817; x_wconf 88' lang='lat' dir='ltr'><strong>tio</strong></span> <span class='ocrx_word' id='word_1_279' title='bbox 2563 2751 2879 2826; x_wconf 89' lang='lat' dir='ltr'><strong>subditur,</strong></span> <span class='ocrx_word' id='word_1_280' title='bbox 2923 2751 3187 2827; x_wconf 90' lang='lat' dir='ltr'><strong>seilicet,</strong></span> <span class='ocrx_word' id='word_1_281' title='bbox 3229 2753 3401 2833; x_wconf 89' lang='lat' dir='ltr'><strong>quod</strong></span> <span class='ocrx_word' id='word_1_282' title='bbox 3450 2750 3643 2815; x_wconf 87' lang='lat' dir='ltr'><strong>verba</strong></span> <span class='ocrx_word' id='word_1_283' title='bbox 3690 2751 3921 2816; x_wconf 87' lang='lat' dir='ltr'><strong>Christi</strong></span> 
     </span>
     <span class='ocr_line' id='line_1_24' title="bbox 530 2833 3919 2938; baseline 0.002 -29"><span class='ocrx_word' id='word_1_284' title='bbox 530 2833 752 2938; x_wconf 60' lang='lat' dir='ltr'><strong>”imm</strong></span> <span class='ocrx_word' id='word_1_285' title='bbox 823 2849 1157 2930; x_wconf 90' lang='lat' dir='ltr'><strong>speculum</strong></span> <span class='ocrx_word' id='word_1_286' title='bbox 1190 2850 1254 2912; x_wconf 92' lang='lat' dir='ltr'><strong>in</strong></span> <span class='ocrx_word' id='word_1_287' title='bbox 1285 2850 1644 2932; x_wconf 83' lang='lat' dir='ltr'><strong>aenigmate3</strong></span> <span class='ocrx_word' id='word_1_288' title='bbox 1678 2860 1760 2927; x_wconf 90' lang='lat' dir='ltr'><strong>et,</strong></span> <span class='ocrx_word' id='word_1_289' title='bbox 1793 2852 1973 2914; x_wconf 91' lang='lat' dir='ltr'><strong>Nunc</strong></span> <span class='ocrx_word' id='word_1_290' title='bbox 2004 2870 2315 2933; x_wconf 81' lang='lat' dir='ltr'><strong>cognosco</strong></span> <span class='ocrx_word' id='word_1_291' title='bbox 2430 2852 2671 2915; x_wconf 88' lang='lat' dir='ltr'><strong>nullam</strong></span> <span class='ocrx_word' id='word_1_292' title='bbox 2730 2849 3070 2913; x_wconf 75' lang='lat' dir='ltr'><strong>falsitatem</strong></span> <span class='ocrx_word' id='word_1_293' title='bbox 3135 2849 3563 2923; x_wconf 89' lang='lat' dir='ltr'><strong>continebant,</strong></span> <span class='ocrx_word' id='word_1_294' title='bbox 3627 2859 3691 2912; x_wconf 90' lang='lat' dir='ltr'><strong>et</strong></span> <span class='ocrx_word' id='word_1_295' title='bbox 3747 2853 3919 2933; x_wconf 91' lang='lat' dir='ltr'><strong>quod</strong></span> 
     </span>
     <span class='ocr_line' id='line_1_25' title="bbox 823 2946 3749 3033; baseline 0 -25"><span class='ocrx_word' id='word_1_296' title='bbox 823 2964 900 3008; x_wconf 88' lang='lat' dir='ltr'><strong>ex</strong></span> <span class='ocrx_word' id='word_1_297' title='bbox 932 2956 1132 3029; x_wconf 88' lang='lat' dir='ltr'><strong>parte.</strong></span> <span class='ocrx_word' id='word_1_298' title='bbox 1154 2951 1404 3011; x_wconf 78' lang='lat' dir='ltr'><strong>Habeat</strong></span> <span class='ocrx_word' id='word_1_299' title='bbox 1433 2952 1636 3011; x_wconf 82' lang='lat' dir='ltr'><strong>vitam</strong></span> <span class='ocrx_word' id='word_1_300' title='bbox 1667 2960 1972 3013; x_wconf 66' lang='lat' dir='ltr'><strong>aeternam</strong></span> <span class='ocrx_word' id='word_1_301' title='bbox 2006 2970 2120 3033; x_wconf 92' lang='lat' dir='ltr'><strong>pro</strong></span> <span class='ocrx_word' id='word_1_302' title='bbox 2152 2969 2317 3013; x_wconf 90' lang='lat' dir='ltr'><strong>mer·</strong></span> <span class='ocrx_word' id='word_1_303' title='bbox 2430 2951 2667 3014; x_wconf 90' lang='lat' dir='ltr'><strong>mirum</strong></span> <span class='ocrx_word' id='word_1_304' title='bbox 2712 2967 2837 3012; x_wconf 90' lang='lat' dir='ltr'><strong>non</strong></span> <span class='ocrx_word' id='word_1_305' title='bbox 2882 2946 3005 3010; x_wconf 87' lang='lat' dir='ltr'><strong>fuit</strong></span> <span class='ocrx_word' id='word_1_306' title='bbox 3046 2966 3447 3011; x_wconf 91' lang='lat' dir='ltr'><strong>murmurare</strong></span> <span class='ocrx_word' id='word_1_307' title='bbox 3483 2948 3749 3013; x_wconf 79' lang='lat' dir='ltr'><strong>Judaeos.</strong></span> 
     </span>
     <span class='ocr_line' id='line_1_26' title="bbox 825 3045 4121 3128; baseline 0.001 -21"><span class='ocrx_word' id='word_1_308' title='bbox 825 3046 979 3107; x_wconf 82' lang='lat' dir='ltr'><strong>cede</strong></span> <span class='ocrx_word' id='word_1_309' title='bbox 1009 3046 1073 3108; x_wconf 94' lang='lat' dir='ltr'><strong>in</strong></span> <span class='ocrx_word' id='word_1_310' title='bbox 1107 3047 1329 3128; x_wconf 89' lang='lat' dir='ltr'><strong>patria,</strong></span> <span class='ocrx_word' id='word_1_311' title='bbox 1364 3048 1428 3110; x_wconf 93' lang='lat' dir='ltr'><strong>id</strong></span> <span class='ocrx_word' id='word_1_312' title='bbox 1458 3055 1554 3109; x_wconf 92' lang='lat' dir='ltr'><strong>est</strong></span> <span class='ocrx_word' id='word_1_313' title='bbox 1583 3048 1814 3111; x_wconf 89' lang='lat' dir='ltr'><strong>claram</strong></span> <span class='ocrx_word' id='word_1_314' title='bbox 1856 3049 2143 3112; x_wconf 88' lang='lat' dir='ltr'><strong>notitiam</strong></span> <span class='ocrx_word' id='word_1_315' title='bbox 2179 3049 2311 3111; x_wconf 91' lang='lat' dir='ltr'><strong>Dei.</strong></span> <span class='ocrx_word' id='word_1_316' title='bbox 2356 3051 2399 3114; x_wconf 90' lang='lat' dir='ltr'>C</span> <span class='ocrx_word' id='word_1_317' title='bbox 2510 3050 2711 3112; x_wconf 88' lang='lat' dir='ltr'><strong>Nemo</strong></span> <span class='ocrx_word' id='word_1_318' title='bbox 2742 3056 2944 3125; x_wconf 77' lang='lat' dir='ltr'><strong>potest</strong></span> <span class='ocrx_word' id='word_1_319' title='bbox 2984 3048 3203 3107; x_wconf 82' lang='lat' dir='ltr'><strong>venire</strong></span> <span class='ocrx_word' id='word_1_320' title='bbox 3240 3049 3329 3108; x_wconf 83' lang='lat' dir='ltr'><strong>ad</strong></span> <span class='ocrx_word' id='word_1_321' title='bbox 3364 3067 3487 3116; x_wconf 83' lang='lat' dir='ltr'><strong>me,</strong></span> <span class='ocrx_word' id='word_1_322' title='bbox 3526 3046 3595 3110; x_wconf 91' lang='lat' dir='ltr'><strong>id</strong></span> <span class='ocrx_word' id='word_1_323' title='bbox 3642 3054 3756 3121; x_wconf 85' lang='lat' dir='ltr'><strong>est,</strong></span> <span class='ocrx_word' id='word_1_324' title='bbox 3792 3066 3917 3111; x_wconf 92' lang='lat' dir='ltr'><strong>non</strong></span> <span class='ocrx_word' id='word_1_325' title='bbox 4055 3045 4121 3100; x_wconf 67' lang='grc'><strong>44</strong></span> 
     </span>
     <span class='ocr_line' id='line_1_27' title="bbox 825 3142 3921 3229; baseline 0.001 -24"><span class='ocrx_word' id='word_1_326' title='bbox 825 3142 998 3207; x_wconf 88' lang='lat' dir='ltr'><strong>Visio</strong></span> <span class='ocrx_word' id='word_1_327' title='bbox 1036 3145 1205 3207; x_wconf 87' lang='lat' dir='ltr'><strong>enim</strong></span> <span class='ocrx_word' id='word_1_328' title='bbox 1247 3164 1360 3229; x_wconf 91' lang='lat' dir='ltr'><strong>per</strong></span> <span class='ocrx_word' id='word_1_329' title='bbox 1399 3146 1702 3229; x_wconf 89' lang='lat' dir='ltr'><strong>speciem,</strong></span> <span class='ocrx_word' id='word_1_330' title='bbox 1735 3155 1830 3209; x_wconf 90' lang='lat' dir='ltr'><strong>est</strong></span> <span class='ocrx_word' id='word_1_331' title='bbox 1874 3154 2001 3212; x_wconf 87' lang='lat' dir='ltr'><strong>tota</strong></span> <span class='ocrx_word' id='word_1_332' title='bbox 2048 3166 2313 3210; x_wconf 83' lang='lat' dir='ltr'><strong>merces.</strong></span> <span class='ocrx_word' id='word_1_333' title='bbox 2429 3148 2637 3212; x_wconf 91' lang='lat' dir='ltr'><strong>solum</strong></span> <span class='ocrx_word' id='word_1_334' title='bbox 2678 3165 2803 3209; x_wconf 93' lang='lat' dir='ltr'><strong>non</strong></span> <span class='ocrx_word' id='word_1_335' title='bbox 2837 3146 3031 3215; x_wconf 89' lang='lat' dir='ltr'><strong>venit,</strong></span> <span class='ocrx_word' id='word_1_336' title='bbox 3066 3145 3174 3207; x_wconf 88' lang='lat' dir='ltr'><strong>sed</strong></span> <span class='ocrx_word' id='word_1_337' title='bbox 3208 3163 3324 3208; x_wconf 88' lang='lat' dir='ltr'><strong>nec</strong></span> <span class='ocrx_word' id='word_1_338' title='bbox 3356 3152 3562 3227; x_wconf 90' lang='lat' dir='ltr'><strong>potest</strong></span> <span class='ocrx_word' id='word_1_339' title='bbox 3588 3146 3805 3209; x_wconf 86' lang='lat' dir='ltr'><strong>venire</strong></span> <span class='ocrx_word' id='word_1_340' title='bbox 3842 3147 3921 3208; x_wconf 91' lang='lat' dir='ltr'><strong>ad</strong></span> 
     </span>
     <span class='ocr_line' id='line_1_28' title="bbox 827 3242 3923 3328; baseline 0 -23"><span class='ocrx_word' id='word_1_341' title='bbox 827 3242 999 3306; x_wconf 87' lang='lat' dir='ltr'><strong>Patet</strong></span> <span class='ocrx_word' id='word_1_342' title='bbox 1029 3262 1176 3325; x_wconf 88' lang='lat' dir='ltr'><strong>ergo</strong></span> <span class='ocrx_word' id='word_1_343' title='bbox 1212 3247 1384 3328; x_wconf 90' lang='lat' dir='ltr'><strong>quod</strong></span> <span class='ocrx_word' id='word_1_344' title='bbox 1425 3246 1716 3309; x_wconf 86' lang='lat' dir='ltr'><strong>voluntas</strong></span> <span class='ocrx_word' id='word_1_345' title='bbox 1747 3246 1942 3309; x_wconf 88' lang='lat' dir='ltr'><strong>Patris</strong></span> <span class='ocrx_word' id='word_1_346' title='bbox 1985 3253 2081 3309; x_wconf 92' lang='lat' dir='ltr'><strong>est</strong></span> <span class='ocrx_word' id='word_1_347' title='bbox 2121 3247 2315 3319; x_wconf 77' lang='lat' dir='ltr'><strong>saluS‚</strong></span> <span class='ocrx_word' id='word_1_348' title='bbox 2429 3263 2532 3308; x_wconf 90' lang='lat' dir='ltr'><strong>me</strong></span> <span class='ocrx_word' id='word_1_349' title='bbox 2575 3244 2859 3308; x_wconf 88' lang='lat' dir='ltr'><strong>interiori</strong></span> <span class='ocrx_word' id='word_1_350' title='bbox 2902 3262 3159 3305; x_wconf 89' lang='lat' dir='ltr'><strong>accessu</strong></span> <span class='ocrx_word' id='word_1_351' title='bbox 3210 3260 3323 3325; x_wconf 90' lang='lat' dir='ltr'><strong>per</strong></span> <span class='ocrx_word' id='word_1_352' title='bbox 3368 3242 3563 3306; x_wconf 75' lang='lat' dir='ltr'><strong>tidem</strong></span> <span class='ocrx_word' id='word_1_353' title='bbox 3604 3251 3665 3307; x_wconf 88' lang='lat' dir='ltr'><strong>et</strong></span> <span class='ocrx_word' id='word_1_354' title='bbox 3706 3244 3923 3307; x_wconf 87' lang='lat' dir='ltr'><strong>carita-</strong></span> 
     </span>
     <span class='ocr_line' id='line_1_29' title="bbox 828 3342 3923 3428; baseline 0 -25"><span class='ocrx_word' id='word_1_355' title='bbox 828 3344 1222 3407; x_wconf 90' lang='lat' dir='ltr'><strong>conservatio</strong></span> <span class='ocrx_word' id='word_1_356' title='bbox 1252 3351 1444 3425; x_wconf 88' lang='lat' dir='ltr'><strong>atque</strong></span> <span class='ocrx_word' id='word_1_357' title='bbox 1483 3345 1836 3428; x_wconf 88' lang='lat' dir='ltr'><strong>redemptio</strong></span> <span class='ocrx_word' id='word_1_358' title='bbox 1877 3353 2110 3408; x_wconf 89' lang='lat' dir='ltr'><strong>nostra.</strong></span> <span class='ocrx_word' id='word_1_359' title='bbox 2143 3345 2319 3408; x_wconf 92' lang='lat' dir='ltr'><strong>Unde</strong></span> <span class='ocrx_word' id='word_1_360' title='bbox 2429 3351 2582 3418; x_wconf 89' lang='lat' dir='ltr'><strong>tem,</strong></span> <span class='ocrx_word' id='word_1_361' title='bbox 2631 3344 2767 3404; x_wconf 80' lang='lat' dir='ltr'><strong>nisi</strong></span> <span class='ocrx_word' id='word_1_362' title='bbox 2816 3344 3016 3404; x_wconf 78' lang='lat' dir='ltr'><strong>Pater</strong></span> <span class='ocrx_word' id='word_1_363' title='bbox 3064 3342 3181 3421; x_wconf 81' lang='lat' dir='ltr'><strong>qui</strong></span> <span class='ocrx_word' id='word_1_364' title='bbox 3240 3342 3418 3403; x_wconf 78' lang='lat' dir='ltr'><strong>misit</strong></span> <span class='ocrx_word' id='word_1_365' title='bbox 3475 3362 3597 3415; x_wconf 88' lang='lat' dir='ltr'><strong>me,</strong></span> <span class='ocrx_word' id='word_1_366' title='bbox 3650 3344 3923 3403; x_wconf 72' lang='lat' dir='ltr'><strong>traoeeric</strong></span> 
     </span>
     <span class='ocr_line' id='line_1_30' title="bbox 540 3439 3925 3525; baseline 0.001 -29"><span class='ocrx_word' id='word_1_367' title='bbox 540 3452 793 3509; x_wconf 70' lang='lat' dir='ltr'><strong>lrhesmv,</strong></span> <span class='ocrx_word' id='word_1_368' title='bbox 827 3440 1016 3503; x_wconf 90' lang='lat' dir='ltr'><strong>etiam</strong></span> <span class='ocrx_word' id='word_1_369' title='bbox 1065 3450 1446 3524; x_wconf 87' lang='lat' dir='ltr'><strong>protestatur</strong></span> <span class='ocrx_word' id='word_1_370' title='bbox 1472 3443 1812 3525; x_wconf 87' lang='lat' dir='ltr'><strong>Apostolus</strong></span> <span class='ocrx_word' id='word_1_371' title='bbox 1848 3462 1861 3506; x_wconf 93' lang='lat'>:</span> <span class='ocrx_word' id='word_1_372' title='bbox 1895 3444 2038 3506; x_wconf 84' lang='lat' dir='ltr'><strong>Haec</strong></span> <span class='ocrx_word' id='word_1_373' title='bbox 2077 3451 2173 3506; x_wconf 89' lang='lat' dir='ltr'><strong>est</strong></span> <span class='ocrx_word' id='word_1_374' title='bbox 2215 3462 2321 3507; x_wconf 94' lang='lat' dir='ltr'><strong>vo-</strong></span> <span class='ocrx_word' id='word_1_375' title='bbox 2428 3463 2602 3510; x_wconf 85' lang='lat' dir='ltr'><strong>eum,</strong></span> <span class='ocrx_word' id='word_1_376' title='bbox 2634 3441 2755 3504; x_wconf 89' lang='lat' dir='ltr'><strong>hoc</strong></span> <span class='ocrx_word' id='word_1_377' title='bbox 2794 3447 2909 3515; x_wconf 91' lang='lat' dir='ltr'><strong>est,</strong></span> <span class='ocrx_word' id='word_1_378' title='bbox 2948 3458 3061 3522; x_wconf 88' lang='lat' dir='ltr'><strong>per</strong></span> <span class='ocrx_word' id='word_1_379' title='bbox 3098 3458 3277 3501; x_wconf 89' lang='lat' dir='ltr'><strong>suam</strong></span> <span class='ocrx_word' id='word_1_380' title='bbox 3322 3439 3644 3502; x_wconf 84' lang='lat' dir='ltr'><strong>caritatem</strong></span> <span class='ocrx_word' id='word_1_381' title='bbox 3684 3448 3749 3502; x_wconf 90' lang='lat' dir='ltr'><strong>et</strong></span> <span class='ocrx_word' id='word_1_382' title='bbox 3790 3440 3925 3522; x_wconf 86' lang='lat' dir='ltr'><strong>pie-</strong></span> 
     </span>
     <span class='ocr_line' id='line_1_31' title="bbox 531 3518 3927 3623; baseline 0 -22"><span class='ocrx_word' id='word_1_383' title='bbox 531 3518 570 3559; x_wconf 79' lang='lat'><strong>³‘</strong></span> <span class='ocrx_word' id='word_1_384' title='bbox 817 3540 1032 3602; x_wconf 91' lang='lat' dir='ltr'><strong>-luntas</strong></span> <span class='ocrx_word' id='word_1_385' title='bbox 1086 3539 1212 3615; x_wconf 90' lang='lat' dir='ltr'><strong>Dei,</strong></span> <span class='ocrx_word' id='word_1_386' title='bbox 1266 3540 1684 3605; x_wconf 86' lang='lat' dir='ltr'><strong>sanctificatio</strong></span> <span class='ocrx_word' id='word_1_387' title='bbox 1731 3550 1957 3605; x_wconf 89' lang='lat' dir='ltr'><strong>vestra.</strong></span> <span class='ocrx_word' id='word_1_388' title='bbox 2001 3540 2123 3605; x_wconf 89' lang='lat' dir='ltr'><strong>Sed</strong></span> <span class='ocrx_word' id='word_1_389' title='bbox 2169 3542 2322 3623; x_wconf 91' lang='lat' dir='ltr'><strong>quia</strong></span> <span class='ocrx_word' id='word_1_390' title='bbox 2429 3547 2624 3603; x_wconf 88' lang='lat' dir='ltr'><strong>tatem</strong></span> <span class='ocrx_word' id='word_1_391' title='bbox 2667 3538 3071 3602; x_wconf 90' lang='lat' dir='ltr'><strong>inclinaverit</strong></span> <span class='ocrx_word' id='word_1_392' title='bbox 3112 3545 3303 3619; x_wconf 89' lang='lat' dir='ltr'><strong>atque</strong></span> <span class='ocrx_word' id='word_1_393' title='bbox 3342 3538 3711 3621; x_wconf 87' lang='lat' dir='ltr'><strong>perduxerit</strong></span> <span class='ocrx_word' id='word_1_394' title='bbox 3749 3557 3927 3601; x_wconf 89' lang='lat' dir='ltr'><strong>men-</strong></span> 
     </span>
     <span class='ocr_line' id='line_1_32' title="bbox 827 3635 3925 3721; baseline -0.001 -20"><span class='ocrx_word' id='word_1_395' title='bbox 827 3639 955 3702; x_wconf 80' lang='lat' dir='ltr'><strong>vita</strong></span> <span class='ocrx_word' id='word_1_396' title='bbox 985 3640 1105 3702; x_wconf 88' lang='lat' dir='ltr'><strong>ista</strong></span> <span class='ocrx_word' id='word_1_397' title='bbox 1145 3650 1399 3716; x_wconf 83' lang='lat' dir='ltr'><strong>aeterna‚</strong></span> <span class='ocrx_word' id='word_1_398' title='bbox 1433 3647 1528 3703; x_wconf 90' lang='lat' dir='ltr'><strong>est</strong></span> <span class='ocrx_word' id='word_1_399' title='bbox 1565 3640 1920 3721; x_wconf 86' lang='lat' dir='ltr'><strong>subjective</strong></span> <span class='ocrx_word' id='word_1_400' title='bbox 1967 3641 2032 3703; x_wconf 92' lang='lat' dir='ltr'><strong>in</strong></span> <span class='ocrx_word' id='word_1_401' title='bbox 2080 3641 2315 3713; x_wconf 86' lang='lat' dir='ltr'><strong>anima,</strong></span> <span class='ocrx_word' id='word_1_402' title='bbox 2360 3678 2367 3687; x_wconf 77' lang='lat'><strong>·</strong></span> <span class='ocrx_word' id='word_1_403' title='bbox 2430 3648 2557 3702; x_wconf 87' lang='lat' dir='ltr'><strong>tem</strong></span> <span class='ocrx_word' id='word_1_404' title='bbox 2603 3638 2742 3719; x_wconf 89' lang='lat' dir='ltr'><strong>ejus</strong></span> <span class='ocrx_word' id='word_1_405' title='bbox 2787 3639 2865 3700; x_wconf 91' lang='lat' dir='ltr'><strong>ad</strong></span> <span class='ocrx_word' id='word_1_406' title='bbox 2906 3655 3032 3712; x_wconf 88' lang='lat' dir='ltr'><strong>me,</strong></span> <span class='ocrx_word' id='word_1_407' title='bbox 3068 3635 3467 3700; x_wconf 83' lang='lat' dir='ltr'><strong>infundendo</strong></span> <span class='ocrx_word' id='word_1_408' title='bbox 3518 3636 3576 3699; x_wconf 91' lang='lat' dir='ltr'><strong>ei</strong></span> <span class='ocrx_word' id='word_1_409' title='bbox 3620 3635 3817 3699; x_wconf 82' lang='lat' dir='ltr'><strong>fidem</strong></span> <span class='ocrx_word' id='word_1_410' title='bbox 3860 3644 3925 3699; x_wconf 85' lang='lat' dir='ltr'><strong>et</strong></span> 
     </span>
     <span class='ocr_line' id='line_1_33' title="bbox 824 3735 3923 3821; baseline -0 -23"><span class='ocrx_word' id='word_1_411' title='bbox 824 3737 1059 3801; x_wconf 91' lang='lat' dir='ltr'><strong>idcirco</strong></span> <span class='ocrx_word' id='word_1_412' title='bbox 1089 3740 1166 3801; x_wconf 89' lang='lat' dir='ltr'><strong>de</strong></span> <span class='ocrx_word' id='word_1_413' title='bbox 1205 3739 1488 3821; x_wconf 90' lang='lat' dir='ltr'><strong>corporis</strong></span> <span class='ocrx_word' id='word_1_414' title='bbox 1529 3739 1993 3820; x_wconf 77' lang='lat' dir='ltr'><strong>glorificatione</strong></span> <span class='ocrx_word' id='word_1_415' title='bbox 2036 3738 2269 3820; x_wconf 85' lang='lat' dir='ltr'><strong>adjecit</strong></span> <span class='ocrx_word' id='word_1_416' title='bbox 2301 3758 2315 3803; x_wconf 91' lang='lat'>:</span> <span class='ocrx_word' id='word_1_417' title='bbox 2428 3737 2718 3819; x_wconf 86' lang='lat' dir='ltr'><strong>gratiam,</strong></span> <span class='ocrx_word' id='word_1_418' title='bbox 2752 3736 2991 3818; x_wconf 89' lang='lat' dir='ltr'><strong>quibus</strong></span> <span class='ocrx_word' id='word_1_419' title='bbox 3026 3736 3183 3798; x_wconf 89' lang='lat' dir='ltr'><strong>mihi</strong></span> <span class='ocrx_word' id='word_1_420' title='bbox 3224 3735 3640 3818; x_wconf 86' lang='lat' dir='ltr'><strong>spiritualiter</strong></span> <span class='ocrx_word' id='word_1_421' title='bbox 3668 3736 3923 3798; x_wconf 90' lang='lat' dir='ltr'><strong>uniatur</strong></span> 
     </span>
     <span class='ocr_line' id='line_1_34' title="bbox 823 3833 4193 3917; baseline -0.001 -20"><span class='ocrx_word' id='word_1_422' title='bbox 823 3846 882 3897; x_wconf 77' lang='lat' dir='ltr'><strong>et</strong></span> <span class='ocrx_word' id='word_1_423' title='bbox 911 3856 1021 3913; x_wconf 70' lang='lat' dir='ltr'><strong>eqo</strong></span> <span class='ocrx_word' id='word_1_424' title='bbox 1051 3839 1430 3898; x_wconf 77' lang='lat' dir='ltr'><strong>resuscitabo</strong></span> <span class='ocrx_word' id='word_1_425' title='bbox 1465 3858 1611 3899; x_wconf 88' lang='lat' dir='ltr'><strong>eum</strong></span> <span class='ocrx_word' id='word_1_426' title='bbox 1648 3840 1746 3916; x_wconf 81' lang='lat' dir='ltr'><strong>[in</strong></span> <span class='ocrx_word' id='word_1_427' title='bbox 1781 3838 2128 3899; x_wconf 75' lang='lat' dir='ltr'><strong>novissimo</strong></span> <span class='ocrx_word' id='word_1_428' title='bbox 2162 3839 2316 3916; x_wconf 86' lang='lat' dir='ltr'><strong>die],</strong></span> <span class='ocrx_word' id='word_1_429' title='bbox 2430 3844 2492 3898; x_wconf 96' lang='lat' dir='ltr'><strong>et</strong></span> <span class='ocrx_word' id='word_1_430' title='bbox 2524 3836 2989 3917; x_wconf 86' lang='lat' dir='ltr'><strong>incorporetur.</strong></span> <span class='ocrx_word' id='word_1_431' title='bbox 3013 3834 3146 3898; x_wconf 92' lang='lat' dir='ltr'><strong>Non</strong></span> <span class='ocrx_word' id='word_1_432' title='bbox 3178 3842 3274 3897; x_wconf 91' lang='lat' dir='ltr'><strong>est</strong></span> <span class='ocrx_word' id='word_1_433' title='bbox 3303 3833 3475 3896; x_wconf 88' lang='lat' dir='ltr'><strong>enim</strong></span> <span class='ocrx_word' id='word_1_434' title='bbox 3506 3834 3774 3898; x_wconf 90' lang='lat' dir='ltr'><strong>volentis</strong></span> <span class='ocrx_word' id='word_1_435' title='bbox 3812 3852 3925 3897; x_wconf 89' lang='lat' dir='ltr'><strong>ne-</strong></span> <span class='ocrx_word' id='word_1_436' title='bbox 3954 3858 4193 3902; x_wconf 60' lang='grc' dir='ltr'><strong>εωωῡ.</strong></span> 
     </span>
     <span class='ocr_line' id='line_1_35' title="bbox 825 3932 3918 4017; baseline -0.001 -19"><span class='ocrx_word' id='word_1_437' title='bbox 825 3935 947 3998; x_wconf 89' lang='lat' dir='ltr'><strong>hoc</strong></span> <span class='ocrx_word' id='word_1_438' title='bbox 985 3942 1100 4009; x_wconf 86' lang='lat' dir='ltr'><strong>est,</strong></span> <span class='ocrx_word' id='word_1_439' title='bbox 1135 3935 1212 3997; x_wconf 91' lang='lat' dir='ltr'><strong>de</strong></span> <span class='ocrx_word' id='word_1_440' title='bbox 1250 3944 1452 3999; x_wconf 89' lang='lat' dir='ltr'><strong>morte</strong></span> <span class='ocrx_word' id='word_1_441' title='bbox 1489 3945 1728 3999; x_wconf 83' lang='lat' dir='ltr'><strong>naturae</strong></span> <span class='ocrx_word' id='word_1_442' title='bbox 1759 3954 1871 3999; x_wconf 94' lang='lat' dir='ltr'><strong>seu</strong></span> <span class='ocrx_word' id='word_1_443' title='bbox 1902 3955 2124 4000; x_wconf 90' lang='lat' dir='ltr'><strong>somno</strong></span> <span class='ocrx_word' id='word_1_444' title='bbox 2159 3954 2322 3999; x_wconf 88' lang='lat' dir='ltr'><strong>mor·</strong></span> <span class='ocrx_word' id='word_1_445' title='bbox 2429 3953 2556 4017; x_wconf 90' lang='lat' dir='ltr'><strong>que</strong></span> <span class='ocrx_word' id='word_1_446' title='bbox 2616 3933 2951 4007; x_wconf 82' lang='lat' dir='ltr'><strong>currentiS,</strong></span> <span class='ocrx_word' id='word_1_447' title='bbox 3016 3934 3125 3995; x_wconf 91' lang='lat' dir='ltr'><strong>sed</strong></span> <span class='ocrx_word' id='word_1_448' title='bbox 3188 3933 3295 3995; x_wconf 89' lang='lat' dir='ltr'><strong>Dei</strong></span> <span class='ocrx_word' id='word_1_449' title='bbox 3367 3932 3749 4009; x_wconf 78' lang='lat' dir='ltr'><strong>miserentiS,</strong></span> <span class='ocrx_word' id='word_1_450' title='bbox 3810 3952 3918 3997; x_wconf 93' lang='lat' dir='ltr'><strong>cu-</strong></span> 
     </span>
     <span class='ocr_line' id='line_1_36' title="bbox 825 4031 4191 4117; baseline -0.004 -22"><span class='ocrx_word' id='word_1_451' title='bbox 825 4033 905 4095; x_wconf 88' lang='lat' dir='ltr'><strong>tis</strong></span> <span class='ocrx_word' id='word_1_452' title='bbox 954 4033 1162 4116; x_wconf 89' lang='lat' dir='ltr'><strong>ipsum</strong></span> <span class='ocrx_word' id='word_1_453' title='bbox 1213 4034 1520 4109; x_wconf 81' lang='lat' dir='ltr'><strong>excitabo,</strong></span> <span class='ocrx_word' id='word_1_454' title='bbox 1573 4054 1802 4117; x_wconf 88' lang='lat' dir='ltr'><strong>corpus</strong></span> <span class='ocrx_word' id='word_1_455' title='bbox 1851 4035 2203 4098; x_wconf 87' lang='lat' dir='ltr'><strong>resolutum</strong></span> <span class='ocrx_word' id='word_1_456' title='bbox 2254 4033 2320 4096; x_wconf 90' lang='lat' dir='ltr'><strong>in</strong></span> <span class='ocrx_word' id='word_1_457' title='bbox 2426 4032 2531 4115; x_wconf 88' lang='lat' dir='ltr'><strong>jus</strong></span> <span class='ocrx_word' id='word_1_458' title='bbox 2581 4034 2821 4096; x_wconf 90' lang='lat' dir='ltr'><strong>donum</strong></span> <span class='ocrx_word' id='word_1_459' title='bbox 2870 4038 2965 4093; x_wconf 89' lang='lat' dir='ltr'><strong>est</strong></span> <span class='ocrx_word' id='word_1_460' title='bbox 3012 4049 3200 4094; x_wconf 92' lang='lat' dir='ltr'><strong>omne</strong></span> <span class='ocrx_word' id='word_1_461' title='bbox 3247 4032 3486 4095; x_wconf 89' lang='lat' dir='ltr'><strong>bonum</strong></span> <span class='ocrx_word' id='word_1_462' title='bbox 3536 4032 3708 4113; x_wconf 90' lang='lat' dir='ltr'><strong>quod</strong></span> <span class='ocrx_word' id='word_1_463' title='bbox 3757 4031 3923 4093; x_wconf 89' lang='lat' dir='ltr'><strong>inest</strong></span> <span class='ocrx_word' id='word_1_464' title='bbox 3951 4044 4087 4088; x_wconf 69' lang='lat' dir='ltr'><strong>:mo</strong></span> <span class='ocrx_word' id='word_1_465' title='bbox 4104 4044 4191 4090; x_wconf 69' lang='lat'><strong>..12</strong></span> 
     </span>
     <span class='ocr_line' id='line_1_37' title="bbox 827 4131 2639 4215; baseline -0.001 -22"><span class='ocrx_word' id='word_1_466' title='bbox 827 4132 1202 4214; x_wconf 82' lang='lat' dir='ltr'><strong>cineresque</strong></span> <span class='ocrx_word' id='word_1_467' title='bbox 1241 4135 1564 4197; x_wconf 89' lang='lat' dir='ltr'><strong>redactum</strong></span> <span class='ocrx_word' id='word_1_468' title='bbox 1605 4135 2105 4215; x_wconf 89' lang='lat' dir='ltr'><strong>redintegrando,</strong></span> <span class='ocrx_word' id='word_1_469' title='bbox 2130 4133 2337 4215; x_wconf 85' lang='lat' dir='ltr'><strong>eique&#39;</strong></span> <span class='ocrx_word' id='word_1_470' title='bbox 2433 4131 2639 4195; x_wconf 89' lang='lat' dir='ltr'><strong>nobis.</strong></span> 
     </span>
     <span class='ocr_line' id='line_1_38' title="bbox 827 4227 3923 4313; baseline -0.001 -21"><span class='ocrx_word' id='word_1_471' title='bbox 827 4232 1104 4293; x_wconf 89' lang='lat' dir='ltr'><strong>animam</strong></span> <span class='ocrx_word' id='word_1_472' title='bbox 1162 4232 1538 4313; x_wconf 86' lang='lat' dir='ltr'><strong>copulando,</strong></span> <span class='ocrx_word' id='word_1_473' title='bbox 1593 4242 1662 4296; x_wconf 91' lang='lat' dir='ltr'><strong>ut</strong></span> <span class='ocrx_word' id='word_1_474' title='bbox 1719 4232 2043 4297; x_wconf 90' lang='lat' dir='ltr'><strong>beatitudo</strong></span> <span class='ocrx_word' id='word_1_475' title='bbox 2090 4232 2322 4296; x_wconf 84' lang='lat' dir='ltr'><strong>animae</strong></span> <span class='ocrx_word' id='word_1_476' title='bbox 2352 4235 2402 4297; x_wconf 92' lang='lat' dir='ltr'><strong>D</strong></span> <span class='ocrx_word' id='word_1_477' title='bbox 2510 4230 2769 4292; x_wconf 89' lang='lat' dir='ltr'><strong>Tractus</strong></span> <span class='ocrx_word' id='word_1_478' title='bbox 2818 4228 2938 4290; x_wconf 91' lang='lat' dir='ltr'><strong>iste</strong></span> <span class='ocrx_word' id='word_1_479' title='bbox 2983 4228 3245 4292; x_wconf 88' lang='lat' dir='ltr'><strong>interior</strong></span> <span class='ocrx_word' id='word_1_480' title='bbox 3283 4234 3398 4303; x_wconf 91' lang='lat' dir='ltr'><strong>est,</strong></span> <span class='ocrx_word' id='word_1_481' title='bbox 3442 4246 3567 4291; x_wconf 92' lang='lat' dir='ltr'><strong>non</strong></span> <span class='ocrx_word' id='word_1_482' title='bbox 3608 4227 3923 4292; x_wconf 87' lang='lat' dir='ltr'><strong>violentus</strong></span> 
     </span>
     <span class='ocr_line' id='line_1_39' title="bbox 832 4328 3931 4414; baseline -0.001 -23"><span class='ocrx_word' id='word_1_483' title='bbox 832 4347 975 4392; x_wconf 88' lang='lat' dir='ltr'><strong>mox</strong></span> <span class='ocrx_word' id='word_1_484' title='bbox 1011 4330 1320 4392; x_wconf 90' lang='lat' dir='ltr'><strong>redundet</strong></span> <span class='ocrx_word' id='word_1_485' title='bbox 1352 4330 1417 4393; x_wconf 94' lang='lat' dir='ltr'><strong>in</strong></span> <span class='ocrx_word' id='word_1_486' title='bbox 1451 4350 1703 4414; x_wconf 79' lang='lat' dir='ltr'><strong>corpuS,</strong></span> <span class='ocrx_word' id='word_1_487' title='bbox 1738 4340 1800 4395; x_wconf 91' lang='lat' dir='ltr'><strong>et</strong></span> <span class='ocrx_word' id='word_1_488' title='bbox 1833 4340 2180 4414; x_wconf 89' lang='lat' dir='ltr'><strong>utrumque</strong></span> <span class='ocrx_word' id='word_1_489' title='bbox 2216 4350 2322 4414; x_wconf 88' lang='lat' dir='ltr'><strong>pa-</strong></span> <span class='ocrx_word' id='word_1_490' title='bbox 2432 4346 2640 4410; x_wconf 89' lang='lat' dir='ltr'><strong>neque</strong></span> <span class='ocrx_word' id='word_1_491' title='bbox 2680 4334 2954 4400; x_wconf 83' lang='lat' dir='ltr'><strong>coactus,</strong></span> <span class='ocrx_word' id='word_1_492' title='bbox 2988 4328 3096 4389; x_wconf 92' lang='lat' dir='ltr'><strong>sed</strong></span> <span class='ocrx_word' id='word_1_493' title='bbox 3138 4344 3463 4390; x_wconf 91' lang='lat' dir='ltr'><strong>amorosus</strong></span> <span class='ocrx_word' id='word_1_494' title='bbox 3505 4334 3696 4409; x_wconf 89' lang='lat' dir='ltr'><strong>atque</strong></span> <span class='ocrx_word' id='word_1_495' title='bbox 3738 4345 3931 4409; x_wconf 89' lang='lat' dir='ltr'><strong>spon-</strong></span> 
     </span>
     <span class='ocr_line' id='line_1_40' title="bbox 831 4424 3927 4510; baseline -0.001 -21"><span class='ocrx_word' id='word_1_496' title='bbox 831 4428 982 4490; x_wconf 86' lang='lat' dir='ltr'><strong>riter</strong></span> <span class='ocrx_word' id='word_1_497' title='bbox 1021 4428 1436 4510; x_wconf 81' lang='lat' dir='ltr'><strong>glorificetur.</strong></span> <span class='ocrx_word' id='word_1_498' title='bbox 2432 4435 2676 4501; x_wconf 83' lang='lat' dir='ltr'><strong>taneuS,</strong></span> <span class='ocrx_word' id='word_1_499' title='bbox 2710 4444 2786 4487; x_wconf 85' lang='lat' dir='ltr'><strong>ex</strong></span> <span class='ocrx_word' id='word_1_500' title='bbox 2819 4424 3036 4488; x_wconf 89' lang='lat' dir='ltr'><strong>divina</strong></span> <span class='ocrx_word' id='word_1_501' title='bbox 3066 4424 3322 4487; x_wconf 83' lang='lat' dir='ltr'><strong>caritate</strong></span> <span class='ocrx_word' id='word_1_502' title='bbox 3360 4426 3728 4507; x_wconf 87' lang='lat' dir='ltr'><strong>procedens.</strong></span> <span class='ocrx_word' id='word_1_503' title='bbox 3762 4424 3927 4487; x_wconf 88' lang='lat' dir='ltr'><strong>Deus</strong></span> 
     </span>
     <span class='ocr_line' id='line_1_41' title="bbox 621 4524 3929 4608; baseline 0 -23"><span class='ocrx_word' id='word_1_504' title='bbox 621 4530 690 4585; x_wconf 69' lang='lat'><strong>⁴1</strong></span> <span class='ocrx_word' id='word_1_505' title='bbox 909 4530 1416 4589; x_wconf 79' lang='lat' dir='ltr'><strong>Murmurabant</strong></span> <span class='ocrx_word' id='word_1_506' title='bbox 1453 4548 1600 4606; x_wconf 75' lang='lat' dir='ltr'><strong>erqo</strong></span> <span class='ocrx_word' id='word_1_507' title='bbox 1628 4530 1847 4590; x_wconf 82' lang='lat' dir='ltr'><strong>Judoei</strong></span> <span class='ocrx_word' id='word_1_508' title='bbox 1873 4532 1953 4589; x_wconf 88' lang='lat' dir='ltr'><strong>de</strong></span> <span class='ocrx_word' id='word_1_509' title='bbox 1991 4530 2132 4599; x_wconf 82' lang='lat' dir='ltr'><strong>illo,</strong></span> <span class='ocrx_word' id='word_1_510' title='bbox 2163 4530 2321 4608; x_wconf 80' lang='lat' dir='ltr'><strong>quia</strong></span> <span class='ocrx_word' id='word_1_511' title='bbox 2433 4542 2711 4607; x_wconf 87' lang='lat' dir='ltr'><strong>namque</strong></span> <span class='ocrx_word' id='word_1_512' title='bbox 2756 4532 2973 4588; x_wconf 90' lang='lat' dir='ltr'><strong>movet</strong></span> <span class='ocrx_word' id='word_1_513' title='bbox 3025 4524 3527 4605; x_wconf 90' lang='lat' dir='ltr'><strong>unumquodque</strong></span> <span class='ocrx_word' id='word_1_514' title='bbox 3574 4524 3929 4586; x_wconf 88' lang='lat' dir='ltr'><strong>secundum</strong></span> 
     </span>
     <span class='ocr_line' id='line_1_42' title="bbox 827 4622 3933 4707; baseline -0.001 -20"><span class='ocrx_word' id='word_1_515' title='bbox 827 4628 1097 4687; x_wconf 56' lang='lat' dir='ltr'><strong>dimisa-ec</strong></span> <span class='ocrx_word' id='word_1_516' title='bbox 1144 4646 1167 4686; x_wconf 94' lang='lat'><strong>.·</strong></span> <span class='ocrx_word' id='word_1_517' title='bbox 1215 4630 1350 4704; x_wconf 73' lang='lat' dir='ltr'><strong>Eyo</strong></span> <span class='ocrx_word' id='word_1_518' title='bbox 1396 4647 1543 4688; x_wconf 82' lang='lat' dir='ltr'><strong>sum</strong></span> <span class='ocrx_word' id='word_1_519' title='bbox 1585 4629 1780 4704; x_wconf 81' lang='lat' dir='ltr'><strong>panis</strong></span> <span class='ocrx_word' id='word_1_520' title='bbox 1829 4628 2038 4699; x_wconf 71' lang='lat' dir='ltr'><strong>vivuS,</strong></span> <span class='ocrx_word' id='word_1_521' title='bbox 2079 4629 2199 4707; x_wconf 81' lang='lat' dir='ltr'><strong>qui</strong></span> <span class='ocrx_word' id='word_1_522' title='bbox 2244 4630 2327 4687; x_wconf 85' lang='lat' dir='ltr'><strong>de</strong></span> <span class='ocrx_word' id='word_1_523' title='bbox 2435 4624 2758 4707; x_wconf 87' lang='lat' dir='ltr'><strong>propriam</strong></span> <span class='ocrx_word' id='word_1_524' title='bbox 2798 4642 2977 4685; x_wconf 87' lang='lat' dir='ltr'><strong>suam</strong></span> <span class='ocrx_word' id='word_1_525' title='bbox 3021 4631 3329 4685; x_wconf 90' lang='lat' dir='ltr'><strong>naturam.</strong></span> <span class='ocrx_word' id='word_1_526' title='bbox 3364 4622 3749 4686; x_wconf 87' lang='lat' dir='ltr'><strong>Rationalem</strong></span> <span class='ocrx_word' id='word_1_527' title='bbox 3778 4640 3933 4704; x_wconf 88' lang='lat' dir='ltr'><strong>ergo</strong></span> 
     </span>
     <span class='ocr_line' id='line_1_43' title="bbox 621 4720 3931 4789; baseline -0.001 -3"><span class='ocrx_word' id='word_1_528' title='bbox 621 4730 694 4786; x_wconf 69' lang='lat'><strong>⁴2</strong></span> <span class='ocrx_word' id='word_1_529' title='bbox 827 4729 979 4787; x_wconf 82' lang='lat' dir='ltr'><strong>coelo</strong></span> <span class='ocrx_word' id='word_1_530' title='bbox 1023 4728 1341 4787; x_wconf 80' lang='lat' dir='ltr'><strong>descendi.</strong></span> <span class='ocrx_word' id='word_1_531' title='bbox 1394 4727 1480 4787; x_wconf 76' lang='lat' dir='ltr'><strong>Ec</strong></span> <span class='ocrx_word' id='word_1_532' title='bbox 1525 4727 1824 4787; x_wconf 79' lang='lat' dir='ltr'><strong>dicebant</strong></span> <span class='ocrx_word' id='word_1_533' title='bbox 1871 4747 1894 4785; x_wconf 94' lang='lat'><strong>.·</strong></span> <span class='ocrx_word' id='word_1_534' title='bbox 1942 4729 2171 4789; x_wconf 80' lang='lat' dir='ltr'><strong>Nonne</strong></span> <span class='ocrx_word' id='word_1_535' title='bbox 2218 4729 2326 4788; x_wconf 78' lang='lat' dir='ltr'><strong>hic</strong></span> <span class='ocrx_word' id='word_1_536' title='bbox 2434 4732 2786 4786; x_wconf 84' lang='lat' dir='ltr'><strong>creaturam</strong></span> <span class='ocrx_word' id='word_1_537' title='bbox 2826 4722 3139 4786; x_wconf 80' lang='lat' dir='ltr'><strong>convertit</strong></span> <span class='ocrx_word' id='word_1_538' title='bbox 3167 4730 3230 4784; x_wconf 89' lang='lat' dir='ltr'><strong>et</strong></span> <span class='ocrx_word' id='word_1_539' title='bbox 3261 4729 3473 4785; x_wconf 84' lang='lat' dir='ltr'><strong>movet</strong></span> <span class='ocrx_word' id='word_1_540' title='bbox 3500 4722 3580 4784; x_wconf 85' lang='lat' dir='ltr'><strong>ad</strong></span> <span class='ocrx_word' id='word_1_541' title='bbox 3608 4720 3931 4784; x_wconf 86' lang='lat' dir='ltr'><strong>Christum</strong></span> 
     </span>
     <span class='ocr_line' id='line_1_44' title="bbox 827 4818 3935 4903; baseline -0 -21"><span class='ocrx_word' id='word_1_542' title='bbox 827 4831 918 4883; x_wconf 81' lang='lat' dir='ltr'><strong>esc</strong></span> <span class='ocrx_word' id='word_1_543' title='bbox 943 4827 1124 4885; x_wconf 81' lang='lat' dir='ltr'><strong>Jesus</strong></span> <span class='ocrx_word' id='word_1_544' title='bbox 1149 4825 1334 4901; x_wconf 75' lang='lat' dir='ltr'><strong>filius</strong></span> <span class='ocrx_word' id='word_1_545' title='bbox 1359 4826 1613 4901; x_wconf 73' lang='lat' dir='ltr'><strong>Joseph,</strong></span> <span class='ocrx_word' id='word_1_546' title='bbox 1643 4825 1834 4902; x_wconf 82' lang='lat' dir='ltr'><strong>eujus</strong></span> <span class='ocrx_word' id='word_1_547' title='bbox 1870 4843 1983 4885; x_wconf 81' lang='lat' dir='ltr'><strong>nos</strong></span> <span class='ocrx_word' id='word_1_548' title='bbox 2025 4827 2325 4887; x_wconf 79' lang='lat' dir='ltr'><strong>novimus</strong></span> <span class='ocrx_word' id='word_1_549' title='bbox 2434 4820 2967 4894; x_wconf 87' lang='lat' dir='ltr'><strong>intellectualiter,</strong></span> <span class='ocrx_word' id='word_1_550' title='bbox 3003 4829 3228 4903; x_wconf 90' lang='lat' dir='ltr'><strong>sponte</strong></span> <span class='ocrx_word' id='word_1_551' title='bbox 3268 4838 3341 4881; x_wconf 89' lang='lat' dir='ltr'><strong>ac</strong></span> <span class='ocrx_word' id='word_1_552' title='bbox 3390 4818 3611 4882; x_wconf 88' lang='lat' dir='ltr'><strong>libere.</strong></span> <span class='ocrx_word' id='word_1_553' title='bbox 3644 4818 3935 4900; x_wconf 90' lang='lat' dir='ltr'><strong>Denique</strong></span> 
     </span>
     <span class='ocr_line' id='line_1_45' title="bbox 825 4916 3935 5000; baseline -0.001 -18"><span class='ocrx_word' id='word_1_554' title='bbox 825 4932 1077 4999; x_wconf 75' lang='lat' dir='ltr'><strong>patrem</strong></span> <span class='ocrx_word' id='word_1_555' title='bbox 1124 4932 1184 4983; x_wconf 75' lang='lat' dir='ltr'><strong>et</strong></span> <span class='ocrx_word' id='word_1_556' title='bbox 1229 4932 1498 4984; x_wconf 79' lang='lat' dir='ltr'><strong>matrem</strong></span> <span class='ocrx_word' id='word_1_557' title='bbox 1523 4924 1553 4983; x_wconf 68' lang='grc' dir='ltr'><strong><em>ἓ</em></strong></span> <span class='ocrx_word' id='word_1_558' title='bbox 1598 4924 1920 4991; x_wconf 85' lang='lat' dir='ltr'><strong>Quomodo</strong></span> <span class='ocrx_word' id='word_1_559' title='bbox 1968 4942 2113 5000; x_wconf 75' lang='lat' dir='ltr'><strong>erqo</strong></span> <span class='ocrx_word' id='word_1_560' title='bbox 2163 4925 2325 4983; x_wconf 76' lang='lat' dir='ltr'><strong>dicit</strong></span> <span class='ocrx_word' id='word_1_561' title='bbox 2433 4927 2671 4983; x_wconf 86' lang='lat' dir='ltr'><strong>tractus</strong></span> <span class='ocrx_word' id='word_1_562' title='bbox 2732 4918 2870 4993; x_wconf 89' lang='lat' dir='ltr'><strong>iste,</strong></span> <span class='ocrx_word' id='word_1_563' title='bbox 2925 4918 3090 4981; x_wconf 90' lang='lat' dir='ltr'><strong>inter</strong></span> <span class='ocrx_word' id='word_1_564' title='bbox 3138 4918 3461 4981; x_wconf 88' lang='lat' dir='ltr'><strong>caritatem</strong></span> <span class='ocrx_word' id='word_1_565' title='bbox 3512 4916 3821 4980; x_wconf 87' lang='lat' dir='ltr'><strong>trahentis</strong></span> <span class='ocrx_word' id='word_1_566' title='bbox 3871 4924 3935 4979; x_wconf 91' lang='lat' dir='ltr'><strong>et</strong></span> 
     </span>
     <span class='ocr_line' id='line_1_46' title="bbox 830 5010 3936 5098; baseline -0.001 -17"><span class='ocrx_word' id='word_1_567' title='bbox 830 5022 958 5091; x_wconf 74' lang='lat' dir='ltr'><strong>hic,</strong></span> <span class='ocrx_word' id='word_1_568' title='bbox 985 5010 1179 5087; x_wconf 78' lang='lat' dir='ltr'><strong>‘Quia</strong></span> <span class='ocrx_word' id='word_1_569' title='bbox 1226 5023 1306 5080; x_wconf 87' lang='lat' dir='ltr'><strong>de</strong></span> <span class='ocrx_word' id='word_1_570' title='bbox 1350 5023 1502 5081; x_wconf 84' lang='lat' dir='ltr'><strong>coelo</strong></span> <span class='ocrx_word' id='word_1_571' title='bbox 1551 5021 1851 5081; x_wconf 81' lang='lat' dir='ltr'><strong>descendi</strong></span> <span class='ocrx_word' id='word_1_572' title='bbox 1884 5022 1914 5081; x_wconf 66' lang='grc' dir='ltr'><em>Ρ</em></span> <span class='ocrx_word' id='word_1_573' title='bbox 1965 5020 2071 5082; x_wconf 86' lang='lat' dir='ltr'><strong>Isti</strong></span> <span class='ocrx_word' id='word_1_574' title='bbox 2127 5020 2324 5083; x_wconf 84' lang='lat' dir='ltr'><strong>Judaei</strong></span> <span class='ocrx_word' id='word_1_575' title='bbox 2439 5017 2739 5080; x_wconf 87' lang='lat' dir='ltr'><strong>unionem</strong></span> <span class='ocrx_word' id='word_1_576' title='bbox 2784 5017 2965 5079; x_wconf 83' lang='lat' dir='ltr'><strong>tracti</strong></span> <span class='ocrx_word' id='word_1_577' title='bbox 3010 5034 3157 5078; x_wconf 87' lang='lat' dir='ltr'><strong>cum</strong></span> <span class='ocrx_word' id='word_1_578' title='bbox 3202 5016 3361 5098; x_wconf 87' lang='lat' dir='ltr'><strong>ipso,</strong></span> <span class='ocrx_word' id='word_1_579' title='bbox 3396 5024 3492 5079; x_wconf 83' lang='lat' dir='ltr'><strong>est</strong></span> <span class='ocrx_word' id='word_1_580' title='bbox 3534 5014 3803 5078; x_wconf 78' lang='lat' dir='ltr'><strong>medius·</strong></span> <span class='ocrx_word' id='word_1_581' title='bbox 3838 5014 3936 5078; x_wconf 86' lang='lat' dir='ltr'><strong>Si-</strong></span> 
     </span>
     <span class='ocr_line' id='line_1_47' title="bbox 830 5114 3937 5200; baseline -0.001 -19"><span class='ocrx_word' id='word_1_582' title='bbox 830 5117 1143 5181; x_wconf 90' lang='lat' dir='ltr'><strong>increduli</strong></span> <span class='ocrx_word' id='word_1_583' title='bbox 1188 5117 1630 5200; x_wconf 86' lang='lat' dir='ltr'><strong>multipliciter</strong></span> <span class='ocrx_word' id='word_1_584' title='bbox 1667 5126 2059 5182; x_wconf 85' lang='lat' dir='ltr'><strong>erraverunt.</strong></span> <span class='ocrx_word' id='word_1_585' title='bbox 2092 5118 2323 5194; x_wconf 91' lang='lat' dir='ltr'><strong>Primo,</strong></span> <span class='ocrx_word' id='word_1_586' title='bbox 2439 5135 2519 5179; x_wconf 92' lang='lat' dir='ltr'><strong>ne</strong></span> <span class='ocrx_word' id='word_1_587' title='bbox 2548 5134 2678 5197; x_wconf 89' lang='lat' dir='ltr'><strong>quo</strong></span> <span class='ocrx_word' id='word_1_588' title='bbox 2708 5122 2911 5177; x_wconf 86' lang='lat' dir='ltr'><strong>tractu</strong></span> <span class='ocrx_word' id='word_1_589' title='bbox 2952 5114 3113 5176; x_wconf 91' lang='lat' dir='ltr'><strong>nihil</strong></span> <span class='ocrx_word' id='word_1_590' title='bbox 3146 5133 3483 5197; x_wconf 90' lang='lat' dir='ltr'><strong>possumus</strong></span> <span class='ocrx_word' id='word_1_591' title='bbox 3508 5133 3523 5177; x_wconf 74' lang='grc' dir='ltr'>ι</span> <span class='ocrx_word' id='word_1_592' title='bbox 3549 5114 3701 5196; x_wconf 89' lang='lat' dir='ltr'><strong>quia</strong></span> <span class='ocrx_word' id='word_1_593' title='bbox 3727 5134 3937 5196; x_wconf 88' lang='lat' dir='ltr'><strong>quum</strong></span> 
     </span>
     <span class='ocr_line' id='line_1_48' title="bbox 830 5212 3941 5299; baseline -0.001 -22"><span class='ocrx_word' id='word_1_594' title='bbox 830 5215 983 5299; x_wconf 87' lang='lat' dir='ltr'><strong>quia</strong></span> <span class='ocrx_word' id='word_1_595' title='bbox 1040 5216 1543 5279; x_wconf 88' lang='lat' dir='ltr'><strong>murmurabant.</strong></span> <span class='ocrx_word' id='word_1_596' title='bbox 1595 5216 1663 5277; x_wconf 86' lang='lat' dir='ltr'><strong>ln</strong></span> <span class='ocrx_word' id='word_1_597' title='bbox 1713 5235 1844 5298; x_wconf 90' lang='lat' dir='ltr'><strong>quo</strong></span> <span class='ocrx_word' id='word_1_598' title='bbox 1893 5216 2120 5279; x_wconf 84' lang='lat' dir='ltr'><strong>imitati</strong></span> <span class='ocrx_word' id='word_1_599' title='bbox 2182 5224 2331 5279; x_wconf 90' lang='lat' dir='ltr'><strong>sunt</strong></span> <span class='ocrx_word' id='word_1_600' title='bbox 2438 5215 2724 5279; x_wconf 89' lang='lat' dir='ltr'><strong>Christus</strong></span> <span class='ocrx_word' id='word_1_601' title='bbox 2756 5214 2839 5277; x_wconf 90' lang='lat' dir='ltr'><strong>sit</strong></span> <span class='ocrx_word' id='word_1_602' title='bbox 2866 5213 3019 5276; x_wconf 91' lang='lat' dir='ltr'><strong>finis</strong></span> <span class='ocrx_word' id='word_1_603' title='bbox 3061 5221 3293 5289; x_wconf 88' lang='lat' dir='ltr'><strong>noster,</strong></span> <span class='ocrx_word' id='word_1_604' title='bbox 3330 5230 3440 5275; x_wconf 88' lang='lat' dir='ltr'><strong>seu</strong></span> <span class='ocrx_word' id='word_1_605' title='bbox 3481 5212 3793 5276; x_wconf 82' lang='lat' dir='ltr'><strong>terminus</strong></span> <span class='ocrx_word' id='word_1_606' title='bbox 3828 5234 3941 5276; x_wconf 90' lang='lat' dir='ltr'><strong>su-</strong></span> 
     </span>
    </p>
   </div>
   <div class='ocr_carea' id='block_1_6' title="bbox 834 5310 3943 5405">
    <p class='ocr_par' dir='ltr' id='par_1_9' title="bbox 834 5310 3943 5405">
     <span class='ocr_line' id='line_1_49' title="bbox 834 5310 3943 5405; baseline 0 -29"><span class='ocrx_word' id='word_1_607' title='bbox 834 5322 1044 5397; x_wconf 87' lang='lat' dir='ltr'><strong>patres</strong></span> <span class='ocrx_word' id='word_1_608' title='bbox 1088 5332 1257 5389; x_wconf 76' lang='lat' dir='ltr'><strong>suoS,</strong></span> <span class='ocrx_word' id='word_1_609' title='bbox 1300 5314 1413 5396; x_wconf 90' lang='lat' dir='ltr'><strong>qui</strong></span> <span class='ocrx_word' id='word_1_610' title='bbox 1457 5315 1656 5377; x_wconf 90' lang='lat' dir='ltr'><strong>Deum</strong></span> <span class='ocrx_word' id='word_1_611' title='bbox 1703 5314 2081 5396; x_wconf 87' lang='lat' dir='ltr'><strong>gravissime</strong></span> <span class='ocrx_word' id='word_1_612' title='bbox 2125 5313 2333 5379; x_wconf 83' lang='lat' dir='ltr'><strong>offen·</strong></span> <span class='ocrx_word' id='word_1_613' title='bbox 2442 5313 2893 5405; x_wconf 73' lang='lat' dir='ltr'><strong>pei-naturalis,</strong></span> <span class='ocrx_word' id='word_1_614' title='bbox 2922 5331 3049 5376; x_wconf 91' lang='lat' dir='ltr'><strong>non</strong></span> <span class='ocrx_word' id='word_1_615' title='bbox 3081 5330 3421 5395; x_wconf 90' lang='lat' dir='ltr'><strong>possumus</strong></span> <span class='ocrx_word' id='word_1_616' title='bbox 3450 5312 3529 5374; x_wconf 88' lang='lat' dir='ltr'><strong>ad</strong></span> <span class='ocrx_word' id='word_1_617' title='bbox 3561 5310 3773 5393; x_wconf 91' lang='lat' dir='ltr'><strong>ipsum</strong></span> <span class='ocrx_word' id='word_1_618' title='bbox 3803 5330 3943 5377; x_wconf 89' lang='lat' dir='ltr'><strong>mo-</strong></span> 
     </span>
    </p>
   </div>
   <div class='ocr_carea' id='block_1_7' title="bbox 3924 960 4256 1007">
    <p class='ocr_par' dir='ltr' id='par_1_10' title="bbox 3924 960 4256 1007">
     <span class='ocr_line' id='line_1_50' title="bbox 3924 960 4256 1007; baseline -0.003 -9"><span class='ocrx_word' id='word_1_619' title='bbox 3924 960 4081 1007; x_wconf 52' lang='lat'><strong>³531,</strong></span> <span class='ocrx_word' id='word_1_620' title='bbox 4106 960 4171 997; x_wconf 78' lang='lat'><strong>¹³.</strong></span> <span class='ocrx_word' id='word_1_621' title='bbox 4255 966 4256 993; x_wconf 62' lang='lat' dir='ltr'><strong>l</strong></span> 
     </span>
    </p>
   </div>
  </div>
 </body>
</html>
