4300 6259
76 1970 116 2011 ll
137 1970 300 2012 Petr.
317 1982 386 2019 n.

47 2036 126 2077 1⁹.

47 2167 390 2214 flamm-‚12

91 2659 132 2701 ΙΙ
159 2658 304 2701 Tin.
329 2669 390 2707 u,

91 2954 167 2997 1³.
193 2968 264 3005 ιι,
293 2958 350 2997 4.

65 3454 228 3498 nmo.
245 3452 398 3501 vssss.

1193 497 1544 547 manuario
1587 498 1648 544 m
1691 498 1829 546 GAP.
1874 500 1983 546 vm
2021 500 2297 547 JOANMS.
2343 521 2423 531 —
2461 503 2604 549 ΛΒΤ.
2652 503 2781 551 xxu

3334 544 3353 559 ‚
3410 484 3532 549 435

411 683 668 750 nempe
726 670 1034 750 putabant
1079 670 1291 733 lesum
1351 671 1428 733 de
1486 671 1819 752 temporali
1871 678 1934 732 et
1962 670 2012 731 Λ
2045 679 2152 733 net
2190 672 2256 733 in
2297 673 2484 736 domo
2523 681 2859 755 parentum
2902 673 3209 756 quamdiu
3255 672 3434 747 vivit,
3476 672 3528 735 si

414 766 732 829 exteriori
777 767 1068 830 libertate
1115 766 1374 850 profari.
1421 769 1565 832 Ideo
1605 769 1784 831 lesus
1827 788 1934 830 ex-

419 866 615 945 ponit
674 866 766 927 eis
827 868 904 928 de
964 886 1093 948 qua
1161 868 1408 929 locutus
1476 869 1560 931 sit
1615 869 1927 942 libertate,

419 971 627 1043 prout
666 964 890 1027 recitat
931 964 1352 1046 Evangelista.

507 1064 874 1142 Respondit
911 1065 1005 1124 eis
1040 1067 1224 1126 Iesus
1255 1084 1279 1126 .·
1308 1069 1537 1134 Amen,
1568 1086 1757 1127 amen
1789 1068 1932 1126 dico

421 1162 624 1230 υοόἰε,
647 1164 806 1241 quia
834 1164 1045 1223 omnis
1075 1165 1194 1243 qui
1218 1164 1384 1240 facit
1407 1172 1742 1243 peccatum
1773 1183 1934 1227 mor-

419 1259 558 1322 tale
610 1278 624 1322 :
679 1262 758 1323 de
807 1260 1042 1323 veniali
1101 1281 1379 1344 namque
1438 1282 1562 1327 non
1625 1264 1932 1345 loquitur,

419 1360 739 1441 quoniam
789 1360 1068 1423 caritatis
1125 1360 1480 1425 libertatem
1543 1382 1668 1425 non
1729 1363 1930 1441 tollit3

415 1478 656 1519 servus
703 1470 794 1521 est
830 1463 1100 1538 peccati,
1148 1460 1211 1522 id
1259 1468 1376 1534 cst,
1431 1470 1688 1544 peccato
1736 1462 1937 1544 subji-

423 1558 625 1631 citur,
676 1578 714 1618 a
762 1558 918 1622 vitio
970 1558 1268 1633 vincitur,
1332 1562 1684 1623 secundum
1735 1561 1938 1643 impe—

425 1662 570 1717 tum
609 1674 819 1737 pravae
848 1656 1283 1721 inclinationis
1323 1666 1614 1721 movetur
1643 1660 1824 1741 quasi
1856 1659 1935 1721 ab

427 1762 758 1829 extraneo,
791 1756 1332 1835 quemadmodum
1383 1774 1605 1819 servus
1648 1767 1938 1821 movetur

2042 770 2217 845 velit,
2251 770 2552 851 quoniam
2586 772 2774 835 habet
2804 772 2908 853 jus
2940 772 3223 835 naturale
3260 774 3337 834 ad
3368 772 3529 850 hoc;
3574 830 3583 838 .

2042 876 2104 929 et
2165 877 2306 949 post
2362 878 2631 932 mortem
2692 879 3023 952 parentum
3086 870 3368 951 possidet
3423 870 3532 932 do·

2043 983 2242 1028 mum.
2287 965 2408 1029 Sed
2448 968 2565 1029 iste
2616 988 2740 1032 non
2792 976 2887 1031 est
2936 986 3159 1031 sensus
3208 988 3245 1030 a
3288 967 3535 1032 Christo

2043 1046 2348 1126 intentus.
2394 1065 2503 1127 Est
2546 1067 2739 1147 igitur
2782 1067 3141 1129 intellectus
3176 1086 3189 1129 ε

2140 1165 2383 1225 Servus
2436 1174 2655 1227 autem
2716 1166 3020 1228 servitu-te
3080 1166 3344 1247 peccati,
3404 1184 3536 1225 non

2046 1270 2259 1321 manet
2306 1262 2379 1323 in
2424 1266 2631 1335 dom0,
2676 1263 2739 1325 id
2787 1272 2883 1325 est
2929 1264 2993 1325 in
3043 1262 3324 1325 Ecclesia
3369 1262 3537 1324 mili-

2044 1359 2201 1420 tanti
2257 1359 2365 1440 (de
2421 1380 2548 1442 qua
2608 1362 2842 1424 dicitur
2904 1380 2917 1423 :
2978 1360 3150 1423 Scias
3217 1362 3537 1443 quomodo
3603 1371 3825 1424 mmm.

2044 1465 2329 1538 oporteat
2376 1466 2438 1520 te
2484 1460 2843 1522 conversari
2890 1460 2957 1522 in
3002 1461 3188 1524 domo
3228 1460 3358 1531 Dei,
3393 1478 3537 1542 quae
3562 1436 3629 1478 ¹⁵·

2044 1563 2139 1617 est
2187 1556 2466 1620 Ecclesia
2510 1557 2619 1620 Dei
2672 1558 2823 1634 vivi,
2871 1559 3166 1621 columna
3212 1566 3275 1621 et
3321 1557 3537 1621 firma-

2047 1663 2333 1717 mentum
2366 1657 2697 1737 veritatis),
2731 1658 2805 1717 in
2833 1666 3149 1719 ceter-num
3180 1678 3203 1717 .·
3232 1657 3535 1738 quoniam
3638 1664 3651 1677 ·

2047 1754 2194 1817 licet
2226 1757 2410 1818 modo
2440 1757 2517 1817 ad
2546 1764 2799 1838 tempus
2830 1757 2979 1818 mali
3010 1756 3540 1820 commisceantur

428 1871 469 1914 a
508 1853 771 1916 domino
809 1854 912 1915 cui
959 1853 1320 1934 subjicitur.
1363 1855 1539 1917 Unde
1577 1855 1795 1918 Petrus
1846 1876 1939 1919 as·
1970 1852 2020 1916 B
2049 1853 2233 1916 bonis
2291 1854 2355 1915 in
2406 1853 2704 1929 Ecclesia,
2758 1854 3038 1916 finaliter
3093 1862 3328 1929 tamen,
3382 1873 3540 1936 pra>-

412 1950 592 2013 .serit
647 1970 662 2013 ε
708 1951 916 2033 Iniqui
965 1952 1135 2015 servi
1185 1960 1335 2013 sunt
1382 1954 1851 2034 corruptionis3
1902 1973 1939 2016 a

431 2068 568 2132 quo
596 2049 772 2111 enim
810 2049 958 2131 quis
1000 2049 1204 2113 victus
1246 2060 1360 2125 est,
1397 2051 1590 2132 hujus
1623 2060 1684 2113 ct
1715 2070 1938 2116 servus

433 2156 555 2211 est.
607 2148 684 2209 Et
730 2148 1072 2230 Apostolus
1130 2148 1420 2212 bortatur
1472 2168 1487 2212 :
1535 2149 1670 2214 Non
1720 2158 1941 2231 regnet

435 2254 770 2330 peccatum
830 2246 896 2309 in
957 2254 1166 2310 vestro
1225 2248 1474 2310 mortali
1533 2266 1817 2330 corpore,
1869 2256 1940 2311 ut

431 2344 746 2409 obediatis
805 2345 1344 2427 concupiscentiis
1405 2347 1567 2427 ejus,
1628 2346 1935 2429 Denique,

431 2444 777 2507 serviendo
814 2444 1092 2525 peccatis
1133 2443 1410 2507 servitur
1450 2444 1723 2519 diabolo,
1759 2454 1822 2506 et
1859 2444 1938 2506 ab

431 2561 510 2605 eo
554 2542 740 2623 quasi
780 2562 822 2603 a
864 2542 1144 2616 domino,
1189 2549 1480 2623 peccator
1529 2543 1779 2623 ligatur,
1811 2543 1941 2624 agi-

430 2648 606 2703 tatur
634 2660 708 2702 ac
739 2639 1002 2721 regitur.
1037 2639 1180 2703 ldeo
1221 2640 1376 2702 dicit
1407 2640 1742 2723 Apostolus
1777 2659 1791 2702 :
1827 2640 1941 2703 Re-

433 2739 748 2821 sipiscant
783 2758 820 2800 a
859 2738 1104 2819 laqueis
1148 2737 1409 2812 diaboli,
1452 2759 1490 2799 a
1529 2757 1658 2819 quo
1701 2739 1936 2820 captivi

432 2845 736 2900 tenentur
773 2837 850 2899 ad
893 2836 1099 2918 ipsius
1142 2836 1555 2899 voluntatem.
1593 2836 1679 2897 De
1721 2837 1940 2918 hujus-

433 2936 610 2999 modi
659 2935 1038 2997 liberatione
1086 2934 1336 2997 locutus
1385 2942 1482 2997 est
1531 2935 1720 2997 lsaias
1771 2954 1784 2997 :
1835 2935 1942 2998 Ju-

2048 1953 2268 2014 sertim
2309 1952 2373 2013 in
2415 1953 2517 2015 die
2552 1952 2801 2033 judicii,
2832 1953 3295 2035 separabuntur
3323 1953 3402 2015 ab
3444 1955 3539 2015 in-

2049 2051 2254 2113 vicem
2304 2050 2440 2114 loco
2488 2057 2550 2113 et
2599 2051 2881 2134 praemio,
2933 2052 3189 2133 quando
3237 2051 3303 2113 bi
3355 2052 3541 2113 ibunt
3566 2064 3836 2119 uanam,

2052 2148 2116 2210 in
2158 2149 2549 2230 supplicium
2588 2157 2919 2224 aeternum,
2954 2148 3019 2210 hi
3060 2167 3208 2213 vero
3246 2150 3313 2211 in
3346 2150 3539 2213 vitam
3568 2130 3635 2171 ⁴⁸·

2051 2254 2373 2309 aeternam.
2434 2246 2615 2309 Nunc
2672 2264 2931 2329 quoque
2985 2247 3097 2329 qui
3159 2248 3225 2309 in
3286 2228 3542 2329 peccato

2051 2345 2299 2408 mortali
2340 2354 2456 2419 est,
2498 2346 2805 2427 quamdiu
2844 2346 3210 2426 hujusmodi
3255 2354 3370 2421 est,
3414 2365 3539 2409 non

2051 2450 2263 2505 manet
2314 2443 2730 2524 spiritualiter
2779 2443 2845 2505 in
2891 2442 3191 2517 Ecclesia,
3233 2444 3385 2525 quia
3427 2462 3541 2527 per

2047 2541 2373 2603 caritatcm
2424 2560 2550 2603 non
2602 2541 2820 2603 unitur
2868 2542 3173 2604 membris
3221 2542 3537 2619 Ecclesiae,

2049 2656 2167 2701 nec
2214 2640 2291 2700 ad
2339 2639 2589 2721 mystici
2633 2639 2915 2721 corporis
2961 2640 3237 2721 pertinet
3282 2641 3544 2704 actuali-

2047 2743 2144 2799 ter
2177 2736 2507 2799 unitatem.
2544 2735 2607 2799 Si
2650 2745 2859 2800 tamen
2891 2746 2984 2800 est
3014 2739 3091 2800 de
3123 2756 3387 2803 numero
3418 2739 3542 2801 ele—

2049 2842 2311 2912 ctorum,
2332 2835 2608 2917 pertinet
2634 2837 2712 2898 ad
2742 2836 3080 2916 mysticum
3110 2856 3343 2920 corpus
3374 2837 3543 2900 Chri·

2049 2934 2126 2997 sti
2169 2934 2521 2997 secundum
2565 2934 3181 3015 praedestinationem
3231 2934 3535 3011 divinam,

426 3052 585 3115 gum
628 3034 842 3098 oneris
883 3034 1048 3115 ejuS,
1088 3041 1152 3096 et
1190 3033 1430 3113 virgam
1476 3033 1730 3095 humeri
1771 3034 1932 3116 ejus,
1975 3032 2019 3095 C
2048 3042 2110 3096 et
2147 3040 2572 3107 convertetur,
2606 3032 3114 3114 aeternaliterque
3152 3033 3437 3095 manebit
3471 3034 3539 3097 in

431 3140 497 3195 et
551 3140 874 3214 sceptrum
927 3132 1236 3194 exactoris
1286 3130 1426 3211 ejus
1477 3132 1812 3213 superasti.
1857 3169 1938 3179 —

429 3230 546 3294 Est
583 3248 733 3312 ergo
780 3230 963 3293 beata
1001 3238 1066 3293 et
1101 3232 1458 3312 appetenda
1496 3231 1776 3307 libertaS,
1811 3252 1939 3315 qua

429 3330 516 3392 ab
575 3328 1024 3409 hujuscemodi
1085 3328 1360 3392 vinculis
1428 3329 1798 3405 liberamur,
1860 3332 1938 3393 de

429 3428 670 3510 quibus
709 3434 773 3489 et
810 3426 1104 3490 Salomon
1143 3426 1350 3489 fassus
1389 3435 1486 3491 est
1519 3446 1532 3491 :
1565 3427 1936 3510 Iniquitates

430 3545 570 3589 suae
617 3526 873 3608 capient
922 3526 1221 3608 impium,
1275 3534 1338 3587 et
1385 3526 1662 3589 vinculis
1719 3546 1940 3609 pecca-

427 3632 650 3689 torum
689 3642 954 3687 suorum
992 3624 1484 3705 constringetur.
1526 3624 1633 3688 Est
1677 3644 1936 3707 quoque

431 3723 663 3786 infelix
707 3722 992 3801 libertas,
1033 3741 1179 3804 quae
1221 3730 1317 3784 est
1357 3741 1507 3785 vera
1547 3741 1621 3786 ac
1673 3724 1934 3787 misera·

429 3820 586 3884 bilis
629 3823 926 3895 servituS‚
969 3838 1082 3902 per
1124 3839 1318 3901 quam
1369 3839 1404 3882 a
1455 3820 1727 3883 vinculis
1778 3822 1934 3904 legis

429 3920 672 3983 divinae
709 3928 774 3983 et
808 3919 962 4000 jugo
1001 3926 1232 3981 sanctae
1269 3918 1648 3981 obedientiae
1687 3937 1800 3982 nos
1841 3920 1936 4001 ip-

429 4038 538 4082 sos
583 4018 892 4093 eruimus,
925 4017 1093 4080 sicut
1139 4024 1428 4079 cantatur
1469 4017 1535 4078 in
1579 4016 1824 4080 Psalmo
1869 4017 1934 4080 in

225 4155 258 4183 u
344 4170 359 4181 .
431 4136 712 4202 persona
747 4117 1094 4199 impiorum
1133 4132 1147 4177 ε
1188 4115 1636 4197 Dirumpamus
1681 4116 1937 4178 vincula

429 4236 684 4291 eorum,
717 4224 780 4279 et
820 4214 1234 4299 projiciamus
1273 4233 1311 4276 a
1351 4213 1534 4276 nobis
1573 4212 1800 4295 jugum
1840 4214 1936 4296 ip-
1966 4212 2014 4275 D
2044 4220 2178 4275 stus
2209 4212 2314 4274 Dei
2347 4210 2543 4273 Filius
2575 4210 2879 4272 naturalis
2910 4217 2972 4272 et
3003 4212 3251 4287 unicuS,
3287 4222 3537 4276 maneat

87 4441 198 4485 Jer.
227 4454 280 4490 n,
307 4440 394 4480 2⁰.

429 4336 678 4381 sorum.
711 4314 789 4377 Et
825 4315 891 4376 in
919 4313 1190 4376 Ieremia
1229 4312 1532 4376 Dominus
1570 4312 1658 4373 ait
1697 4312 1934 4393 populo

425 4416 796 4479 Judaeorum
845 4432 860 4476 ε
910 4414 962 4473 Α
1011 4412 1244 4475 saeculo
1291 4410 1659 4491 confregisti
1707 4410 1932 4492 jugum

429 4530 675 4586 meum,
711 4511 940 4594 rupisti
973 4509 1230 4573 vincula
1257 4527 1419 4585 mea,
1443 4515 1506 4571 et
1536 4508 1775 4584 dixisti,
1798 4508 1932 4573 Non

301 4678 314 4685 ,
427 4610 733 4675 serviam.

509 4712 756 4771 Servus
796 4716 1012 4769 autem
1061 4726 1194 4768 non
1241 4716 1460 4767 manet
1507 4708 1576 4768 in
1627 4710 1814 4768 domo
1857 4708 1930 4767 in

422 4817 796 4878 oeaernum,·
831 4807 1016 4885 filius
1054 4814 1272 4865 manet
1311 4806 1384 4864 in
1421 4814 1760 4867 oeternum.
1805 4805 1933 4868 Hoc

423 4906 804 4987 frequenter
861 4904 955 4966 sic
1012 4911 1109 4965 est
1176 4902 1240 4965 in
1304 4902 1696 4977 bominibus»,
1759 4904 1930 4985 quod

423 5022 656 5067 servus
705 5001 1144 5065 conducticius
1197 5019 1322 5064 non
1373 5008 1586 5063 manet
1635 5002 1699 5062 in
1742 5002 1931 5065 domo

425 5102 677 5166 domini
735 5101 835 5164 sui
897 5108 1026 5165 toto
1081 5108 1368 5181 tempore
1429 5100 1573 5163 vitae
1621 5118 1750 5162 suae
1801 5119 1815 5162 ε
1867 5108 1931 5161 et

423 5200 728 5283 quamvis
767 5200 1091 5263 interdum
1129 5206 1518 5282 permaneat,
1553 5217 1679 5261 non
1717 5204 1928 5260 tamen

425 5298 624 5363 habet
650 5299 756 5380 jus
786 5297 1072 5361 naturale
1099 5298 1178 5361 ad
1209 5297 1351 5360 hoc.
1385 5295 1582 5358 Filius
1614 5314 1764 5359 vero
1801 5314 1932 5357 ma-

2047 3133 2235 3194 domo
2283 3130 2415 3192 Dei.
2469 3129 2620 3192 Nam
2668 3136 3010 3211 antequam
3059 3131 3385 3207 moriatur,
3440 3132 3538 3195 in-

2047 3229 2489 3312 corporabitur
2518 3228 2766 3291 Christo
2794 3236 2986 3311 atque
3012 3227 3331 3305 Ecclesiae,
3356 3237 3419 3293 et
3446 3231 3540 3294 sic

2048 3329 2364 3412 pertinget
2415 3329 2494 3390 ad
2544 3326 3000 3408 triumphantis
3047 3326 3345 3391 Ecclesiae
3394 3347 3537 3411 per·

2047 3434 2303 3510 petuam
2346 3426 2761 3489 mansionem.
2811 3424 3095 3506 Denique
3138 3443 3359 3489 servus
3409 3445 3541 3489 ser-

2047 3526 2247 3588 vitute
2294 3522 2541 3587 timoris
2600 3541 2759 3604 pure
2816 3522 3087 3599 servilis,
3140 3542 3267 3587 non
3327 3534 3539 3587 manet

2045 3624 2112 3686 in
2163 3624 2350 3686 domo
2397 3640 2509 3684 scu
2554 3621 3037 3703 congregatione
3076 3621 3423 3685 electorum
3463 3622 3540 3685 fi-

2045 3722 2285 3785 delium
2343 3720 2408 3781 in
2460 3726 2792 3791 aeternum,
2848 3719 2971 3782 nisi
3026 3721 3104 3782 ad
3162 3721 3537 3785 servitutem

2044 3820 2279 3884 amoris
2322 3838 2388 3880 se
2430 3816 2785 3880 transferat.
2833 3816 2998 3879 Talis
3030 3818 3220 3880 -enim
3272 3837 3399 3882 non
3442 3827 3540 3882 est

2046 3920 2109 3980 in
2143 3918 2421 3991 caritate,
2447 3934 2565 3978 nec
2590 3915 2835 3997 aliquid
2866 3925 3284 3998 promeretur,
3316 3936 3541 3999 quam-

2047 4018 2142 4080 vis
2183 4034 2327 4098 qun
2363 4014 2512 4095 agit,
2546 4032 2623 4075 ex
2664 4030 2897 4093 genere
2934 4013 3101 4076 bona
3138 4015 3286 4077 sint.
3320 4018 3538 4079 Filius

2045 4124 2261 4175 manet
2289 4116 2357 4173 in
2390 4123 2725 4175 oeternum.
2750 4110 3002 4175 Certum
3034 4119 3130 4174 est
3158 4115 3328 4194 quod
3362 4114 3539 4177 Chri-

2043 4312 2108 4373 in
2159 4313 2347 4374 domo
2396 4308 2691 4371 Ecclesioe
2739 4309 3191 4392 triumphantis
3240 4310 3304 4373 in
3353 4318 3535 4375 aeter-

2044 4428 2221 4471 num.
2272 4407 2562 4470 Militanti
2609 4425 2869 4489 quoque
2914 4408 3255 4490 spopondit
3306 4428 3321 4471 ε
3373 4408 3533 4473 Ecce
3558 4426 3823 4481 maxum.

2042 4526 2157 4591 ego
2189 4506 2517 4570 vobiscum
2557 4524 2701 4567 sum
2738 4505 3036 4569 omnibus
3074 4505 3299 4568 diebus
3332 4525 3535 4590 usque
3560 4493 3627 4535 ²⁰·

2039 4606 2120 4668 ad
2175 4604 2787 4668 consummationem
2849 4603 3085 4666 saeculi.
3146 4601 3222 4665 Et
3275 4604 3354 4666 ad
3410 4604 3531 4667 He-

2040 4703 2243 4766 braeos
2282 4701 2621 4783 Apostolus
2665 4702 2820 4763 dicit
2852 4720 2865 4763 :
2902 4700 3187 4763 Christus
3228 4709 3531 4784 tanquam
3558 4724 3819 4779 Hatram.

2038 4802 2218 4865 filius
2278 4800 2343 4862 in
2402 4802 2590 4863 domo
2647 4818 2781 4873 sua,
2834 4818 2977 4881 quae
3034 4800 3259 4861 domus
3306 4820 3531 4866 sumus

2039 4920 2175 4965 nos.
2229 4899 2437 4962 Potest
2483 4915 2631 4978 ergo
2692 4896 3133 4959 universaliter
3181 4897 3409 4979 accipi,
3462 4907 3533 4961 ut

2039 5000 2121 5063 sit
2149 5016 2375 5061 sensus
2411 5016 2423 5059 :
2458 4996 2655 5058 Filius
2686 4995 2860 5057 enim
2892 4995 3285 5078 quicumque
3323 5015 3360 5057 a
3402 5014 3531 5058 ser-

2039 5098 2241 5161 vitute
2283 5094 2524 5177 peccati
2570 5093 2734 5155 liber
2775 5099 2837 5155 et
2874 5093 3142 5167 alienuS‚
3185 5093 3299 5175 qui
3339 5094 3531 5176 spiri·
3582 5118 3707 5164 non.
3732 5134 3819 5175 vm.

2037 5202 2177 5257 tum
2234 5192 2591 5275 adoptionis
2648 5191 2901 5273 accipit,
2962 5190 3028 5253 in
3086 5210 3216 5273 quo
3272 5192 3523 5270 clamat,
3558 5184 3622 5227 ¹⁵·

2037 5292 2219 5356 Abba
2244 5292 2497 5374 (Pater),
2530 5299 2743 5355 manet
2784 5290 2850 5353 in
2890 5292 3077 5355 domo
3115 5290 3416 5357 Ecclesiae
3456 5292 3525 5357 in
