4300 6259
72 1155 309 1207 Matrinus.

68 1449 137 1492 Job
150 1465 227 1500 xxv.
242 1455 306 1494 15.

70 1552 305 1605 Δροωιῼῦ.

70 1844 119 1886 Ιι.
132 1859 214 1888 mu

104 2032 187 2076 Jer.
210 2047 259 2076 xv

70 2097 124 2136 14.

82 2158 149 2201 1²2.
168 2171 231 2210 cn,
252 2161 291 2202 3.

72 2631 183 2686 lfley.
194 2635 303 2682 ¹35.

122 3027 158 3058 ε.
263 3049 275 3062 .
332 3021 531 3094 prout
587 3013 760 3093 apud
817 3012 1039 3074 lsaiam
1100 3011 1405 3074 scribitur
1463 3029 1477 3073 :

147 3303 207 3358 ss

1130 476 1478 524 mannum
1523 476 1585 522 IN
1628 476 1765 523 cu.
1812 477 1923 524 1111
1964 477 2153 525 LUGAE.
2197 496 2278 510 —-
2320 479 2463 526 ΛΒΤ.
2509 477 2676 526 XXXV

3366 453 3441 526 81

338 647 531 710 minae
581 647 909 711 curatione
957 647 1247 730 quinque
1295 647 1533 724 effecit,
1586 669 1731 732 quae
1780 649 1845 711 in
1876 647 1927 712 Α
1955 649 2222 726 turbari,
2266 669 2468 733 quum
2519 659 2920 734 torqueretur
2968 652 3230 715 invidia.
3266 652 3450 714 Dice-

336 745 661 826 spirituali
693 745 1041 828 impiorum
1073 746 1399 809 curatione
1432 747 1847 828 spiritualiter

334 846 485 926 agit.
522 845 775 909 Etenim
807 845 1110 908 feminam
1149 846 1323 909 illam
1360 847 1537 922 vidit,
1572 849 1840 923 vocavit,

336 945 607 1019 sanavit,
652 945 878 1025 tetigit,
912 953 973 1006 et
1013 945 1237 1007 erexit.
1280 945 1585 1008 Similiter
1626 965 1847 1028 pecca-

338 1050 541 1105 torem
583 1043 1003 1125 spiritualiter
1033 1051 1393 1118 curaturuS,
1428 1045 1637 1126 primo
1674 1045 1847 1107 videt

338 1159 489 1203 eum
521 1142 725 1205 oculis
756 1160 887 1204 suae
917 1141 1291 1214 clementiae,
1327 1142 1493 1204 sicut
1522 1142 1681 1205 vidit
1708 1142 1847 1204 Mat-

340 1239 579 1302 thaeum
626 1240 692 1301 in
733 1240 970 1303 telonio
1008 1241 1355 1302 sedentem.
1390 1239 1700 1314 Secundo,
1737 1260 1846 1304 vo-

337 1347 442 1401 cat
488 1357 605 1420 per
643 1339 1125 1421 inspirationem
1168 1339 1506 1414 internam,
1545 1340 1723 1419 juxta
1772 1340 1849 1403 il-

338 1436 452 1500 lud
498 1437 615 1501 Job
648 1456 663 1501 ε
697 1437 963 1501 Vocabis
1007 1456 1131 1512 me,
1175 1445 1237 1500 et
1286 1457 1402 1519 ego
1451 1439 1848 1520 respondebo

336 1535 513 1615 tibi;
564 1536 633 1598 in
681 1536 1062 1619 Apocalypsi
1116 1554 1397 1618 quoque,
1450 1535 1579 1618 Ego
1628 1544 1723 1600 sto
1768 1537 1847 1599 ad

335 1634 575 1698 ostium
625 1641 689 1698 et
734 1635 943 1716 pulso.
978 1634 1207 1710 Tertio,
1244 1642 1423 1697 sanat
1472 1653 1585 1717 per
1628 1653 1850 1716 pecca—

336 1741 551 1797 torum
610 1733 1079 1807 remissionem,
1133 1733 1670 1815 quemadmodum
1733 1752 1846 1815 per

335 1931 614 2011 quitates
646 1937 807 1992 tuas.
841 1931 1018 1993 Unde
1050 1949 1163 2012 per
1190 1929 1526 1993 Ieremiam
1559 1930 1797 2012 petitur
1827 1949 1841 1992 z

260 2047 302 2084 ¹¹·
334 2027 501 2090 Sana
550 2047 676 2102 me,
730 2029 1015 2102 Domine,
1069 2037 1133 2090 et
1185 2028 1477 2091 sanabor.
1523 2029 1730 2111 Atque
1778 2029 1844 2091 in

336 2126 587 2191 Psalmo
632 2146 646 2190 :
688 2126 807 2200 Qui
846 2127 1230 2209 propitiatur
1269 2127 1569 2190 omnibus
1613 2127 1847 2208 iniqui·

334 2225 577 2288 tatibus
617 2225 770 2299 tuiS,
804 2225 916 2306 qui
962 2231 1142 2287 sanat
1178 2243 1398 2288 omnes
1438 2224 1844 2288 infirmitates

334 2333 501 2386 tuas·
536 2323 789 2398 Quarto,
823 2323 1025 2404 tangit
1069 2342 1184 2405 per
1218 2323 1526 2385 virtutum
1579 2322 1848 2386 infusio-

334 2440 511 2496 nem,
564 2429 629 2484 et
680 2441 795 2504 per
840 2422 1289 2485 excitationem
1348 2422 1580 2484 mentis
1628 2423 1706 2484 ad
1753 2441 1849 2484 sa-

334 2519 791 2596 tisfactionem,
824 2538 937 2582 seu
967 2539 1163 2603 opera
1190 2520 1495 2602 quaelibet
1532 2519 1717 2594 bona,
1752 2539 1849 2582 se-

334 2619 624 2681 cundum
666 2618 827 2682 illud
863 2617 1105 2700 Regum
1142 2637 1155 2681 :
1190 2618 1365 2680 Abiit
1404 2637 1550 2680 cum
1588 2635 1661 2681 eo
1700 2637 1845 2700 pars

333 2717 681 2792 exercitUS,
737 2736 1014 2798 quorum
1072 2717 1365 2798 tetigerat
1418 2715 1581 2778 Deus
1630 2718 1839 2779 corda.

332 2814 593 2889 Quinto,
629 2815 817 2896 erigit
854 2815 934 2877 ad
982 2815 1265 2878 coelestia
1313 2831 1424 2896 per
1462 2822 1841 2877 oeternorum

333 2913 969 2994 contemplationem,
1025 2911 1480 2993 fervidumque
1536 2930 1838 2987 amorem,

332 3110 529 3192 erigit
570 3111 731 3173 mibi
778 3129 1022 3185 aurem,
1061 3117 1127 3171 ut
1173 3109 1427 3172 audiam
1466 3127 1613 3172 eum
1658 3109 1842 3191 quasi

334 3210 742 3290 magistrum.

400 3311 821 3386 Responderi-s
859 3316 1077 3369 autem
1114 3308 1689 3385 archisynayoqus.
1728 3307 1844 3369 Re-

332 3405 599 3488 spondit
645 3411 856 3467 autem
899 3423 1025 3468 non
1067 3406 1143 3467 ad
1182 3404 1457 3485 alicujus
1497 3405 1842 3485 interroga-

329 3507 599 3576 tionem,
635 3504 789 3586 quia
816 3503 1239 3584 interrogatus
1282 3522 1407 3567 non
1440 3503 1692 3584 legitur,
1729 3505 1838 3566 sed

326 3605 404 3666 ad
439 3603 903 3666 miraculosum
932 3621 1094 3684 opus
1124 3601 1356 3664 Christi
1386 3611 1533 3684 apte
1563 3620 1631 3664 se
1661 3602 1837 3684 loqui

330 3702 585 3784 putavit
643 3709 755 3763 aut
800 3701 1013 3762 finxit.
1066 3698 1257 3764 Porro
1304 3701 1838 3783 archisynagogus

324 3809 423 3862 est
454 3816 694 3863 nomen
725 3798 953 3873 officii,
990 3817 1115 3862 non
1150 3817 1457 3880 personae,
1481 3800 1634 3880 quia
1665 3798 1841 3880 prin-

326 3899 543 3980 cipem
577 3915 911 3980 synagogae
941 3896 1247 3976 designat.
1282 3897 1651 3973 Indiynans
1679 3898 1840 3976 quia

324 3999 591 4058 sabbato
638 4005 923 4056 curasset
962 3999 1145 4056 Jesus
1186 3995 1535 4062 hominem,
1576 3994 1697 4057 hoc
1746 4002 1841 4055 est

330 4093 649 4157 feminam
692 4094 901 4156 istam.
949 4094 1017 4154 ln
1061 4111 1189 4174 quo
1234 4099 1405 4174 patet
1448 4092 1835 4168 indiscretiO,

1956 751 2062 810 bat
2102 752 2304 812 turbae
2333 771 2356 810 .·
2391 754 2521 812 Sem
2553 753 2694 812 dies
2726 761 2882 812 sunt
2919 750 2986 813 in
3030 751 3444 824 hebdomada,

1955 847 2026 907 in
2056 849 2290 926 quibu-s·
2319 852 2578 927 operari
2607 859 2869 926 oportet,
2904 850 3022 913 hoc
3060 858 3176 924 est,
3211 849 3360 914 licet
3387 859 3451 914 et

1954 945 2213 1026 expedit
2245 964 2258 1008 :
2293 947 2457 1008 sicut
2496 947 2658 1008 Deus
2697 965 2807 1008 sex
2846 947 3070 1010 diebus
3109 949 3323 1011 omnia
3360 949 3452 1010 fe-

1956 1042 2061 1116 cit,
2106 1045 2379 1124 septimo
2427 1050 2640 1106 autem
2689 1045 2790 1106 die
2839 1045 3104 1126 quievit,
3151 1046 3215 1107 in
3265 1046 3448 1127 cujus

1956 1141 2327 1204 memoriam
2356 1142 2547 1222 jussit
2576 1143 2918 1225 septimum
2960 1144 3125 1205 diem
3169 1162 3280 1206 seu
3313 1145 3454 1206 sab-

1957 1239 2176 1302 batum
2226 1241 2556 1303 celebrari.
2606 1244 2684 1302 In
2731 1242 2834 1301 his
2874 1261 3020 1320 erqo
3065 1261 3174 1304 sex
3225 1243 3450 1306 diebus

1958 1342 2192 1406 venite,
2231 1350 2291 1399 et
2329 1341 2687 1410 curamini,
2725 1341 2838 1420 qui
2883 1341 3034 1402 estis
3081 1341 3349 1416 infirmi,
3391 1353 3451 1404 et

1958 1457 2087 1498 non
2126 1439 2196 1497 in
2236 1439 2344 1498 die
2378 1441 2648 1510 sabbati,
2683 1455 2763 1500 ne
2808 1439 3312 1520 praevaricemini
3358 1440 3453 1503 di-

1958 1535 2182 1597 vinum
2228 1544 2642 1618 praeceptum.

2050 1632 2332 1696 Subinde
2389 1632 2671 1698 Salvator
2728 1636 3294 1718 archisynagogum
3353 1655 3452 1698 re-

1957 1731 2226 1811 darguit,
2261 1733 2598 1794 ostendens
2637 1734 2808 1814 quod
2849 1733 2957 1795 ille
2995 1735 3193 1815 magis
3237 1744 3452 1798 contra

290 1831 563 1894 ‚isaiam
614 1832 901 1914 loquitur
934 1851 948 1894 :
984 1831 1112 1914 Ego
1162 1851 1306 1894 sum
1344 1833 1457 1914 qui
1500 1832 1679 1895 deleo
1724 1832 1847 1894 ini·
1880 1829 1930 1894 B
1956 1829 2289 1891 sabbatum
2338 1829 2490 1892 fecit
2536 1850 2728 1912 quam
2779 1831 2938 1913 ipse,
2973 1840 3035 1894 et
3081 1834 3251 1915 quod
3297 1852 3455 1915 prae-

1956 1934 2212 2009 ceptum
2243 1929 2322 1990 de
2359 1928 2602 1991 sabbati
2634 1929 3074 1994 observatione
3115 1950 3238 1995 non
3271 1931 3456 1994 intel-

1955 2025 2130 2100 lexit,
2184 2027 2336 2107 quia
2391 2046 2514 2090 non
2567 2047 2988 2110 quaecumque
3045 2047 3238 2111 opera
3289 2029 3452 2092 Deus

1956 2124 2216 2188 sabbato
2246 2124 2389 2186 fieri
2424 2126 2773 2206 prohibuit,
2807 2127 3044 2207 alioqui
3082 2146 3208 2191 non
3241 2128 3456 2190 licuis-

1957 2230 2050 2286 set
2090 2223 2352 2286 sabbato
2389 2225 2739 2299 comedere,
2773 2224 3015 2300 bibere,
3054 2227 3252 2307 loqui,
3288 2227 3456 2289 ciba-

1956 2321 2050 2382 ria
2079 2321 2389 2394 scindere,
2426 2329 2644 2403 potum
2676 2320 3029 2384 effundere.
3063 2322 3329 2386 Servilia
3361 2343 3457 2386 er-

1952 2436 2032 2498 go
2063 2436 2255 2500 opera
2286 2418 2540 2480 fuerunt
2569 2419 2680 2482 illo
2710 2419 2812 2482 die
2843 2420 3077 2492 illicita,
3105 2440 3231 2486 non
3262 2441 3456 2504 opera

1956 2517 2255 2592 caritatiS,
2299 2517 2570 2600 pietatiS,
2615 2528 2677 2580 et
2716 2520 3130 2582 necessitatis,
3166 2521 3325 2584 Hinc
3367 2523 3456 2584 ait

1954 2616 2328 2679 Ambrosius
2376 2635 2390 2679 ε
2435 2616 2598 2679 Deus
2647 2618 2919 2700 septimo
2968 2619 3070 2680 die
3116 2620 3196 2681 ab
3246 2621 3456 2703 operi-

1956 2714 2074 2776 bus
2113 2715 2337 2777 mundi
2377 2715 2644 2796 quievit,
2681 2735 2805 2778 non
2845 2717 2924 2778 ab
2967 2718 3141 2780 omni
3183 2721 3454 2800 operati-

1953 2831 2094 2886 one,
2120 2832 2323 2894 quum
2356 2814 2742 2895 sempiterna
2771 2821 2833 2876 et
2859 2815 3030 2896 jugis
3061 2816 3142 2878 sit
3171 2818 3453 2899 operatio

1954 2911 2115 2992 ejus,
2171 2911 2335 2973 sicut
2381 2911 2576 2974 Filius
2633 2913 2740 2986 ait,
2792 2913 2970 2975 Pater
3019 2933 3198 2976 meus
3249 2933 3452 2997 usque

1954 3108 2382 3170 militudinem
2435 3109 2544 3170 Dei
2595 3110 2918 3172 saecularia
2977 3118 3188 3174 nostra
3235 3131 3447 3195 opera,

1953 3226 2079 3270 non
2124 3207 2437 3288 religiosa,
2484 3215 2824 3270 cessarent.

2037 3309 2449 3384 Respondeas
2491 3308 2579 3366 ad
2619 3307 2814 3367 illum
2857 3309 3201 3379 Dominus,
3243 3311 3444 3372 dixit.

1952 3403 2500 3486 Archisynagogus
2548 3423 2738 3466 ausus
2788 3424 2912 3468 non
2963 3405 3086 3468 fuit
3129 3405 3448 3471 Christum

1954 3502 2190 3564 directe
2227 3519 2512 3582 arguere,
2547 3503 2656 3565 sed
2698 3503 3008 3585 populum
3038 3503 3443 3587 alloquendO,

1952 3601 2134 3683 quasi
2185 3600 2492 3663 indirecte
2541 3602 2859 3682 redarguit
2905 3620 3074 3663 eum.
3108 3601 3226 3665 Sed
3274 3604 3452 3667 Chri-

1953 3708 2087 3762 stus
2125 3699 2232 3760 Dei
2275 3698 2577 3779 injuriam
2619 3719 2744 3762 non
2797 3701 3137 3776 sustinenS,
3173 3719 3290 3764 nec
3342 3723 3451 3785 po-

1953 3797 2089 3880 puli
2137 3797 2576 3878 deceptionem
2623 3797 2857 3873 ferens,
2903 3799 3305 3881 apertissime
3353 3820 3450 3863 re-

1953 3897 2201 3976 darguit
2246 3896 2810 3978 archisynagogum
2855 3903 2918 3958 et
2959 3897 3098 3978 ejus
3141 3898 3441 3963 fautores.

1952 3998 2337 4074 Hypocrita,
2369 3996 2478 4077 qui
2527 3995 2771 4076 justum
2819 4002 2882 4056 te
2925 3995 3210 4071 simulaS,
3243 4015 3445 4080 quum

1952 4094 2181 4177 plenus
2221 4094 2308 4155 sis
2349 4094 2540 4166 vitiis,
2576 4096 3022 4174 unusquisque
3060 4105 3340 4156 vestrum
3370 4097 3444 4158 in

332 4193 698 4274 ignorantia
741 4198 803 4254 et
842 4190 1000 4253 falsa
1036 4191 1303 4272 justitia,
1337 4191 1466 4253 imo
1504 4199 1567 4252 et
1604 4191 1844 4253 invidia
1870 4198 1921 4259 D
1948 4195 2206 4253 sabbato
2235 4211 2366 4253 non
2394 4194 2608 4260 solvit,
2642 4192 2899 4274 propria
2937 4201 3153 4267 ma'nu,
3190 4193 3290 4255 vel
3330 4211 3446 4274 per

212 4317 251 4354 x.
290 4336 304 4347 .
332 4292 477 4372 ejus
514 4311 530 4354 :
567 4290 958 4364 indiscreti0‚
987 4290 1141 4372 quia
1170 4289 1379 4351 zelum
1414 4288 1567 4369 legis
1599 4288 1837 4364 habuit,

332 4392 444 4453 sed
488 4408 619 4453 non
660 4390 1014 4451 secundum
1056 4388 1428 4468 scientiam3
1461 4387 1837 4468 ignorantia,

330 4490 487 4572 quia
552 4494 944 4570 praeceptum
1002 4488 1081 4550 de
1137 4486 1537 4550 observantia
1595 4486 1839 4549 sabbati

330 4607 459 4650 non
492 4585 851 4666 intellexit3
882 4584 1043 4647 falsa
1070 4583 1336 4666 justitia,
1372 4583 1526 4665 quia
1554 4583 1842 4665 indigna-

329 4693 429 4749 tus
480 4692 585 4748 est
626 4684 875 4748 Christo
909 4684 1089 4763 (vera
1135 4683 1307 4746 enim
1357 4683 1604 4764 justitia
1651 4683 1841 4746 habet

329 4783 869 4867 compassionem,
932 4780 1093 4844 falsa
1146 4781 1680 4863 dedignationem,
1742 4801 1839 4844 se-

330 4883 623 4944 cundum
663 4879 1100 4961 Gregorium);
1144 4881 1405 4955 invidia,
1448 4880 1602 4961 quia
1644 4889 1713 4942 ut
1753 4881 1843 4943 ait

332 4981 849 5063 chrysostomus,
896 4998 1021 5042 non
1073 4978 1525 5060 indignabatur
1572 4978 1653 5041 ob
1703 4978 1843 5040 sab-

332 5077 461 5140 bati
516 5077 955 5151 violationem,
990 5078 1101 5139 sed
1146 5084 1405 5159 propter
1444 5075 1674 5139 Christi
1710 5077 1844 5157 glo-

336 5176 791 5240 rificationem.
833 5173 993 5237 Hinc
1044 5174 1211 5236 infra
1250 5181 1509 5238 vocatur
1550 5175 1845 5257 hypocri-

338 5281 419 5348 ta,
472 5273 631 5357 quia
685 5271 883 5334 finxit
941 5289 1009 5334 se
1065 5273 1143 5335 de
1200 5271 1445 5334 sabbati
1503 5271 1842 5336 violatione

591 5405 658 5461 T.
698 5405 777 5458 12.

1952 4290 2441 4365 ministrantem,
2488 4293 2703 4351 bovem
2750 4311 2942 4352 suum
2989 4301 3108 4352 aut
3155 4295 3442 4361 asinum,

1950 4399 2009 4450 et
2046 4391 2230 4450 ducit
2269 4391 2650 4469 adaquare?
2679 4389 2858 4470 quasi
2902 4388 3067 4451 dicat
3101 4409 3114 4452 ε
3147 4389 3278 4454 lmo
3325 4391 3444 4454 hoc

1952 4486 2181 4560 facitiS,
2233 4506 2435 4568 quum
2483 4494 2693 4549 tamen
2741 4487 2860 4551 hoc
2909 4488 2990 4550 sit
3037 4508 3196 4571 opus
3246 4489 3444 4570 magis

1952 4585 2266 4660 manuale,
2318 4604 2509 4666 quam
2569 4585 2902 4647 infirmum
2953 4586 3148 4650 verbo
3197 4605 3438 4662 curare,

1949 4692 2059 4745 aut
2100 4703 2293 4745 manu
2337 4683 2723 4764 contingere.
2759 4686 2948 4746 Hanc
2983 4693 3200 4746 autem
3227 4687 3443 4762 filiam

1947 4784 2251 4852 Abrahae,
2295 4789 2420 4843 tam
2471 4782 2678 4844 carnis
2729 4782 3199 4864 propagatione,
3248 4802 3444 4865 quam

1948 4879 2102 4941 fidei
2134 4899 2207 4941 ac
2238 4878 2545 4942 virtutum
2577 4879 2950 4955 imitatione,
2984 4901 3180 4960 quam
3209 4883 3445 4958 alliga-

1948 4979 2066 5049 vit,
2101 4977 2222 5041 hoc
2259 4984 2374 5052 est,
2410 4977 2668 5040 vinculo
2707 4977 3098 5042 infirmitatis
3134 4978 3446 5041 constrin—

1950 5075 2062 5150 xit,
2099 5077 2399 5143 Satanas,
2429 5095 2562 5135 ecce
2589 5078 2801 5137 decem
2827 5087 2888 5137 et
2915 5087 3047 5138 octo
3077 5078 3291 5144 annis,
3313 5097 3441 5139 non

1950 5175 2272 5251 oportebat
2297 5175 2462 5234 solvi
2490 5195 2531 5234 a
2562 5176 2823 5236 vinculo
2855 5177 2974 5236 isto
3001 5176 3110 5236 die
3143 5177 3393 5236 sabbati
3413 5179 3444 5237 ?

1949 5271 2131 5355 quasi
2171 5271 2337 5334 dicat
2372 5289 2385 5334 :
2419 5271 2648 5355 Utique
2689 5272 3084 5354 expediebat,
3116 5280 3257 5336 tum
3292 5274 3446 5356 quia

3167 5407 3199 5462 6

3507 2941 3670 2986 Joann.
3701 2956 3744 2994 v,

1538 3010 1843 3074 Dominus
1880 3014 1925 3081 C
1955 3011 2142 3073 modo
2191 3018 2509 3091 operatur,
2545 3017 2606 3072 et
2653 3029 2768 3090 ego
2815 3029 3044 3093 operor
3077 3031 3090 3074 :
3127 3020 3195 3075 ut
3242 3015 3319 3076 ad
3368 3015 3454 3076 si-
3482 3006 3549 3048 ¹⁷·

3588 3319 3656 3375 15

3581 4689 3650 4745 16
