4300 6259
137 3770 392 3818 Jeaeun-
413 3781 494 3818 vn.

107 3842 202 3881 ³4-

161 3898 412 3955 Bpha.
435 3908 498 3941 v.

113 3968 206 4009 16.

113 4074 160 4117 ¹1
179 4074 322 4116 Cor·
347 4066 494 4119 Vssnae·

1321 515 1675 565 mARRA'no
1717 517 1782 564 IN
1821 516 1960 565 cAP.
2005 517 2094 563 vn
2133 517 2410 565 JOANNIS.
2453 538 2534 550 -
2576 521 2717 567 Am.
2762 521 2871 568 xlx

3470 540 3485 555 ν
3522 503 3644 569 409

515 692 764 763 retur3
814 705 940 749 non
990 687 1058 750 in
1102 689 1468 752 omnimoda
1512 690 2038 765 manifestatione,
2073 688 2121 751 A
2154 709 2342 753 suum
2393 693 2676 755 nondum
2726 692 2997 775 venisse,
3049 695 3158 756 sed
3207 700 3461 774 tempus
3508 692 3647 755 illo-

515 790 620 845 ut
657 785 841 865 quasi
883 804 991 849 rex
1033 805 1250 869 regum
1301 788 1380 850 ab
1431 788 1730 851 omnibus
1779 789 2046 852 honora-

519 892 726 945 retur
758 903 772 948 :
806 886 1112 965 quoniam
1153 886 1207 947 si
1247 888 1360 963 sic,
1403 894 1556 950 tunc
1598 888 1818 969 utique
1857 906 2043 950 nemo

513 1000 740 1045 ausus
778 984 1010 1047 fuisset
1043 985 1328 1066 judicare
1367 986 1502 1048 sive
1543 986 1830 1049 occidere
1868 1004 2036 1048 eum.

517 1080 668 1144 Sed
729 1090 873 1164 post
921 1084 1279 1165 passionem
1332 1083 1456 1147 fuit
1501 1092 1754 1167 tempus
1801 1085 2043 1165 glorifi-

517 1181 834 1257 cationiS,
887 1182 1417 1246 manifestationis
1467 1182 2043 1265 dominationisque

519 1298 680 1342 suae
713 1298 726 1343 :
761 1282 916 1362 quia
954 1299 1030 1344 ex
1071 1290 1223 1344 tunc
1266 1300 1382 1363 per
1425 1283 1938 1365 praedicationem
1981 1292 2044 1345 et

519 1379 728 1458 signa
783 1379 1232 1461 Apostolorum
1288 1381 1690 1462 aliorumque
1748 1382 2046 1463 praedica-

521 1484 782 1551 torum,
833 1478 1031 1559 coepit
1077 1478 1362 1541 Christus
1421 1498 1600 1541 suam
1651 1480 2043 1559 majestatem

521 1576 903 1651 ostendere,
957 1583 1018 1638 et
1079 1577 1321 1659 ubique
1371 1596 1654 1659 regnare,
1709 1586 1780 1639 ut
1824 1596 2046 1641 omnes

521 1682 966 1754 agnoscerent
1005 1682 1067 1737 et
1101 1677 1436 1739 adorarent
1464 1676 1918 1739 sublimitatem
1951 1678 2048 1759 ip-

523 1772 706 1835 sius.
757 1772 903 1837 Ideo
961 1773 1175 1856 itaque
1233 1775 1389 1838 dicit
1438 1795 1453 1838 :
1507 1776 1783 1858 Tempus
1831 1794 2046 1838 meum

2157 810 2299 853 rum
2349 808 2601 873 semper
2648 810 2785 853 esse
2835 800 3147 874 paratum,
3187 791 3489 874 quoniam
3536 792 3649 854 ha·

2156 888 2297 951 buit
2354 889 2586 952 multos
2655 890 3075 965 insidiatoreS,
3139 891 3233 953 illi
3293 909 3443 954 vero
3508 890 3647 953 sine

2158 988 2441 1069 periculo
2497 989 3001 1053 adversariorum
3069 991 3408 1053 ascendere
3472 997 3649 1072 pote-

2154 1094 2318 1149 rant.
2352 1085 2429 1148 Et
2470 1087 2621 1149 huic
2665 1097 3014 1151 consonant
3056 1089 3248 1151 verba
3290 1090 3640 1171 sequentia.

2256 1187 2403 1248 Non
2458 1196 2659 1264 potest
2719 1191 3025 1259 mundae,
3084 1187 3151 1252 id
3203 1196 3300 1250 est
3356 1188 3645 1251 homines
3785 1193 3820 1249 7

2156 1283 2462 1345 mundani
2506 1284 2686 1347 vobis
2723 1284 2965 1346 similes
3007 1285 3070 1347 in
3116 1285 3411 1366 peccatiS,
3444 1287 3648 1346 odisse

2156 1402 2283 1442 voa.
2326 1380 2553 1443 Odium
2601 1382 2772 1444 enim
2825 1400 2902 1445 ex
2952 1383 3473 1446 dissimilitudine
3519 1383 3648 1446 ori-

2156 1487 2281 1555 tur,
2324 1487 2388 1543 et
2434 1498 2612 1543 amor
2657 1498 2733 1542 ex
2781 1479 3221 1544 conformitate
3262 1500 3275 1543 ε
3320 1483 3461 1545 ideo
3498 1480 3649 1543 mali

2158 1586 2220 1641 et
2257 1580 2589 1642 saeculares
2632 1596 2699 1641 se
2744 1579 3018 1642 invicem
3064 1587 3277 1642 amant
3315 1580 3549 1642 carnali
3590 1588 3653 1643 et

2158 1696 2321 1741 caeco
2367 1695 2603 1740 amore.
2657 1677 3106 1741 Verumtamen
3158 1678 3511 1742 similitudo
3558 1686 3653 1740 est

2160 1794 2346 1838 causa
2401 1776 2532 1839 odii
2593 1775 2922 1851 indirecte,
2975 1778 3109 1840 sive
3166 1795 3281 1859 per
3334 1777 3648 1853 accidenS,

525 1872 832 1934 nondum
875 1874 1154 1936 advenit.
1187 1874 1372 1937 Novit
1409 1875 1582 1937 enim
1623 1875 1906 1939 Christus
1951 1875 2048 1936 in-
2087 1876 2130 1938 B
2159 1874 2224 1936 in
2257 1881 2566 1956 quantum
2603 1893 2767 1937 unus
2807 1876 3116 1938 similium
3157 1875 3426 1957 impedit
3454 1875 3653 1937 alium

523 1969 899 2033 tentionem
937 1970 1207 2035 fratrum
1251 1992 1537 2048 suorum,
1571 1975 1740 2055 quod
1784 1993 1910 2037 non
1953 1974 2049 2035 in-

526 2069 826 2133 vitarent
862 2087 1010 2131 eum
1054 2072 1133 2134 ad
1181 2073 1654 2135 ascendendum
1700 2072 2046 2135 Jerusalem

525 2186 772 2231 versus
816 2176 880 2230 et
921 2170 998 2231 ad
1041 2169 1221 2249 signa
1259 2171 1392 2233 illic
1430 2174 1690 2253 agenda,
1734 2191 1811 2234 ex
1860 2175 2048 2235 devo-

525 2266 742 2341 tione,
777 2267 889 2329 sed
933 2267 1230 2343 vanitate,
1276 2278 1345 2331 ut
1391 2270 1636 2333 scilicet
1685 2272 1821 2352 ipse
1867 2270 2043 2333 Jesus

523 2384 768 2428 eorum
810 2374 1138 2447 cognatus,
1171 2375 1235 2431 et
1271 2368 1395 2450 ipsi
1436 2377 1694 2452 propter
1730 2388 1878 2431 eum
1917 2378 2046 2432 tan-

521 2483 742 2547 quam
782 2467 1030 2546 cognati
1074 2466 1238 2547 ejus,
1272 2468 1612 2530 humanam
1649 2469 1923 2543 laudem,
1958 2470 2048 2531 fa-

523 2582 766 2627 vorem
826 2571 888 2627 et
947 2566 1375 2641 commodum,
1437 2584 1514 2628 ex
1578 2567 2044 2649 perpetratione

525 2662 1006 2725 miraculorum
1075 2672 1639 2746 consequerentur.
1701 2702 1783 2711 —-
1841 2664 2048 2729 Potest

522 2778 810 2843 quoque
859 2760 947 2822 ita
1003 2762 1238 2844 exponi
1292 2781 1306 2825 z
1359 2762 1632 2845 Tempus
1693 2783 1930 2839 meum,
1983 2764 2045 2825 id

523 2867 642 2923 est
683 2860 840 2924 hora
877 2860 1070 2922 eundi
1112 2862 1189 2923 ad
1225 2861 1525 2937 Judaeam,
1559 2870 1622 2925 et
1660 2863 2043 2946 praedicandi

525 2966 607 3023 et
635 2957 916 3021 faciendi
947 2959 1081 3021 illic
1113 2960 1432 3034 miracula,
1457 2963 1741 3024 nondum
1771 2962 2043 3039 advenit,

2156 1975 2687 2039 a-consecutione
2737 1975 2828 2037 rei
2880 1982 3129 2056 optatae.
3176 1975 3436 2056 Propter
3482 1974 3653 2055 quod

2155 2073 2340 2155 figuli
2390 2074 2667 2138 invicem
2715 2076 2985 2156 litigant,
3037 2082 3099 2137 et
3147 2074 3435 2137 homines
3484 2073 3653 2155 ejus-

2158 2173 2301 2234 dem
2351 2170 2555 2234 officii
2606 2172 2729 2234 sibi
2780 2172 3057 2236 invicem
3116 2171 3425 2234 invident.
3476 2170 3651 2232 Unus

2157 2288 2415 2351 quoque
2456 2271 2729 2333 multum
2780 2270 3089 2345 erudituS‚
3132 2278 3395 2333 conatur
3442 2268 3651 2351 depri-

2158 2385 2332 2430 mere
2377 2369 2575 2431 alium
2626 2369 2749 2432 sibi
2799 2369 3097 2431 similem.
3139 2367 3297 2431 Hinc
3340 2368 3508 2430 inter
3548 2387 3650 2429 su·
3694 2388 3827 2432 Pron.
3854 2402 3941 2440 xm,

2159 2469 2387 2550 perbos
2420 2486 2673 2550 semper
2703 2475 2851 2531 sunt
2878 2467 3103 2548 jurgia,
3123 2475 3185 2529 et
3215 2467 3380 2529 inter
3408 2467 3649 2529 iracun-
3678 2454 3856 2559 ἣξει-Π
3879 2516 3939 2565 ¹&

2157 2568 2269 2631 dos
2320 2566 2670 2629 discordiae.
2723 2566 2991 2629 Mundus
3040 2584 3188 2647 ergo
3244 2565 3650 2648 persequitur
3678 2546 3885 2632 uasti,

2162 2666 2497 2745 mundum,
2530 2664 2659 2727 imo
2700 2684 2865 2726 unus
2906 2682 3243 2745 perversus
3287 2664 3419 2727 odit
3458 2672 3649 2745 atque

2162 2762 2472 2825 interimit
2500 2763 2719 2825 alium.
2745 2763 2864 2825 Sed
2898 2780 3119 2825 verum
3152 2769 3247 2824 est
3274 2763 3445 2843 quod
3476 2761 3654 2825 Chri-

2161 2869 2294 2923 stus
2353 2881 2525 2923 nunc
2580 2861 2885 2943 loquitur,
2939 2859 3244 2943 quoniam
3294 2861 3653 2945 mundanus

2162 2960 2371 3031 homo,
2396 2961 2749 3021 secundum
2779 2960 2945 3039 quod
2976 2959 3141 3033 talis,
3169 2978 3291 3022 non
3328 2965 3530 3041 potest
3560 2958 3655 3021 di-

526 3057 854 3139 quoniam
899 3077 936 3119 a
973 3058 1101 3122 Deo
1145 3060 1634 3140 praeordinatum
1679 3080 1804 3123 non
1843 3067 1939 3122 est
1981 3069 2048 3121 ut
2087 3057 2129 3121 C
2160 3064 2329 3119 recte
2366 3057 2510 3119 odio
2552 3057 2783 3119 habere
2821 3076 2893 3119 ac
2932 3058 3222 3119 detestari
3264 3057 3535 3119 similem
3570 3056 3657 3118 si-

529 3156 613 3217 in
647 3156 971 3238 principio
1001 3156 1196 3237 hujus
1237 3157 1596 3220 festivitatis
1627 3158 1716 3220 ibi
1757 3159 1903 3240 sim,
1937 3160 2046 3221 sed

531 3254 612 3315 in
660 3255 998 3318 medietate
1041 3255 1248 3337 ipsius
1290 3255 1646 3319 adveniam.

637 3356 910 3431 Tempus
947 3364 1166 3416 autem
1205 3364 1488 3415 vestrum
1525 3376 1770 3434 semper
1805 3366 1896 3417 est
1925 3376 2049 3434 pa-

530 3461 796 3513 ratum.
833 3452 1109 3536 Tempus
1142 3452 1378 3515 dicitur
1406 3453 1646 3516 bonum
1687 3461 1750 3516 et
1779 3454 2042 3531 malum,

535 3557 843 3633 paratum
891 3559 955 3613 et
999 3552 1404 3634 imparatum,
1460 3558 1719 3633 propter
1775 3570 1848 3615 ea
1903 3572 2048 3635 quae

535 3654 704 3711 sunt
751 3649 852 3710 vel
895 3648 1065 3711 fiunt
1113 3651 1179 3711 in
1222 3658 1532 3733 tempore.
1573 3650 1750 3713 Unde
1796 3651 1884 3713 ait
1922 3651 2050 3713 Sal-

537 3754 734 3809 vator
776 3765 791 3809 :
834 3746 1091 3809 Sufficit
1128 3748 1253 3810 diei
1293 3748 1536 3809 malitia
1583 3768 1738 3830 sua;
1781 3758 1844 3811 et
1887 3749 2050 3831 Apo-

539 3845 778 3921 stoluS‚
818 3844 1220 3908 Redimentes
1257 3852 1532 3928 tempuS,
1569 3848 1871 3928 quoniam
1915 3849 2050 3911 dies

541 3943 706 4006 mali
750 3952 919 4005 sunt.
963 3943 1039 4005 Et
1077 3952 1286 4006 tamen
1333 3965 1554 4007 rursus
1599 3945 1754 4008 dicit
1790 3946 2053 4028 Aposto-

541 4044 656 4105 lus
693 4061 706 4105 :
740 4041 902 4104 Ecce
945 4062 1116 4105 nunc
1158 4051 1412 4125 tempus
1457 4045 1868 4127 acceptabile,
1902 4064 2052 4108 ecce

539 4158 730 4203 nunc
776 4141 912 4203 dies
961 4140 1204 4204 salutis,
1261 4140 1331 4204 Et
1383 4142 1604 4224 utique
1654 4151 1904 4226 tempus
1951 4164 2052 4207 ac-

2158 3156 2247 3224 bi,
2283 3156 2436 3237 quia
2470 3154 2709 3217 affectu
2745 3163 2808 3217 et
2847 3173 3039 3237 opere
3080 3162 3229 3217 sunt
3267 3156 3650 3236 concordes3

2160 3263 2371 3317 tamen
2410 3254 2717 3317 indirecte
2756 3263 2820 3316 et
2860 3273 2973 3337 per
3009 3254 3301 3318 accidens
3346 3255 3654 3336 contingit

2162 3352 2549 3434 oppositum,
2584 3354 2933 3415 secundum
2983 3354 3154 3434 quod
3196 3372 3360 3415 unus
3399 3354 3654 3415 saecula-

2164 3451 2250 3514 ris
2290 3452 2569 3533 concipit
2605 3452 2800 3514 alium
2833 3451 3016 3533 quasi
3046 3470 3161 3514 suo
3201 3458 3343 3513 voto
3384 3450 3480 3513 vel
3524 3459 3653 3512 stu-

2163 3550 2267 3613 dio
2309 3550 2697 3613 contrarium
2742 3557 2851 3612 aut
2893 3550 3214 3613 nocivum.

2240 3649 2527 3730 Denique
2565 3666 2765 3729 quum
2806 3648 2870 3710 in
2912 3647 3148 3711 divinis
3180 3646 3522 3729 Scripturis
3563 3646 3655 3709 di-

2163 3747 2349 3821 citur,
2386 3746 2709 3810 hominem
2754 3747 2987 3809 malum
3030 3765 3154 3809 non
3196 3764 3381 3828 posse
3423 3746 3651 3827 corrigi

2162 3846 2261 3910 vel
2322 3844 2530 3907 facere
2587 3845 2849 3919 bonum,
2910 3854 2973 3907 et
3032 3844 3355 3907 hominem
3414 3844 3653 3908 bonum

2163 3964 2287 4007 non
2336 3962 2520 4025 posse
2564 3944 2840 4025 perverti
2880 3944 2978 4006 vel
3022 3943 3230 4006 facere
3268 3944 3528 4018 malum,
3564 3944 3655 4005 in-

2160 4041 2576 4121 telligendum
2637 4048 2732 4103 est
2789 4042 2865 4103 de
2923 4041 3290 4105 hominibus
3349 4041 3534 4105 bonis
3592 4050 3655 4104 et

2160 4140 2345 4202 malis
2384 4138 2757 4215 formaliter,
2792 4140 2911 4203 hoc
2950 4147 3048 4202 est
3086 4141 3437 4202 secundum
3482 4143 3650 4221 quod

541 4239 872 4320 ceptabile
930 4258 1002 4301 ac
1061 4240 1335 4301 salutare
1391 4260 1517 4304 non
1575 4250 1671 4303 est
1730 4243 1966 4305 malum
2031 4244 2128 4307 :D
2160 4239 2317 4302 tales
2368 4245 2537 4313 sunt,
2591 4256 2716 4301 non
2767 4238 3197 4313 materialiter,
3242 4239 3392 4320 quia
3441 4257 3653 4320 perso-

543 4337 760 4401 nihilo
804 4337 1018 4400 minus
1059 4357 1260 4400 unum
1298 4346 1361 4401 et
1402 4340 1568 4402 idem
1601 4348 1853 4422 tempus
1896 4342 2052 4404 dici-

541 4444 662 4499 tur
697 4437 962 4509 malum,
999 4444 1260 4519 propter
1298 4438 1462 4499 mala
1501 4456 1706 4519 poenae
1745 4445 1808 4500 et
1846 4439 2050 4520 culpae

539 4553 700 4617 quae
748 4541 898 4595 sunt
937 4533 1038 4597 vel
1085 4533 1256 4595 fiunt
1292 4534 1358 4596 in
1399 4554 1494 4609 eo,
1538 4544 1603 4598 et
1635 4536 2044 4618 acceptabile,

545 4639 818 4716 propter
857 4632 1356 4697 misericordiam
1389 4632 1520 4707 Dei,
1552 4640 1614 4695 et
1651 4642 1858 4697 cetera
1886 4636 2050 4699 dona

538 4731 774 4813 gratim
821 4749 1145 4813 operaque
1202 4731 1511 4795 virtutum
1568 4752 1712 4814 quae
1765 4732 1935 4796 fiunt
1982 4734 2046 4796 in

544 4830 721 4912 ipso.
763 4827 968 4891 Simili
1011 4831 1198 4893 modo
1246 4830 1405 4893 dixit
1451 4830 1752 4905 Salvator,
1797 4839 2049 4914 tempus

541 4930 828 4993 fratrum
887 4946 1150 4991 suorum
1218 4946 1357 4990 esse
1423 4947 1676 5011 semper
1735 4938 2046 5013 paratum,

543 5028 864 5111 quoniam
912 5028 1084 5108 quod
1133 5027 1522 5108 quaerebant,
1573 5028 1868 5091 videlicet
1913 5030 2050 5091 laus

543 5144 722 5191 vana
777 5134 839 5187 et
897 5124 1078 5189 favor
1134 5125 1451 5188 humanus
1508 5145 1581 5189 ac
1647 5129 2051 5190 commodum

543 5223 927 5306 temporale,
961 5223 1248 5305 quotidie
1277 5224 1714 5298 inveniuntur,
1751 5225 2056 5288 exhiben-

545 5331 666 5385 tur
701 5330 764 5385 et
799 5322 1242 5405 acquiruntur.
1277 5322 1385 5383 Vel
1430 5322 1569 5386 ideo
1606 5322 1760 5385 dicit
1799 5330 2052 5405 tempus

2162 4358 2259 4402 nae
2288 4338 2445 4401 tales
2476 4356 2675 4419 quum
2708 4337 2836 4399 sint
2869 4337 3053 4400 liberi
3085 4337 3354 4411 arbitrii,
3389 4347 3656 4420 possunt

2162 4437 2415 4513 mutari,
2460 4438 2729 4498 durante
2776 4443 2939 4497 statu
2990 4437 3135 4498 vitae
3182 4436 3533 4517 praeseutis,
3585 4436 3652 4498 In

2158 4536 2392 4597 talibus
2421 4552 2681 4616 quoque
2711 4533 3137 4597 locutionibus
3168 4532 3534 4614 frequenter
3561 4553 3658 4596 ac-

2162 4634 2398 4715 cipitur
2445 4631 2843 4715 impossibile
2892 4651 3007 4714 pro
3060 4631 3313 4694 difficili
3367 4650 3381 4694 :
3432 4650 3658 4713 quem-

2161 4733 2499 4795 admodum
2544 4738 2869 4814 peccatum
2912 4730 2977 4792 in
3018 4728 3325 4812 Spiritum
3355 4727 3654 4793 Sanctum
3698 4748 3949 4801 Mamm,

2163 4831 2396 4893 dicitur
2462 4848 2586 4893 non
2655 4848 2838 4911 posse
2906 4828 3164 4891 remitti.
3225 4827 3300 4891 Et
3353 4828 3653 4891 Jeremias
3684 4815 3841 4865 ³¹’³²·

2161 4931 2250 4992 ait
2310 4948 2324 4992 ε
2386 4927 2448 4991 Si
2509 4936 2753 4991 mutare
2811 4936 3017 5009 potest
3072 4927 3357 5010 AEthiops
3418 4928 3651 5009 pellem
3682 4948 3950 4999 lev-amaa.

2162 5047 2364 5101 suam,
2416 5034 2479 5090 et
2536 5027 2770 5109 pardus
2822 5028 3151 5091 varietates
3210 5046 3377 5102 suaS,
3430 5034 3493 5089 et
3544 5046 3652 5090 vos

2163 5126 2450 5209 poteritis
2489 5123 2899 5206 benefacere3
2941 5133 3004 5187 et
3041 5124 3325 5188 Christus
3358 5126 3423 5188 in
3456 5125 3657 5189 Evan-

2160 5226 2327 5307 gelio
2361 5244 2375 5287 ε
2408 5223 2540 5287 Non
2576 5230 2780 5306 potest
2817 5224 3006 5287 arbor
3044 5224 3210 5287 bona
3247 5223 3495 5286 fructus
3525 5242 3658 5287 ma·
3700 5248 3951 5300 mem.v..,

2166 5324 2258 5388 los
2288 5322 2512 5397 facere,
2538 5340 2744 5404 neque
2772 5322 2962 5385 arbor
2982 5321 3147 5385 mala
3177 5321 3423 5385 fructus
3454 5322 3655 5387 bonos
3686 5314 3751 5355 ¹⁸·
