4300 6259
1307 487 1655 535 manaa-rm
1697 487 1763 533 m
1802 486 1939 533 cu.
1985 487 2007 533 1
2047 484 2323 565 somms.
2367 509 2448 519 —
2487 490 2630 537 ΛΒΤ.
2674 491 2715 535 v
3438 479 3562 543 289

514 655 733 718 Gratia
770 664 981 719 autem
1016 657 1273 721 unionis
1314 658 1379 720 in
1412 658 1681 732 Christe,
1710 678 1834 721 non
1865 667 1961 721 est
1986 655 2040 718 A
2066 666 2210 721 actu
2257 660 2474 741 gratiae
2522 660 3007 743 perfectissimo,
3043 664 3186 727 ideo
3232 682 3347 746 per
3394 684 3561 727 eam-

431 754 613 835 quid
669 763 975 845 creatum,
1029 757 1138 818 sed
1195 757 1465 838 ipsemet
1514 756 1675 817 Deus
1729 756 1961 837 gratio-
2067 757 2212 819 dem
2249 759 2514 837 gratiam
2554 760 2771 821 influit
2807 761 2971 824 aliis.
3006 762 3180 825 Unde
3217 764 3416 844 gratia
3455 764 3563 825 ha-

432 871 541 925 se,
564 854 765 934 gratis
797 862 861 915 et
891 855 997 936 pie
1030 856 1261 917 uniens
1294 863 1583 917 naturam
1616 856 1957 918 humanam
2066 855 2326 918 bitualis
2373 866 2436 918 et
2471 859 2672 939 gratia
2711 859 2936 940 capitis
2982 880 3105 923 non
3157 861 3560 942 distinguun-

434 952 712 1027 divinae,
762 953 861 1017 vel
920 970 1061 1015 esse
1112 954 1444 1036 personale
1492 954 1678 1016 Verbi
1740 956 1961 1017 huma·
2068 961 2172 1015 tur
2223 954 2285 1016 in
2329 955 2574 1018 Christo
2626 958 2897 1033 realiter,
2933 960 3040 1020 sed
3088 961 3288 1039 gratia
3337 960 3563 1041 capitis

436 1052 641 1113 nitati
673 1052 949 1114 unitum.
980 1052 1063 1114 De
1096 1054 1213 1115 hac
1241 1053 1444 1134 gratia
1473 1053 1959 1133 intelligendum
2066 1054 2436 1133 superaddit
2480 1056 2696 1135 gratiae
2749 1055 3056 1117 habituali
3107 1057 3416 1119 rationem
3467 1078 3566 1119 su-

438 1158 549 1212 est
599 1150 870 1213 verbum
914 1151 1275 1233 Augustini,
1313 1151 1605 1226 dicentiS,
1642 1153 1813 1233 quod
1863 1171 1957 1215 so·
2070 1152 2608 1233 perabundantiae.
2654 1190 2730 1199 -
2768 1154 2940 1216 Patet
2988 1173 3158 1235 ergo,
3211 1157 3381 1237 quod
3430 1175 3567 1237 gra-

436 1250 509 1312 la
556 1250 763 1329 gratia
810 1249 1049 1312 factum
1108 1259 1204 1311 est
1260 1258 1331 1313 ut
1382 1251 1572 1314 homo
1630 1250 1712 1311 sit
1770 1250 1955 1325 DeuS,
2068 1249 2155 1310 tia
2207 1250 2459 1313 unionis
2510 1251 2573 1312 in
2615 1250 2864 1314 Christo
2913 1252 2994 1313 sit
3045 1252 3425 1334 simpliciter
3475 1254 3571 1315 in-

436 1357 513 1410 et
561 1350 739 1430 quod
788 1349 1066 1411 humana
1107 1356 1332 1411 natura
1372 1348 1549 1410 unita
1596 1357 1693 1411 est
1730 1348 1955 1412 Verbo.
2067 1346 2275 1421 finita,
2332 1368 2534 1429 quum
2591 1349 2672 1411 sit
2733 1349 3002 1431 ipsemet
3059 1350 3245 1425 Deus,
3303 1352 3414 1433 qui
3474 1360 3571 1413 est

437 1446 661 1519 Quum
720 1447 895 1509 enim
957 1448 1109 1510 unio
1169 1446 1354 1509 Verbi
1414 1466 1487 1509 ac
1546 1447 1823 1509 hominis
1880 1447 1963 1509 sit
2066 1446 2268 1525 gratia
2315 1445 2610 1509 effective
2655 1446 3046 1527 gratificans,
3081 1449 3246 1510 sicut
3287 1450 3569 1531 appella-

438 1564 710 1607 summa
751 1552 815 1606 et
857 1544 1424 1627 propinquissima,
1459 1545 1701 1607 scilicet
1750 1564 1963 1627 perso-
2072 1552 2175 1606 tur
2230 1553 2455 1607 natura
2513 1554 2837 1608 naturanS.
2889 1547 3029 1608 Alia
3084 1548 3306 1628 gratia,
3363 1568 3567 1629 quum

439 1642 643 1715 naliS,
678 1650 925 1705 certum
974 1650 1073 1705 est
1118 1644 1291 1724 quod
1340 1662 1466 1706 non
1509 1643 1591 1704 sit
1635 1642 1799 1705 sacta
1848 1661 1963 1724 per
2070 1643 2153 1703 sit
2199 1643 2356 1723 quid
2405 1651 2708 1724 creatum,
2741 1664 2867 1708 non
2913 1652 3008 1707 est
3053 1646 3432 1728 simpliciter
3474 1648 3570 1708 in-

436 1741 739 1822 aliquam
787 1741 1053 1821 gratiam
1114 1748 1387 1803 creatam
1441 1760 1516 1802 ac
1574 1740 1959 1802 habitualem
2070 1741 2256 1803 finita
2298 1742 2364 1804 in
2410 1742 2677 1806 Christo.

442 1839 925 1902 intermediam.
959 1874 1041 1884 —-
1068 1838 1277 1901 Gratia
1315 1857 1465 1901 vero
1512 1838 1853 1900 habitualis
1894 1839 1957 1900 in
1996 1843 2043 1905 B
2169 1839 2501 1915 Quaeritur,
2562 1842 2716 1923 quid
2779 1861 3078 1923 magnum
3143 1853 3240 1907 est
3295 1843 3562 1918 Christo,

442 1937 730 2011 Christo,
774 1945 870 1999 est
915 1939 1155 2000 donum
1206 1937 1708 2018 supernaturale,
1747 1956 1961 2019 perso-
2070 1939 2242 2019 quod
2291 1939 2525 2000 dicitur
2572 1940 2799 2021 plenus
2846 1941 3065 2021 gratia,
3098 1961 3299 2023 quum
3350 1943 3428 2004 de
3471 1943 3569 2006 Jo-

446 2037 672 2099 nalem
730 2054 1129 2118 consequens
1188 2038 1513 2111 unionem,
1564 2036 1961 2118 operationes
2069 2055 2236 2098 anne
2275 2037 2549 2119 Baptista
2578 2039 2942 2120 praedixerit
2979 2041 3242 2121 angelus
3278 2060 3291 2103 :
3327 2040 3566 2123 Spiritu
3616 2058 3850 2113 Lue.·,¹5.

447 2136 693 2199 Christi
744 2134 1111 2217 perficiens.
1163 2133 1310 2207 Quae
1365 2134 1567 2215 gratia
1613 2143 1786 2197 tanta
1839 2134 1964 2196 fuit
2072 2134 2299 2198 Sancto
2359 2136 2712 2217 replebitur
2771 2155 2847 2199 ex
2909 2146 3088 2202 utero
3145 2139 3386 2201 matris.
3440 2139 3573 2202 Ste-
3616 2156 3850 2209 Auara.

446 2234 521 2297 in
576 2234 849 2308 Christo,
893 2234 1065 2315 quod
1112 2234 1318 2314 maj0r
1362 2234 1563 2314 gratia
1612 2234 1967 2295 communi-
2076 2234 2326 2316 phanus
2383 2253 2640 2316 quoque
2689 2226 2916 2317 plen‘us
2965 2236 3166 2316 gratia
3213 2246 3274 2299 et
3322 2238 3573 2301 sortitu-

446 2334 589 2396 cari
632 2352 761 2396 non
802 2340 1009 2415 potest
1048 2341 1371 2394 creaturae.
1409 2332 1559 2395 Tota
1599 2350 1828 2414 nempe
1866 2350 1965 2393 ca-
2074 2333 2225 2395 dine
2271 2331 2470 2395 fuisse
2525 2334 2954 2415 describitur3
3011 2343 3075 2397 et
3123 2336 3201 2397 de
3256 2336 3572 2418 Apostolis

450 2432 703 2514 pacitas
762 2430 1210 2493 intellectualis
1269 2438 1572 2493 creaturae
1624 2430 1723 2493 vel
1780 2430 1967 2492 ratio-
2076 2430 2328 2511 legitur,
2375 2432 2544 2513 quod
2589 2431 2814 2513 repleti
2868 2440 3018 2494 sunt
3062 2451 3282 2496 omnes
3332 2434 3572 2516 Spiritu
3618 2450 3865 2501 marna.

450 2532 648 2605 nalis,
672 2537 985 2612 quantum
1016 2530 1094 2591 ad
1122 2529 1340 2610 gratiae
1372 2529 1814 2611 receptionem,
1844 2528 1966 2589 fuit
2076 2530 2323 2592 Sancto.
2359 2530 2728 2604 Dicendum,
2754 2531 2925 2611 quod
2954 2531 3154 2611 gratia
3186 2532 3419 2595 dicitur
3448 2534 3576 2615 ple-

450 2630 525 2691 in
576 2629 795 2691 anima
840 2627 1073 2691 Christi
1124 2628 1384 2709 repleta.
1437 2627 1711 2709 Eratque
1767 2628 1967 2708 gratia
2078 2647 2160 2689 na
2218 2628 2558 2709 dupliciter
2611 2646 2624 2689 :
2676 2627 2906 2703 Primo,
2967 2647 3044 2690 ex
3104 2637 3280 2711 parte
3334 2631 3572 2711 gratiae,

449 2729 581 2790 ista
611 2745 865 2789 summe
897 2725 1179 2809 perfecta
1214 2734 1405 2807 atque
1445 2726 1837 2808 plenissima,
1872 2745 1968 2787 ra·
2079 2746 2280 2809 quum
2340 2737 2510 2790 tanta
2559 2736 2654 2790 est
2706 2728 3020 2791 intensive
3075 2749 3148 2791 ac
3199 2731 3572 2805 virtualiter,

452 2829 635 2890 tione
694 2826 1078 2889 immediata)
1124 2845 1197 2887 ac
1250 2826 1658 2909 hypostaticae
1708 2826 1960 2888 unionis
2080 2828 2250 2910 quod
2304 2827 2506 2908 major
2548 2844 2684 2888 esse
2737 2845 2860 2889 non
2912 2826 3076 2889 valet
3117 2846 3131 2889 :
3177 2828 3398 2911 sicque
3446 2829 3580 2910 ple-

449 2926 745 2991 hominis
784 2925 1015 2989 Christi
1058 2944 1204 2987 cum
1242 2924 1467 2988 Verbo.
1502 2924 1744 2997 Quanto
1785 2925 1957 2987 enim
2082 2927 2307 2989 nitudo
2347 2926 2562 3007 gratiae
2611 2932 2706 2986 est
2743 2924 3002 3006 propria
3041 2924 3307 2988 Christo.
3343 2925 3579 2988 Secun-

450 3024 915 3088 intellectualis
946 3031 1234 3085 creatura
1271 3022 1433 3085 sonti
1463 3022 1807 3103 gratiarum
1840 3022 1964 3086 Deo
2007 3028 2051 3091 C
2081 3027 2177 3102 do,
2213 3044 2290 3087 ex
2322 3031 2498 3107 parte
2528 3023 2814 3104 subjecti,
2846 3032 2913 3085 ut
2942 3041 3142 3104 quum
3173 3024 3320 3105 quis
3352 3024 3579 3086 habeat

451 3122 728 3187 sublimi
788 3122 1065 3184 vicinius
1122 3120 1477 3203 copulatur,
1541 3128 1713 3184 tanto
1768 3122 1969 3202 gratia
2076 3124 2343 3205 gratiam
2372 3130 2632 3196 tantam,
2667 3122 2837 3203 quod
2879 3122 3278 3203 operationes
3308 3124 3386 3185 ad
3417 3142 3576 3204 quas

450 3222 761 3304 ampliori
814 3220 1243 3303 perfunditur.
1282 3218 1821 3292 Quemadmodum
1873 3238 1972 3281 er-
2080 3222 2388 3285 divinitus
2418 3220 2766 3293 ordinatur,
2799 3218 2986 3281 facile
3017 3220 3277 3300 exsequi
3320 3228 3524 3303 potest
3559 3240 3572 3284 :

448 3338 539 3401 go
570 3320 934 3382 humanitas
964 3318 1195 3382 Christi
1230 3318 1809 3399 incomparabiliter
1840 3338 1971 3401 prae
2080 3328 2141 3383 et
2181 3321 2268 3381 ita
2304 3319 2513 3381 Sancti
2546 3317 2848 3380 dicuntur
2888 3316 3087 3379 fuisse
3125 3318 3326 3398 gratia
3374 3318 3572 3400 pleni,

456 3419 695 3481 ceteris
732 3417 1033 3481 omnibus
1076 3417 1350 3480 vicinius
1392 3417 1570 3478 unita
1607 3424 1702 3478 est
1738 3416 1965 3492 Verb0,
2080 3419 2434 3482 secundum
2483 3416 2862 3497 exigentiam
2912 3416 3011 3478 sui
3061 3423 3258 3478 status
3311 3435 3385 3478 ac
3434 3436 3579 3498 pro-

456 3518 557 3581 sic
586 3517 791 3598 gratia
821 3515 961 3597 ejus
998 3515 1287 3579 omnium
1320 3514 1666 3578 electorum
1703 3516 1970 3596 gratiam
2082 3518 2236 3600 priae
2283 3515 2684 3579 conditionis.
2721 3514 2916 3577 Tanto
2961 3514 3130 3575 enim
3176 3514 3374 3594 gratia
3423 3515 3579 3577 dici-

456 3615 1056 3698 incomparabiliter
1086 3632 1271 3697 pene,
1307 3633 1433 3677 non
1474 3621 1683 3676 tamen
1723 3614 1972 3696 simpli·
2080 3624 2186 3677 tur
2235 3614 2502 3697 plenior,
2554 3622 2791 3694 quanto
2842 3612 3194 3674 redundare
3248 3619 3454 3693 potest
3509 3612 3574 3674 in

460 3718 627 3779 citer
685 3714 963 3788 infinite,
1019 3715 1285 3777 excedit.
1340 3750 1422 3759 -
1470 3714 1755 3795 Insuper,
1812 3732 1972 3795 quo-
2082 3714 2320 3795 plures.
2372 3711 2633 3773 Plenum
2691 3719 2902 3772 autem
2956 3710 3302 3791 opponitur
3351 3729 3572 3773 vacuo.

68 3840 420 3891 1Ta’no.n‚⁵;
462 3816 641 3878 niam
700 3814 986 3877 Christus
1044 3822 1140 3875 est
1196 3812 1491 3886 salvator,
1546 3812 1853 3875 mediator
1908 3818 1971 3873 et
2081 3811 2254 3873 Unde
2293 3810 2830 3891 quemadmodum
2871 3807 3086 3888 aliqua
3125 3816 3579 3889 nuncupantur

70 3902 423 3964 3⁹⁶⁶*st
460 3921 661 3997 caput
699 3912 893 3975 totius
930 3911 1227 3974 Ecclesiae
1265 3910 1597 3973 militantis
1636 3930 1708 3973 ac
1748 3910 1971 3973 trium-
2080 3910 2503 3973 diversimode
2531 3926 2749 3982 vacua,
2785 3906 2876 3968 sic
2916 3906 3360 3988 multipliciter
3391 3907 3580 3989 plena

72 4037 423 4099 apmma.
462 4012 748 4095 phantiS,
784 4009 926 4073 ideo
959 4009 1147 4071 habet
1175 4008 1475 4072 omnibus
1506 4009 1583 4070 de
1614 4028 1727 4071 sua
1765 4009 1972 4091 pleni·
2080 4008 2402 4071 dicuntur.

456 4112 691 4173 tudine
730 4109 1225 4183 communicare,
1266 4108 1664 4190 spiritualem
1711 4126 1968 4169 sensum
2158 4106 2460 4169 Praeterea
2495 4104 2757 4166 fuerunt
2797 4104 2863 4166 in
2900 4103 3148 4167 Christo
3185 4102 3402 4185 gratiae
3438 4122 3578 4185 gra-

454 4218 657 4291 atque
698 4206 1035 4271 vivificum
1082 4215 1323 4269 motum
1371 4205 1665 4282 influere,
1702 4206 1866 4268 sicut
1908 4214 1970 4268 et
1997 4212 2048 4274 D
2081 4207 2160 4268 tis
2208 4206 2388 4279 datae,
2431 4222 2575 4284 quae
2621 4201 2997 4265 ordinantur
3045 4202 3122 4263 ad
3172 4202 3325 4264 fidei
3375 4203 3578 4263 mani-

455 4314 657 4390 caput
686 4304 910 4369 influit
950 4306 1255 4368 membris
1294 4322 1555 4367 sensum
1591 4324 1665 4367 ac
1696 4311 1963 4367 motum.
2077 4304 2478 4366 festationem
2510 4309 2572 4362 et
2601 4300 2870 4363 aliorum
2903 4300 3261 4375 utilitatem,
3281 4300 3578 4363 videlicet
3605 4320 3870 4370 iconum.

452 4407 708 4469 Idcirco
757 4404 1020 4487 ponitur
1064 4404 1130 4465 in
1180 4402 1426 4467 Christo
1469 4403 1670 4483 gratia
1717 4403 1963 4484 capitiS,
2076 4403 2276 4484 gratia
2324 4399 2676 4482 prophetiae
2719 4407 2783 4461 et
2825 4398 3301 4473 miraculorum,
3336 4399 3574 4462 donum
3633 4416 3840 4461 masto.

462 4506 589 4569 hoc
628 4513 727 4567 cst
766 4504 1123 4565 exuberans
1174 4502 1426 4563 habitus
1465 4502 1702 4582 gratiae,
1736 4520 1813 4563 ex
1862 4521 1971 4563 cu-
2078 4500 2464 4580 linguarum,
2500 4504 2619 4558 etc.
2655 4496 2827 4559 Dona
2865 4512 3013 4559 vero
3053 4494 3324 4577 Spiritus
3363 4494 3573 4556 Sancti

455 4605 571 4685 jus
632 4601 1054 4665 redundantia
1108 4600 1217 4662 alii
1273 4600 1541 4681 gratiam
1593 4600 1964 4663 sortiuntur.
2078 4599 2341 4661 fuerunt
2390 4597 2454 4657 in
2494 4614 2568 4659 eo
2617 4594 3154 4657 excellentissimo
3195 4594 3418 4674 modo;
3453 4593 3579 4656 vir-

456 4701 679 4765 Gratia
738 4708 947 4762 tamen
997 4699 1361 4761 immediate
1415 4717 1452 4760 a
1499 4698 1623 4762 Deo
1677 4708 1966 4780 creatur3
2078 4705 2244 4760 tutes
2283 4712 2541 4777 quoque
2579 4693 2848 4756 morales
2887 4701 2952 4755 et
2985 4692 3470 4765 intellectualeS,
3503 4710 3578 4755 eo

464 4801 583 4863 sed
639 4799 844 4880 gratia
892 4798 1121 4862 Christi
1171 4798 1475 4859 asseritur
1524 4817 1713 4860 causa
1757 4797 1973 4877 gratiae
2079 4796 2281 4859 modo·
2315 4812 2466 4876 quo,
2507 4793 2858 4854 secundum
2908 4790 3225 4854 Plotinum
3273 4808 3578 4872 magnum

458 4899 747 4962 aliorum
797 4916 913 4979 per
960 4898 1219 4959 modum
1269 4915 1475 4959 causae
1525 4896 1973 4957 instrumenta·
2077 4893 2494 4965 Platonicum,
2549 4890 2812 4953 virtutes
2874 4890 3144 4952 heroicae
3201 4888 3420 4950 insunt
3469 4889 3580 4951 ho-

460 4998 571 5072 lis,
608 4995 1015 5077 exemplaris,
1039 5013 1151 5057 seu
1183 4994 1535 5057 meritoriae.
1568 4993 1975 5075 Unumquod-
2082 4991 2364 5054 minibus
2409 4988 2656 5071 purgati
2699 4986 3112 5068 defaecatique
3150 4986 3370 5049 animi.
3405 4985 3580 5058 Quae-

460 5114 599 5179 que
646 5102 861 5157 autem
910 5102 1210 5176 operatur
1248 5112 1362 5175 per
1404 5094 1469 5155 id
1509 5110 1623 5175 per
1660 5092 1831 5174 quod
1879 5098 1975 5153 est
2082 5092 2226 5153 dam
2282 5096 2496 5150 tamen
2547 5086 2812 5149 virtutes
2872 5084 3422 5167 imperfectionem
3483 5084 3580 5146 in-

462 5198 533 5259 in
586 5202 758 5257 actu.
792 5192 1101 5265 Quoniam
1151 5210 1301 5273 ergo
1349 5192 1632 5255 Christus
1682 5209 1797 5273 per
1837 5209 1977 5271 gra·
2084 5190 2351 5252 cludunt
2389 5186 2556 5248 circa
2593 5182 2939 5264 objectum,
2976 5190 3046 5245 ut
3079 5182 3242 5244 fides
3282 5190 3343 5244 et
3386 5200 3575 5265 spes3

460 5296 627 5359 tiam
655 5292 1070 5361 habitualem
1120 5310 1233 5354 seu
1291 5291 1711 5373 personalem,
1765 5298 1860 5351 est
1909 5291 1973 5351 in
2087 5288 2186 5352 vel
2226 5288 2394 5350 circa
2427 5282 2816 5365 subjectum,
2854 5291 2924 5345 ut
2963 5281 3362 5364 poenitentia.
3395 5281 3576 5344 Fides

723 5426 791 5479 Τ.
826 5426 909 5477 12.
3265 5416 3329 5471 19
