4300 6259
67 908 106 949 ΙΙ
129 908 269 951 Cor-
285 922 366 961 w,

37 974 108 1011 ¹6.

73 3170 308 3213 llam.
325 3182 399 3219 m,

57 3238 138 3277 ¹5.

61 4066 138 4106 18.
165 4077 276 4111 κη’,
307 4062 328 4101 ί
343 4060 394 4105 3.

63 4130 140 4169 14.

1180 523 1530 571 miminiano
1573 522 1635 567 IN
1677 523 1815 568 CAP-
1862 522 1970 568 Vssl
2009 522 2284 570 JoANNIs.
2331 543 2410 553 —-
2451 524 2594 570 ΛΒΤ.
2639 523 2770 569 xxn

3406 502 3528 569 439

405 697 894 779 quodammodo
933 693 1287 770 interfecta,
1312 703 1614 776 operante
1649 695 1920 757 diabolo.
1952 692 2005 755 A
2031 713 2105 756 ac
2143 696 2382 758 trinum
2417 713 2431 758 :
2468 715 2594 759 non
2642 694 2910 757 naturali
2951 694 3227 774 ingenio,
3263 694 3371 755 sed
3412 709 3525 772 per

407 794 534 857 Est
581 795 755 857 enim
813 795 1004 857 homo
1051 794 1348 868 exterior,
1401 801 1461 855 et
1519 794 1708 857 homo
1766 794 1925 855 inte-

409 893 578 969 rior,
623 894 874 955 dicente
910 891 1209 974 Apostolo
1245 910 1258 953 :
1302 891 1474 953 Licet
1518 891 1572 953 is
1616 892 1730 973 qui
1771 891 1924 953 foris

409 999 519 1054 est
577 999 792 1054 noster
849 992 1038 1054 homo
1096 999 1558 1071 corrumpatur,
1611 999 1820 1053 tamen
1871 990 1926 1051 is

410 1089 536 1171 qui
585 1090 756 1152 intus
807 1097 903 1151 est
950 1095 1292 1153 renovatur
1340 1090 1417 1150 de
1466 1090 1568 1150 die
1617 1089 1684 1150 in
1729 1088 1920 1149 diem.

412 1186 486 1250 Si
517 1206 670 1268 ergo
709 1188 1028 1250 homicida
1065 1196 1162 1249 est
1198 1187 1312 1267 qui
1353 1186 1479 1249 vile
1517 1194 1580 1248 et
1615 1186 1927 1267 corrupti-

409 1286 554 1349 bile
605 1305 838 1369 corpus
887 1286 1140 1359 occidit,
1186 1284 1534 1349 auferendo
1574 1285 1766 1348 vitam
1817 1304 1926 1346 na-

409 1392 602 1459 turae,
638 1390 878 1465 quanto
909 1383 1186 1465 amplius
1221 1382 1538 1445 homicida
1569 1384 1924 1444 censendus

409 1491 518 1546 est
578 1484 693 1565 qui
757 1482 1037 1544 animam
1107 1481 1552 1555 immortalem,
1617 1481 1920 1555 nobilem,

411 1581 531 1643 Dei
594 1582 872 1660 imagine
931 1579 1377 1660 refulgentem,
1430 1578 1762 1653 interficit,
1812 1598 1924 1640 au-

412 1679 690 1743 ferendo
737 1680 932 1742 vitam
980 1678 1254 1759 gratiae?
1301 1677 1476 1740 Unde
1531 1678 1924 1759 quicumque

417 1797 623 1861 pravo
659 1777 978 1859 exemplo,
1017 1776 1119 1840 vel
1157 1777 1560 1857 suggestione
1600 1776 1920 1857 pestifera,

2033 793 2253 868 fidem,
2288 796 2636 857 secundum
2668 795 2999 876 quosdam.
3034 792 3316 854 Fuerunt
3352 791 3523 853 enim

2031 894 2240 974 angeli
2300 913 2521 957 omnes
2580 894 2770 955 creati
2833 894 2900 955 in
2958 892 3111 967 fide,
3173 892 3522 953 secundum

2035 991 2360 1055 Thomam.
2413 992 2572 1055 Hinc
2621 1011 2734 1074 per
2781 991 3173 1053 Ezechielem
3228 996 3526 1071 apostatoe

2032 1091 2257 1170 angelo
2306 1091 2539 1153 dicitur
2584 1110 2596 1153 :
2642 1091 2733 1152 Tu
2782 1090 3179 1171 signaculum
3228 1088 3526 1150 similitu-
3607 1108 3779 1153 Ειεοιι.

2034 1189 2223 1263 dinis,
2269 1189 2495 1270 plenus
2540 1189 2853 1271 sapientia
2890 1195 2952 1250 et
2991 1187 3309 1269 perfectus
3348 1188 3524 1249 deco-
3552 1173 3795 1285 ξξῖῗζ,ξξ“

2034 1305 2123 1359 re,
2170 1288 2236 1348 in
2277 1286 2522 1349 deliciis
2573 1288 2844 1368 paradisi
2895 1285 3001 1348 Dei
3049 1285 3273 1365 fuisti3
3315 1284 3523 1347 omnis

2034 1386 2198 1467 lapis
2257 1386 2574 1467 pretiosus
2635 1386 3105 1467 operimentum
3167 1391 3370 1445 tuum.
3432 1383 3524 1445 Tu

2035 1485 2284 1548 Cherub
2324 1492 2614 1546 extentus
2644 1491 2708 1545 e‘t
2746 1491 3102 1565 protegens,
3136 1491 3199 1544 et
3239 1482 3421 1564 posui
3463 1489 3524 1543 te

2034 1583 2100 1645 in
2159 1590 2372 1645 monte
2429 1589 2644 1645 sancto
2693 1581 2821 1643 Dei.
2879 1580 3205 1643 Elevatum
3264 1588 3358 1643 est
3414 1600 3525 1643 cor

2032 1689 2213 1743 tuum
2246 1681 2312 1742 in
2342 1682 2565 1744 decore
2604 1688 2732 1755 tuo,
2767 1680 3007 1761 repleta
3038 1687 3188 1740 sunt
3226 1678 3527 1743 interiora

2034 1787 2142 1841 tua
2179 1779 2535 1861 iniquitate,
2580 1788 2641 1842 et
2688 1778 2848 1859 ejeci
2894 1785 2955 1839 te
2998 1779 3075 1839 de
3123 1785 3338 1840 monte
3385 1797 3528 1839 san-

413 1886 532 1939 aut
577 1875 705 1939 alio
750 1877 960 1949 modo,
996 1874 1321 1937 hominem
1372 1874 1617 1936 inducit
1658 1876 1736 1937 ad
1780 1893 1925 1956 pec·
1961 1882 2006 1942 Β
2035 1884 2134 1940 cto
2166 1877 2295 1951 Dei,
2322 1885 2385 1938 et
2424 1877 2668 1959 perdidi
2712 1884 2793 1951 te,
2820 1896 2858 1939 o
2898 1875 3169 1949 Cherub,
3194 1877 3272 1937 de
3315 1876 3524 1938 medio

419 1983 638 2039 catum
697 1973 986 2048 mortale,
1049 1972 1370 2036 homicida
1428 1979 1708 2047 vocatur,
1773 1992 1926 2055 prae-

419 2073 644 2137 sertim
694 2091 897 2154 quum
937 2071 1152 2133 anima
1197 2070 1281 2136 sit
1321 2070 1737 2152 principalior
1782 2090 1924 2152 pars

420 2171 728 2241 hominis,
765 2189 879 2253 per
917 2189 1111 2252 quam
1153 2169 1412 2251 ponitur
1451 2170 1640 2232 homo
1680 2170 1745 2231 in
1786 2188 1928 2251 spe-

421 2272 545 2343 cie,
599 2268 988 2343 vivificatur,
1037 2268 1451 2349 gubernatur,
1511 2275 1574 2329 et
1628 2287 1664 2329 a
1719 2268 1925 2331 brutis

421 2367 865 2448 distinguitur.
927 2366 1230 2429 Praeterea
1299 2366 1604 2428 elucescit
1665 2384 1742 2428 ex
1800 2366 1922 2442 his,

421 2469 600 2550 quod
649 2466 836 2530 toties
878 2466 1296 2530 homicidium
1347 2465 1640 2538 facimuS,
1675 2484 1930 2528 manus-

421 2585 554 2648 que
585 2565 924 2645 sacrilegas
955 2564 1019 2626 in
1053 2583 1167 2627 nos
1199 2564 1371 2646 ipsos
1404 2563 1930 2645 injicimuS,quo-
1965 2566 1973 2573 '

421 2665 544 2727 ties
597 2682 937 2745 peccamus
974 2662 1344 2735 mortaliter,
1387 2662 1542 2744 quia
1581 2668 1673 2724 tot
1721 2661 1930 2723 letalia

423 2762 697 2825 vulnera
735 2761 1071 2823 animabus
1111 2761 1343 2823 nostris
1383 2758 1760 2840 infligimuS.
1802 2759 1929 2823 Nec

423 2861 638 2924 solum
709 2859 1094 2923 homicidam
1160 2865 1342 2921 vocat
1406 2856 1754 2939 Scriptura,
1814 2859 1926 2939 qui

424 2977 660 3040 corpus
712 2956 1023 3020 interimit
1079 2956 1438 3018 animamve
1495 2955 1766 3035 occidit;
1818 2957 1929 3018 sed

2033 1976 2317 2057 lapidum
2365 1976 2734 2056 ignitorum,
2776 1982 2838 2037 et
2888 1974 2952 2037 in
3000 1982 3231 2035 terram
3284 1972 3522 2055 projeci

2034 2082 2116 2136 te.
2161 2074 2245 2136 De
2294 2094 2443 2137 casu
2492 2092 2750 2155 quoque
2796 2074 3165 2154 angelorum
3224 2072 3526 2134 scribitur
3590 2088 3717 2131 ,ταὼ
3739 2091 3782 2132 ο.

2031 2172 2207 2237 Judae
2251 2173 2480 2255 primo,
2523 2178 2585 2234 et
2627 2174 2693 2234 in
2739 2172 3016 2234 secunda
3059 2170 3243 2233 Petri.
3551 2150 3817 2203 ¹¹P‘²''·¹'·⁴·

2119 2274 2287 2341 Quia
2319 2273 2555 2331 veritas
2582 2269 2865 2350 justitiae,
2901 2270 2964 2332 id
2996 2276 3091 2331 est
3118 2268 3383 2350 aequitas
3414 2288 3525 2331 seu

2037 2389 2185 2434 vera
2244 2368 2465 2433 notitia
2524 2386 2637 2450 per
2692 2368 3215 2449 approbationem
3275 2368 3528 2430 virtutis

2037 2476 2099 2530 et
2138 2467 2420 2529 veritatis
2462 2466 2663 2547 ipsius
2704 2484 3007 2540 amorem,
3040 2486 3171 2527 non
3206 2476 3298 2527 est
3333 2466 3407 2527 in
3436 2486 3530 2534 eo,

2039 2567 2104 2627 id
2142 2573 2239 2627 est
2281 2563 2531 2627 diabolo
2570 2571 2633 2626 et
2680 2563 3059 2625 satellitibus
3107 2564 3269 2645 ejuS,
3322 2583 3358 2626 a
3406 2583 3535 2627 mo-

2039 2670 2253 2726 mento
2300 2682 2429 2745 quo
2480 2670 2921 2744 peccaverunt.
2955 2660 3006 2722 A
3051 2662 3313 2725 veritate
3360 2662 3531 2724 enim

2037 2763 2243 2824 aversi
2289 2767 2437 2824 sunt
2484 2768 2730 2843 sponte,
2771 2768 2833 2821 et
2872 2760 3128 2821 falsitati
3171 2760 3533 2841 iniquitatis

2039 2862 2451 2923 inhaeserunt.
2495 2860 2639 2922 Fuit
2685 2867 2896 2921 tamen
2936 2867 2998 2921 et
3037 2868 3133 2921 est
3181 2859 3247 2921 in
3297 2860 3389 2921 eis
3430 2878 3534 2923 ve-

2039 2960 2189 3022 ritas
2259 2966 2520 3033 naturae,
2581 2956 2883 3039 qu'oniam
2948 2957 3317 3019 naturaliter
3378 2958 3529 3020 mali

425 3057 646 3129 etiam,
699 3064 770 3118 ut
825 3056 914 3117 ait
965 3054 1235 3118 loannes
1296 3054 1362 3115 in
1419 3073 1535 3116 sua
1591 3053 1924 3129 Canonica,
1966 3056 2008 3118 C
2038 3076 2164 3120 non
2226 3064 2394 3119 sunt.
2451 3056 2525 3117 Et
2582 3063 2741 3117 teste
2799 3063 3015 3118 sancto
3072 3062 3263 3136 atque
3314 3055 3533 3120 divino

426 3154 654 3218 Omnis
707 3153 818 3235 qui
878 3152 1014 3217 odit
1066 3151 1328 3214 fratrem
1388 3171 1600 3227 suum,
1663 3153 1929 3216 homici-

426 3254 510 3317 da
550 3260 668 3315 est.

509 3352 747 3414 Deinde
797 3349 979 3431 pouit
1024 3348 1198 3411 aliud
1247 3346 1488 3411 malum
1536 3348 1794 3412 diaboli.
1841 3352 1926 3411 Et

423 3453 502 3511 in
542 3452 816 3511 veritate
855 3468 986 3509 non
1029 3448 1229 3517 stetit,
1273 3446 1334 3509 id
1382 3454 1499 3520 est,
1546 3447 1612 3509 in
1663 3447 1926 3511 veritate

421 3548 712 3629 justitiae,
755 3547 820 3608 in
874 3552 1044 3607 recta
1091 3545 1355 3619 ratione,
1401 3545 1465 3606 in
1517 3562 1668 3608 vera
1710 3545 1926 3609 obedi-

423 3646 600 3709 entia
639 3664 765 3708 non
808 3643 1178 3726 permansit.
1211 3641 1434 3705 Statim
1473 3643 1642 3704 enim
1686 3651 1752 3705 ut
1796 3662 1926 3705 cre-

421 3753 566 3807 atus
615 3750 730 3817 est,
765 3760 1032 3805 cernens
1073 3760 1142 3803 se
1191 3748 1378 3805 tantae
1425 3742 1814 3805 excellen‘tiae
1863 3750 1924 3805 et

422 3842 674 3906 decoris
723 3860 852 3925 prae
891 3840 1035 3903 aliis
1081 3840 1344 3920 angeliS,
1381 3839 1706 3915 intumuit,
1739 3841 1923 3904 alios-

421 3958 554 4023 que
601 3960 762 4022 quos
820 3938 1030 4021 potuit
1085 3938 1207 4000 sibi
1266 3938 1540 4011 attraxit,
1592 3946 1655 3999 et
1706 3947 1922 4002 contra

425 4040 782 4103 Creatorem
836 4056 904 4101 se
949 4036 1200 4116 erigens
1235 4055 1248 4098 :
1283 4036 1350 4097 In
1393 4037 1626 4099 coelum
1655 4037 1922 4119 (inquit)

426 4137 874 4209 conscendam,
909 4154 1106 4241 supra
1131 4142 1300 4197 astra
1330 4134 1474 4197 coeli
1506 4136 1793 4199 exaltabo
1824 4156 1924 4200 so—

2037 3155 2354 3237 Dionysio‚
2399 3153 2710 3216 naturalia
2749 3154 2815 3215 in
2855 3153 3251 3217 daemonibus
3290 3154 3535 3235 integra

2039 3260 2527 3336 permanserunt
2570 3257 2899 3334 :propter
2947 3251 3119 3332 quod
3167 3270 3381 3315 veram
3428 3272 3533 3317 co-

2035 3352 2411 3433 gnitionem,
2446 3350 2637 3412 etiam
2678 3350 3087 3413 vehementer
3127 3348 3531 3431 profundam,

2039 3449 2276 3512 habent
2314 3450 2391 3511 de
2430 3447 2553 3510 Deo
2593 3456 2657 3509 et
2697 3448 3024 3510 creaturis.
3066 3446 3185 3509 Sed
3234 3447 3533 3511 omnibus

2033 3548 2219 3610 bonis
2268 3546 2640 3623 abutuntur,
2694 3552 2755 3607 et
2803 3546 3131 3607 veritatem
3181 3547 3529 3608 secundum

2035 3665 2101 3708 se
2152 3664 2277 3707 non
2326 3643 2540 3705 amant
2586 3662 2600 3705 :
2654 3643 2813 3724 quin
2866 3643 3097 3725 potiuS,
3152 3651 3530 3706 convertunt

2033 3763 2171 3807 eam
2211 3745 2287 3805 ad
2328 3741 2663 3805 hominum
2702 3741 3155 3815 seductionem,
3190 3741 3343 3823 quia
3372 3749 3433 3804 et
3471 3743 3525 3805 si

2031 3843 2197 3905 bona
2226 3858 2503 3922 veraque
2541 3839 2773 3913 dicant,
2809 3847 3141 3922 propterea
3179 3839 3418 3915 dicunt,
3454 3849 3525 3903 ut

2031 3942 2284 4003 tandem
2325 3939 2489 4001 mala
2517 3945 2579 4001 et
2617 3937 2777 4000 falsa
2813 3938 3156 4017 ingerendo
3194 3939 3516 4000 seducant.

2032 4037 2510 4119 Transfigurant
2565 4036 2807 4117 quippe
2865 4053 2932 4096 se
2990 4035 3057 4096 in
3113 4034 3368 4115 angelos
3426 4036 3523 4097 lu-
3586 4056 3811 4110 nem-‚xa

2031 4138 2122 4201 cis
2154 4154 2191 4224 ⁵:
2244 4137 2513 4217 ideoque
2570 4152 2828 4214 egemus
2878 4133 3078 4214 gratia
3124 4133 3521 4197 discretionis
3550 4121 3618 4163 ¹⁴·

426 4236 587 4298 lium
633 4252 872 4306 meum,
915 4234 1252 4295 ascendam
1291 4250 1484 4314 super
1519 4233 1922 4296 altitudinem
1954 4239 2001 4299 D
2033 4234 2399 4315 spirituum,
2451 4249 2529 4293 ne
2588 4231 2951 4311 ignoremus
3008 4230 3413 4310 cogitationes
3463 4238 3526 4294 et

423 4332 723 4407 nubium,
757 4331 987 4393 similis
1036 4349 1146 4394 ero
1181 4330 1529 4394 Altissimo.
1563 4330 1701 4393 Fuit
1745 4333 1924 4413 equi-

420 4434 571 4495 dem
622 4436 870 4493 creatus
917 4429 982 4491 in
1030 4448 1254 4510 magna
1305 4429 1692 4511 perfectione
1730 4439 1794 4492 et
1831 4431 1925 4493 di-

415 4530 684 4613 gnitate,
731 4528 795 4591 in
838 4528 1116 4590 maxima
1164 4528 1494 4609 sapientia,
1538 4528 1605 4589 in
1651 4528 1923 4590 naturali

417 4629 690 4711 justitia,
734 4626 862 4689 imo
905 4634 968 4689 et
1014 4626 1081 4687 in
1126 4624 1346 4707 gratia,
1389 4627 1740 4688 secundum
1788 4627 1926 4709 opi-

421 4730 683 4793 nionem
725 4726 1144 4810 probabilem,
1181 4733 1244 4787 et
1282 4744 1395 4806 per
1429 4744 1824 4807 consequens
1857 4728 1923 4789 in

421 4828 728 4905 caritate3
771 4825 881 4887 sed
913 4844 1038 4888 non
1080 4826 1252 4887 stetit
1281 4824 1346 4885 in
1388 4823 1510 4898 his,
1547 4824 1750 4886 victus
1783 4844 1926 4907 pro-

423 4926 570 5009 pria
617 4923 912 4997 elatione,
963 4942 1040 4985 ex
1089 4922 1592 4985 consideratione
1641 4922 1926 4985 eminen—

424 5024 532 5087 tiae
581 5041 734 5096 suae,
781 5028 844 5083 et
881 5020 1035 5101 quia
1083 5039 1212 5101 prae
1261 5020 1508 5082 cunctis
1555 5020 1924 5101 angelorum

421 5120 764 5185 ordinibus
813 5118 1154 5181 eminebat.
1196 5116 1314 5179 Sed
1360 5137 1485 5181 non
1526 5119 1687 5182 vidit
1727 5118 1922 5181 Deum

423 5237 546 5303 per
591 5217 874 5300 speciem
929 5234 944 5279 ι
996 5215 1180 5277 aliter
1235 5214 1464 5278 fuisset
1512 5216 1926 5279 confirmatus

423 5318 496 5383 in
546 5316 738 5380 bono.
790 5314 978 5377 Novit
1023 5322 1235 5376 tamen
1286 5313 1483 5376 Deum
1539 5333 1678 5379 esse
1727 5333 1926 5377 unum

2034 4332 2531 4395 machinationes
2574 4348 2819 4392 eorum.

2117 4434 2331 4499 Quum
2390 4430 2681 4508 loquitur
2741 4425 3029 4488 diabolus
3088 4428 3522 4499 mendacium,

2033 4548 2114 4588 ex
2145 4528 2436 4606 propriis
2478 4525 2793 4606 loquitur,
2827 4524 2888 4585 id
2934 4530 3029 4585 est
3072 4541 3149 4584 ex
3194 4524 3377 4586 malis
3420 4525 3529 4587 ha-

2035 4625 2276 4687 bitibus
2317 4632 2509 4703 atque
2554 4621 2858 4703 nequitiis
2904 4620 3139 4701 quibus
3179 4621 3244 4682 in
3286 4640 3353 4683 se
3396 4622 3529 4703 ple-

2037 4743 2157 4785 nus
2188 4730 2303 4795 est,
2338 4728 2399 4782 et
2429 4737 2588 4801 quos
2625 4720 2871 4801 primus
2911 4718 3177 4793 invenit,
3212 4721 3525 4802 concepit,

2036 4831 2098 4883 et
2137 4822 2202 4883 in
2242 4820 2398 4882 alios
2436 4818 2677 4898 genuit.
2712 4818 2761 4878 A
2793 4818 2917 4880 Deo
2958 4836 3232 4900 namque
3270 4820 3529 4882 sortitus

2036 4928 2130 4982 est
2168 4936 2305 4981 esse
2335 4926 2397 4979 et
2435 4917 2819 4997 intelligere3
2862 4916 2971 4979 sed
3013 4926 3339 4998 peccatum
3388 4938 3532 5001 pro·

2038 5018 2177 5100 pria
2217 5017 2537 5081 voluntate
2582 5014 2841 5096 incepit,
2878 5033 3004 5078 non
3052 5015 3308 5078 aliunde
3352 5017 3532 5080 indu-

2037 5125 2176 5180 ctus
2234 5116 2311 5179 ad
2368 5114 2628 5187 malum,
2694 5121 2762 5175 ut
2819 5114 3133 5176 daemones
3183 5112 3529 5178 inferiores

2037 5224 2099 5277 et
2130 5214 2321 5296 primi
2364 5219 2675 5295 parentes.
2716 5214 2884 5279 Quia
2916 5215 3194 5272 mendax
3220 5223 3331 5274 est.
3364 5212 3531 5275 Men·-

2038 5315 2191 5376 titus
2241 5320 2335 5375 est
2382 5312 2553 5374 enim
2604 5310 2873 5373 dicendo
2918 5328 2932 5373 ε
2984 5308 3224 5373 Similis
3272 5330 3379 5375 ero
3424 5311 3531 5374 Al·
3560 5332 3819 5383 annu.
