4300 6259
828 498 909 562 92
1586 517 1935 565 manna-rto
1978 515 2043 564 m
2084 516 2223 564 ω.
2265 517 2372 563 x1v
2411 515 2599 564 Lucia.
2645 537 2727 548 —
2766 519 2908 566 Am.
2955 520 3168 567 xxxvn

825 707 899 751 ac
928 689 1091 751 dona
1120 688 1393 772 Spiritus
1424 688 1657 766 Sancti,
1691 691 1758 752 in
1796 689 1998 772 patria
2027 707 2178 753 vero
2209 707 2324 771 per
2352 689 2402 750 Α
2434 691 2780 770 pensando,
2810 709 3007 774 seque
3037 711 3246 755 coram
3277 691 3401 755 Deo
3431 691 3789 774 dejiciendo
3817 700 3928 755 aut

822 787 1185 850 beatificam
1226 788 1536 851 visionem
1572 789 1752 870 (quia
1792 788 1888 851 hae
1930 788 2170 870 nuptiae
2218 787 2322 850 hic

822 885 1223 958 inchoantur,
1258 893 1319 948 et
1361 886 1424 949 in
1465 885 1681 950 futuro
1718 887 2097 950 aeternaliter
2128 886 2324 948 conti-

822 986 1146 1066 nuantur),
1182 1005 1309 1048 non
1343 985 1648 1049 debemus
1682 987 1746 1048 in
1790 987 1998 1068 primo
2028 985 2168 1050 loco
2198 987 2324 1047 dis-

821 1084 1142 1156 cumbere,
1179 1085 1241 1146 id
1282 1092 1377 1146 est
1417 1085 1559 1147 aliis
1601 1104 1713 1148 nos
1755 1084 2075 1167 praeferre,
2111 1103 2321 1166 neque

820 1182 897 1242 de
945 1182 1187 1244 meritis
1238 1184 1468 1246 nostris
1520 1202 1923 1266 praesumere,
1981 1201 2058 1244 ne
2117 1201 2319 1264 quum

822 1279 1105 1342 Christus
1156 1281 1444 1344 omnium
1482 1281 1677 1362 judex
1720 1281 1964 1343 venerit
2004 1281 2324 1360 judicatu-

822 1397 953 1452 ηις,
1008 1398 1119 1442 nos
1178 1379 1525 1442 confundat
1582 1386 1773 1460 atque
1832 1379 2108 1460 dejiciat.
2164 1379 2323 1441 Huic

822 1485 1034 1539 autem
1086 1479 1307 1541 morali
1357 1480 1738 1542 documento
1786 1478 2125 1542 Salvatoris
2177 1497 2325 1541 con-

826 1578 1040 1640 cordat
1088 1579 1259 1658 quod
1309 1578 1373 1640 in
1423 1576 1781 1642 Proverbiis
1832 1576 2125 1641 Salomon
2175 1577 2261 1639 ait
2305 1597 2318 1640 ε

550 1683 793 1736 Prov-xxv.
823 1675 912 1738 Ne
957 1676 1271 1756 gloriosus
1319 1695 1623 1759 appareas
1674 1696 1884 1740 coram
1936 1695 2102 1757 rege,
2146 1685 2211 1739 et
2257 1677 2321 1738 in

533 1749 636 1796 ‘⁵⁹⁷‘
826 1775 965 1838 loco
1003 1793 1376 1855 magnorum
1417 1794 1497 1837 ne
1536 1775 1820 1854 steteris3
1853 1776 2084 1837 melius
2120 1784 2216 1837 est
2255 1783 2325 1836 ut

828 1874 1074 1935 dicatur
1118 1873 1260 1948 tibi,
1313 1874 1598 1936 Ascende
1645 1875 1793 1948 huc,
1846 1893 2038 1955 quam
2090 1882 2160 1936 ut
2207 1874 2324 1935 hu-
2359 1870 2408 1933 B
2437 1873 2677 1955 perbia.
2711 1873 2850 1937 Noli
2889 1881 2952 1935 te
2981 1873 3281 1936 extollere
3312 1873 3378 1936 in
3416 1873 3706 1937 faciendo
3733 1893 3928 1956 opere

625 1970 693 2026 10
827 1972 1094 2033 milieris
1138 1991 1348 2035 coram
1390 1972 1701 2054 principe.
1734 1975 1866 2034 Sed
1902 1993 2105 2052 quum
2144 1993 2324 2033 voca-

830 2081 931 2132 tus
974 2073 1186 2148 fueris
1231 2072 1307 2133 ad
1359 2090 1642 2133 mensam
1702 2070 2127 2152 plurimorum
2187 2071 2323 2134 sive

826 2170 904 2231 ad
957 2168 1233 2252 nuptiaS,
1288 2173 1475 2240 vade,
1518 2173 1808 2230 recumbe
1854 2171 1927 2229 in
1975 2172 2321 2231 novissimo

828 2272 983 2336 loco,
1022 2268 1087 2329 id
1126 2275 1241 2342 est,
1286 2267 1694 2330 humiliorem
1734 2266 1966 2341 locum,
2009 2275 2321 2349 quantum

830 2367 895 2428 in
942 2375 1003 2428 te
1051 2372 1167 2440 est,
1220 2366 1403 2446 elige,
1456 2366 1807 2447 praesertim
1867 2366 1919 2427 si
1968 2374 2167 2428 status
2216 2374 2324 2428 aut

829 2467 981 2531 ordo
1013 2465 1363 2547 permittat3
1400 2475 1691 2544 acquum
1726 2467 1970 2526 venerit
1995 2467 2113 2544 qui
2143 2475 2200 2526 ce
2228 2467 2326 2526 in-

829 2565 1087 2633 vitavit,
1120 2566 1296 2624 dicat
1330 2565 1471 2633 tibi,
1505 2582 1630 2626 non
1667 2563 1946 2644 graviter
1982 2563 2326 2645 objurgan-

830 2664 932 2738 do,
966 2663 1075 2724 sed
1125 2662 1352 2724 leniter
1401 2661 1793 2743 injungendo
1828 2661 2104 2742 (sufficit
2150 2663 2323 2724 enim

828 2761 1095 2824 monitio
1142 2762 1313 2842 apud
1362 2761 1695 2841 discretos)
1728 2779 1741 2823 :
1776 2763 2023 2829 Amice,
2059 2765 2327 2822 ascende

826 2861 1144 2937 superius.
1196 2857 1428 2940 Sicque
1482 2877 1592 2940 per
1639 2858 2060 2921 humilitatem
2122 2860 2325 2923 honor

828 2958 1203 3039 acquiritur.
1245 2958 1406 3020 Hinc
1447 2958 1741 3020 subditur
1776 2977 1789 3020 ε
1830 2961 2007 3020 Tunc
2042 2959 2170 3020 crit
2207 2960 2326 3019 tibi

2433 791 2912 869 prosternendo,
2947 799 3010 852 et
3047 790 3187 870 ejus
3227 791 3724 855 misericordiam
3761 790 3930 872 jugi-

2430 893 2528 948 ter
2582 888 3003 969 implorando,
3053 893 3453 950 eoealtabitur
3499 890 3564 952 in
3624 890 3740 953 hac
3798 891 3927 952 vita

2433 1003 2547 1067 per
2587 985 2888 1048 sublimia
2927 988 3091 1051 dona
3126 987 3343 1069 gratiae
3383 989 3511 1063 Dei,
3547 997 3609 1050 et
3647 989 3711 1051 in
3755 986 3927 1050 futu-

2433 1102 2503 1147 ro
2552 1102 2666 1165 per
2707 1086 2832 1147 alta
2881 1086 3046 1149 dona
3081 1086 3298 1167 gloriae
3347 1086 3507 1168 ejus.
3541 1086 3705 1149 Deus
3753 1086 3924 1148 enim
3984 1101 4230 1148 laeuam

2433 1182 2726 1264 superbis
2777 1184 3034 1260 resistit,
3070 1184 3422 1247 humilibus
3459 1203 3610 1248 vero
3649 1186 3755 1247 dat
3789 1204 3927 1266 gra·
3953 1171 4000 1210 ⁶·

2430 1280 2606 1342 tiam.
2659 1280 2820 1344 Hinc
2865 1282 3102 1364 Moyses
3151 1283 3238 1346 ait
3285 1302 3299 1346 :
3347 1283 3573 1346 Anima
3619 1302 3764 1365 quae
3813 1303 3928 1365 per
3993 1303 4230 1346 svam-,n

2434 1379 2798 1460 superbiam
2858 1381 3101 1462 aliquid
3161 1382 3570 1455 commiserit,
3623 1383 3926 1464 quoniam
3951 1367 4120 1416 ³⁰'³¹·

2433 1477 2737 1540 adversus
2794 1478 3132 1543 Dominum
3184 1479 3440 1542 rebellis
3497 1479 3640 1554 fuit,
3694 1479 3932 1563 peribit

2435 1577 2514 1638 de
2545 1578 2782 1659 populo
2813 1597 2926 1641 suo
2961 1597 2976 1641 ε
3006 1579 3275 1640 verbum
3305 1579 3476 1640 enim
3505 1578 3754 1642 Domini
3787 1598 3931 1642 con-

2435 1677 2714 1758 tempsit.
2748 1677 2816 1738 ln
2849 1677 3290 1741 Ecclesiastico
3320 1696 3576 1760 quoque
3605 1678 3877 1740 habetur
3910 1696 3923 1740 :

2435 1773 2700 1836 Odibilis
2749 1794 2960 1838 coram
2999 1776 3124 1839 Deo
3163 1783 3227 1838 et
3274 1776 3642 1839 hominibus
3684 1783 3780 1838 est
3821 1795 3928 1838 su·
3953 1795 4230 1900 'fecti-‚22

2435 1979 2565 2033 tuo.
2600 1969 2841 2044 Quanto
2890 1971 3093 2052 major
3139 1990 3228 2046 es,
3262 1971 3531 2034 humilia
3579 1978 3638 2034 te
3686 1972 3750 2034 in
3797 1991 3930 2035 om·
3957 1991 4232 2035 munuca.

2437 2069 2649 2143 nibuS,
2683 2077 2747 2131 et
2795 2070 3082 2132 invenies
3129 2071 3395 2151 gratiam
3445 2089 3655 2133 coram
3692 2070 3818 2134 Deo
3865 2079 3931 2133 et

2435 2168 2828 2231 hominibus.
2862 2168 3059 2243 Unde,
3095 2169 3258 2230 sicut
3297 2169 3594 2232 discretio
3633 2187 3743 2231 seu
3780 2188 3931 2251 pru-

2436 2267 2648 2328 dentia
2680 2274 2938 2328 vocatur
2966 2267 3272 2348 quadriga
3311 2267 3641 2342 virtutum,
3675 2267 3826 2348 quia
3860 2267 3926 2328 in

2435 2364 2608 2426 omni
2659 2371 2802 2426 actu
2851 2364 3134 2427 virtuoso
3183 2364 3399 2445 dirigit
3448 2364 3792 2440 hominem,
3834 2364 3929 2427 fa-

2436 2463 2610 2525 ciens
2658 2480 2806 2524 eum
2855 2481 3107 2524 servare
3158 2463 3440 2538 modum,
3493 2471 3563 2524 ut
3609 2463 3692 2524 sit
3739 2463 3929 2525 ratio-
3955 2483 4229 2532 anama

2436 2561 2648 2622 nabile
2696 2568 2758 2622 et
2802 2561 3147 2623 discretum
3189 2560 3329 2641 ejus
3377 2561 3756 2642 obsequium
3793 2579 3806 2623 :
3841 2560 3930 2622 ita

2435 2659 2761 2721 humilitas
2793 2659 3158 2722 vehiculum
3195 2666 3291 2721 est
3319 2659 3648 2734 virtutum,
3684 2677 3932 2741 promo-

2436 2777 2589 2823 vens
2639 2766 2816 2820 actus
2868 2759 3180 2821 virtuosos
3230 2759 3307 2820 ad
3361 2758 3700 2840 specialem
3757 2777 3932 2820 com-

2437 2857 2818 2940 placentiam
2857 2856 3003 2936 Dei3
3037 2863 3099 2918 et
3137 2865 3374 2937 quanto
3412 2855 3556 2938 quis
3592 2857 3784 2919 vitam
3825 2875 3932 2918 su-

2435 2975 2536 3018 am
2570 2956 2634 3017 in
2669 2955 3092 3038 profundiori,
3121 2954 3430 3019 stabiliori
3461 2973 3534 3016 ac
3563 2953 3927 3037 perfectiori

820 3059 1040 3133 yloria
1068 3077 1285 3118 coram
1320 3059 1523 3118 simul
1558 3058 2101 3117 discumbentibus
2131 3078 2154 3116 .·
2182 3056 2326 3136 jux—
2362 3057 2404 3120 C
2436 3055 2793 3116 humilitate
2822 3053 3206 3128 fundaverit,
3239 3061 3412 3116 tanto
3442 3053 3586 3135 plus
3615 3061 3804 3135 atque
3832 3071 3930 3115 ce-

532 3172 615 3215 Jot
630 3174 795 3224 nuga.
827 3162 891 3217 ta
928 3155 1086 3217 illud
1115 3154 1249 3230 Job,
1284 3154 1399 3228 Qui
1442 3155 1815 3217 humiliatus
1854 3153 2069 3229 fuerit,
2105 3155 2227 3217 erit
2256 3155 2320 3216 in

823 3254 1045 3334 gloria.
1080 3253 1243 3315 Dicit
1279 3261 1491 3315 autem
1528 3253 1794 3315 Basilius
1830 3271 1843 3316 z
1877 3251 2199 3335 Occupare
2231 3253 2326 3315 ul-

822 3351 1053 3413 timum
1105 3351 1315 3415 locum
1366 3351 1431 3412 in
1473 3351 1806 3426 conviviiS‚
1838 3351 2019 3433 juxta
2068 3353 2325 3413 manda·-

822 3457 960 3511 tum
1009 3448 1262 3523 Christi,
1318 3450 1700 3512 conveniens
1751 3456 1885 3529 est3
1940 3449 2047 3510 sed
2100 3468 2321 3511 rursus

823 3546 889 3608 in
936 3546 1105 3609 hunc
1156 3547 1546 3611 contentiose
1592 3565 1659 3609 se
1709 3565 1966 3629 ponere,
2002 3547 2324 3630 vitupera-

825 3645 957 3708 bile
1004 3652 1120 3718 est,
1173 3653 1477 3728 tanquam
1538 3646 1996 3710 destructivum
2052 3646 2317 3722 ordiniS,

823 3751 884 3805 et
944 3743 1335 3806 causativum
1396 3743 1734 3818 tumultuS,
1786 3751 1849 3805 et
1897 3745 1974 3806 de
2031 3762 2106 3808 eo
2156 3753 2324 3807 mota

823 3843 1145 3906 contentio
1188 3842 1607 3924 aequiparabit
1647 3861 1759 3904 nos
1812 3841 2206 3922 litigantibus
2245 3845 2324 3906 de

826 3941 1127 4022 primatu.
1162 3940 1575 4023 Quapropter,
1610 3941 1775 4003 sicut
1805 3942 1986 4004 docet
2016 3941 2121 4003 hic
2154 3941 2325 4004 Chri-

826 4048 983 4112 stuS,
1027 4039 1284 4121 expedit
1325 4039 1654 4101 accubitus
1703 4039 1992 4102 ordinem
2036 4042 2325 4103 commit-

828 4144 960 4199 tere
1007 4137 1264 4200 facienti
1315 4137 1703 4200 convivium.
1736 4136 1838 4200 Sic
1884 4138 2057 4201 enim
2105 4138 2172 4200 in
2218 4158 2325 4221 pa-

532 4311 602 4355 ⁴⁰·
829 4340 891 4394 et
920 4332 1270 4394 secundum
1302 4332 1587 4395 ordinem
1620 4332 1832 4395 omnia
1862 4341 2327 4415 prosequentes

626 4438 689 4493 11
910 4432 1080 4500 Quia
1127 4433 1337 4492 omnis
1375 4431 1492 4510 qui
1536 4451 1600 4490 se
1646 4434 1891 4492 eaealtac
1940 4450 2054 4513 per
2102 4451 2325 4514 super-

826 4529 1023 4602 biam,
1057 4529 1545 4599 humiliabitur,
1578 4529 1938 4592 humilitate
1979 4531 2215 4613 poenali
2256 4532 2320 4593 in

826 4627 1061 4704 futuro,
1081 4634 1254 4690 tanto
1284 4627 1434 4691 conf
1439 4627 1734 4690 usibilius
1764 4636 1954 4710 atque
1990 4631 2324 4712 poenaliuS,

826 4747 861 4790 a
892 4726 1140 4790 Christo
1170 4726 1457 4789 omnium
1496 4726 1733 4808 judice,
1768 4736 2006 4809 quanto
2046 4748 2113 4791 se
2153 4749 2325 4792 nunc

824 4826 1025 4906 magis
1066 4825 1385 4900 extulerit,
1432 4826 1554 4887 nisi
1602 4844 1715 4908 per
1753 4845 1966 4889 veram
2013 4828 2327 4909 poeniten-

825 4925 978 4987 tiam
1010 4943 1077 4986 se
1108 4924 1322 5006 ipsum
1353 4924 1418 4986 in
1453 4925 1581 4987 vita
1610 4925 1727 4986 hac
1758 4925 2207 5001 humiliaverit,
2233 4947 2327 4990 su-

825 5042 927 5084 am
961 5021 1347 5095 confitendo,
1384 5020 1679 5084 deflendo
1707 5030 1772 5084 et
1800 5025 2194 5087 emendando
2223 5043 2328 5086 su-

830 5121 1138 5204 perbiam.
1166 5123 1251 5181 Ec
1278 5121 1395 5198 qui
1422 5140 1486 5179 se
1514 5121 1844 5186 humiliat,
1865 5120 1929 5183 id
1961 5129 2075 5195 est,
2112 5141 2323 5184 veram

828 5218 1255 5280 humilitatem
1305 5215 1500 5280 fuerit
1546 5218 1965 5299 amplexatuS,
2003 5220 2325 5301 propriam

832 5316 1227 5398 parvitatem,
1264 5313 1807 5379 defectuositatem
1838 5317 1936 5398 (se
1984 5318 2330 5401 culpando)

2436 3152 2632 3215 lerius
2681 3152 2747 3214 in
2787 3153 2961 3216 omni
2998 3152 3198 3232 gratia
3237 3160 3299 3214 et
3336 3151 3569 3213 virtute
3608 3151 3924 3233 proficiet,

2436 3252 2753 3333 citiusque
2811 3251 2887 3312 ad
2947 3249 3402 3333 perfectionem
3451 3258 3754 3312 venturus
3805 3259 3924 3312 est.

2435 3351 2560 3414 Cur
2597 3350 2770 3411 enim
2809 3357 2938 3410 tam
2978 3367 3201 3430 parum
3247 3348 3666 3430 proficimus?
3694 3367 3810 3411 cur
3846 3351 3928 3412 ad

2435 3449 2591 3510 iram
2634 3456 2696 3509 et
2743 3446 3204 3529 impatientiam
3253 3465 3475 3509 sumus
3517 3454 3644 3509 tam
3694 3447 3925 3530 proni?

2434 3548 2557 3610 nisi
2608 3547 2760 3629 quia
2803 3546 3052 3608 sincera
3090 3551 3152 3606 et
3200 3544 3389 3627 plena
3435 3546 3792 3609 humilitate
3827 3565 3929 3608 ca-

2431 3663 2669 3706 remus.
2703 3643 3024 3708 Postremo
3055 3650 3118 3704 et
3147 3643 3285 3725 ipsa
3325 3642 3650 3705 humilitas
3685 3643 3765 3706 ab
3794 3662 3930 3707 om-

2435 3743 2499 3804 ni
2533 3743 2826 3804 vanitatis
2867 3741 3133 3804 stultitia
3171 3748 3267 3802 est
3304 3741 3786 3822 diligentissime
3821 3762 3930 3804 cu-

2434 3841 2782 3916 stodienda,
2818 3859 2898 3902 ne
2936 3840 3083 3922 quis
3124 3841 3200 3902 de
3239 3840 3378 3921 ipsa
3420 3859 3533 3902 sua
3571 3839 3928 3903 humilitate

2435 3941 2708 4003 inaniter
2749 3939 3078 4020 glorietur,
3121 3938 3420 4018 erigatur,
3473 3946 3582 4000 aut
3629 3938 3750 4000 sibi
3800 3939 3924 4021 ipsi

2435 4038 2842 4120 complaceat,
2875 4036 3113 4100 aliosve
3149 4044 3450 4118 tanquam
3493 4037 3800 4119 superbos
3829 4039 3926 4100 di—

2431 4138 2694 4218 judicet,
2742 4144 2804 4198 et
2846 4143 3227 4199 contemnat.

560 4234 1050 4328 icor.x1v,tientia
1096 4253 1210 4296 nos
1260 4244 1483 4296 mutuo
1532 4234 2011 4310 sustinebimuS,
2060 4236 2324 4299 honeste
2355 4235 2404 4298 D
2513 4238 2774 4296 Dicebat
2807 4244 3023 4295 autem
3055 4245 3114 4295 et
3152 4236 3214 4294 ei
3251 4237 3368 4313 qui
3399 4255 3464 4295 se
3501 4236 3918 4307 invitaverat,
4069 4256 4139 4310 12

2435 4335 2677 4397 scilicet
2717 4333 2995 4415 principi
3034 4332 3512 4407 Pharisaeorum,
3547 4333 3649 4396 cui
3688 4353 3803 4416 pro
3833 4351 3924 4394 re-

2433 4433 2708 4496 fectione
2756 4431 3090 4513 corporali,
3142 4431 3537 4513 spiritualem
3591 4451 3663 4494 ac
3708 4432 3924 4496 melio-

2435 4551 2570 4594 rem
2605 4531 2920 4606 retribuit,
2955 4531 3275 4592 instruens
3315 4548 3462 4592 eum
3498 4531 3575 4592 ad
3606 4531 3868 4593 virtutes
3904 4551 3919 4594 t

2438 4635 2647 4700 Quum
2693 4631 2862 4706 facis
2899 4631 3268 4706 prandium
3317 4639 3434 4689 aut
3479 4649 3744 4701 caenam,
3786 4632 3927 4690 noli

2435 4747 2660 4790 vocare
2700 4729 2938 4788 amicos
2977 4736 3142 4796 cum,
3172 4725 3235 4788 id
3286 4734 3380 4788 est
3419 4744 3526 4789 eos
3565 4726 3731 4788 inter
3761 4746 3924 4808 quos

2435 4834 2498 4888 et
2524 4834 2586 4888 te
2615 4833 2710 4888 est
2748 4824 3027 4887 amicitia
3057 4824 3376 4887 saecularis
3415 4831 3607 4906 atque
3645 4824 3922 4907 politica,

2433 4946 2636 5005 neque
2664 4927 2904 5005 fratres
2945 4933 3105 4996 luca,
3137 4943 3340 5003 neque
3377 4931 3696 5000 coquatos,
3726 4923 3789 4986 id
3831 4930 3928 4986 est

2436 5023 2938 5104 consanguineos
2987 5040 3097 5084 seu
3146 5021 3399 5096 affineS,
3433 5041 3636 5102 neque
3685 5025 3928 5084 vicinos

2435 5125 2689 5183 divites.
2724 5121 2900 5193 Quod
2937 5121 3046 5195 ait,
3089 5120 3347 5193 DiviteS,
3394 5118 3795 5183 referendum
3831 5140 3931 5182 ar-

2435 5220 2637 5283 bitror
2665 5221 2742 5281 ad
2781 5237 3002 5281 omnes
3044 5218 3358 5301 praefatOS,
3393 5218 3636 5280 scilicet
3667 5220 3744 5280 ad
3775 5220 3930 5281 ami-

2437 5338 2564 5394 008,
2611 5319 2688 5381 ad
2742 5318 2990 5395 fratreS,
3033 5319 3111 5381 ad
3162 5323 3478 5398 cognatos.
3530 5315 3593 5380 Si
3641 5317 3814 5380 enim
3862 5317 3927 5380 hi
