4300 6259
1101 520 1455 567 malumno
1496 520 1559 565 m
1601 518 1739 567 cAP.
1786 519 1941 565 xxm
1983 519 2172 566 LUCAE.
2220 540 2298 549 —
2339 522 2482 568 ΛΒΤ.
2527 521 2671 568 1le

3323 502 3448 567 239

299 694 445 748 est.
490 686 851 771 Quumque,
897 698 967 753 ut
1014 692 1251 755 Seneca
1300 692 1507 755 fassus
1546 699 1663 765 est,
1708 710 1839 753 ma·
1866 690 1917 751 A
1946 698 2010 752 et
2044 708 2236 771 grave
2285 692 2430 753 lassi
2475 692 2574 754 sui
2617 692 2899 775 corporis
2947 693 3219 774 ponduS,
3253 709 3453 753 mem-

302 785 505 847 xima
542 786 1020 868 ingratitudinis
1060 811 1207 873 pars
1250 792 1333 853 sit
1371 789 1836 853 beneficiorum

301 882 592 959 oblivio,
630 888 909 950 maxima
946 908 1207 971 quoque
1244 888 1651 971 gratitudinis
1693 908 1841 970 por-

301 982 439 1053 tio,
488 983 955 1049 beneficiorum
1006 988 1377 1069 recognitio,
1431 1006 1833 1069 nequaquam

302 1080 791 1145 obliviscamur
826 1102 1049 1148 eorum
1086 1106 1233 1168 quae
1269 1093 1527 1169 propter
1557 1105 1670 1148 nos
1706 1104 1838 1167 pas·

306 1198 441 1240 sus
480 1190 581 1242 est
616 1180 883 1245 Sanctus
922 1183 1341 1264 Sanctorum;
1374 1186 1485 1245 sed
1514 1184 1705 1247 corde
1735 1200 1841 1246 ve-

310 1295 405 1339 ro
460 1284 525 1339 ct
580 1296 777 1360 opere
830 1282 1051 1343 eadem
1111 1300 1657 1363 recognoscamuS,
1721 1299 1839 1343 nec

312 1373 521 1436 illum
578 1395 695 1458 per
750 1378 947 1441 vitam
1003 1379 1295 1462 iniquam
1356 1379 1833 1454 inhonoremuS,

312 1472 444 1553 qui
497 1492 613 1537 nos
672 1482 801 1538 tam
856 1476 1599 1559 incomprehensibiliter
1648 1476 1837 1541 hono-

316 1570 519 1647 ravit,
563 1590 645 1634 ne
693 1574 1010 1637 universis
1058 1575 1267 1637 brutis
1307 1575 1563 1638 viliores
1615 1576 1839 1637 deteri·

317 1687 516 1750 oresq
528 1689 607 1732 ue
648 1672 873 1735 simus.

414 1766 627 1843 Porro,
682 1770 749 1832 in
798 1771 918 1834 bac
968 1771 1199 1834 Christi
1251 1774 1673 1855 suspensione
1724 1773 1842 1835 im-

1945 788 2061 850 bra
2090 808 2205 851 sua
2236 789 2629 870 dignissima,
2654 792 3040 853 extractione
3073 789 3454 852 violentissi-

1950 906 2051 949 ma
2092 888 2398 950 dissecuit
2434 897 2497 950 et
2531 889 2852 963 contrivit,
2887 888 3158 969 ejusque
3188 887 3454 950 vulnera

1948 985 2269 1048 dilatando
2309 986 2645 1067 poenaliter
2684 986 3074 1055 amaricavit,
3115 1004 3188 1047 ac
3223 1001 3451 1047 nervos

1948 1084 2226 1165 disrupit
2271 1102 2284 1145 :
2335 1085 2420 1146 ita
2461 1086 2634 1166 quod
2682 1103 2759 1147 ex
2809 1093 2938 1149 toto
2991 1102 3255 1167 corpore
3309 1101 3453 1145 san-

1944 1181 2088 1262 guis
2129 1200 2294 1263 pene
2335 1190 2502 1245 totus
2545 1182 2822 1257 effluxit,
2867 1189 3054 1265 prout
3096 1183 3161 1244 in
3203 1182 3450 1244 Psalmo

1949 1282 2485 1361 praenuntiaverat
2533 1281 2818 1344 Christus
2862 1300 2876 1344 ε
2921 1280 3096 1343 Sicut
3143 1299 3308 1362 aqua
3355 1279 3450 1342 ef·
3473 1295 3734 1349 pamas.

1946 1377 2128 1441 fusus
2181 1398 2345 1454 sum,
2397 1387 2462 1441 et
2508 1380 2794 1462 dispersa
2843 1388 2991 1441 sunt
3047 1378 3262 1443 omnia
3306 1397 3449 1441 ossa

1949 1494 2109 1539 mea.
2145 1477 2464 1541 Postremo
2497 1480 2914 1559 pensandum,
2941 1486 3240 1560 quantam
3268 1477 3448 1539 Jesus

1948 1575 2236 1638 Christus
2276 1576 2582 1637 sustinuit
2621 1595 2896 1658 poenam,
2932 1577 3085 1638 dum
3129 1584 3274 1638 ante
3312 1594 3455 1638 cru-

1950 1674 2319 1736 cifixionem
2381 1694 2604 1736 rursus
2654 1682 2972 1737 exuerunt
3030 1694 3177 1736 eum
3231 1691 3245 1737 ε
3298 1682 3452 1736 tunc

1950 1789 2228 1851 namque
2266 1771 2532 1833 vulnera
2569 1778 2632 1833 et
2669 1771 3011 1833 vulnerum
3054 1770 3233 1833 dolor
3273 1788 3455 1834 reno-

327 1866 581 1947 pletum
644 1876 740 1930 est
796 1870 971 1951 quod
1029 1871 1325 1952 praedixit
1382 1870 1709 1934 Psalmista
1772 1872 1838 1933 in
1878 1869 1923 1931 B
1951 1868 2283 1931 vabantur.
2324 1868 2458 1930 Jam
2500 1869 2669 1931 enim
2711 1886 2788 1930 ex
2833 1869 3159 1949 sanguinis
3203 1887 3454 1931 emana-

58 1977 295 2029 rama.
329 1963 571 2027 Christi
615 1984 889 2048 persona
921 1985 936 2030 ε
968 1967 1099 2049 Ego
1135 1976 1350 2031 autem
1398 1988 1542 2032 sum
1581 1970 1838 2044 vermiS,

330 2071 401 2124 et
452 2082 585 2126 non
643 2065 856 2139 hom0‚
908 2067 1331 2148 opprobrium
1387 2068 1721 2131 hominum
1782 2076 1843 2130 et

48 2174 299 2225 ramma.
329 2161 614 2242 abjectio
656 2164 907 2246 plebis3
960 2165 1265 2247 itemque,
1300 2165 1561 2248 Propter
1603 2173 1665 2227 te
1706 2185 1843 2228 sus-

332 2261 499 2323 tinui
530 2262 978 2345 opprobrium,
1005 2264 1264 2345 operuit
1290 2264 1581 2327 confusio
1612 2264 1841 2326 faciem

329 2377 565 2422 meam.

394 2456 980 2541 Insuper,qualiter
1009 2458 1175 2522 facta
1201 2460 1283 2522 sit
1313 2460 1643 2524 crucifixio
1674 2460 1846 2524 Chri-

327 2556 431 2631 sti,
480 2556 915 2621 diversimode
962 2558 1285 2622 recitatur.
1339 2558 1555 2641 Aliqui
1605 2560 1841 2621 etenim

327 2655 575 2728 dicunt,
628 2657 803 2736 quod
859 2674 1047 2719 cruce
1096 2657 1162 2719 in
1224 2664 1454 2719 terram
1505 2666 1840 2739 prostrata,

327 2752 571 2815 affixus
612 2754 697 2815 sit
732 2756 952 2836 cruci3
1003 2756 1137 2835 alii,
1170 2756 1342 2837 quod
1383 2774 1571 2818 cruce
1609 2763 1838 2832 erecta,

332 2851 417 2913 ita
464 2854 641 2934 quod
693 2870 809 2934 per
860 2853 1061 2915 scalas
1111 2855 1539 2916 ascenderunt
1589 2854 1844 2917 crucifi-

332 2968 539 3013 xores.
574 2950 699 3013 Sed
736 2951 804 3012 Β.
850 2950 1107 3033 Brigitta
1156 2953 1399 3029 scribit,
1440 2956 1614 3035 quod
1656 2972 1845 3017 cruce

1952 1966 2121 2029 tione
2154 1966 2345 2029 vestis
2386 1967 2651 2031 interior
2683 1967 2856 2029 carni
2899 1966 3174 2042 inhaesit,
3208 1976 3271 2028 et
3311 1986 3455 2049 pro-

1952 2064 2168 2126 fundis
2225 2065 2406 2146 quasi
2466 2065 2792 2147 implicata
2846 2064 2973 2128 fuit
3017 2074 3082 2127 et
3129 2065 3454 2145 coagulata

1952 2163 2348 2227 vulneribus.

2040 2264 2222 2321 Jesus
2279 2270 2496 2323 autem
2543 2263 2794 2323 dicebat
2845 2282 2868 2323 .·
2914 2266 3144 2332 Pater,
3190 2264 3450 2323 dimitte
3582 2268 3654 2323 34

1950 2360 2115 2429 illis,
2146 2359 2211 2421 id
2249 2366 2365 2433 est,
2399 2367 2526 2421 tam
2555 2360 2784 2423 Judaeis
2825 2378 3080 2442 poenam
3122 2360 3283 2423 hanc
3313 2379 3455 2442 pro-

1952 2456 2348 2533 curantibuS,
2382 2477 2577 2538 quam
2612 2457 2962 2538 gentilibus
3001 2475 3139 2519 eam
3185 2457 3455 2521 inferen-

1950 2554 2145 2629 tibus,
2180 2555 2527 2618 clementer
2557 2556 2832 2637 ignosce,
2867 2564 2994 2618 tam
3035 2556 3204 2619 istud
3234 2574 3456 2619 eorum

1953 2654 2597 2736 supergravissimum
2628 2655 2853 2728 sceluS,
2880 2673 3074 2735 quam
3107 2664 3313 2717 cetera
3343 2674 3457 2717 sua

1955 2761 2231 2835 peccata.
2257 2751 2628 2835 Specialiter
2658 2760 2869 2815 tamen
2900 2754 3104 2815 oravit
3135 2753 3254 2816 hoc
3285 2753 3456 2816 Chri-

1954 2858 2087 2913 stus
2134 2869 2250 2933 pro
2301 2858 2558 2932 peccato
2606 2870 2736 2931 quo
2791 2858 2944 2913 tunc
2993 2850 3340 2933 peccabant
3387 2852 3454 2914 in

1953 2967 2114 3011 eum.
2134 2949 2290 3011 Nam
2321 2949 2619 3012 subditur
2643 2968 2657 3012 ε
2681 2970 2812 3011 non
2841 2952 3021 3010 enim
3047 2951 3265 3010 sciunt
3293 2952 3456 3031 quid

332 3048 559 3124 levata,
594 3059 937 3113 erexerunt
966 3051 1237 3127 tabulaS,
1272 3059 1334 3113 et
1364 3070 1558 3134 super
1587 3070 1691 3115 eas
1724 3060 1845 3114 ste-
1882 3049 1925 3113 C
1951 3048 2233 3123 faciunt.
2284 3044 2419 3108 Non
2471 3045 2645 3107 enim
2704 3045 3032 3108 sciverunt
3079 3062 3146 3107 se
3196 3045 3304 3108 Dei
3363 3046 3460 3108 Fi-

333 3156 575 3212 terunt.

412 3247 961 3311 Considerandum
1024 3266 1175 3311 vero
1234 3256 1329 3310 est
1386 3247 1594 3323 nobis,
1648 3268 1840 3330 quam

334 3343 759 3408 ineffabiliter
804 3365 1066 3428 poenosa
1099 3344 1297 3408 fuerit
1335 3346 1582 3409 Christo
1624 3349 1847 3410 crude-

336 3444 582 3506 lissima
630 3444 742 3506 illa
787 3445 1281 3508 tenerrimorum
1330 3464 1403 3507 ac
1451 3445 1848 3527 praehonora-

335 3542 569 3604 bilium
611 3543 851 3624 pedum
889 3561 1151 3606 suorum
1185 3562 1259 3605 ac
1289 3561 1597 3605 manuum
1638 3543 1847 3625 perfo-

336 3641 509 3712 ratio,
528 3650 595 3702 ct
616 3659 809 3722 quam
838 3659 1121 3703 amarum
1153 3640 1275 3702 fuit
1302 3639 1847 3705 affectuosissimae

331 3736 509 3801 Matri
572 3737 716 3817 ejus
772 3736 1163 3799 dulcissimae
1218 3738 1340 3801 hoc
1404 3755 1687 3819 cernere,
1738 3744 1848 3799 aut

334 3840 497 3902 ictus
551 3837 697 3900 illos
755 3836 1000 3898 audire.
1052 3834 1214 3908 Quid
1273 3835 1457 3899 nobis
1509 3837 1703 3917 igitur
1751 3837 1849 3899 in-

336 3936 605 4009 cumbit,
641 3935 767 3997 nisi
809 3933 1271 3999 cordialissime
1312 3936 1645 3998 condolere
1688 3934 1847 3998 Filio

337 4034 445 4095 Dei
484 4044 550 4095 et
588 4034 767 4096 Matri
814 4034 1043 4116 ipsiuS,
1076 4052 1465 4116 omnemque
1505 4034 1845 4097 vanitatem

338 4139 398 4193 et
432 4132 629 4195 vilem
660 4132 1148 4195 delectationem
1178 4132 1543 4213 despicere?
1575 4130 1693 4195 Sed
1725 4133 1847 4196 hoc

1953 3144 2115 3206 lium
2181 3144 2520 3219 trucidare,
2584 3144 2692 3205 sed
2757 3143 3084 3206 hominem
3148 3145 3455 3227 impiissi-

1956 3262 2132 3305 mum
2170 3262 2244 3305 ac
2281 3242 2736 3324 blasphemum
2775 3260 2842 3303 se
2873 3242 3182 3324 putabant
3213 3244 3460 3307 occide-

1957 3359 2024 3403 re
2076 3358 2089 3403 :
2142 3348 2206 3402 et
2251 3358 2366 3423 per
2415 3339 2838 3421 ignorantiam
2887 3340 3071 3416 hanc,
3125 3349 3457 3423 peccatum

1956 3458 2199 3513 eorum,
2236 3439 2589 3521 praesertim
2618 3437 2958 3519 gentilium
2987 3447 3180 3521 atque
3209 3439 3460 3522 simpli-

1957 3539 2128 3600 cium
2174 3537 2555 3612 ludaeorum,
2604 3537 2966 3618 aliqualiter
3014 3537 3452 3600 alleviabatur.

1955 3635 2074 3698 Sed
2114 3635 2386 3716 majores
2418 3643 2480 3696 et
2508 3635 2824 3698 doctiores
2865 3635 3032 3698 inter
3065 3636 3312 3699 Judaeos
3351 3654 3458 3698 ex-
3500 3658 3748 3709 hanan,

1956 3735 2348 3797 cusationem
2397 3752 2523 3797 non
2573 3734 2956 3809 habuerunt,
3007 3734 3160 3816 quia
3204 3722 3553 3816 jamdu-22·

1957 3835 2109 3896 dum
2157 3840 2269 3895 aut
2311 3832 2836 3895 certitudinaliter
2884 3839 2994 3894 aut
3041 3833 3457 3914 probabiliter

1957 3940 2383 4013 cognoverant
2436 3931 2650 3993 Jesum
2713 3948 2852 3993 esse
2909 3930 3286 4013 Christum;
3345 3934 3458 3996 sed

1957 4030 2263 4113 paulatim
2308 4029 2622 4092 invidiosa
2663 4047 2884 4092 eorum
2929 4029 3170 4092 malitia
3207 4048 3312 4094 eos
3363 4032 3458 4094 sic
3484 4050 3747 4107 Sap.n,21.

1956 4129 2314 4202 excaecavit,
2357 4130 2531 4210 quod
2576 4127 2708 4208 jam
2760 4136 3215 4210 reputaverunt
3261 4148 3458 4212 oppo-

338 4231 831 4313 diligentissime
859 4230 1167 4292 debemus
1200 4232 1616 4312 perpendere,
1652 4249 1847 4312 quam
1880 4234 1929 4297 D
1958 4228 2175 4301 situm,
2201 4235 2265 4289 et
2294 4226 2618 4308 simplices
2652 4228 3059 4309 deceperunt.
3081 4226 3275 4290 Tanta
3302 4248 3458 4309 quo-

338 4327 818 4393 dolorosissima
850 4326 877 4389 f
882 4328 976 4389 uit
1005 4327 1254 4391 Christo
1288 4328 1750 4391 violentissima
1780 4329 1849 4390 il-

339 4427 401 4490 la
436 4427 727 4510 corporis
778 4426 875 4487 sui
928 4426 1129 4489 sancti
1179 4426 1245 4487 in
1286 4444 1475 4489 cruce
1521 4427 1845 4509 distentio,

340 4528 426 4589 ita
462 4526 639 4607 quod
686 4524 929 4588 ossium
977 4524 1117 4605 ejus
1166 4524 1633 4591 dissolvebatur
1679 4545 1851 4590 com-

345 4642 523 4709 pago,
580 4624 963 4705 nullumque
1020 4623 1385 4685 membrum
1450 4624 1514 4685 in
1575 4625 1847 4687 naturali

345 4744 415 4787 ac
446 4723 721 4807 pristino
751 4722 891 4785 loco
920 4740 1033 4783 seu
1063 4722 1189 4785 situ
1222 4723 1591 4803 permansit,
1616 4732 1679 4785 et
1710 4742 1852 4785 ner-

350 4824 409 4886 vi
457 4820 1049 4903 disrumpebantur.
1092 4819 1250 4881 Vere
1293 4828 1419 4883 tam
1472 4821 1850 4884 miserabili-

74 4930 326 4984 Pumao.
353 4931 465 4996 ter,
497 4930 759 5002 tamque
799 4919 1135 5003 poenali'ter
1172 4926 1325 4981 tunc
1365 4920 1680 5001 pendebat
1720 4920 1847 4983 Rex

353 5021 580 5101 gloriae‚
606 5020 912 5083 Dominus
946 5018 1275 5092 virtutum,
1293 5018 1515 5081 mundi
1546 5016 1844 5095 Salvator,

94 5132 328 5185 aeneia
358 5118 547 5181 Filius
588 5118 717 5193 Dei,
746 5117 949 5180 ,ludex
989 5118 1281 5181 vivorum
1319 5134 1393 5178 ac
1425 5124 1846 5193 mortuorum,

359 5226 430 5279 ut
474 5217 610 5280 solo
661 5217 969 5297 adspectu
1026 5215 1093 5277 in
1149 5214 1289 5294 ejus
1342 5214 1849 5296 compassionem

362 5316 723 5380 mollescere
770 5314 1099 5397 potuerint
1144 5314 1335 5376 corda
1382 5314 1649 5396 lapidea.
1693 5313 1849 5376 Nam

1957 4344 2084 4408 que
2124 4326 2444 4387 mirabilia
2475 4326 2772 4388 viderunt
2801 4334 2864 4387 et
2895 4335 3320 4407 perceperunt
3355 4328 3457 4409 agi

1956 4444 1993 4487 a
2036 4425 2306 4499 Christo,
2349 4425 2521 4506 quod
2565 4424 2824 4486 credere
2872 4424 3274 4487 tenebantur.
3318 4425 3459 4491 Pro-

1959 4534 2098 4607 pter
2126 4525 2298 4606 quod
2330 4523 2623 4606 passione
2654 4523 2950 4599 instante,
2983 4523 3268 4586 Christus
3300 4525 3460 4587 dixit

1956 4623 2274 4705 Apostolis
2311 4640 2322 4684 :
2358 4621 2422 4684 Si
2468 4639 2660 4704 opera
2710 4640 2836 4685 non
2886 4620 3180 4685 fecissem
3226 4622 3294 4684 in
3339 4623 3454 4705 eiS,
3499 4644 3747 4702 Joaamv,

1957 4741 2101 4804 quae
2144 4739 2334 4784 nemo
2375 4720 2538 4782 alius
2582 4719 2756 4801 fecit,
2799 4728 3128 4802 peccatum
3177 4739 3301 4784 non
3351 4722 3460 4784 ha·
3485 4710 3552 4752 ²⁴·

1962 4821 2223 4899 berent3
2271 4837 2442 4881 nunc
2483 4827 2694 4881 autem
2743 4820 3042 4881 viderunt
3083 4825 3146 4881 et
3187 4820 3458 4883 oderunt

1958 4938 2061 4981 me
2091 4926 2154 4980 et
2183 4918 2426 4979 Patrem
2458 4935 2672 4978 meum
2712 4917 2929 4996 gratis.
2963 4917 3032 4979 In
3076 4917 3194 4980 hac
3231 4918 3458 4983 oratio-

1958 5034 2051 5091 ne,
2078 5016 2362 5080 Christus
2393 5014 2856 5097 perfectissime
2883 5016 3257 5097 adimplevit
3282 5019 3456 5098 quod

1956 5124 2102 5178 ante
2144 5114 2360 5177 docuit
2403 5122 2466 5175 et
2509 5114 2811 5196 praecepit
2846 5134 2858 5177 :
2892 5113 3094 5188 Orate,
3130 5114 3452 5196 inquienS,
3507 5134 3740 5187 Manlia,

1959 5232 2075 5297 pro
2105 5212 2636 5296 persequentibus
2667 5220 2729 5274 et
2759 5211 3292 5275 calumniantibus
3317 5232 3452 5295 vos3
3480 5199 3548 5240 ⁴⁴·

1958 5322 2022 5376 et
2077 5313 2247 5394 quod
2312 5329 2426 5394 per
2481 5310 2704 5373 isaiam
2771 5319 2905 5373 erat
2967 5312 3046 5373 de
3099 5311 3240 5394 ipso
3296 5331 3456 5395 prae-
