4300 6259
82 801 192 843 lCor.
204 803 308 850 udi.

79 999 302 1048 Romnvst.

81 2379 250 2484 ςνοαΙαι-Ιι.
265 2395 307 2430 ιι,

83 2863 206 2908 Galae.
217 2870 285 2918 vni
296 2899 306 2909 .

153 3349 212 3404 12

95 3848 144 3892 12.
157 3865 250 3902 unu,
267 3857 304 3901 5,

1129 517 1483 564 mauriano
1525 517 1588 562 IN
1629 517 1768 563 CAP.
1815 517 1966 563 xvm
2010 518 2198 566 LUCAE.
2242 538 2323 550 —
2364 521 2507 566 ΛΒΤ.
2552 521 2651 566 XL!

3324 502 3441 568 147

431 691 617 750 Velut
643 691 842 750 etiam
873 690 982 750 hic
1011 690 1430 767 publicanus.
1469 687 1837 770 Despective
1866 687 1918 748 A
1947 708 2123 751 sacra
2162 690 2299 753 loca
2348 690 2592 772 ingredi
2632 710 2758 754 non
2798 697 3119 765 verentur,
3154 690 3444 774 pollutis-

337 785 458 848 hoc
501 787 592 848 ait
643 794 709 848 et
755 787 1096 850 temerarie
1144 786 1409 869 judicat.
1457 786 1608 858 Quis
1663 787 1835 848 enim

333 883 451 946 scit
500 885 660 966 quid
707 892 928 965 agatur
967 885 1033 946 in
1084 885 1364 958 homine,
1400 885 1522 946 nisi
1573 885 1836 966 spiritus

334 982 657 1045 hominis?
703 983 846 1047 ldeo
895 983 1052 1046 dicit
1097 983 1436 1066 Apostolus
1490 1001 1503 1044 :
1549 983 1640 1044 Tu
1689 982 1834 1064 quis

331 1099 418 1156 es,
453 1080 570 1163 qui
607 1081 856 1163 judicas
893 1081 1178 1144 alienum
1227 1083 1530 1144 servum?
1575 1081 1836 1144 Domino

329 1197 445 1243 suo
495 1187 620 1241 stat
664 1188 776 1242 aut
817 1181 1006 1243 cadit.
1043 1180 1216 1243 Unde
1255 1179 1546 1242 absolute
1591 1186 1653 1242 et
1701 1197 1838 1240 cer-

330 1276 755 1341 titudinaliter
781 1278 1070 1359 judicare
1099 1279 1380 1360 aliquem
1422 1294 1560 1339 esse
1591 1277 1656 1338 in
1690 1285 1838 1359 p'ec-

330 1383 468 1438 cato
497 1376 753 1439 mortali
785 1395 912 1439 non
946 1394 1313 1458 possumus,
1350 1374 1475 1436 nisi
1507 1375 1834 1439 videamus

327 1481 436 1535 aut
465 1482 638 1536 certe
669 1493 1008 1537 noscamus
1047 1492 1196 1536 eum
1237 1492 1376 1536 esse
1409 1474 1476 1536 in
1514 1481 1659 1536 actu
1691 1492 1838 1555 pec-

327 1573 446 1633 cati
499 1573 807 1647 mortaliS,
843 1591 956 1636 seu
999 1572 1199 1636 debiti
1248 1581 1426 1635 actus
1465 1572 1832 1636 omissione.

325 1669 460 1734 Non
513 1670 710 1752 igitur
757 1670 1034 1735 faciliter
1080 1671 1468 1751 judicemuS,
1515 1689 1633 1734 nec
1679 1671 1836 1734 alios
1949 1673 2110 1736 Deus
2157 1693 2359 1750 meuS,
2401 1674 2757 1741 confundor
2794 1683 2857 1737 et
2892 1674 3201 1737 erubesco
3235 1673 3447 1736 levare
3475 1689 3741 1740 wear-axx.

329 1777 839 1845 contemnamu3‚
876 1770 1231 1853 praesertim
1282 1769 1437 1852 quia
1481 1771 1601 1833 etsi
1647 1788 1840 1850 agno-

1945 805 2072 870 que
2122 788 2307 851 labiis
2358 790 2627 870 psallere
2682 789 2829 864 Deo,
2879 796 2988 851 aut
3044 789 3234 851 etiam
3282 789 3445 851 cele·

1946 885 2154 949 brare.
2207 890 2479 948 Nolebat
2526 909 2643 950 nec
2690 893 2900 950 oculos
2948 887 3308 970 corporales
3356 891 3445 948 ad

1945 990 2174 1047 coelum
2229 989 2464 1055 levare,
2518 1006 2647 1068 prae
2697 986 2997 1050 vitiorum
3048 993 3109 1048 et
3156 985 3445 1068 pristinae

1947 1083 2365 1166 turpitudinis
2422 1104 2553 1148 suae
2611 1086 2853 1167 pudore
2907 1085 3291 1148 erubescens
3339 1103 3443 1148 co-

1948 1201 2079 1244 ram
2120 1183 2357 1247 divinae
2404 1183 2751 1246 sanctitatis
2799 1183 3134 1266 praesentia
3181 1200 3447 1264 appare-

1948 1299 2037 1355 re,
2079 1290 2143 1344 et
2188 1283 2371 1363 quasi
2420 1282 2619 1344 Deum
2659 1300 2786 1345 non
2824 1283 3069 1344 audens
3115 1281 3447 1363 adspicere

1949 1379 2339 1442 habitantem
2369 1380 2435 1442 in
2469 1379 2667 1444 coelis.
2692 1380 3025 1442 Interiores
3057 1387 3267 1441 tamen
3298 1397 3448 1441 ocu-

1948 1476 2042 1540 los
2095 1479 2329 1560 raptim
2377 1479 2579 1541 erexit
2634 1478 2711 1540 ad
2758 1477 2955 1540 Deum
3020 1476 3188 1541 coeli.
3234 1475 3337 1540 Sic
3385 1483 3449 1538 et

1946 1575 2175 1639 Esdras
2216 1577 2438 1660 populi
2478 1577 2576 1639 sui
2622 1585 2878 1659 peccata
2925 1578 3264 1651 detestans,
3306 1575 3441 1638 ait:

1949 1771 2179 1836 faciem
2226 1793 2431 1836 meam
2474 1775 2551 1836 ad
2596 1783 2679 1849 te,
2722 1774 3027 1856 quoniam
3078 1773 3446 1855 iniquitates

327 1887 652 1931 sceremus
702 1869 926 1951 quales
972 1869 1104 1951 jam
1154 1869 1304 1942 sint,
1344 1868 1710 1949 ignoramus
1751 1875 1838 1930 ta-
1873 1869 1922 1932 B
1950 1878 2180 1935 nos'trae
2217 1871 2657 1954 multiplicatae
2697 1881 2848 1934 sunt
2886 1891 3079 1955 super
3118 1878 3308 1954 caput
3339 1889 3450 1934 no-

327 1985 476 2028 men
518 1966 740 2049 quales
780 1966 982 2029 futuri
1017 1967 1148 2030 sint
1185 1975 1294 2029 aut
1333 1968 1398 2029 in
1441 1966 1841 2049 praescientia

327 2067 435 2129 Dei
467 2068 798 2130 exsistant.
834 2069 980 2131 ldeo
1017 2066 1428 2132 formidolose
1470 2076 1694 2150 putare
1735 2067 1843 2129 ha-

332 2167 584 2242 bemm,
618 2168 792 2249 quod
839 2167 1002 2230 forte
1043 2185 1157 2230 nos
1206 2166 1406 2230 simus
1449 2166 1745 2248 praesciti,
1780 2171 1844 2227 et

336 2265 459 2347 ipsi
509 2266 964 2348 praedestinati.
995 2265 1158 2328 Hinc
1203 2266 1269 2328 in
1307 2265 1607 2328 Malachia
1651 2265 1844 2327 habe—

340 2373 441 2426 tur
489 2383 504 2426 ε
551 2363 881 2446 Numquid
931 2383 1058 2428 non
1111 2373 1289 2447 pater
1337 2383 1502 2425 unus
1551 2363 1843 2428 omnium

337 2465 676 2526 nostrum?
703 2461 1032 2545 Numquid
1083 2482 1209 2527 non
1259 2461 1422 2524 Deus
1464 2481 1630 2524 unus
1677 2479 1844 2523 crea-

337 2562 428 2623 vit
468 2564 632 2625 nos?
662 2561 866 2634 Quare
903 2579 1053 2642 ergo
1086 2560 1358 2642 despicit
1397 2560 1841 2641 unusquisque

336 2667 628 2722 nostrum
687 2657 948 2721 fratrem
1007 2679 1221 2740 suum,
1282 2659 1526 2722 violans
1584 2664 1839 2740 pactum

336 2765 594 2840 patrum
637 2760 1046 2821 nostrorum?
1079 2756 1414 2839 Propterea
1455 2755 1841 2838 sapientissi-

335 2874 438 2918 me
475 2862 698 2918 monet
732 2855 1074 2938 Apostolus
1115 2874 1130 2917 τ
1173 2854 1442 2935 Fratres,
1476 2862 1541 2916 et
1583 2855 1632 2916 si
1685 2873 1844 2936 prae-

335 2962 686 3036 occupatus
735 2953 932 3016 fuerit
980 2954 1172 3018 homo
1213 2953 1279 3015 in
1329 2952 1546 3035 aliquo
1587 2953 1839 3028 delicte,

1950 1976 2175 2044 strum,
2218 1978 2282 2032 et
2319 1971 2549 2033 delicta
2598 1978 2813 2035 nostra
2860 1977 3203 2033 creverunt
3246 1987 3449 2051 usque

1950 2069 2028 2130 ad
2077 2068 2335 2132 coelum.
2374 2072 2505 2131 Sed
2538 2071 2939 2149 percutiebat
2974 2079 3195 2146 pectus
3230 2088 3449 2138 suum,

1954 2187 2083 2249 prae
2132 2167 2533 2231 contritionis
2586 2168 2823 2243 dolore,
2866 2175 2929 2229 et
2977 2167 3454 2248 reprehendens

1952 2285 2060 2328 cor
2090 2285 2301 2340 suum,
2336 2267 2507 2347 quod
2543 2273 2861 2329 tantorum
2902 2264 3292 2346 flagitiorum
3329 2263 3456 2326 ori·-

1950 2381 2029 2444 go
2079 2382 2398 2445 causaque
2447 2363 2591 2426 fuit.
2636 2363 2911 2426 Pectoris
2964 2364 3137 2426 enim
3194 2381 3456 2444 percus-

1955 2462 2069 2535 sio,
2103 2471 2202 2524 est
2240 2463 2559 2526 interioris
2590 2462 2919 2544 pravitatis
2960 2462 3319 2543 redargutio
3347 2461 3456 2524 do-

1956 2560 2183 2624 lorosa.
2216 2563 2453 2622 Dicens
2482 2581 2505 2621 .·
2532 2563 2726 2632 Deus,
2750 2562 3082 2640 propicius
3118 2570 3244 2622 esto
3284 2560 3456 2620 mihi

1948 2660 2294 2736 peccatori.
2326 2657 2533 2721 Oratio
2572 2658 2785 2722 brevis
2826 2658 3043 2733 verbo,
3078 2659 3187 2720 sed
3226 2675 3454 2738 magna

1957 2759 2214 2831 virtute,
2248 2758 2495 2820 modica
2532 2757 2905 2839 quantitate,
2937 2757 3047 2819 sed
3088 2757 3278 2840 plena
3314 2775 3457 2820 sen-

1954 2856 2172 2931 tentia,
2206 2874 2351 2937 quae
2389 2857 2467 2918 de
2502 2855 2681 2919 fonte
2717 2855 2991 2938 pectoris
3031 2854 3264 2919 Christi
3312 2875 3457 2938 pro-

1954 2955 2165 3017 cessit.
2200 2953 2341 3017 Haec
2378 2973 2655 3036 namque
2692 2962 2788 3016 est
2829 2954 3147 3036 parabola,
3182 2973 3310 3018 non
3353 2971 3453 3016 res

337 3072 448 3117 vos
512 3053 628 3135 qui
687 3053 1056 3135 spirituales
1104 3053 1279 3126 estis,
1333 3051 1700 3132 hujusmodi
1751 3053 1846 3112 in·
1877 3057 1921 3121 C
1951 3061 2147 3135 gesta,
2200 3053 2493 3134 quamvis
2541 3052 2914 3134 frequenter
2969 3053 3095 3116 tale
3143 3053 3300 3135 quid
3350 3073 3453 3117 ac-

337 3151 566 3214 struite
611 3151 678 3213 in
719 3151 951 3233 spiritu
996 3150 1296 3225 lenitatis),
1332 3150 1742 3214 considerans
1784 3157 1844 3210 te

339 3250 579 3332 ipsum,
629 3267 710 3312 ne
751 3257 817 3311 et
857 3259 925 3312 tu
973 3249 1256 3312 tenteris.

413 3352 655 3428 Jejuno
683 3351 782 3410 bis
820 3351 890 3410 in
921 3351 1206 3418 sabbate,
1237 3348 1300 3410 id
1345 3356 1441 3410 est
1489 3347 1553 3409 in
1605 3346 1842 3410 hebdo-

337 3448 546 3522 mada,
579 3465 728 3529 quae
773 3447 944 3528 apud
990 3446 1235 3510 Judaeos
1285 3446 1378 3507 sic
1415 3444 1758 3509 vocabatur
1802 3463 1841 3507 a

334 3545 604 3608 sabbato
634 3553 940 3626 tanquam
969 3563 1008 3605 a
1037 3543 1141 3606 die
1171 3543 1528 3607 celebriori.
1564 3543 1710 3605 Tale
1747 3551 1842 3606 est

331 3643 660 3726 jejunium
698 3641 1131 3722 jejunantium
1160 3648 1381 3705 ventre
1419 3661 1456 3704 a
1494 3641 1677 3717 cibis,
1711 3661 1839 3705 non

334 3750 554 3804 mente
592 3761 630 3803 a
668 3740 864 3804 vitiis.
899 3739 1128 3804 Contra
1173 3759 1334 3821 quos
1383 3739 1687 3803 Dominus
1728 3759 1843 3823 per

334 3841 562 3902 isaiam
589 3837 876 3900 affirmat
910 3857 924 3900 z
956 3836 1283 3919 Numquid
1321 3837 1445 3899 tale
1473 3845 1569 3899 est
1603 3837 1842 3918 jejuni-

337 3957 445 4000 um
482 3937 660 4019 quod
701 3936 908 4017 elegi?
937 3937 1236 3997 Dec-imas
1263 3939 1344 3996 do
1374 3938 1670 3998 omnium
1698 3957 1841 4017 quoe

1954 3153 2165 3216 cidere
2206 3151 2505 3234 quiverit.
2544 3151 2719 3214 Unde
2762 3151 3047 3215 Christus
3088 3152 3315 3215 asserit
3361 3153 3454 3216 sic

1956 3249 2371 3333 publicanum
2399 3257 2719 3324 orasse,ut
2742 3251 2961 3313 doceat
2992 3269 3105 3314 nos
3137 3250 3223 3313 ita
3246 3268 3449 3315 orare.

1953 3347 2344 3429 Frequenter
2377 3363 2526 3426 ergo
2570 3346 2705 3409 haec
2748 3346 2945 3410 verba
2986 3348 3175 3411 corde
3218 3347 3454 3410 humil-

1954 3445 2108 3508 limo
2145 3464 2219 3507 ac
2260 3443 2534 3507 ferventi
2576 3444 2883 3506 dicamus.

2034 3543 2269 3606 Deinde
2316 3543 2394 3605 ad
2442 3549 2721 3605 nostram
2778 3541 3293 3607 informationem
3343 3563 3457 3628 po-

1951 3642 2123 3704 nitur
2150 3641 2387 3704 Judicis
2418 3640 2697 3724 superni,
2716 3640 3012 3704 videlicet
3042 3641 3297 3717 Christi,
3316 3662 3451 3706 sen·

1950 3741 2168 3802 tentia.
2223 3743 2459 3810 Amen,
2509 3739 2572 3801 id
2630 3745 2726 3800 est
2781 3756 2951 3815 vere,
3003 3742 3148 3802 dico
3196 3743 3375 3803 vobis
3422 3763 3447 3804 .·

1949 3841 2290 3902 Descendit
2335 3839 2443 3900 hic
2491 3836 2871 3919 publicanus
2904 3839 3337 3917 justificatae,
3382 3841 3448 3904 id

1951 3944 2046 4001 est
2093 3938 2173 4000 de
2221 3936 2459 4016 injusto
2503 3936 2714 4017 justus
2764 3935 3035 3999 effectus
3082 3957 3120 3999 a
3158 3938 3284 4002 Deo
3334 3956 3447 4021 per

3584 3748 3653 3804 u

327 4039 646 4113 possideo.
697 4034 874 4106 Quod
926 4051 1229 4114 magnum
1289 4052 1415 4096 non
1466 4041 1582 4108 est,
1637 4053 1840 4115 quum

333 4134 554 4196 omnia
582 4151 729 4215 quae
759 4131 1090 4207 habemuS‚
1124 4151 1161 4193 a
1190 4130 1316 4196 Deo
1349 4133 1834 4214 sumpserimus.

1950 4055 2130 4098 suam
2181 4053 2395 4098 veram
2441 4053 2515 4096 ac
2563 4032 2875 4096 humilem
2934 4035 3373 4116 poenitentiam
3427 4055 3441 4100 τ

1945 4135 2126 4217 juxta
2183 4133 2341 4195 illud
2398 4131 2769 4206 Ezechielis,
2828 4131 2891 4194 Si
2952 4133 3191 4216 impius
3248 4136 3447 4215 egerit
3530 4147 3695 4194 Ezeeh.

331 4231 600 4314 Propter
637 4231 809 4312 quod
856 4229 1052 4292 David
1097 4248 1206 4291 rex
1246 4229 1652 4293 devotissime
1694 4249 1841 4294 con-
1873 4237 1920 4299 D
1951 4231 2413 4315 poenitentiam,
2472 4229 2763 4294 omnium
2830 4230 3240 4312 iniquitatum
3304 4233 3444 4315 ejus
3472 4214 3731 4263 ”¹¹¹’²¹'²²·

85 4333 304 4394 wer-mx.
335 4329 563 4392 fitetur
594 4348 610 4392 ε
643 4328 794 4402 Quis
841 4346 980 4409 ego,
1029 4335 1094 4390 et
1139 4327 1286 4409 quis
1339 4328 1616 4411 populus
1667 4338 1835 4404 tuuS,
1951 4350 2077 4395 non
2107 4329 2487 4393 recordabor
2513 4328 2829 4411 amplius3
2861 4331 2936 4390 in
2965 4333 3229 4392 domum
3257 4353 3443 4395 suam

87 4403 138 4442 ¹⁴·
335 4428 606 4492 Domine
655 4427 842 4501 neus,
877 4432 948 4488 ut
995 4425 1314 4508 possimus
1362 4425 1479 4488 tibi
1527 4426 1650 4488 ista
1698 4446 1841 4509 pro-
1948 4433 2028 4491 ab
2076 4431 2214 4501 mo,
2265 4427 2332 4490 id
2389 4434 2486 4490 est
2542 4445 2672 4509 [πω
2728 4426 3060 4502 Pharisaeo,
3112 4429 3225 4510 qui
3282 4430 3450 4493 sicut

334 4528 650 4590 mittere?
700 4525 834 4588 Tua
877 4523 1053 4588 enim
1103 4531 1254 4586 sunt
1299 4525 1534 4598 omnia,
1587 4533 1652 4588 et
1695 4545 1841 4608 quae
1953 4533 2244 4609 peccator
2271 4525 2544 4602 advenit,
2564 4525 2656 4588 sic
2686 4533 2977 4608 peccator
3006 4544 3298 4590 reversus
3328 4535 3444 4604 est,

335 4629 412 4690 de
456 4645 658 4689 manu
700 4633 810 4687 tua
849 4622 1236 4705 accepimuS,
1281 4623 1574 4685 dedimus
1615 4624 1758 4686 tibi.
1952 4625 2081 4688 imo
2128 4623 2335 4706 major
2381 4631 2674 4706 peccator
2721 4643 2913 4706 quam
2963 4631 3131 4699 ante,
3174 4625 3328 4708 quia
3378 4627 3447 4689 in

165 4727 220 4782 13
413 4729 504 4787 Et
535 4725 938 4802 publicanus
965 4743 1007 4783 a
1035 4725 1219 4798 lonye
1253 4729 1456 4790 stans,
1489 4720 1734 4784 scilicet
1773 4723 1839 4784 in
1954 4722 2192 4805 templo
2229 4722 2429 4784 multa
2471 4723 2696 4785 incidit
2731 4731 3009 4805 peccata,
3045 4731 3113 4785 ut
3157 4725 3381 4806 patuit.

335 4821 676 4905 posteriori
722 4827 900 4903 parte
936 4818 1186 4900 templi,
1231 4826 1532 4901 reputans
1577 4838 1644 4883 se
1684 4821 1844 4884 indi·
2033 4823 2203 4892 Quia
2250 4823 2461 4883 omnis
2506 4823 2627 4900 qui
2665 4842 2730 4882 se
2770 4825 3019 4883 exaltat
3068 4839 3184 4904 per
3232 4841 3451 4905 super-

331 4939 532 5003 gnum
581 4918 1105 5001 appropinquare
1161 4917 1611 4982 sacratioribus
1661 4919 1840 5002 lociS‚
1949 4920 2142 4995 biam,
2178 4918 2243 4981 id
2281 4925 2397 4992 est,
2432 4937 2734 5000 magnum
2774 4927 2837 4981 et
2878 4920 3257 5001 praeclarum
3287 4940 3449 4985 vane

333 5029 405 5082 ut
432 5020 634 5082 choro
667 5023 862 5098 atque
899 5015 1104 5078 altari.
1137 5015 1254 5078 Per
1281 5017 1456 5098 quod
1495 5017 1844 5082 multorum
1951 5037 2018 5083 se
2076 5025 2348 5102 reputat,
2400 5017 2650 5079 laudem
2709 5017 2887 5100 cupit
2944 5019 3315 5096 humanam,
3367 5022 3447 5084 ad

333 5118 524 5180 etiam
569 5133 744 5178 nunc
775 5112 1152 5178 clericorum
1183 5133 1258 5177 ac
1287 5117 1684 5179 sacerdotum
1727 5117 1844 5179 im-
1952 5118 2405 5200 praelationem,
2430 5117 2723 5190 honores,
2748 5116 3188 5180 excellentiam
3220 5118 3320 5180 sui
3351 5119 3449 5202 ip-

335 5213 806 5297 pudentissima
843 5212 1220 5294 reprobatur
1260 5214 1695 5296 praesumptio,
1729 5215 1842 5296 qui
1950 5217 2080 5278 sius
2117 5215 2420 5297 adspirat,
2458 5216 2945 5288 humiliabitur,
2986 5216 3053 5279 id
3092 5225 3209 5292 est,
3241 5236 3280 5280 a
3316 5217 3445 5283 Deo

333 5332 540 5396 quum
571 5312 746 5376 vitiis
783 5311 1014 5374 animae
1051 5317 1114 5373 et
1151 5311 1436 5394 eorporis
1476 5311 1650 5394 pleni
1691 5313 1838 5388 sint,
1944 5313 2163 5395 judice
2196 5313 2612 5396 deprimetur,
2646 5313 3113 5396 reprobabitur,
3143 5323 3337 5400 atque
3375 5317 3442 5382 in
