4300 6259
636 4438 714 4481 Pe.
731 4450 820 4482 ctu
829 4452 869 4491 v,

612 4504 661 4544 1³
668 4536 679 4547 .

907 492 1031 559 452

1683 512 2030 559 ENARRATIO
2071 511 2136 557 m
2179 511 2317 558 cu.
2364 511 2428 557 lx
2468 510 2741 559 scamus.
2788 531 2869 541 —
2909 512 3051 559 ΛΒΤ.
3096 512 3247 559 xxlv

905 699 1031 763 gna
1069 680 1269 743 multa
1303 680 1618 744 fecimus?
1649 681 1724 745 Et
1765 690 1919 745 tunc
1947 682 2217 765 (inquit)
2254 700 2406 745 con-
2431 682 2484 744 A
2510 682 2881 745 doctrinam.
2924 682 3071 746 Sive
3108 701 3257 764 ergo
3293 700 3332 744 a
3368 680 3555 745 bonis
3585 680 3721 744 sive
3747 698 3783 741 a
3814 678 3988 742 malis

612 790 879 843 Lucana-1.
907 778 1140 842 fitebor
1170 778 1296 841 illis
1333 799 1346 841 :
1380 778 1536 852 Quia
1568 799 1693 844 non
1728 782 1874 844 novi
1911 799 2058 861 v0s3
2096 780 2403 843 discedite

910 897 948 940 a
971 896 1097 958 me,
1128 878 1403 959 operarii
1436 878 1815 961 iniquitatis.
1843 879 2221 961 Oppositum
2253 897 2404 941 vero

909 976 1218 1057 arguitur,
1252 976 1404 1058 quia
1443 978 1496 1038 si
1540 978 1846 1040 miracula
1884 976 2028 1039 fieri
2070 984 2339 1059 possunt
2367 996 2405 1039 a

908 1074 1117 1150 maliS,
1151 1075 1316 1157 perit
1343 1074 1615 1137 firmitas
1646 1075 1799 1139 fidei
1845 1076 2227 1150 christianae,
2262 1094 2405 1157 quae

908 1172 1232 1236 miraculis
1263 1176 1615 1256 praesertim
1646 1175 1941 1237 innititur
1973 1194 1988 1238 ε
2029 1176 2202 1257 quod
2232 1173 2406 1236 enim

907 1289 945 1331 a
992 1271 1158 1334 malo
1208 1271 1466 1334 homine
1527 1271 1674 1334 fieri
1734 1272 1920 1347 valet,
1975 1292 2101 1335 non
2155 1273 2405 1336 videtur

910 1369 1242 1433 sufficiens
1281 1370 1436 1433 fidei
1477 1379 1946 1452 argumentum.
1993 1371 2255 1447 Rursus,
2287 1371 2407 1432 mi-

910 1469 1123 1531 racula
1168 1469 1339 1532 fiunt
1384 1470 1604 1533 divina
1655 1470 1911 1533 virtute.
1966 1470 2128 1532 Deus
2190 1478 2403 1533 autem

911 1584 1132 1648 preces
1170 1567 1484 1631 malorum
1524 1586 1649 1630 non
1690 1569 1888 1643 audit,
1930 1567 2225 1631 faciendo
2260 1586 2405 1650 pro-

911 1664 1078 1745 digia
1118 1666 1197 1727 ad
1238 1683 1459 1729 eorum
1502 1666 1890 1727 instantiam.

988 1764 1543 1846 Respondendum,
1576 1765 1748 1846 quod
1793 1764 2100 1827 miracula
2146 1764 2405 1846 proprie

2511 780 2670 842 fiant
2699 782 2955 864 proprie
2985 788 3238 863 sumpta
3276 780 3602 855 miracula,
3618 780 3989 841 demonstra-

2512 887 2617 941 tur
2652 878 2806 941 fidei
2857 881 3111 955 veritaS,
3136 889 3437 961 tanquam
3478 897 3517 940 a
3564 877 3687 940 Deo
3734 878 3873 939 data
3906 884 3988 937 at-

2512 995 2639 1059 que
2676 977 2948 1040 firmata.
2992 977 3247 1053 Verum,
3292 977 3596 1059 quoniam
3631 976 3710 1037 ad
3749 975 3988 1037 creden-

2514 1077 2662 1138 dum
2712 1077 2989 1138 multum
3037 1076 3283 1140 confert
3326 1075 3577 1157 justitia
3632 1072 3981 1146 asserentiS,

2515 1175 2749 1239 idcirco
2775 1175 3094 1238 decentius
3124 1183 3221 1237 est
3248 1174 3551 1237 miracula
3578 1174 3607 1235 f
3610 1172 3723 1235 ieri
3749 1192 3784 1234 a
3810 1172 3986 1253 justis

2513 1291 2705 1355 quam
2749 1274 2966 1356 impiis
3002 1294 3015 1337 :
3050 1276 3223 1356 quod
3266 1282 3331 1336 et
3373 1274 3461 1335 ita
3500 1273 3599 1335 l'it.

2590 1373 2836 1433 Dicunt
2861 1393 3007 1449 erqo
3036 1392 3217 1440 coeco,
3251 1373 3360 1434 sed
3392 1390 3563 1433 nunc
3591 1369 3849 1443 videnti,
3882 1372 3987 1429 ite-

2512 1490 2665 1531 rum
2700 1469 2997 1533 Pharisaei
3033 1489 3046 1533 :
3088 1475 3181 1533 Tu
3221 1472 3385 1551 quid
3430 1473 3598 1531 dicis
3642 1474 3723 1530 de
3764 1488 3833 1529 eo
3881 1468 3988 1547 qui

2514 1571 2773 1644 aperuit
2800 1573 3011 1630 oculos
3043 1579 3181 1630 tuos
3200 1572 3231 1629 a?
3260 1568 3326 1631 id
3354 1576 3469 1643 est,
3504 1569 3693 1651 quale
3722 1566 3988 1629 testimo-

2514 1663 2693 1726 nium
2749 1666 3049 1747 perhibes
3110 1665 3526 1729 illuminatori
3586 1668 3736 1728 tuo?
3784 1661 3986 1744 Aliqui

2513 1762 2733 1825 dicunt
2780 1764 2944 1827 hanc
2994 1764 3413 1845 quaestionem
3456 1763 3684 1826 factam
3739 1762 3817 1825 ab
3866 1760 3985 1823 illis

908 1862 1096 1937 dicta,
1140 1870 1289 1924 sunt
1322 1862 1592 1925 effectus
1642 1870 1836 1925 totam
1886 1863 2186 1925 virtutem
2233 1882 2405 1926 crea—
2438 1863 2623 1943 Bqui
2666 1864 2987 1939 dixerunt,
3040 1862 3173 1925 Non
3221 1871 3315 1926 est
3356 1863 3463 1925 hic
3512 1864 3700 1926 homo
3758 1880 3795 1923 a
3851 1861 3982 1935 Dec,

910 1971 1035 2026 tam
1083 1965 1456 2026 excedentes
1499 1982 1513 2025 :
1567 1964 1736 2025 unde
1784 1983 1820 2025 a
1856 1964 1990 2026 solo
2035 1964 2159 2027 Deo
2207 1964 2398 2026 fiunt.

905 2061 1144 2125 Idcirco
1176 2062 1238 2123 id
1265 2063 1346 2124 ad
1375 2061 1560 2141 cujus
1590 2060 2142 2125 confirmationem
2174 2062 2251 2125 fit
2280 2062 2404 2123 tale

905 2160 1308 2235 miraculum,
1333 2178 1586 2241 semper
1615 2168 1711 2221 est
1739 2178 1986 2235 verum,
2005 2179 2209 2241 quum
2222 2161 2402 2226 Deus

907 2276 1034 2320 non
1071 2258 1154 2320 sit
1190 2257 1602 2321 confirmator
1641 2258 1895 2333 erroriS,
1932 2276 2049 2321 nec
2079 2260 2258 2321 testis
2288 2258 2403 2321 fal-

905 2356 1128 2419 sitatis.
1159 2356 1457 2419 Miracula
1487 2375 1636 2420 vero
1668 2357 1974 2419 divinitus
2004 2357 2403 2439 facta‚quan-

906 2455 1114 2536 doque
1155 2455 1326 2519 fiunt
1365 2456 1442 2517 ad
1489 2454 1966 2517 testificandum
2013 2457 2090 2518 de
2137 2456 2399 2518 veritate

905 2553 1208 2617 doctrinae
1241 2572 1254 2616 :
1282 2561 1344 2616 et
1389 2560 1540 2616 tunc
1580 2554 1690 2615 illa
1729 2554 2017 2616 doctrina
2055 2554 2403 2617 immobili-

904 2657 1005 2711 ter
1052 2670 1197 2714 vera
1241 2660 1356 2726 est,
1390 2671 1426 2713 a
1473 2670 1886 2733 quocumque
1923 2653 2249 2727 doceatur,
2297 2652 2396 2714 vel

902 2758 1494 2832 quantumcumque
1526 2768 1858 2831 perversus
1889 2750 1972 2811 sit
2001 2751 2248 2830 doctor;
2272 2769 2397 2813 non

901 2854 1115 2909 tamen
1163 2866 1562 2929 consequens
1625 2855 1742 2923 est,
1793 2848 1967 2929 quod
2026 2849 2257 2910 docens
2318 2848 2401 2909 sit

899 2944 1134 3025 justuS,
1167 2946 1266 3008 vel
1301 2946 1423 3008 Deo
1454 2946 1732 3027 placens.
1768 2944 2000 3027 Sicque
2041 2964 2156 3027 per
2200 2945 2399 3008 malos

2512 1958 2625 2039 qui
2668 1958 3001 2021 sabbatum
3052 1977 3178 2022 non
3233 1959 3507 2023 custodit
3550 1976 3564 2021 ε
3613 1959 3690 2020 ad
3736 1958 3876 2031 hoc,
3926 1964 3989 2017 ut

2513 2058 2613 2120 vel
2652 2060 2945 2121 terrendo
2983 2058 3082 2121 vel
3122 2057 3707 2133 circumveniendo,
3740 2056 3989 2118 induce-

2512 2164 2654 2219 rent
2682 2175 2919 2220 caecum
2962 2157 3042 2219 ad
3080 2155 3537 2239 proferendum
3566 2155 3806 2238 aliquid
3846 2154 3985 2217 mali

2512 2256 2589 2317 de
2613 2255 2799 2337 Jesu;
2834 2256 2935 2319 vel
2982 2262 3051 2317 ut
3099 2274 3337 2319 caecum
3384 2272 3463 2317 ex
3502 2274 3619 2317 sua
3648 2254 3987 2337 responsio-

2511 2372 2592 2416 ne
2620 2362 2977 2435 arguerent,
3008 2362 3201 2435 atque
3229 2355 3308 2416 de
3336 2372 3649 2437 synagoga
3677 2354 3985 2435 ejicerent.

2510 2453 2637 2517 Hoc
2674 2453 2896 2515 asserit
2935 2452 3325 2533 Augustinus
3372 2458 3436 2514 et
3476 2452 3663 2515 Beda.
3698 2450 3989 2534 Theophi-

2509 2550 2609 2613 lus
2664 2559 2879 2614 autem
2926 2558 2989 2613 et
3033 2550 3142 2613 alii
3192 2550 3435 2626 dicunt,
3486 2552 3662 2632 quod
3709 2550 3869 2613 facta
3912 2550 3989 2611 sit

2509 2668 2546 2709 a
2583 2648 2937 2712 fautoribus
2976 2647 3205 2711 Christi
3248 2648 3635 2723 dicentibus,
3678 2648 3985 2721 Quomodo

2511 2755 2717 2829 potest
2762 2754 3052 2828 peccator
3100 2748 3234 2809 haec
3276 2746 3455 2827 signa
3492 2746 3739 2810 facere?
3775 2746 3989 2829 quoni-

2509 2866 2611 2909 am
2660 2846 3008 2909 verisimile
3055 2853 3189 2907 erat
3233 2846 3406 2926 quod
3456 2864 3663 2908 caecus
3710 2846 3872 2909 bona
3916 2845 3986 2906 de

2511 2964 2626 3009 suo
2673 2952 2960 3007 curatore
3007 2950 3489 3007 contestaretur.
3534 2943 3743 3007 Potius
3786 2952 3985 3005 tamen

905 3042 1346 3125 praedicatores
1393 3043 1765 3125 frequenter
1812 3052 1961 3106 sunt
2017 3044 2183 3107 facta
2229 3062 2402 3125 quae-
2436 3045 2481 3111 C
2511 3043 2761 3106 videtur
2808 3042 2973 3105 facta
3028 3041 3109 3103 ab
3169 3040 3477 3103 ambabus
3535 3042 3705 3104 inter
3756 3060 3821 3105 se
3868 3042 3988 3104 dis—

905 3142 1049 3203 dam
1097 3142 1424 3218 miracula,
1458 3144 1536 3205 ad
1585 3142 1739 3205 fidei
1789 3141 2341 3206 confirmationem
2380 3160 2395 3204 ε

903 3239 1356 3321 exaudivitque
1407 3241 1567 3303 Deus
1629 3258 1885 3323 precem
1935 3240 2217 3317 illorum,
2270 3259 2397 3304 non

904 3346 1165 3420 propter
1212 3338 1468 3402 illorum
1518 3340 1766 3413 merita,
1821 3340 1930 3401 sed
1981 3347 2240 3421 propter
2288 3338 2399 3402 Ec-

903 3436 1112 3499 clesiae
1142 3438 1500 3513 utilitatem,
1535 3446 1597 3499 ct
1635 3438 1710 3499 ad
1756 3438 2212 3500 insinuandum
2256 3438 2401 3500 effi-

903 3535 1140 3598 caciam
1186 3534 1340 3597 fidei
1403 3535 1785 3611 christianae,
1840 3534 2024 3616 cujus
2076 3544 2247 3597 tanta
2304 3544 2399 3599 est

887 3633 1130 3717 ,vir-tus,
1164 3642 1234 3695 ut
1264 3652 1377 3714 per
1415 3650 1554 3694 eam
1597 3631 1758 3695 fiant
1799 3633 2105 3696 miracula
2142 3633 2332 3696 etiam
2362 3653 2399 3696 a

903 3733 1110 3795 maliS.
1157 3732 1481 3794 Interdum
1539 3750 1687 3795 vero
1737 3732 2042 3794 miracula
2099 3732 2271 3794 fiunt
2320 3735 2397 3796 ad

902 3830 1367 3893 testificandum
1401 3832 1477 3893 de
1507 3831 1785 3894 bonitate
1817 3832 2131 3895 docentis:
2157 3839 2219 3894 et
2246 3839 2399 3894 tunc

903 3930 1120 3992 doctor
1163 3929 1531 4009 hujusmodi
1582 3930 1889 3993 veraciter
1935 3930 2142 3993 bonus
2194 3939 2256 3992 et
2298 3930 2401 4011 ju-

903 4036 1038 4089 stus
1068 4034 1184 4089 est.
1219 4027 1514 4090 Miracula
1541 4038 1753 4090 autem
1787 4028 2017 4091 Christi
2046 4028 2213 4091 facta
2252 4037 2400 4091 sunt

903 4144 940 4186 a
968 4125 1093 4188 Deo
1132 4135 1394 4207 propter
1438 4134 1804 4208 utrumque,
1834 4127 2130 4189 videlicet
2176 4128 2253 4189 ad
2302 4146 2399 4191 os-

2510 3141 2917 3205 cordantibus
2962 3140 3271 3223 partibuS,
3311 3140 3424 3221 qui
3474 3159 3680 3222 quum
3722 3141 3883 3203 inter
3924 3157 3987 3201 se

2508 3240 2959 3315 discordarent,
2994 3239 3403 3302 recurrebant
3441 3239 3521 3301 ad
3564 3239 3985 3303 testimonium

2508 3338 2647 3419 ejus
2692 3339 2806 3420 qui
2852 3345 3151 3420 expertus
3199 3336 3323 3399 fuit
3350 3336 3582 3400 Christi
3623 3337 3981 3420 potentiam,

2509 3437 2561 3499 si
2603 3436 2768 3499 forte
2813 3454 2891 3498 ex
2938 3436 3077 3517 ejus
3128 3435 3537 3518 responsione
3588 3444 3843 3518 possent
3882 3434 3989 3497 ali-

2507 3554 2701 3617 quam
2743 3534 3033 3599 invenire
3073 3534 3497 3597 concordiam.

2600 3638 2720 3695 Ille
2766 3643 2983 3695 autem
3028 3634 3207 3693 dixit
3247 3654 3270 3692 .·
3310 3634 3479 3701 Quia
3520 3632 3834 3709 propheta
3878 3641 3987 3691 est.

2510 3732 2753 3796 Putavit
2809 3734 2979 3794 enim
3037 3731 3209 3812 quod
3264 3730 3443 3792 Jesus
3500 3729 3731 3792 fuisset
3790 3731 3986 3793 solum

2508 3832 2841 3914 propheta,
2886 3849 3013 3893 non
3062 3829 3215 3891 finis
3266 3837 3329 3891 et
3376 3828 3676 3892 Dominus
3722 3828 3987 3911 Prophe-

2509 3938 2737 3992 tarum.
2771 3928 3085 4011 lmplicite
3114 3936 3323 3990 tamen
3368 3927 3635 3989 credidit
3672 3944 3822 3989 eum
3859 3942 3987 3987 esse

2507 4028 2849 4103 Christum,
2905 4027 3208 4109 quoniam
3255 4024 3528 4088 firmiter
3574 4025 3781 4088 tenuit
3824 4024 3983 4107 quod

2508 4135 2675 4189 esset
2720 4127 2910 4190 homo
2954 4126 3165 4207 justus
3209 4134 3273 4187 et
3320 4143 3529 4200 verax,
3574 4132 3636 4187 et
3689 4143 3805 4207 per
3848 4142 3987 4186 con-

903 4226 1294 4288 tendendum
1322 4228 1496 4308 quod
1527 4244 1676 4290 vera
1705 4227 1788 4289 sit
1815 4227 1956 4307 ejus
1994 4227 2302 4303 doctrina,
2336 4236 2399 4289 et
2428 4236 2479 4298 D
2509 4243 2782 4306 sequens
2832 4225 2996 4300 talis,
3047 4225 3301 4306 qualem
3352 4224 3490 4306 ipse
3536 4241 3603 4285 se
3660 4242 3799 4286 esse
3856 4240 3985 4305 per-

903 4325 1076 4405 quod
1106 4324 1242 4407 ipse
1272 4325 1357 4387 sit
1388 4343 1576 4389 verus
1607 4326 1913 4401 ChristuS,
1949 4325 2214 4389 Sanctus
2246 4325 2399 4388 San-

904 4429 1152 4485 ctorum
1184 4432 1246 4485 et
1273 4422 1483 4503 justus
1516 4424 1580 4485 in
1611 4423 1934 4487 omnibus.
1968 4424 2121 4500 Imo,
2158 4424 2208 4486 si
2250 4424 2397 4505 quis

905 4520 1137 4584 dixerit
1181 4522 1351 4604 quod
1410 4521 1716 4584 miracula
1765 4521 1995 4585 Christi
2055 4521 2221 4585 facta
2270 4524 2400 4585 sint

901 4621 978 4682 ad
1009 4638 1140 4683 suae
1169 4620 1470 4682 doctrinae
1499 4620 2073 4696 confirmationem,
2108 4622 2400 4702 sequitur

900 4719 1072 4799 quod
1121 4718 1310 4781 etiam
1359 4718 1525 4781 facta
1573 4718 1700 4781 sint
1744 4720 1821 4781 ad
1871 4738 2001 4781 suae
2048 4721 2397 4783 sanctitatis

898 4816 1356 4879 testimonium.
1401 4816 1625 4879 Docuit
1682 4818 1854 4879 enim
1915 4836 1982 4879 se
2042 4836 2180 4881 esse
2222 4819 2399 4883 Chri-

900 4923 1090 4991 stum,
1145 4923 1431 4978 sanctum
1479 4922 1540 4977 et
1584 4917 1856 4996 justum,
1911 4918 2084 4980 omni
2139 4928 2398 5000 peccato

900 5005 1217 5076 carentem
1257 5032 1501 5095 :quam
1550 5014 1898 5077 doctrinam
1949 5015 2109 5078 Deus
2162 5036 2399 5098 nequa-

898 5132 1092 5193 quam
1123 5113 1448 5175 miraculis
1480 5112 1945 5190 confirmasset,
1973 5114 2097 5176 nisi
2125 5118 2213 5177 ita
2241 5116 2398 5178 fuis-

895 5218 1010 5273 set.
1045 5210 1165 5274 Sed
1196 5212 1317 5275 hoc
1347 5211 1415 5273 in
1443 5211 1586 5273 aliis
1617 5231 1744 5275 non
1777 5214 2088 5295 sequitur,
2123 5215 2237 5295 qui
2269 5234 2395 5277 non

897 5308 1242 5389 propriam,
1275 5310 1386 5372 sed
1415 5308 1644 5372 Christi
1693 5310 1898 5391 legem
1938 5312 2294 5393 praedicant
2334 5320 2396 5375 et

2508 4323 2739 4387 hibuit.
2773 4323 2891 4386 Sed
2924 4330 3141 4386 contra
3182 4322 3302 4386 hoc
3344 4322 3613 4395 videtur,
3646 4323 3801 4404 quia
3837 4337 3985 4403 quos

2509 4423 2793 4486 Christus
2820 4421 3065 4485 sanavit
3093 4422 3159 4483 in
3190 4439 3473 4503 corpore,
3494 4421 3739 4485 curavit
3768 4421 3834 4483 in
3863 4419 3987 4481 ani-

2510 4540 2631 4583 ma.
2689 4520 2848 4602 Ergo
2896 4527 2958 4582 et
3004 4539 3243 4583 caecum
3289 4520 3483 4582 istum
3530 4537 3569 4581 a
3622 4520 3732 4582 tali
3788 4534 3987 4581 errore

2509 4620 2774 4683 curavit.
2811 4619 3180 4694 Dicendum,
3212 4620 3381 4700 quod
3431 4636 3633 4681 caecus
3678 4638 3793 4701 pro
3849 4626 3988 4680 tunc

2510 4738 2635 4782 non
2666 4718 3000 4781 tenebatur
3027 4719 3107 4780 ad
3136 4717 3499 4800 explicitam
3528 4716 3727 4779 fidem
3756 4718 3835 4779 de
3864 4717 3990 4787 hoc,

2508 4818 2680 4899 quod
2715 4817 2893 4879 Iesus
2926 4823 3095 4878 esset
3124 4816 3431 4879 Christus.
3456 4815 3630 4878 Unde
3658 4817 3987 4897 praedictus

2509 4936 2685 4980 error
2732 4915 3153 4978 excusabatur
3200 4934 3237 4977 a
3283 4915 3492 4997 culpa,
3526 4915 3803 4977 maxime
3849 4913 3989 4997 quia

2508 5035 2636 5079 non
2664 5015 2787 5076 fuit
2817 5032 2932 5096 per
2958 5013 3313 5076 absolutam
3341 5012 3852 5076 affirmationem.
3866 5010 3990 5086 Qui-

2510 5118 2651 5176 dam
2702 5114 2877 5187 dicit,
2930 5113 3101 5194 quod
3146 5132 3349 5183 caecus
3407 5112 3547 5187 iste,
3599 5112 3867 5177 dicendo
3920 5112 3987 5173 de

2505 5213 2672 5286 Jesu,
2720 5212 3030 5293 Propheta
3072 5218 3189 5286 est,
3230 5211 3488 5274 nomine
3539 5211 3865 5293 prophetae
3904 5210 3986 5271 in-

2507 5312 2752 5374 tellexit
2778 5310 3113 5383 Christum,
3158 5309 3245 5373 ita
3273 5311 3443 5392 quod
3488 5328 3691 5373 caecus
3728 5306 3985 5375 asseruit

4098 1369 4147 1423 {⁸1
