4300 6259
771 450 983 543 *290

662 2252 734 2307 49

572 2749 841 2801 Exodxxix,

574 2816 626 2855 29
643 2828 654 2864 ;
703 2812 838 2856 Num.

573 2890 655 2918 xxx
663 2878 838 2927 v,28,³2.

663 4220 735 4276 50

976 10 1106 202 ’κ

1028 382 1039 391 ‚
1073 216 1190 346 Γ»

885 399 985 453 f

1621 496 1973 543 mumulo
2015 496 2078 542 m
2121 495 2261 543 GAP.
2306 494 2371 541 11
2412 494 2691 543 mamus.
2736 515 2817 526 —
2859 497 3003 543 ΛΒΤ.
3048 496 3200 544 mx

863 678 1155 730 nostrum
1189 673 1419 741 locum,
1456 670 1518 733 id
1567 677 1664 733 est
1710 669 1936 732 urbem
1981 670 2351 743 Jerusalem,
2384 668 2437 731 A
2465 668 2790 733 hominem
2850 690 3071 747 unum,
3127 671 3618 752 qualiscumque
3674 669 3955 743 exsistat,

865 767 1198 848 templum,
1232 776 1294 830 et
1325 769 1599 851 reliquas
1637 769 1825 831 urbes
1857 770 2230 851 viculosque
2256 768 2356 829 Ju-

865 865 1034 939 daeae,
1056 876 1115 925 et
1136 878 1412 944 yentem,
1438 870 1498 931 id
1529 877 1624 930 est
1656 868 1965 950 populum
1993 869 2354 931 Judaeorum

864 962 1048 1026 nobis
1096 964 1476 1046 subjectum,
1529 974 1591 1028 et
1641 968 1717 1029 de
1764 985 2040 1048 quorum
2089 984 2357 1028 numero

865 1066 1107 1123 sumus,
1171 1062 1499 1126 Prohibuit
1555 1065 1729 1127 enim
1793 1064 2060 1127 Senatus
2117 1074 2179 1126 et
2234 1064 2358 1129 (3ae-

865 1179 987 1233 sar,
1040 1179 1118 1222 ne
1175 1162 1392 1243 aliqua
1448 1181 1602 1244 gens
1658 1164 1940 1244 aliquem
1997 1164 2381 1245 principem'

867 1277 1077 1339 regem
1135 1268 1387 1324 vocaret
1447 1262 1546 1323 vel
1598 1280 1712 1343 pro
1769 1279 1914 1342 rege
1977 1262 2351 1343 susciperet,

867 1356 1004 1419 sine
1054 1376 1274 1421 eorum
1318 1378 1652 1422 consensu.
1697 1360 1771 1423 Et
1806 1360 2110 1441 quoniam
2156 1361 2356 1423 sancti

868 1456 1191 1538 Prophetae
1242 1458 1670 1539 praedixerunt
1719 1459 2041 1521 Christum
2088 1458 2225 1522 fore
2268 1478 2357 1521 re-

864 1572 1030 1635 gem,
1061 1555 1257 1619 Judaei
1288 1556 1398 1637 qui
1429 1556 1640 1619 Jesum
1673 1576 1788 1639 pro
1817 1557 2063 1620 Christo
2097 1576 2359 1639 accepe-

869 1660 1029 1728 rant,
1071 1660 1416 1717 tenuerunt
1455 1673 1602 1717 eum
1653 1675 1767 1737 pro
1812 1674 1978 1735 rege.
2023 1655 2357 1719 Timebant

869 1770 1016 1833 ergo
1060 1751 1398 1835 pontifices
1444 1763 1505 1816 et
1554 1754 1869 1829 Pharisaei,
1917 1756 2088 1835 quod
2137 1755 2357 1817 Roma-

2462 776 2524 830 et
2564 769 2888 851 quidquid
2934 777 3257 852 operetur.

2543 868 2891 931 Consilium
2923 869 3117 951 hujus
3164 867 3487 951 pontificis
3519 868 3961 949 multipliciter

2464 968 2587 1029 fuit
2643 984 3003 1031 erroneum.
3054 967 3187 1031 Non
3250 967 3422 1029 enim
3476 966 3766 1029 facienda
3812 974 3957 1029 sunt

2466 1066 2650 1139 mala,
2688 1073 2755 1127 ut
2794 1066 3052 1128 veniant
3092 1066 3279 1141 bona,
3316 1084 3432 1128 nec
3476 1064 3955 1127 interficiendus

2464 1172 2559 1227 est
2590 1164 2893 1227 innocens
2934 1164 3159 1227 timore
3198 1165 3460 1227 humani
3504 1164 3797 1245 periculi.
3830 1164 3955 1227 lmo

2466 1280 2581 1344 per
2614 1263 2778 1336 talia,
2814 1269 2942 1324 tota
2982 1262 3400 1326 communitas
3434 1262 3633 1323 Deum
3664 1260 3949 1335 offendit,

2464 1367 2655 1442 atque
2712 1360 2791 1422 ab
2848 1380 2923 1423 eo
2984 1361 3292 1442 plagatur‚
3345 1368 3407 1421 et
3453 1359 3951 1423 adversariorum

2468 1460 2757 1542 potestati
2790 1459 3168 1539 subjicitur:
3202 1459 3737 1540 quemadmodum
3770 1459 3951 1521 etiam

2467 1558 2729 1639 contigit
2776 1558 2877 1619 his
2914 1558 3167 1621 Judaeis.
3203 1558 3345 1621 ldeo
3386 1557 3558 1619 enim
3597 1557 3811 1620 Jesum
3858 1577 3955 1620 oc-

2467 1656 2778 1731 ciderunt,
2823 1675 2903 1718 ne
2948 1675 2985 1717 a
3034 1655 3329 1719 Romanis
3378 1662 3797 1718 vastarentur.
3840 1654 3953 1717 Sed

2466 1756 2607 1817 ideo
2646 1762 2796 1817 sunt
2836 1756 3079 1829 vastati,
3113 1754 3417 1835 quoniam
3453 1754 3667 1816 Jesum
3716 1754 3953 1817 occide-

869 1851 958 1925 ni,
994 1860 1293 1933 percepto
1332 1852 1582 1933 negotio
1622 1852 1763 1926 isto,
1808 1853 2100 1915 venirent
2138 1859 2356 1915 contra
2393 1851 2440 1914 B
2467 1862 2635 1927 runt,
2700 1860 2885 1935 prout
2942 1854 3112 1934 apud
3172 1852 3495 1913 Danielem
3553 1850 3679 1913 fuit
3736 1853 3951 1934 praedi-

867 1968 996 2011 eos.
1043 1948 1364 2031 Erantque
1417 1951 1675 2013 Romani
1731 1958 1884 2013 tunc
1933 1960 2059 2013 tam
2115 1970 2359 2033 praepo-

868 2054 1093 2123 tenteS,
1139 2050 1310 2130 quod
1363 2050 1537 2111 nulla
1588 2068 1743 2131 gens
1798 2050 2004 2132 potuit
2054 2050 2146 2112 eis
2207 2051 2360 2112 resi-

869 2154 1054 2208 stere.

962 2248 1135 2306 Unus
1171 2256 1387 2307 autem
1423 2268 1504 2307 eoe
1544 2248 1730 2326 ipsis,
1765 2248 2040 2323 Caiphas
2069 2250 2355 2317 nomine,

868 2366 1070 2424 quum
1115 2357 1267 2407 esset
1313 2349 1612 2425 pontisera
1660 2349 1829 2409 anni
1877 2348 2086 2415 illius,
2139 2347 2203 2409 id
2263 2355 2359 2409 est

867 2462 1118 2507 summo
1156 2445 1503 2508 sacerdotio
1553 2444 1822 2525 fungens
1865 2464 1978 2527 pro
2015 2463 2183 2508 anno
2222 2446 2353 2508 illo.

866 2542 1162 2616 Quamvis
1211 2543 1382 2605 enim
1434 2545 1783 2606 secundum
1825 2543 2024 2623 legem
2077 2563 2200 2607 non
2254 2546 2362 2607 de-

867 2640 1009 2704 buit
1039 2660 1176 2704 esse
1207 2642 1332 2704 nisi
1365 2662 1529 2704 unus
1569 2661 1857 2705 summus
1897 2644 2209 2718 sacerdOS,
2243 2644 2356 2725 qui

871 2746 998 2803 toto
1057 2748 1341 2821 tempore
1395 2740 1725 2803 vitai-suae
1783 2748 2100 2821 praeesset,
2154 2760 2359 2823 eoque

871 2846 1120 2901 mortuo
1153 2838 1748 2918 succederet-alter3
1782 2846 1989 2901 tamen
2020 2838 2213 2903 Judaei
2259 2860 2359 2902 na-

869 2936 912 2998 ti
973 2937 1050 2999 de
1106 2954 1337 3017 genere
1395 2936 1786 3011 sacerdotali,
1841 2937 1938 2999 vel
1999 2937 2187 2999 etiam
2246 2939 2355 3000 alii

2465 1959 2638 2014 ctum
2702 1970 2715 2014 ε
2775 1950 3107 2013 Occidetur
3163 1950 3470 2025 ChristuS,
3533 1958 3597 2012 et
3655 1968 3783 2013 non
3839 1951 3951 2012 erit
3972 1974 4197 2078 gaman.

3928 2057 3949 2110 t
4020 2068 4030 2078 .

2464 2050 2603 2132 ejus
2656 2051 2953 2133 populuS‚
2988 2050 3101 2130 qui
3140 2068 3287 2111 eum
3334 2056 3675 2129 negaturus
3726 2056 3854 2123 est3
3894 2068 3927 2111 e

2467 2150 2786 2211 civitatem
2826 2157 2889 2209 et
2927 2148 3355 2211 sanctuarium
3398 2147 3735 2229 dissipabit
3769 2167 3951 2230 popu·

2467 2248 2565 2311 lus
2614 2267 2757 2310 cum
2809 2249 2971 2309 duce
3020 2253 3309 2319 venturo,
3355 2254 3419 2308 et
3467 2246 3618 2308 finis
3669 2247 3809 2327 ejus
3858 2266 3952 2307 va-

2469 2347 2667 2422 stitaS,
2727 2355 2789 2409 et
2849 2364 3053 2429 usque
3118 2346 3196 2409 ad
3263 2344 3462 2407 finem
3531 2346 3951 2428 perseverabit

2467 2446 2789 2509 desolatio,

2548 2548 2684 2606 Hoc
2725 2552 2967 2614 autem,
3000 2544 3316 2617 videlicet,
3353 2542 3621 2624 Expedit
3661 2543 3843 2605 vobis
3891 2550 3953 2603 ut

2468 2661 2633 2704 unus
2682 2642 2987 2705 moriatur
3033 2661 3149 2723 pro
3200 2641 3458 2724 populo,
3493 2649 3639 2715 etc.,
3674 2664 3712 2700 α
3743 2650 3954 2701 semet-

2467 2742 2628 2818 ipso,
2680 2741 2742 2802 id
2802 2749 2896 2802 est
2954 2740 3214 2821 proprio
3272 2738 3523 2821 spiritu,
3578 2759 3703 2800 non
3758 2741 3951 2807 davit,

2466 2847 2777 2921 quantum
2824 2838 2901 2901 ad
2952 2858 3167 2901 veram
3215 2846 3277 2900 et
3325 2838 3717 2919 spiritualem
3771 2838 3955 2919 signi-

2468 2938 2829 3002 ficationem
2892 2937 3120 3001 horum
3172 2938 3513 3000 verborum
3570 2937 3875 2999 intentam
3920 2956 3956 2998 a

864 3036 1146 3117 quidam,
1180 3055 1380 3116 quum
1430 3044 1640 3098 essent
1687 3036 1859 3098 avari
1907 3044 1970 3098 et
2008 3037 2353 3118 ambitiosi,
2396 3032 2703 3117 CSpiritu
2756 3034 3002 3109 Sancte,
3037 3035 3148 3116 qui
3202 3034 3453 3117 Caiphae
3500 3034 3782 3115 linguam
3832 3054 3957 3097 mo—

861 3142 1266 3196 accesserunt
1321 3135 1399 3196 ad
1460 3134 1816 3216 principem
1868 3134 2241 3209 Romanum,
2294 3144 2357 3197 et

860 3233 972 3313 qui
1007 3232 1313 3313 majorem
1356 3232 1644 3314 pecuniae
1683 3252 1997 3294 summam
2034 3234 2227 3307 dedit,
2264 3254 2358 3296 sa-

863 3332 1215 3395 cerdotium
1275 3350 1598 3393 summum
1659 3330 1957 3406 obtinuit,
2019 3351 2357 3414 quousque

862 3429 1024 3491 alius
1077 3430 1260 3511 plura
1313 3430 1518 3492 dando
1566 3447 1712 3491 eum
1767 3430 2054 3492 extrusit.
2103 3430 2235 3505 Vel,
2290 3439 2360 3494 ut

863 3528 970 3590 alii
1020 3529 1375 3602 adstruunt,
1431 3527 1535 3589 isti
1584 3529 1661 3590 de
1707 3546 1939 3608 genere
1987 3530 2355 3593 sacerdotali

865 3627 1031 3688 inter
1081 3644 1148 3688 se
1195 3634 1572 3697 statuerunt,
1624 3627 1795 3706 quod
1852 3626 2141 3707 quolibet
2192 3647 2359 3691 anno

865 3732 1163 3807 praeesset
1231 3744 1396 3786 unus
1466 3742 1707 3787 recenS.
1762 3727 1952 3786 Dixit
2006 3728 2118 3786 εἰς.
2180 3725 2354 3802 Nam,

863 3824 1015 3905 quia
1051 3823 1310 3903 maj0ris
1353 3822 1591 3885 exstitit
1625 3822 2037 3897 auctoritatiS,
2073 3825 2359 3887 securius

863 3921 1264 4002 loquebatur,
1317 3928 1378 3982 et
1431 3920 1732 3983 attentius
1787 3920 2184 3983 audiebatur.
2250 3926 2361 3985 Vos

867 4022 1121 4081 nescitis
1170 4021 1554 4099 quidquam,
1608 4020 1728 4081 hoc
1777 4026 1890 4093 est,
1947 4020 2106 4081 nihil
2162 4028 2361 4083 atten-

869 4119 1016 4181 ditis
1046 4136 1265 4181 eorum
1305 4136 1448 4199 quae
1487 4117 1551 4179 in
1585 4118 1703 4180 isto
1743 4118 1994 4197 negotio
2033 4127 2183 4181 sunt
2213 4137 2362 4201 pen-

2470 3134 2559 3198 vit
2587 3136 2663 3197 ad
2697 3133 3146 3217 proferendum
3192 3135 3324 3197 haec
3355 3134 3566 3196 verba.
3598 3132 3813 3197 Nihilo
3842 3134 3954 3195 mi-

2470 3252 2588 3294 nus
2638 3232 2904 3314 Caiphas
2953 3231 3111 3294 dixit
3163 3233 3295 3298 haec
3345 3231 3538 3294 verba
3584 3250 3621 3293 a
3670 3250 3737 3293 se
3797 3232 3953 3314 ipso,

2468 3332 2597 3394 imo
2626 3339 2689 3393 et
2725 3351 2761 3393 a
2803 3330 3052 3394 diabolo
3090 3350 3239 3392 eum
3278 3332 3353 3393 ad
3394 3331 3559 3392 mala
3598 3331 3953 3412 instigante,

2468 3438 2778 3514 quantum
2831 3431 2908 3492 ad
2968 3429 3501 3511 significationem
3559 3431 3871 3491 intentam
3926 3449 3959 3491 a

2468 3528 2723 3610 Caipha,
2759 3546 2904 3609 quae
2953 3547 3125 3591 nunc
3175 3528 3381 3610 posita
3428 3534 3541 3590 est.
3582 3527 3686 3591 Sic
3733 3546 3961 3610 nempe

2471 3627 2664 3689 verba
2702 3627 2837 3689 haec
2876 3626 3033 3688 salsa
3069 3625 3351 3700 fuerunt,
3387 3634 3449 3688 et
3496 3626 3632 3707 ipse
3681 3627 3959 3709 peccavit

2469 3744 2543 3788 ea
2579 3725 2981 3809 proferendo.
3015 3725 3389 3788 Intendebat
3424 3726 3597 3787 enim
3639 3727 3791 3789 dare
3819 3746 3959 3790 con-

2470 3826 2687 3888 silium
2729 3844 2843 3907 pro
2881 3832 3081 3888 morte
3111 3825 3379 3904 Christi;
3412 3825 3699 3907 dixitque
3743 3826 3957 3888 utilius

2470 3942 2608 3985 esse
2656 3924 2944 3987 occidere
2990 3923 3227 3996 lesum,
3261 3942 3453 4005 quam
3506 3924 3787 3986 incidere
3836 3944 3961 3987 ma-

2471 4041 2591 4084 nus
2636 4021 3084 4085 Romanorum.

2561 4123 2691 4183 Sed
2737 4140 2937 4200 quum
2986 4128 3140 4180 esset
3183 4121 3488 4197 pontifex
3534 4122 3701 4181 anni
3750 4123 3957 4188 illius,

870 4218 1098 4296 sanda;
1133 4236 1244 4277 nec
1271 4217 1563 4293 coyicatis
1592 4217 1763 4297 quod
1803 4216 2031 4280 merito
2061 4219 2363 4298 cogitare·
2394 4218 2442 4280 D
2472 4217 2533 4280 id
2574 4226 2669 4279 est
2707 4236 2783 4280 ex
2821 4217 3125 4299 dignitate
3164 4218 3262 4279 sui
3305 4216 3530 4292 officii,
3566 4237 3689 4281 non
3738 4220 3961 4282 merito

869 4315 970 4389 tis,
1005 4317 1162 4395 quia
1200 4315 1459 4393 empedit
1499 4316 1694 4384 vobis,
1726 4333 1840 4395 pro
1885 4316 2362 4379 conservatione

871 4413 1015 4477 vitae
1081 4412 1405 4494 praesentis
1470 4419 1531 4473 ot
1592 4412 1989 4493 possessione
2047 4420 2233 4476 terrae
2289 4434 2361 4477 ac

866 4510 1111 4592 templi,
1153 4520 1225 4571 uc
1274 4531 1444 4570 unus
1495 4512 1814 4571 moriatur
1863 4514 2046 4571 homo
2091 4532 2211 4589 pro
2253 4533 2361 4590 po-

857 4614 1044 4689 pul0,
1075 4609 1139 4671 id
1185 4616 1280 4670 est
1331 4626 1445 4689 pro
1493 4608 1820 4689 ereptione
1864 4609 2073 4690 gentis
2128 4618 2361 4675 nostrae

864 4710 942 4771 de
984 4707 1280 4770 manibus
1321 4706 1767 4778 Romanorum,
1801 4718 1861 4769 ec
1888 4728 2018 4769 non
2053 4719 2179 4770 tota
2204 4729 2360 4786 qens

855 4817 1100 4885 pereat,
1135 4807 1254 4869 hoc
1293 4813 1408 4880 est,
1445 4824 1570 4867 non
1616 4806 1986 4868 universum
2019 4825 2221 4888 genus
2254 4828 2363 4872 no—

863 4914 1066 4968 strum
1106 4905 1430 4968 occidatur
1467 4923 1503 4965 a
1546 4903 1967 4967 Romanorum
2020 4905 2357 4969 militibus,

862 5002 1046 5077 Quasi
1099 5003 1266 5065 dicat
1299 5020 1312 5065 :
1345 5002 1571 5063 Mirum
1620 5004 1792 5084 quod
1836 5010 1959 5066 tam
2004 5022 2227 5085 segnes
2268 5024 2364 5067 es-

864 5103 945 5164 tis
979 5101 1042 5163 in
1077 5101 1553 5175 considerandO,
1587 5102 1756 5182 quod
1798 5120 1925 5165 non
1967 5103 2361 5185 perpenditis

866 5208 1124 5283 propter
1173 5200 1412 5263 bonum
1465 5201 1553 5261 rei
1609 5200 1882 5282 publicae
1928 5208 2120 5282 atque
2170 5202 2361 5264 totius

867 5297 1337 5362 communitatis
1373 5298 1730 5374 utilitatem,
1764 5299 2185 5363 occidendum
2226 5318 2365 5366 esse

2473 4317 2637 4391 vitae,
2662 4318 3100 4394 prophetavit,
3135 4316 3254 4379 hoc
3303 4324 3418 4390 est,
3454 4315 3647 4379 verba
3692 4318 3962 4400 prophe—

2470 4415 2595 4477 tica
2627 4414 3061 4496 pronuntiavit
3096 4433 3107 4476 :
3144 4433 3289 4495 quae
3328 4433 3452 4477 non
3483 4423 3662 4476 erant
3702 4416 3962 4497 prophe-

2470 4514 2595 4576 tica
2634 4514 2841 4595 quoad
2882 4531 3137 4575 sensum
3177 4532 3214 4574 a
3244 4512 3478 4595 Caipha
3516 4514 3835 4576 intentum
3865 4515 3957 4577 vel

2472 4612 2889 4687 intellectum,
2924 4612 3031 4673 sed
3070 4612 3278 4692 quoad
3319 4630 3576 4673 sensum
3608 4630 3801 4693 quem
3834 4631 3962 4675 ver·

2472 4710 2551 4772 ba
2591 4710 2709 4772 ista
2748 4709 2991 4772 faciunt
3030 4708 3096 4771 in
3136 4709 3350 4772 animo
3386 4709 3725 4785 audientiS,
3758 4728 3835 4772 ex
3869 4729 3961 4773 ve-

2472 4828 2559 4883 ra,
2585 4807 2902 4889 spirituali
2934 4826 3006 4869 ac
3038 4807 3296 4889 propria
3326 4805 3795 4888 significatione
3822 4826 3961 4889 quae

2471 4907 2776 4988 competit
2802 4906 2894 4967 eis
2924 4922 3000 4967 ex
3035 4906 3386 4969 intentione
3425 4904 3698 4987 Spiritus
3728 4906 3955 4980 Sancti,

2471 5005 2656 5086 cujus
2695 5003 3061 5086 operatione
3103 5003 3345 5085 prolata
3384 5011 3533 5065 sunt
3574 5005 3783 5085 quoad
3823 5024 3960 5067 sen-

2472 5123 2615 5165 sum
2656 5102 2827 5164 hunc
2870 5102 3305 5183 prophetalem
3354 5120 3426 5164 ac
3467 5120 3713 5177 verum,
3749 5110 3959 5185 utpote

2470 5202 2639 5284 quod
2681 5200 3024 5282 expediens
3065 5199 3187 5262 fuit
3222 5200 3435 5262 lesum
3474 5200 3675 5263 occidi
3718 5220 3833 5283 pro
3870 5220 3958 5263 sa-

2473 5300 2604 5363 lute
2640 5298 3019 5374 Judaeorum,
3055 5317 3135 5361 ne
3176 5304 3300 5362 tota
3335 5316 3493 5380 gens
3538 5298 3646 5361 illa
3684 5298 3752 5362 in
3790 5308 3957 5364 oeter-

4066 2546 4240 2607 511
