4300 6259
71 3959 260 4063 ξὴίὶἰρρ.
277 3976 324 4012 ιι,

100 4057 108 4070 ,
125 4028 164 4066 ’1.

1077 512 1429 558 ΕΝΑΒΒΑΤῘΟ
1473 511 1536 557 ΙΝ
1579 511 1712 557 CAP.
1761 511 1865 556 xlv
1906 473 2311 558 JOANNISJ—
2354 513 2495 560 Am.
2542 513 2735 560 xxxvl

3333 497 3448 562 541

335 697 499 742 nem
530 700 644 744 vos
685 683 894 745 denuo
924 683 1218 746 visitabo.
1255 685 1334 744 Si
1361 684 1722 761 diliyeretis
1751 701 1850 742 me
1875 679 1928 746 A
2043 685 2193 744 Jam
2248 703 2379 744 non
2439 688 2649 745 multa
2711 687 2939 763 loquar
2998 685 3321 746 vobiscum
3381 684 3448 746 in
3588 705 3661 761 30

333 778 692 843 dilectione
761 800 921 863 pure
981 781 1299 863 spirituali
1363 789 1426 842 et
1490 781 1769 863 perlecta
1830 798 1844 842 :

332 878 560 958 qualis
612 897 736 942 non
777 887 872 941 est
911 879 1167 942 dilectio
1209 889 1415 942 vestra
1452 881 1530 941 ad
1572 897 1694 954 me,
1739 879 1847 942 sed

335 983 446 1037 cst
492 995 610 1058 pro
651 995 879 1058 magna
921 985 1098 1060 parte
1146 977 1458 1040 sensualis
1501 987 1564 1040 et
1600 986 1850 1040 natura-

339 1072 453 1147 lis,
497 1076 669 1136 unde
710 1083 773 1136 et
812 1074 1124 1158 Spiritum
1166 1075 1466 1139 Sanctum
1509 1095 1636 1138 non
1676 1082 1849 1157 pote-

337 1173 464 1234 stis
511 1174 796 1256 recipere
838 1174 960 1237 nisi
999 1194 1035 1237 a
1075 1175 1256 1238 vobis
1299 1192 1652 1253 recesser03
1681 1194 1848 1251 qau-

331 1275 583 1333 deretia
620 1275 875 1353 utique,
903 1277 1062 1355 quia
1105 1277 1266 1334 vado
1309 1276 1396 1334 ad
1425 1276 1691 1334 Patrem
1735 1289 1848 1353 per

336 1372 736 1452 passionem,
781 1373 847 1434 id
886 1381 1002 1447 est,
1047 1371 1644 1453 congratularemini
1687 1367 1848 1432 mihi

335 1479 611 1552 propter
638 1471 1171 1552 glorificationem
1213 1471 1495 1552 corporis
1526 1489 1716 1552 quam
1749 1489 1850 1532 ac-

335 1568 537 1649 quiro
598 1587 711 1650 per
771 1577 1063 1644 mortem,
1125 1570 1428 1651 quoniam
1493 1568 1844 1640 moriend0,

335 1683 599 1729 mereor
639 1686 784 1730 mox
831 1685 1182 1748 resurgere,
1214 1665 1560 1748 glorificari
1608 1665 1671 1726 in
1714 1683 1851 1727 cor-

339 1783 525 1846 pore,
569 1767 647 1828 ad
689 1767 884 1830 coelos
930 1767 1292 1841 ascendere,
1335 1766 1411 1827 ad
1460 1764 1656 1826 Patris
1702 1764 1851 1824 dex-

1957 797 2144 841 carne
2184 779 2304 841 ista
2344 781 2593 842 mortali
2642 790 2787 844 ante
2829 782 3209 863 passionem.
3254 781 3451 861 Cujus

1957 897 2144 940 causa
2200 880 2560 941 annectitur
2616 898 2629 943 :
2691 883 2867 942 venit
2923 884 3095 942 enim
3146 884 3451 960 princeps

1959 979 2194 1038 mundi
2248 979 2474 1056 hujus,
2532 979 2597 1041 id
2654 987 2749 1042 est
2808 979 3095 1042 diabolus
3156 979 3450 1043 dominus

1957 1075 2349 1156 iniquorum,
2390 1078 2502 1159 qui
2548 1079 2773 1141 mundi
2818 1079 3076 1142 nomine
3120 1079 3453 1159 designan—

1959 1179 2080 1233 tur.
2134 1173 2309 1236 Unde
2366 1176 2442 1236 de
2492 1175 2647 1257 ipsis
2710 1177 3104 1240 daemonibus
3154 1177 3241 1239 ait
3290 1177 3454 1259 Apo—

1956 1273 2155 1334 stolus
2200 1274 2278 1334 ad
2316 1272 2623 1355 Ephesios
2659 1294 2673 1336 ε
2708 1275 2842 1338 Non
2886 1285 2983 1337 est
3027 1275 3210 1338 nobis
3258 1277 3457 1338 collu-
3504 1298 3749 1354 epham,

1958 1371 2146 1433 ctatio
2184 1372 2487 1434 adversus
2528 1391 2781 1434 carnem
2813 1381 2875 1435 et
2913 1375 3309 1455 sanguinem,
3345 1377 3455 1438 sed
3491 1364 3554 1406 ¹²·

1955 1470 2260 1531 adversus
2320 1470 2643 1552 principes
2700 1481 2763 1533 et
2822 1480 3183 1554 potestateS,
3237 1480 3456 1536 contra

1958 1567 2313 1649 spiritualia
2357 1571 2659 1650 nequitiae
2701 1571 2765 1632 in
2810 1572 3199 1647 coelestibuS,
3237 1580 3455 1636 contra

1959 1667 2183 1727 mundi
2228 1673 2500 1729 rectores
2539 1668 2947 1731 tenebrarum
2987 1670 3237 1732 harum.
3272 1669 3457 1732 Venit

1958 1765 2202 1846 quippe
2250 1765 2560 1840 diaboluS,
2601 1767 2754 1848 quia
2796 1768 2927 1848 jam
2978 1768 3304 1848 instigavit
3350 1769 3456 1831 Ju-
3484 1785 3751 1837 anamma,

337 1873 512 1926 tram
561 1865 859 1927 residere.
901 1865 1200 1938 Quamvis
1240 1883 1389 1945 ergo
1433 1865 1508 1925 de
1555 1861 1848 1943 passione
1884 1867 1930 1929 B
1960 1863 2104 1924 dam
2157 1871 2225 1924 ut
2274 1865 2546 1926 traderet
2589 1864 2825 1940 lesum,
2870 1875 2931 1927 et
2982 1867 3305 1948 principes
3362 1886 3459 1928 sa-
3486 1851 3527 1891 ²·

339 1964 702 2026 secundum
733 1982 801 2025 se
829 1973 1108 2046 accepta,
1145 1981 1272 2026 non
1305 1963 1388 2025 sit
1413 1962 1842 2043 gaudendum,

343 2069 560 2124 tamen
614 2063 682 2124 in
730 2070 1043 2144 quantum
1090 2069 1187 2124 est
1236 2080 1424 2123 causa
1473 2069 1660 2124 tantae
1707 2058 1851 2121 feli-

342 2161 578 2235 citatiS,
631 2169 726 2223 est
785 2161 1007 2243 utique
1060 2179 1249 2222 causa
1307 2161 1696 2242 materiaque
1745 2159 1851 2222 lae—

345 2260 524 2321 tandi
579 2278 592 2321 :
647 2267 710 2321 et
755 2260 834 2321 ad
891 2259 1237 2322 amicitiam
1297 2260 1595 2341 pertinet,
1655 2267 1724 2322 ut
1771 2259 1849 2320 de

342 2357 518 2422 bono
567 2359 783 2421 dilecti
842 2358 1112 2440 ejusque
1160 2359 1598 2441 prosperitate,
1647 2358 1852 2421 cordi-

344 2459 534 2520 aliter
574 2457 1026 2539 jucundemur.
1065 2461 1232 2527 Quia
1268 2460 1470 2520 Pater
1509 2459 1716 2536 major
1753 2477 1852 2518 me

343 2566 458 2617 est.
511 2556 643 2619 Hoc
693 2556 961 2620 verbum
1014 2554 1368 2644 vivificum,
1419 2554 1544 2616 fuit
1590 2555 1852 2618 iniinico

343 2654 491 2717 Filii
539 2655 647 2716 Dei
697 2654 1161 2736 superbissimo
1199 2653 1349 2716 Ario
1391 2653 1636 2716 occasio
1685 2671 1854 2716 mor-

346 2754 452 2828 tis,
489 2754 578 2815 ita
613 2761 682 2814 ut
721 2754 960 2816 diceret
998 2752 1230 2814 Filium
1271 2750 1378 2814 Dei
1421 2771 1645 2833 puram
1682 2770 1855 2814 crea-

349 2859 562 2914 turam
588 2871 625 2914 a
659 2851 835 2913 Patre
875 2850 1381 2913 substantialiter
1419 2850 1849 2926 differentem,

348 2971 554 3034 quum
589 2960 800 3013 tamen
830 2969 908 3012 ex
939 2950 1415 3013 circumstantia
1445 2957 1652 3011 textus
1681 2968 1856 3032 aper-

1960 1962 2287 2025 cerdotum
2348 1971 2415 2024 ut
2468 1964 2684 2024 eadem
2738 1973 2921 2027 nocte
2971 1964 3252 2028 lacerent
3306 1983 3454 2027 eum
3538 1982 3705 2029 natm.

1961 2062 2414 2144 comprehendi
2446 2070 2508 2125 et
2540 2063 2642 2125 die
2680 2065 2971 2146 sequenti
3012 2066 3237 2128 occidi.
3272 2065 3457 2128 Venit
3484 2051 3753 2153 {¹7¹J'’⁴⁷·⁵⁰‘

1960 2180 2219 2243 quoque
2256 2162 2357 2241 (ut
2394 2163 2561 2242 reor)
2596 2164 2674 2224 ad
2718 2165 3091 2227 tentandum
3130 2165 3367 2240 Jesum,
3402 2164 3456 2228 si
3488 2170 3753 2229 Ιὸίᾰ-ιινιι,

1962 2259 2124 2322 forte
2181 2267 2345 2322 esset
2401 2260 2707 2337 ChristuS,
2767 2263 2866 2326 vel
2925 2264 3003 2325 ad
3064 2237 3692 2346 peccandum¹⁶⁸⁸‘⁹'

1964 2366 2177 2440 posset
2206 2358 2444 2420 induci.
2478 2358 2769 2422 Nondum
2800 2361 2971 2424 enim
3002 2362 3291 2426 diabolus
3328 2381 3461 2425 cer-

1967 2462 2064 2517 tus
2123 2455 2248 2518 fuit
2294 2457 2371 2518 de
2428 2456 2547 2520 hoc
2599 2476 2613 2519 :
2665 2458 2848 2521 aliter
2909 2479 3034 2523 non
3096 2460 3461 2541 instigasset

1960 2553 2205 2618 Judaeos
2250 2557 2327 2617 ad
2377 2555 2607 2618 Christi
2667 2556 3074 2621 occisionem.
3128 2558 3303 2631 Quod
3350 2578 3461 2621 au-

1962 2661 2092 2716 tem
2141 2653 2431 2717 diabolus
2482 2661 2625 2736 post
2663 2655 3074 2719 tentationem
3114 2656 3345 2719 factam
3392 2658 3459 2720 in
3515 2678 3752 2729 laima-,1
3868 2745 3871 2748 ἦ

1964 2754 2231 2828 deserto,
2266 2753 2331 2816 in
2363 2753 2706 2834 pinnaculo
2736 2761 2799 2816 et
2827 2754 2895 2816 in
2928 2763 3163 2830 monte,
3200 2756 3460 2819 redierit
3490 2747 3533 2785 θ’
3556 2753 3646 2797 ⁸²⁹·

1962 2853 2040 2914 ad
2086 2853 2459 2914 tentandum
2497 2852 2732 2927 Iesum,
2776 2853 2921 2916 elici
2965 2862 3172 2936 potest
3214 2873 3291 2917 ex
3340 2855 3461 2919 hoc

1963 2951 2134 3032 quod
2194 2951 2503 3032 scriptum
2563 2957 2657 3012 est
2713 2951 2885 3033 apud
2940 2951 3191 3014 Lucam.
3235 2971 3249 3015 :
3307 2953 3464 3016 Con-
3492 2975 3755 3026 Lucania.

353 3051 605 3112 tissime
668 3056 876 3131 pateat
942 3050 1114 3130 quod
1182 3048 1468 3111 Christus
1535 3049 1656 3111 hoc
1716 3049 1856 3112 loco
1892 3054 1936 3118 G
1963 3056 2277 3110 summata
2312 3048 2487 3112 omni
2524 3049 2892 3124 tentatione,
2928 3050 3218 3113 diabolus
3264 3069 3464 3114 reces-

351 3149 522 3212 dicat
563 3149 808 3210 Patrem
851 3149 991 3230 ipso
1034 3147 1363 3228 majorem,
1399 3148 1752 3210 secundum
1793 3146 1858 3209 id

349 3249 524 3330 quod
572 3247 880 3328 competit
925 3245 1050 3307 sibi
1101 3245 1284 3308 mori.
1327 3244 1436 3307 Est
1475 3246 1671 3326 igitur
1715 3263 1858 3306 sen-

351 3366 464 3408 sus
523 3365 540 3409 ε
593 3345 962 3409 Gauderetis
1022 3344 1176 3426 quia
1234 3346 1391 3408 vado
1449 3346 1528 3407 ad
1586 3344 1852 3420 Patrem,

350 3446 510 3529 quia
547 3445 726 3507 Pater
765 3445 968 3526 major
1007 3462 1108 3506 me
1149 3450 1244 3506 est
1282 3445 1634 3506 secundum
1677 3452 1858 3506 natu-

353 3563 492 3606 ram
533 3551 928 3625 assumptam
973 3561 986 3604 :
1031 3543 1266 3606 idcirco
1310 3543 1519 3605 eundo
1560 3543 1640 3605 ad
1682 3560 1853 3616 eum,

350 3642 684 3725 glorificor
742 3642 940 3722 magis
989 3660 1183 3723 quam
1242 3649 1410 3716 ante,
1464 3643 1567 3704 cui
1615 3639 1860 3722 glorifi-

355 3741 592 3805 cationi
652 3741 1052 3821 congaudere
1103 3739 1369 3802 debetis.
1421 3739 1631 3816 Porro,
1683 3741 1856 3822 quod

359 3840 558 3903 Filius
613 3841 697 3902 sit
742 3838 906 3901 Patri
959 3857 1106 3902 vere
1152 3839 1436 3920 aequaliS,
1491 3847 1734 3902 constat
1779 3856 1856 3900 ex

359 3957 434 4002 eo
470 3939 644 4020 quod
681 3937 769 3999 ait
805 3936 1144 4018 Apostolus
1179 3956 1194 4000 ε
1226 3936 1338 4009 Qui
1382 3956 1583 4018 quum
1626 3937 1688 3998 in
1729 3936 1859 3999 for-

361 4057 468 4100 ma
502 4037 612 4099 Dei
653 4044 839 4110 esset,
873 4055 1000 4098 non
1045 4036 1334 4117 rapinam
1377 4036 1718 4098 arbitratus
1762 4043 1859 4098 est

361 4156 502 4199 esse
560 4153 628 4198 se
685 4135 997 4217 aequalem
1059 4134 1222 4214 Deo;
1274 4136 1384 4197 sed
1443 4137 1858 4218 semetipsum

362 4235 739 4310 exinanivit,
786 4234 1057 4298 formam
1101 4234 1267 4296 servi
1310 4235 1654 4316 accipiens.

447 4337 533 4397 Ec
559 4355 739 4396 nunc
765 4336 919 4395 dimi
947 4335 1122 4394 vobis
1157 4333 1329 4414 quod
1369 4333 1527 4395 mihi
1568 4333 1860 4398 futurum

363 4443 462 4498 est
513 4435 580 4496 in
635 4433 948 4516 passione,
1006 4431 1467 4494 resurrectione
1527 4440 1589 4494 et
1644 4452 1864 4496 ascen-

363 4535 568 4609 sione,
612 4535 1006 4612 priusquam
1047 4535 1194 4609 fiat,
1243 4539 1316 4592 ut
1361 4552 1563 4612 quum
1609 4534 1864 4610 sactum

360 4635 593 4714 fuerit,
635 4631 698 4694 id
747 4639 864 4705 est,
904 4649 1107 4711 quum
1149 4629 1343 4692 verba
1391 4647 1531 4692 mea
1577 4630 1862 4694 videritis

363 4750 516 4796 vere
546 4729 830 4811 impleta,
863 4730 1139 4788 credatis
1168 4729 1340 4809 quod
1369 4747 1484 4809 ego
1518 4749 1660 4792 sum
1692 4729 1864 4792 Chri-

361 4841 499 4894 stus
548 4829 746 4891 Filius
798 4826 925 4901 Dei,
968 4845 1158 4907 quem
1211 4844 1311 4888 me
1362 4845 1499 4889 esse
1545 4827 1802 4892 affirmo
1846 4847 1860 4892 t

363 4928 672 5012 quoniam
715 4925 838 4988 nisi
881 4925 934 4986 is
971 4943 1196 4998 essem,
1231 4944 1356 4988 non
1402 4945 1652 5007 possem
1683 4927 1864 4991 vobis

365 5029 584 5090 futura
633 5043 792 5108 pure
842 5023 1270 5103 contingentia
1311 5030 1374 5085 et
1421 5032 1866 5106 supernatura-

367 5128 453 5190 lia
490 5145 636 5208 quae
679 5123 823 5186 fieri
869 5129 1199 5204 nequeunt
1239 5123 1361 5184 nisi
1400 5142 1436 5184 a
1474 5122 1618 5198 Deo,
1653 5125 1866 5205 qualia

365 5233 522 5289 sunt
581 5221 978 5286 resuscitatio
1041 5228 1103 5283 et
1157 5220 1538 5301 glorificatio
1605 5224 1860 5298 mortui,

369 5333 500 5388 tam
546 5341 694 5389 vere
733 5339 810 5384 ac
851 5328 1019 5384 certe
1063 5320 1428 5402 praedicere.

1963 3148 2046 3210 sit
2081 3147 2161 3210 ab
2201 3166 2276 3211 eo
2312 3149 2390 3209 ad
2430 3155 2706 3229 tempus.
2742 3151 2829 3210 Et
2870 3151 2943 3209 in
2983 3169 3082 3210 me
3113 3171 3239 3212 non
3279 3153 3463 3212 habet

1961 3249 2348 3327 quidquam,
2379 3246 2443 3307 id
2482 3254 2599 3321 est,
2646 3246 2805 3308 nihil
2850 3247 3055 3329 culpae
3097 3248 3344 3310 invenit
3395 3249 3460 3311 in

1963 3363 2066 3406 me
2119 3362 2132 3408 ε
2192 3345 2269 3406 de
2326 3363 2456 3425 quo
2515 3345 2825 3426 scriptum
2888 3353 2983 3407 est
3041 3364 3155 3428 per
3212 3346 3458 3422 Isaiam,

1961 3444 2364 3525 Iniquitatem
2427 3461 2551 3505 non
2610 3442 2783 3517 fecit,
2838 3437 2955 3506 nec
3014 3445 3313 3508 inventus
3366 3453 3463 3506 est
3520 3464 3753 3516 auum

1965 3541 2145 3604 dolus
2190 3542 2256 3603 in
2304 3559 2412 3604 ore
2460 3541 2621 3622 ejus.
2667 3540 2798 3616 Vel,
2845 3542 2911 3603 In
2956 3561 3057 3605 me
3104 3561 3228 3605 non
3272 3543 3463 3606 habet
3490 3527 3667 3632 {gum
3704 3541 3746 3579 '¹’

1963 3640 2338 3722 quidquam,
2392 3639 2458 3702 id
2514 3647 2609 3701 est
2666 3639 2912 3721 aliquid
2974 3641 3300 3722 potestatis
3362 3641 3460 3704 vel

1961 3739 2147 3820 juriS,
2200 3738 2351 3820 quia
2400 3737 2489 3800 nil
2540 3737 2905 3801 nocumenti
2950 3739 3047 3802 vel
3099 3758 3303 3821 poenae
3353 3760 3463 3823 po—

1963 3845 2086 3899 test
2123 3837 2281 3898 mihi
2324 3835 2559 3898 inferre
2591 3855 2703 3918 per
2744 3855 2892 3900 suos
2924 3837 3025 3898 vel
3067 3855 3180 3920 per
3210 3857 3298 3913 se,
3336 3840 3459 3901 nisi

1965 3943 2275 4019 quantum
2324 3953 2438 4017 ego
2490 3935 2626 4017 ipse
2684 3935 3055 4018 permisero,
3109 3939 3459 4018 praesertim

1966 4053 2169 4116 quum
2210 4053 2395 4116 poena
2433 4032 2761 4115 infligatur
2796 4053 2910 4117 pro
2940 4035 3149 4117 culpa,
3185 4043 3247 4098 et
3290 4056 3461 4100 mors
3492 4065 3756 4114 amam.

1967 4134 2051 4196 sit
2095 4151 2281 4216 poena
2323 4133 2587 4215 peccati.

1889 4243 1939 4305 D
2049 4233 2169 4296 Sed
2217 4233 2369 4313 quia
2426 4251 2501 4294 ex
2550 4233 2669 4296 hoc
2725 4233 3001 4295 dubitari
3060 4243 3292 4317 posset,
3349 4254 3464 4298 cur

1971 4332 2256 4396 Christus
2288 4331 2415 4414 pati
2448 4332 2739 4406 voluerit,
2773 4333 2887 4413 qui
2921 4351 3045 4396 non
3078 4333 3301 4396 habuit
3330 4334 3464 4395 cul-

1973 4451 2142 4514 pam,
2188 4431 2421 4511 adjecit
2468 4448 2480 4493 :
2526 4433 2635 4490 sed
2682 4441 2754 4492 ut
2800 4443 3130 4507 coynoscat
3178 4436 3463 4494 mundus
3598 4442 3666 4497 31

1972 4532 2129 4612 quia
2194 4531 2399 4607 diligo
2457 4531 2751 4599 Patrem,
2811 4530 2871 4591 id
2929 4537 3045 4605 est,
3115 4530 3257 4593 ideo
3330 4531 3459 4613 pati

1973 4630 2137 4704 volo,
2202 4637 2271 4690 ut
2328 4629 2678 4691 innotescat
2730 4627 3095 4690 hominibus
3149 4637 3461 4710 quantum

1973 4728 2167 4808 diligo
2204 4727 2468 4802 Patrem,
2504 4733 2761 4807 propter
2801 4726 2983 4806 cujus
3023 4728 3327 4790 honorem
3366 4747 3465 4791 re-

1975 4827 2410 4909 cuperandum
2449 4824 2610 4887 mori
2642 4825 2782 4888 volo
2822 4845 2936 4907 pro
2969 4826 3301 4891 hominum
3340 4829 3465 4892 sal-

1976 4927 2248 5000 vatione,
2286 4932 2355 4986 ut
2392 4923 2700 5005 redempti
2730 4931 2922 5005 atque
2952 4926 3170 4989 salvati
3206 4927 3467 4992 laudent

1975 5033 2038 5087 et
2074 5026 2387 5088 honorent
2425 5022 2667 5084 Patrem
2708 5040 2819 5084 seu
2860 5030 3051 5086 totam
3092 5023 3463 5089 Trinitatem

1976 5123 2041 5185 in
2092 5121 2389 5204 praesenti
2435 5128 2496 5182 et
2547 5121 2610 5182 in
2660 5120 2919 5201 futur03
2968 5133 3028 5182 ec
3068 5125 3235 5185 sicat
3283 5147 3468 5187 man-

1972 5226 2204 5284 datum
2240 5223 2420 5282 dedit
2460 5222 2626 5281 mihi
2664 5221 3013 5283 secundum
3054 5223 3228 5303 quod
3277 5222 3468 5287 homo

1975 5340 2140 5396 sum,
2177 5324 2378 5382 Pater
2410 5319 2509 5383 vel
2546 5318 2838 5395 Trinitas,
2869 5323 2963 5382 sic
2993 5322 3191 5401 facio.
3232 5321 3469 5386 Praece-
