4300 6259
109 860 176 914 18

62 2560 218 2603 Galat.
239 2573 283 2602 tv

1099 498 1450 545 ENARRATIO
1491 499 1555 545 IN
1597 500 1733 544 CAP-
1781 498 1846 545 11
1885 498 2163 547 JOANle.
2204 519 2285 530 —
2326 501 2467 549 ΛΒΤ.
2515 504 2709 550 XXVIII

3328 487 3444 551 481

325 663 571 741 ficatae,
637 667 932 731 videlicet
989 668 1269 733 nobilius
1327 636 1848 752 complexionatae
1877 670 1928 731 A
1954 674 2034 731 de
2053 672 2268 748 fratre
2294 694 2432 743 suo,
2460 674 2521 737 id
2551 682 2647 737 est
2677 675 2753 737 de
2784 675 2923 757 ejus
2954 675 3237 738 interitu.
3272 676 3449 739 Multi

325 782 536 845 quam
580 766 852 830 aliorum
889 768 1244 831 ‚mixtorum
1289 770 1587 833 materiae.

423 866 589 925 E'rac
635 874 854 927 autem
901 870 1229 929 Bethania
1269 869 1479 945 juxta
1527 871 1844 945 ,lerosoly-

325 982 541 1033 mam,
583 962 648 1025 id
687 971 784 1026 est
827 966 1036 1027 vicina
1083 966 1164 1039 ei,
1210 984 1322 1029 seu
1366 968 1604 1028 distans
1644 966 1723 1028 ab
1768 986 1841 1028 ea

325 1061 668 1124 dumtaxat
709 1065 902 1143 quasi
945 1066 1182 1125 stadiis
1221 1067 1595 1144 quindecim
1635 1086 1656 1124 .·
1697 1084 1840 1147 quae

325 1160 736 1231 constituunt
776 1160 937 1225 forte
968 1163 1238 1238 leucam,
1275 1182 1402 1227 uno
1432 1164 1633 1227 stadio
1664 1165 1838 1226 dem-

325 1266 464 1339 pto.
511 1258 641 1321 Hoc
679 1259 856 1323 addit
903 1259 1305 1342 Evangelista
1347 1264 1425 1325 ad
1470 1263 1838 1325 declaratio-

325 1375 480 1419 nem
527 1358 1086 1440 subsequentium,
1131 1360 1395 1435 scilicet,
1432 1362 1603 1443 quod
1648 1362 1833 1423 multi

322 1454 694 1519 Judaeorum
731 1459 810 1519 ad
853 1456 1109 1519 Mariam
1149 1465 1212 1520 et
1251 1458 1551 1521 Martham
1592 1458 1837 1522 conflu-

326 1562 580 1630 xerant,
614 1562 678 1617 et
709 1557 880 1637 quod
912 1556 1174 1639 quidam
1205 1576 1423 1620 eorum
1456 1557 1669 1619 Lazari
1701 1578 1839 1620 sus-

325 1652 700 1717 citationem
758 1655 825 1717 in
881 1654 1229 1718 Jerusalem
1290 1655 1832 1739 publicaverunt3

327 1750 641 1833 itemque,
682 1754 856 1835 quod
895 1752 1235 1835 pontifices
1277 1761 1521 1816 tantum
1567 1755 1837 1817 miracu-

328 1850 466 1911 lum
529 1869 678 1914 mox
738 1860 1184 1935 perceperunt,
1245 1861 1436 1936 atque
1497 1854 1833 1916 consilium
1870 1852 1916 1913 B
1945 1853 2108 1915 rexit
2159 1856 2415 1917 domum
2470 1874 2483 1917 :

325 1949 618 2011 inierunt
660 1958 880 2014 contra
918 1951 1159 2014 Jesum.

406 2047 734 2123 Bethania,
768 2068 914 2132 quae
944 2051 1399 2132 interpretatur
1432 2051 1658 2114 domus
1689 2050 1838 2113 obe-

326 2146 610 2223 dientiae,
663 2154 836 2210 tenet
886 2147 1163 2230 figuram
1214 2148 1512 2212 Ecclesiae
1558 2149 1836 2211 militan-

326 2244 434 2319 tis,
498 2264 644 2327 quae
702 2265 876 2309 nunc
934 2247 1172 2309 divinis
1235 2256 1415 2329 paret
1473 2248 1830 2330 praeceptis.

323 2343 700 2419 Jerusalem,
745 2364 889 2427 quae
940 2346 1390 2427 interpretatur
1431 2346 1590 2409 visio
1636 2347 1830 2428 paeiS,

330 2441 658 2523 significat
715 2442 1064 2506 Ecclesiam
1121 2442 1623 2526 triumphantem
1679 2463 1692 2507 :
1758 2444 1834 2506 de

287 2591 300 2611 ‚
329 2560 464 2622 qua
505 2542 583 2603 ad
632 2540 876 2605 Galatas
925 2541 1080 2604 dicit
1125 2542 1486 2624 ApostoluS,
1532 2542 1642 2611 llla
1690 2562 1834 2624 quae

223 2651 236 2669 ·
330 2658 592 2701 sursum
636 2647 732 2703 est
765 2639 1114 2702 Jerusalem
1160 2640 1360 2703 libera
1401 2648 1515 2715 est,
1558 2660 1702 2723 quae
1738 2648 1834 2703 est

326 2745 534 2801 mater
581 2746 814 2802 nostra.
849 2738 1151 2801 Bethania
1199 2739 1392 2820 igitur
1437 2739 1626 2801 distat
1666 2759 1702 2801 a
1734 2739 1834 2802 Je-

325 2836 610 2898 rusalem
660 2836 1033 2919 quindecim
1092 2836 1310 2899 stadiis
1367 2854 1380 2899 :
1434 2836 1498 2899 id
1548 2844 1664 2912 est,
1719 2856 1832 2919 per

322 2934 700 3015 quindecim
763 2936 998 3016 gradus
1059 2933 1391 3009 virtutum,
1457 2934 1535 2996 de
1593 2934 1833 3015 quibus

1954 780 2402 847 convenerant,
2436 774 2586 855 quia
2625 775 2703 835 de
2742 792 2967 855 magna
3010 776 3309 856 progenie
3348 776 3451 837 fu-

1953 878 2141 930 erunt
2190 870 2287 933 hae
2342 868 2619 946 feminae,
2672 880 2735 933 et
2782 881 3042 955 propter
3098 892 3277 935 suam
3338 874 3451 939 bo-

1951 966 2214 1029 nitatem
2271 968 2645 1032 amabantur
2701 990 2737 1033 a
2794 971 3035 1033 multis.
3088 972 3263 1034 Unde
3322 992 3448 1036 non

1951 1066 2158 1128 solum
2220 1068 2467 1147 cognati
2530 1086 2747 1130 earum
2806 1077 2997 1151 atque
3056 1070 3273 1145 vicini,
3338 1072 3447 1134 sed

1951 1165 2130 1227 multi
2164 1186 2419 1248 quoque
2444 1166 3021 1250 Jerosolymitarum
3054 1179 3449 1233 accesserant

1949 1280 2074 1323 eas.
2127 1262 2203 1325 Et
2248 1263 2413 1326 forte
2468 1265 2669 1327 multo
2728 1265 2945 1346 plures
2996 1267 3321 1329 venissent
3367 1269 3447 1331 ad

1951 1360 2140 1442 ipsaS,
2197 1362 2319 1423 nisi
2365 1370 2493 1425 tam
2550 1362 2897 1426 familiares
2950 1364 3222 1428 fuissent
3270 1366 3447 1429 Chri-

1950 1468 2046 1521 sto
2091 1478 2102 1520 :
2148 1468 2408 1542 propter
2449 1463 2618 1542 quod
2666 1462 3015 1526 multorum
3067 1463 3445 1543 indignatio-

1949 1575 2096 1619 nem
2141 1558 2571 1621 incurrerunt.

2015 1658 2283 1718 Martha
2302 1678 2449 1735 erqo
2478 1667 2549 1718 ut
2572 1660 2833 1720 audivit
2855 1662 3013 1740 quia
3032 1663 3215 1721 Jesus
3240 1664 3439 1724 venit.

1944 1754 2085 1836 Ipsa
2127 1756 2424 1837 equidem
2476 1764 2777 1839 tanquam
2829 1759 3107 1840 prudens
3156 1768 3443 1823 matrona

2538 1856 2680 1918 ideo
2726 1856 2959 1939 aliquis
3018 1876 3437 1939 praecurrenS,

1943 1958 2006 2012 et
2044 1950 2206 2014 forte
2244 1972 2281 2014 a
2311 1953 2557 2016 Christo
2596 1953 2850 2028 missuS‚
2889 1955 3097 2036 primo
3136 1956 3442 2020 indicavit

1944 2050 2002 2111 ei
2047 2050 2275 2113 Christi
2320 2052 2686 2113 adventum.
2720 2052 2981 2114 Videtur
3022 2054 3194 2116 enim
3242 2054 3441 2118 fuisse

1945 2148 2209 2211 nuntius
2260 2150 2368 2211 ille
2428 2150 2633 2213 bonus
2690 2158 2753 2212 et
2800 2152 3085 2227 credenS,
3138 2154 3291 2234 quia
3339 2172 3443 2217 oc-

1944 2247 2112 2309 culte
2162 2248 2480 2310 intimavit
2535 2247 2789 2311 Marthae
2835 2249 2911 2311 de
2961 2250 3191 2313 Christi
3237 2270 3441 2315 acces-

1945 2365 2042 2420 su,
2078 2345 2285 2408 sciens
2316 2364 2461 2407 eum
2490 2346 2721 2409 Judaeis
2751 2347 3077 2422 odibilem,
3113 2351 3281 2412 unde
3322 2368 3440 2413 nec

1945 2444 2036 2506 eis
2095 2443 2419 2506 indicavit.
2474 2447 2769 2507 Occurrit
2829 2448 2939 2506 illi
2998 2448 3243 2523 devote,
3298 2467 3439 2529 pro-

1948 2550 2088 2624 pter
2143 2543 2299 2605 tanti
2362 2542 2479 2605 viri
2542 2545 2959 2606 reverentiam
3017 2552 3080 2606 et
3137 2564 3439 2627 magnum

1947 2659 2225 2704 amorem
2274 2642 2351 2703 ad
2400 2659 2570 2702 eum.
2620 2640 2747 2703 Nec
2792 2642 3139 2725 assumpsit
3184 2643 3440 2707 Mariam

1948 2758 2185 2813 secum,
2221 2740 2329 2801 sed
2370 2740 2502 2802 sola
2547 2738 2829 2821 profecta
2879 2750 2995 2817 est,
3040 2742 3305 2824 cupiens
3344 2743 3443 2806 Je-

1944 2856 2084 2899 sum
2126 2838 2531 2918 singulariter
2577 2837 2816 2919 alloqui
2855 2845 2918 2901 et
2956 2840 3223 2921 precari,
3256 2848 3321 2903 et
3359 2859 3439 2904 ne

1939 2935 2136 2999 Judaei
2194 2936 2459 2999 Domino
2515 2938 2921 3000 adversantes
2979 2946 3269 3002 notarent
3325 2941 3440 3002 ali-

323 3040 602 3095 traetant
627 3032 1271 3117 quindecimpsalmi
1301 3032 1655 3113 gradualeS,
1694 3050 1834 3114 per-
1867 3038 1912 3103 C
1942 3034 2097 3115 quid
2156 3035 2233 3095 de
2289 3035 2518 3098 Christi
2581 3037 2938 3117 praesentia,
2991 3037 3213 3120 sicque
3273 3057 3440 3101 rece—

323 3130 516 3211 tingit
561 3131 765 3195 viator
805 3131 885 3193 ab
929 3130 1210 3194 Ecclesia
1253 3130 1550 3192 militanti
1596 3131 1673 3192 ad
1722 3132 1833 3193 tri-

327 3231 770 3313 umphantem.
825 3230 1148 3293 Prolixum
1205 3238 1370 3293 esset
1428 3230 1542 3293 hos
1599 3232 1829 3310 gradus

320 3326 456 3408 jam
501 3328 828 3411 prosequi.
873 3328 1140 3391 Possunt
1180 3346 1438 3413 quoque
1486 3346 1600 3409 per
1643 3328 1831 3408 quin-

323 3426 537 3488 decim
585 3428 806 3501 stadia,
849 3426 1119 3507 intelligi
1168 3434 1296 3487 tres
1341 3425 1607 3487 virtutes
1657 3426 1831 3489 theo-

323 3523 548 3604 logicae
586 3525 1052 3606 duodecimque
1083 3523 1348 3587 virtutes
1388 3523 1680 3597 moraleS‚
1718 3541 1831 3605 per

321 3642 603 3705 quarum
651 3630 830 3685 actus
891 3622 1314 3705 pertingimus
1363 3642 1400 3684 a
1450 3623 1551 3685 via
1598 3624 1675 3684 ad
1723 3641 1832 3705 pa-

323 3722 539 3783 triam.
601 3720 922 3784 Virtutum
992 3722 1163 3783 enim
1236 3721 1574 3783 moralium
1640 3739 1832 3803 opera

328 3838 458 3883 non
489 3827 643 3882 sunt
671 3827 922 3883 aeteruae
953 3819 1098 3882 vitae
1125 3819 1470 3893 meritoria,
1505 3819 1630 3881 nisi
1661 3819 1836 3883 theo-

329 3918 684 3999 logicarum
748 3918 1057 3980 virtutum
1124 3917 1373 3980 actibus
1435 3917 1833 3999 imperentur

47 4032 297 4089 uetans.
329 4034 404 4078 ae
447 4016 839 4097 regulentur.
881 4014 1036 4077 Nam
1079 4016 1218 4078 sine
1259 4008 1398 4077 fide
1437 4015 1833 4097 impossibile

49 4392 125 4436 ¹·3.

127 5200 192 5255 19

331 4122 427 4176 est
469 4114 594 4176 Deo
638 4113 912 4194 placere.
949 4112 1022 4175 Et
1062 4108 1287 4175 caritas
1328 4121 1424 4176 est
1467 4113 1670 4177 forma
1707 4113 1834 4175 vir-

1944 3133 2186 3194 derent.
2228 3135 2451 3195 Maria
2500 3144 2718 3196 autem
2764 3137 2944 3197 domi
2988 3140 3241 3199 sedebat
3289 3156 3438 3200 cum

1939 3231 2167 3293 Judaeis
2212 3231 2686 3294 consolantibus
2729 3250 2890 3295 eam.

2021 3328 2257 3390 Martha
2288 3329 2481 3391 vitam
2512 3330 2718 3410 signat
2746 3331 3040 3405 activam,
3072 3331 3261 3395 Maria
3291 3352 3439 3397 con-

1942 3426 2397 3508 templativam.
2461 3426 2697 3489 Martha
2757 3445 2907 3508 ergo
2969 3429 3217 3493 Christo
3278 3430 3435 3495 foris

1940 3524 2236 3597 occurrit,
2256 3525 2557 3605 quoniam
2588 3525 2859 3588 activam
2890 3526 3084 3589 vitam
3115 3528 3431 3604 ducenteS,

1941 3622 2188 3685 Christo
2235 3621 2493 3685 obviant
2540 3622 2607 3684 in
2655 3622 3077 3687 exterioribus
3130 3628 3436 3707 practica-

1941 3740 2082 3782 rum
2135 3720 2442 3782 virtutum
2501 3718 2824 3800 operibus,
2878 3721 3186 3803 proximis
3247 3725 3436 3786 mini-

1941 3826 2233 3892 stranteS,
2274 3824 2337 3879 et
2374 3817 2827 3881 misericordiae
2870 3820 3189 3883 exercitiis
3232 3822 3433 3884 inten-

1942 3919 2183 3990 denteS,
2232 3916 2770 3997 quemadmodum
2820 3916 3038 3979 Petrus
3090 3919 3425 3983 hortatur:
3512 3962 3519 3969 ·

3576 1668 3649 1725 20

1941 4015 2291 4098 Hospitales
2360 4013 2636 4076 invicem
2702 4013 2839 4077 sine
2902 4019 3426 4081 murmuratione.
3460 4032 3719 4085 lpotmvs.

1943 4112 2427 4196 Contemplativi
2484 4130 2633 4181 vero
2692 4113 2863 4177 domi
2923 4115 3223 4191 resident,
3277 4136 3435 4199 quo-

330 4219 565 4285 tutum,
616 4210 796 4292 origo
844 4220 910 4275 et
954 4211 1106 4275 finis
1163 4231 1235 4275 ac
1285 4211 1412 4275 vita
1470 4230 1711 4288 earum,
1763 4215 1829 4275 in
1863 4221 1912 4282 D
1943 4213 2111 4276 niam
2162 4212 2227 4274 in
2277 4212 2619 4275 solitudine
2666 4219 2858 4294 atque
2906 4212 3163 4277 silentio
3212 4224 3435 4278 vacant

71 4328 297 4384 lemn..
331 4319 578 4373 tantum
613 4318 684 4373 ut
721 4312 776 4373 si
809 4311 1044 4393 linguis
1082 4312 1453 4393 angelorum
1496 4311 1832 4393 loquamur
1941 4312 2086 4386 Deo,
2139 4317 2313 4373 tanto
2364 4309 2586 4391 utique
2637 4310 2877 4392 purius,
2930 4310 3244 4388 stabiliuS,
3297 4315 3435 4377 dul-

331 4418 394 4473 et
441 4410 804 4485 hominum,
853 4428 1237 4492 omnemque
1286 4410 1699 4472 habuerimus
1750 4410 1830 4472 fi-

327 4509 471 4571 dem
517 4508 606 4571 ita
649 4515 723 4570 ut
759 4515 1003 4571 montes
1046 4505 1521 4583 transferamuS,
1565 4527 1830 4590 corpora

325 4626 588 4689 quoque
648 4607 1010 4670 dederimus
1060 4606 1146 4668 ita
1195 4613 1265 4669 ut
1320 4608 1674 4682 ardeamus,
1729 4626 1830 4669 ca-

326 4706 582 4768 ritatem
612 4702 786 4768 'vero
835 4724 961 4767 non
1013 4703 1450 4779 habuerimuS,
1499 4704 1590 4767 nil
1641 4705 1826 4769 nobis

325 4804 577 4888 prosint
606 4803 821 4867 omnia
850 4802 981 4865 illa.
1017 4794 1277 4879 R'ursuS,
1313 4822 1426 4886 per
1455 4804 1828 4886 quindecim

323 4904 526 4966 stadia
574 4902 848 4981 intelligi
894 4910 1162 4982 possunt
1200 4910 1442 4983 septem
1486 4904 1648 4967 dona
1689 4902 1829 4985 Spi-

325 5001 486 5064 ritus
535 4999 750 5063 Sancti
797 5007 861 5062 et
906 5006 1048 5062 octo
1097 4997 1540 5073 beatitudines,
1587 5001 1824 5081 quibus

324 5101 404 5163 ad
445 5098 798 5162 Ecclesiam
840 5096 1346 5179 triumphantem
1389 5098 1821 5178 perducimur.

409 5200 615 5261 Multi
671 5206 891 5259 autem
945 5216 1027 5256 em
1067 5196 1317 5257 Judoeis
1375 5206 1681 5257 venerant
1739 5202 1827 5259 ad

329 5299 662 5359 Mat-cham
689 5302 750 5355 et
770 5296 1090 5365 Mariam,
1108 5303 1182 5355 ut
1210 5297 1694 5354 consolarentur
1720 5316 1828 5356 eas

575 5425 643 5477 T.
681 5424 759 5477 12.

1941 4410 2077 4472 cius
2117 4416 2181 4471 et
2216 4406 2519 4489 quietiuS,
2553 4416 2791 4489 quanto
2830 4408 2907 4471 ab
2948 4409 3121 4472 omni
3162 4412 3431 4493 strepitu

1939 4507 2338 4571 saecularium
2388 4507 2807 4587 negotiorum,
2849 4508 3153 4590 omnique
3196 4511 3435 4573 tumul-

1937 4615 2005 4669 tu
2049 4606 2385 4669 hominum
2434 4606 2900 4669 mundanorum
2946 4605 3189 4669 fuerint
3232 4626 3433 4672 remo-

1936 4706 2150 4778 tioreS,
2205 4722 2331 4766 non
2391 4703 2530 4765 loco
2586 4708 2851 4776 tantum,
2904 4705 3014 4767 sed
3070 4706 3260 4767 etiam
3321 4725 3431 4770 vo-

1937 4809 2018 4865 to.
2052 4802 2197 4864 ldeo
2240 4801 2330 4862 ait
2376 4799 2702 4861 Psalmista
2744 4817 2757 4862 :
2800 4800 3161 4865 Abscondes
3205 4822 3313 4867 eos
3363 4805 3429 4867 in
3457 4823 3724 4876 pamm.

1932 4900 2303 4963 abscondito
2332 4898 2547 4963 vultus
2584 4898 2701 4972 tui,
2734 4916 2771 4958 a
2800 4899 3282 4966 conturbatione
3322 4903 3434 4967 ho-

1933 4999 2226 5080 minum3
2261 5005 2548 5080 proteges
2591 5014 2697 5060 eos
2737 4997 2802 5059 in
2840 4996 3249 5063 tabernaculo
3291 5009 3426 5078 tuo,

1931 5118 1968 5161 a
2007 5096 2501 5161 contradictione
2551 5094 2935 5174 linguarum.
2974 5093 3047 5155 Et
3088 5095 3275 5159 lsaias
3311 5116 3324 5161 ε
3359 5099 3430 5161 ln
3457 5116 3523 5160 ιο.
3542 5116 3723 5167 xxx‚1³.

1933 5215 2068 5278 spe,
2122 5194 2353 5276 inquit,
2395 5200 2459 5254 et
2504 5192 2758 5255 silentio
2805 5192 2927 5255 erit
2973 5193 3277 5259 fortitudo
3328 5215 3432 5259 ve-

1934 5302 2082 5357 stra.
2133 5291 2345 5354 Nihilo
2402 5289 2637 5365 minuS,
2700 5291 2867 5353 sieut
2922 5290 3183 5374 patebit,
3242 5292 3431 5359 Maria

3115 5424 3175 5475 31
