4300 6259
1147 485 1496 533 mamm-10
1539 487 1603 534 m
1643 487 1780 535 clu».
1826 488 1889 535 v1
1929 489 2203 537 somnis.
2251 510 2331 521 —
2373 492 2515 539 mr.
2561 481 2711 541 xvm

3356 476 3474 541 401

365 651 830 717 Verumtamen
899 675 1026 720 non
1085 664 1182 719 est
1237 657 1330 720 sic
1393 658 1876 741 intelligendum
1907 659 1956 720 A
1989 660 2070 721 sit
2121 680 2159 722 a
2208 662 2397 743 vulgo
2453 664 2985 727 communicante.
3036 665 3105 727 ln
3154 664 3479 747 primitiva

366 753 551 833 quod
600 754 711 827 ait,
763 754 880 817 Pro
928 756 1150 817 mundi
1203 756 1353 829 vita,
1404 758 1573 839 quod
1624 776 1737 839 per
1783 776 1881 819 re-

368 850 740 931 ceptionem
790 853 984 934 hujus
1035 856 1435 930 sacramenti,
1491 856 1618 919 vita
1662 856 1880 936 gratiae

369 948 442 1010 in
491 949 753 1013 homine
795 951 1132 1016 inchoetur
1173 972 1187 1017 :
1232 954 1382 1029 imo,
1415 954 1528 1036 qui
1569 954 1709 1016 sine
1752 955 1880 1018 vita

363 1047 594 1127 gratiae
623 1050 702 1110 ad
733 1050 854 1112 hoc
883 1060 1348 1115 sacramentum
1381 1053 1725 1127 accederet,
1750 1072 1882 1115 am-

83 1162 336 1215 leonum.
369 1146 551 1228 plius
593 1156 946 1210 moreretur
991 1150 1056 1211 in
1106 1150 1338 1225 anima,
1375 1169 1650 1233 reusque
1693 1150 1880 1213 fieret

163 1830 231 1887 53
454 1840 837 1915 Litiqabant
883 1859 1058 1917 erqo,
1096 1840 1159 1903 id
1204 1848 1319 1916 est,
1355 1840 1568 1904 verbis
1619 1849 1876 1904 conten·
1911 1840 2219 1920 B‘corpus
2280 1839 2530 1913 Christi,
2594 1841 2657 1901 vi
2721 1842 3205 1921 conversionis3
3266 1840 3480 1904 anima

371 1936 632 2011 debant,
672 1940 914 2011 Judoei,
959 1939 1091 2002 haee
1138 1940 1218 2000 ab
1265 1958 1374 2003 ore
1422 1939 1653 2004 Christi
1697 1940 1877 2003 audi-
1988 1954 2159 2011 vero,
2194 1938 2449 2018 sanguis
2492 1946 2553 2001 et
2596 1938 2897 2015 Verbum,
2932 1948 3081 2003 sunt
3120 1940 3209 2003 ibi
3249 1958 3324 2003 ex
3373 1959 3482 2002 na·-

367 2042 576 2109 entes,
617 2044 680 2097 et
730 2037 1069 2099 carnaliter
1113 2057 1186 2100 ac
1236 2040 1480 2101 ruditer
1525 2039 1871 2122 capientes,
1987 2036 2176 2097 turali
2231 2037 2512 2118 sequela,
2563 2057 2765 2118 quum
2824 2058 2951 2102 non
3010 2038 3137 2101 sint
3194 2047 3482 2122 separata

367 2136 462 2193 ad
499 2134 784 2197 invicem
817 2137 1098 2197 dicentes
1146 2154 1222 2197 ex
1262 2136 1642 2199 infidelitate
1679 2145 1743 2199 et
1781 2138 1877 2199 in-
1985 2133 2065 2196 ab
2105 2134 2401 2198 invicem.
2436 2134 2867 2199 Pariformiter
2904 2136 3024 2199 sub
3064 2138 3278 2220 specie
3317 2138 3475 2213 vini,

366 2231 662 2293 ordinata
730 2233 1148 2297 admiratione
1211 2253 1224 2297 :
1290 2238 1610 2303 Quomodo
1671 2246 1875 2316 potest
1987 2240 2082 2294 est
2121 2234 2375 2313 sanguis
2417 2234 2674 2309 directe,
2711 2244 2864 2317 puta
2902 2255 2979 2298 ex
3019 2237 3081 2299 vi
3122 2236 3481 2301 conversio-

365 2331 500 2403 kic,
542 2348 737 2412 quem
785 2338 1080 2395 tenemus
1131 2352 1246 2415 pro
1295 2352 1456 2415 puro
1507 2333 1765 2398 homine
1813 2342 1876 2397 et
1988 2330 2128 2411 nis3
2175 2349 2321 2394 caro
2364 2340 2599 2407 autem,
2636 2333 2850 2395 anima
2898 2340 2961 2395 et
3001 2333 3281 2396 Verbum
3330 2353 3481 2397 con-

365 2426 512 2490 filio
553 2428 810 2512 Joseph,
845 2433 1028 2490 nobis
1065 2430 1325 2493 earnem
1361 2453 1552 2493 suam
1587 2436 1748 2493 dare
1788 2437 1877 2493 ad
1986 2430 2391 2492 comitantur.

365 2530 966 2590 manducandum?
1010 2530 1194 2610 quasi
1247 2531 1460 2593 dicant
1511 2550 1525 2594 :
1582 2531 1707 2595 Hoc
1760 2532 1877 2595 im-
2067 2530 2197 2597 Qui
2245 2531 2599 2589 manducat
2646 2550 2855 2591 meam
2901 2550 3163 2591 carnem
3210 2542 3270 2593 et
3317 2534 3477 2593 bibit
3610 2533 3681 2587 55

367 2626 680 2709 possibile
729 2635 827 2689 est
870 2636 1063 2709 atque
1109 2629 1356 2691 inutile.
1400 2629 1685 2693 Christus
1726 2649 1876 2695 vero
1985 2646 2198 2687 meum
2262 2628 2672 2703 sanquinem,
2744 2646 2870 2691 non
2938 2629 3477 2691 sacramentaliter

369 2731 642 2787 testatur
689 2726 810 2789 hoc
859 2743 1020 2801 esse,
1075 2746 1201 2791 non
1253 2729 1457 2791 solum
1511 2748 1634 2791 non
1685 2729 1878 2791 inuti-
1983 2732 2251 2799 tantum,
2306 2725 2471 2787 sicut
2516 2724 2645 2805 jam
2693 2726 2933 2788 dictum
2982 2734 3098 2802 est,
3147 2730 3333 2817 hebet
3382 2730 3481 2789 vi-

369 2824 456 2898 le,
503 2826 616 2888 sed
679 2824 946 2907 insuper
993 2827 1424 2891 necessarium
1476 2828 1556 2890 ad
1605 2828 1874 2890 salutem
1985 2832 2116 2883 tam
2145 2834 2479 2892 aeternam,
2512 2824 2815 2905 quoniam
2858 2824 3048 2887 habet
3092 2826 3475 2908 meipsum,

372 2922 690 3005 ipsorum.
1982 2930 2045 2982 et
2083 2921 2277 2984 habet
2314 2922 2505 2984 vitam
2543 2923 2780 3003 gratiae,
2824 2941 2969 3004 quae
3007 2923 3241 2987 virtute
3284 2925 3479 3005 hujus

167 3021 236 3077 54
455 3023 648 3083 Dioeit
683 3041 833 3099 erqo
869 3022 962 3081 eis
988 3024 1170 3083 Jesus
1199 3044 1222 3082 .·
1251 3025 1481 3095 Amen,
1514 3043 1701 3084 amen
1731 3026 1874 3084 dico
1911 3015 1954 3078 C
1984 3020 2360 3081 sacramenti
2419 3020 2845 3095 continuatur,
2898 3022 3098 3084 donec
3152 3023 3231 3085 ad
3284 3022 3477 3086 vitam

369 3122 574 3189 vobis,
620 3122 760 3181 nisi
805 3122 1358 3182 manducaveritis
1404 3142 1664 3183 carnem
1707 3124 1878 3183 Filii
1979 3117 2199 3197 gloriae
2228 3119 2633 3199 sempiternae
2654 3120 3298 3201 pertingat.Futuram
3329 3141 3481 3203 quo-

369 3222 685 3287 hominis,
737 3217 804 3281 in
861 3217 1284 3293 sacramento,
1335 3220 1875 3282 sacramentaliter
1982 3233 2109 3296 que
2154 3215 2609 3278 beatitudinem
2656 3216 2785 3297 jam
2838 3218 3030 3279 habet
3071 3218 3136 3279 in
3182 3237 3316 3300 spe,
3352 3220 3479 3282 vir-

369 3326 435 3379 et
463 3318 906 3400 spiritualiter,
939 3317 1042 3379 vel
1081 3317 1496 3399 spiritualiter
1522 3319 1600 3381 ad
1631 3319 1868 3394 minus,
1980 3320 2115 3375 tute
2173 3322 2237 3376 et
2290 3314 2491 3396 gratia
2538 3314 2731 3395 hujus
2782 3316 3180 3379 sacramenti.
3234 3321 3320 3378 Et
3366 3338 3477 3396 eqo

369 3436 490 3500 per
516 3416 718 3480 fidem
749 3424 812 3479 et
841 3424 1059 3480 votum
1089 3416 1446 3479 accedendo
1475 3417 1873 3499 gratiamque
1980 3414 2367 3473 resuscitabo
2407 3434 2555 3474 eum
2600 3416 2673 3475 in
2714 3416 3062 3476 novissimo
3099 3418 3226 3489 die,
3263 3425 3332 3478 ut
3374 3434 3477 3479 me

368 3516 604 3580 Christi
646 3514 1109 3598 participando,
1142 3524 1202 3575 et
1236 3516 1525 3576 biberitis
1554 3517 1697 3595 ejus
1723 3536 1874 3578 san·
1981 3509 2178 3572 Deum
2218 3518 2280 3573 et
2318 3509 2641 3574 hominem
2683 3510 2891 3574 videat
2928 3512 3134 3576 oeulis
3175 3513 3383 3576 earnis
3414 3522 3477 3577 et

358 3618 638 3693 quinem
681 3615 870 3678 modo
915 3612 1237 3695 praedicto,
1271 3633 1396 3674 non
1431 3616 1744 3675 habebitis
1774 3617 1874 3675 vi·
1981 3609 2188 3671 cordis
2227 3626 2341 3691 per
2379 3607 2703 3691 propriam
2744 3608 3045 3690 speciem,
3079 3629 3271 3691 quem
3304 3631 3477 3675 nune

309 3770 320 3783 ,
367 3724 506 3777 tam
563 3712 965 3796 spiritualem
1023 3714 1094 3774 in
1147 3714 1342 3786 vobiS,
1404 3712 1515 3774 sed
1573 3711 1870 3775 carebitis
1979 3708 2183 3771 cernit
2224 3726 2339 3790 per
2380 3706 2598 3769 fidem.
2642 3706 3011 3769 Carnalibus
3054 3708 3227 3771 enim
3270 3710 3472 3774 oeulis

363 3813 570 3894 gratia
627 3812 694 3873 in
755 3810 1051 3893 praesenti
1120 3819 1184 3872 et
1244 3809 1446 3891 gloria
1501 3810 1568 3872 in
1626 3808 1867 3875 futuro.
1979 3806 2339 3869 videbimus
2379 3805 2699 3869 Christum
2737 3804 2802 3867 in
2846 3805 3261 3883 humanitate,
3296 3826 3472 3871 men-

361 3910 906 3983 Quemadmodum
936 3910 1109 3971 enim
1139 3908 1429 3971 membra
1457 3908 1741 3990 corporis
1773 3929 1897 3993 nag
1980 3905 2211 3967 talibus
2255 3922 2404 3968 vero
2446 3903 2513 3966 in
2557 3903 2908 3966 divinitate.

363 4010 594 4073 turalis
643 4009 1007 4072 moriuntur
1052 4026 1124 4070 ac
1173 4013 1462 4089 pereunt,
1506 4007 1632 4069 nisi
1677 4008 1868 4090 capiti
2060 4006 2221 4065 Caro
2268 4004 2441 4063 enim
2494 4023 2631 4065 mea
2682 4022 2824 4064 vere
2860 4013 2948 4064 esc
2984 4004 3181 4073 cibus,
3220 4015 3281 4068 ec
3320 4026 3471 4067 san·
3602 4018 3675 4075 56

369 1246 664 1327 eorporis
715 1246 986 1309 Domini.
1039 1248 1245 1322 Quum
1302 1250 1475 1312 enim
1527 1268 1880 1312 sacramen-

367 1349 513 1404 tum
547 1344 718 1406 istud
757 1344 840 1406 sit
879 1345 1063 1409 cibus
1105 1346 1478 1428 spirituali&
1514 1346 1677 1422 ideo,
1713 1348 1879 1409 sicut

369 1439 560 1503 cibus
611 1443 958 1525 corporalis
1019 1462 1146 1507 non
1205 1445 1390 1507 datur
1449 1464 1564 1507 nee
1625 1447 1878 1527 prodest

369 1538 502 1601 nisi
537 1540 777 1604 viventi
809 1542 936 1605 vita
969 1550 1231 1619 naturae,
1267 1544 1360 1606 sic
1397 1543 1579 1607 cibus
1611 1544 1716 1605 hic
1748 1544 1878 1625 spi-

371 1637 627 1702 ritualis
687 1659 814 1703 non
879 1642 1179 1706 convenit
1241 1660 1358 1705 nec
1425 1641 1686 1725 proficit
1751 1642 1874 1704 nisi

371 1737 618 1801 viventi
665 1740 793 1803 vita
829 1743 1098 1821 gratiae..

364 4114 849 4182 connectantur,
903 4114 966 4167 et
1019 4105 1100 4167 ab
1159 4124 1234 4169 eo
1285 4112 1528 4168 motum
1578 4123 1870 4167 sensum-

1984 764 2197 820 tamen
2246 758 2526 823 Ecclesia
2569 761 2688 823 hoe
2730 762 2969 843 fiebat3
3016 764 3125 826 sed
3167 782 3336 825 nune
3379 781 3479 825 or-

1982 857 2271 920 dinatum
2320 866 2417 919 est
2451 860 2655 936 aliter,
2693 869 2953 943 propter
2992 860 3327 923 effusionis
3368 879 3479 943 pe·-

1986 954 2282 1017 riculum.
2334 955 2716 1037 Sanguinem
2766 976 2915 1039 ergo
2964 959 3192 1023 Christi
3246 959 3479 1041 accipit

1987 1053 2263 1135 populus
2303 1054 2739 1136 spiritualiter,
2775 1064 2838 1119 et
2875 1057 3065 1119 etiam
3100 1058 3318 1139 aliquo
3348 1074 3481 1120 mo-

1985 1149 2064 1212 do
2107 1150 2382 1227 realiter,
2425 1153 2578 1234 quia
2626 1154 2692 1215 in
2742 1152 3145 1217 Sacramento
3194 1152 3479 1235 corporis

1983 1248 2344 1310 continetur
2383 1257 2444 1312 et
2484 1252 2761 1331 sanguis,
2796 1251 2962 1314 sicut
2999 1259 3274 1315 econtra.
3306 1250 3482 1313 Licet

1983 1345 2154 1407 enim
2195 1348 2817 1413 transsubstantiatio
2859 1350 3040 1431 panis
3081 1350 3319 1411 directe
3360 1356 3480 1411 ter-

1983 1444 2264 1508 minetur
2299 1448 2377 1509 ad
2416 1466 2671 1510 earnem
2710 1448 3071 1523 SalvatoriS,
3114 1455 3177 1510 et
3216 1466 3482 1512 conver-

1983 1542 2078 1605 sio
2126 1544 2258 1605 vini
2318 1545 2396 1607 ad
2444 1546 2817 1627 sanguinem
2866 1546 3029 1627 ejuS,
3080 1564 3159 1607 ex
3208 1544 3479 1607 naturali

1983 1647 2196 1704 tamen
2240 1644 2747 1721 concomitantia,
2790 1645 2910 1707 sub
2955 1652 3224 1727 utraque
3266 1644 3479 1727 speeie

1987 1747 2136 1801 sunt
2183 1749 2455 1822 quatuor
2498 1761 2511 1805 :
2555 1743 2706 1825 quia
2748 1744 2867 1805 sub
2906 1744 3118 1826 specie
3160 1743 3342 1826 panis
3384 1750 3479 1805 est

1967 4103 2122 4178 quis
2149 4122 2328 4163 meu-s
2356 4120 2500 4161 vere
2526 4111 2615 4163 esc
2640 4110 2851 4179 pocus.
2884 4100 3012 4165 Hoc
3044 4102 3133 4164 ait
3161 4102 3464 4181 Salvator,

361 4223 496 4289 que
545 4205 970 4288 participent;
1017 4204 1110 4267 sic
1157 4204 1468 4277 homineS,
1503 4221 1580 4265 ex
1629 4203 1868 4285 quibus
1899 4205 1948 4266 D
1976 4217 2057 4260 ne
2087 4207 2417 4281 putaretur
2447 4199 2804 4281 parabolice
2833 4200 3011 4282 loqui
3042 4220 3218 4266 more
3246 4222 3472 4267 consu-

360 4303 550 4385 quasi
597 4321 676 4365 ex
727 4300 1032 4363 membris
1081 4300 1488 4365 constituitur
1526 4300 1864 4382 mysticum

363 4422 602 4485 corpus
651 4400 908 4475 Christi,
963 4399 1091 4464 vita
1134 4399 1350 4481 gratiae
1409 4398 1860 4475 destituuntur,

123 4514 280 4559 εοιοω.
301 4528 330 4567 ι,
361 4501 493 4566 nisi
533 4500 750 4582 capiti,
784 4500 956 4581 quod
994 4506 1091 4561 est
1127 4498 1436 4571 Christus,
1471 4514 1584 4579 pcr
1621 4516 1864 4560 sacram

91 4582 148 4623 18.

358 4599 884 4666 communionem
923 4603 1298 4671 nectantur,
1361 4594 1726 4677 recipiendo
1780 4594 1863 4659 ab

355 4701 472 4764 illo
504 4699 703 4762 vitam
743 4696 1145 4779 spiritualem
1183 4703 1247 4757 et
1280 4702 1522 4759 motum
1558 4694 1866 4758 meritori-

1974 4305 2096 4373 eto,
2131 4298 2217 4360 ita
2245 4299 2417 4380 quod
2448 4316 2701 4361 earnem
2733 4318 2911 4362 suam
2943 4300 3181 4364 diceret
3215 4320 3466 4384 panem,

1974 4397 2130 4478 quia
2178 4397 2535 4478 signaretur
2583 4414 2698 4478 per
2746 4416 3000 4480 panem,
3042 4407 3107 4462 et
3142 4410 3307 4463 esset
3348 4402 3467 4467 sub

1973 4495 2179 4559 forma
2208 4496 2390 4578 panis
2422 4496 2628 4559 solum
2660 4495 2827 4559 sicut
2856 4497 2923 4558 in
2954 4498 3157 4579 signo,
3192 4500 3292 4563 vel
3325 4520 3469 4583 pro-

1975 4601 2116 4675 pter
2163 4594 2443 4675 aliquam
2487 4594 2937 4676 proprietatem
2982 4614 3131 4659 cum
3174 4616 3337 4679 pane
3382 4599 3469 4662 ci-

1971 4692 2092 4755 bus
2132 4694 2449 4755 diceretur
2486 4712 2499 4754 :
2541 4693 2861 4773 quomodo
2903 4694 3061 4755 dicit
3100 4694 3462 4778 Apostolus,

1971 4791 2149 4854 Petra
2213 4799 2346 4854 erat
2410 4790 2718 4866 ChristuS,
2788 4792 3092 4873 quoniam
3162 4793 3466 4877 figuravit
3496 4810 3759 4865 morast.

1969 4890 2332 4965 Christum3
2384 4896 2447 4952 et
2490 4889 2701 4963 IsaiaS,
2739 4889 2894 4952 Vere
2932 4889 3179 4955 foenum
3222 4902 3318 4957 est
3357 4914 3467 4978 po-
3516 4908 3731 4963 tana.

1968 4988 2183 5071 puluS,
2228 4995 2487 5070 propter
2534 4988 3045 5052 convenientiam
3085 4993 3462 5076 quamdam3

1966 5095 2028 5150 et
2066 5086 2235 5149 infra
2274 5086 2363 5148 ait
2400 5087 2479 5149 de
2518 5103 2585 5149 se
2623 5086 2765 5168 ipso
2802 5086 3107 5165 Salvator,
3148 5088 3280 5171 Ego
3322 5111 3462 5155 sum
3510 5110 3757 5161 laenam.

419 5191 548 5255 Sed
581 5188 775 5253 verba
803 5188 1064 5250 inducta
1093 5186 1505 5267 intelligenda
1543 5205 1669 5250 non
1709 5196 1858 5251 sunt
1965 5187 2112 5250 vitis
2133 5202 2303 5249 vera.
2337 5184 2429 5247 Ad
2466 5184 2923 5248 insinuandum
2961 5204 3112 5268 ergo
3149 5191 3324 5270 quod
3365 5210 3466 5253 ca-
3494 5177 3534 5218 ¹·

347 5288 540 5375 quasi
590 5286 848 5368 sanguis
900 5284 1132 5349 Christi
1177 5303 1464 5348 seorsum
1510 5286 1856 5349 sumendus
1963 5304 2034 5350 ro
2071 5304 2187 5348 sua
2224 5284 2307 5347 sit
2346 5300 2495 5347 vere
2531 5290 2593 5346 et
2631 5283 3134 5348 substantialiter
3173 5287 3292 5350 sub
3328 5307 3465 5371 spe·

607 5420 675 5475 T.
709 5420 791 5472 12.
3146 5419 3211 5473 26

354 4819 493 4861 um.
537 4796 862 4869 Praeterea,
906 4794 1072 4857 sicut
1111 4812 1343 4876 corpus
1384 4794 1521 4856 sine
1558 4811 1860 4874 corporeo

349 4898 504 4961 cibo
535 4915 660 4959 non
695 4901 1099 4967 sustentatur,
1125 4910 1242 4955 nec
1275 4899 1605 4975 permanet
1633 4890 1699 4954 in
1732 4892 1860 4955 vita

351 4994 654 5067 naturali,
689 4992 784 5054 sie
824 4992 1039 5054 anima
1077 4990 1216 5053 sine
1251 4989 1371 5053 hoe
1409 4990 1552 5052 cibo
1597 4990 1858 5055 vivifico

349 5112 484 5157 non
530 5090 816 5174 persistit
855 5090 923 5152 in
967 5090 1096 5153 vita
1135 5088 1355 5169 gratiae
1397 5088 1736 5170 spirituali.
