4300 6259
869 461 990 530 370

1672 484 2019 532 zumulo
2063 483 2127 529 m
2171 482 2311 530 GAP.
2358 483 2396 528 V
2436 481 2713 529 mamus.
2760 501 2842 512 —
2883 482 3024 529 Am·-
3069 483 3176 530 nv

865 652 988 716 sert
1032 653 1401 735 judicialem
1452 654 1851 730 sententiam,
1896 654 2086 717 modo
2135 659 2362 736 praeta-
2393 651 2445 712 A
2469 650 2677 726 lectio,
2730 652 3085 728 concordia,
3137 659 3338 734 atque*
3383 650 3650 742 justitiae
3705 669 3780 713 ac
3829 669 3965 712 san-

864 759 987 827 cto,
1034 754 1143 816 sed
1192 772 1380 817 omne
1435 753 1773 835 judicium,
1827 753 1891 815 id
1951 761 2047 814 est
2109 752 2363 815 univer-

867 851 1060 915 salem
1124 853 1597 916 exsecutionem
1652 853 1901 935 judicii,
1961 852 2135 914 dedit
2202 849 2362 913 Filio

868 952 1219 1013 secundum
1252 959 1541 1014 naturam
1580 970 1772 1033 quam
1814 951 2041 1026 induit,
2078 950 2244 1013 sicut
2275 949 2362 1011 in-

868 1045 969 1110 fra
1015 1049 1267 1130 plenius
1312 1051 1696 1113 ostendetur.
1752 1050 1927 1112 Unde
1974 1049 2246 1111 habetur
2292 1047 2359 1109 in

574 1164 655 1208 Pe.
677 1165 837 1214 mna
869 1145 1114 1210 Psalmo
1148 1167 1161 1210 :
1196 1148 1382 1224 DeuS‚
1412 1148 1727 1230 judicium
1768 1155 1951 1210 tuum
1992 1149 2121 1228 regi
2153 1148 2251 1208 da.
2286 1144 2362 1207 Et

575 1271 838 1322 nooman.
866 1244 1047 1324 juxta
1085 1246 1479 1328 Apostolum,
1520 1246 1750 1309 Omnes
1798 1265 1913 1310 nos
1962 1254 2127 1308 stare
2177 1263 2364 1327 opor-

867 1351 958 1406 tet
995 1352 1140 1406 ante
1185 1345 1464 1408 tribunal
1508 1345 1760 1410 Christi.

960 1441 1140 1505 Hunc
1185 1452 1399 1506 autem
1454 1444 1759 1507 honorem
1811 1443 1989 1505 Pater
2048 1441 2361 1524 impendit

660 1543 730 1598 23
867 1540 1026 1605 Filio
1092 1541 1436 1616 incarnato,
1498 1553 1572 1604 ut
1626 1563 1841 1604 omnes
1899 1540 2360 1604 intellectuales

867 1647 1169 1705 creaturae
1214 1643 1638 1719 honorificent
1682 1643 1961 1710 Filium,
1999 1639 2362 1702 exhibendo

866 1739 923 1800 ei
970 1739 1211 1801 cultum
1250 1747 1312 1801 et
1360 1739 1787 1802 adorationem
1839 1738 2038 1801 latriae
2077 1737 2194 1802 soli
2238 1737 2360 1801 Deo

2473 751 2706 812 ctitatis
2753 750 3183 837 conformitas,
3237 751 3338 814 vel
3387 753 3598 833 potius
3645 750 3854 812 unitas
3905 757 3963 811 et

2475 849 2792 924 identitaS,
2827 851 2998 931 quod
3038 851 3151 932 qui
3193 869 3396 912 unum
3435 848 3728 924 offendit,
3761 847 3963 912 offen-

2476 947 2569 1009 dit
2615 955 2679 1009 et
2721 947 2940 1022 alium,
2977 948 3327 1030 praesertim
3375 965 3576 1030 quum
3625 947 3709 1008 sit
3753 945 3964 1009 ambo-

2476 1063 2617 1106 rum
2661 1065 2788 1108 una
2825 1047 3136 1109 voluntas.
3171 1046 3492 1122 Praeterea,
3517 1047 3630 1127 qui
3672 1063 3798 1108 non
3835 1063 3963 1106 cre-
3997 1068 4200 1114 wem-J,

2475 1143 2567 1205 dit
2605 1143 2669 1205 in
2709 1143 2962 1218 Filium,
2997 1146 3363 1207 mendacem
3405 1143 3555 1207 facit
3595 1143 3859 1218 Patrem,
3901 1151 3963 1204 θῖ
3986 1133 4044 1172 ¹⁰·

2471 1239 2736 1322 Spiritui
2776 1241 2995 1322 gratiae
3032 1241 3264 1322 ingerit
3307 1241 3780 1316 contumeliam,
3813 1241 3961 1322 quia

2474 1358 2600 1403 non
2649 1341 2851 1402 credit
2907 1340 2972 1402 in
3030 1340 3464 1404 testimonium
3522 1341 3694 1422 quod
3741 1339 3963 1402 testifi-

2473 1439 2591 1500 cati
2664 1446 2813 1500 sunt
2869 1439 3047 1502 Pater
3111 1446 3174 1502 θῖ
3230 1438 3502 1522 Spiritus
3563 1438 3828 1502 Sanctus
3885 1440 3960 1500 de

2473 1538 2718 1601 Christo
2767 1538 2834 1600 in
2892 1537 3208 1620 baptismo
3265 1545 3328 1600 et
3379 1538 3952 1618 transfiguratione,
3999 1553 4200 1596 Massam.

2472 1636 2537 1698 in
2588 1637 2856 1699 diversis
2915 1636 3240 1698 miraculis
3297 1643 3360 1698 et
3405 1635 3956 1700 distributionibus
3981 1617 4202 1722 ;?·¹⁷³¹'¹¹·

2468 1735 2836 1815 gratiarum,
2871 1735 2936 1796 in
2980 1733 3324 1817 Scripturis
3375 1735 3706 1816 utriusque
3754 1734 3956 1796 Testa-

867 1837 1167 1911 debitam,
1212 1840 1381 1898 sic-uc
1427 1840 1860 1915 honorificant
1912 1841 2200 1906 Patre-m,
2246 1836 2363 1898 im-
2395 1835 2444 1898 B
2473 1833 2694 1907 menti,
2727 1842 2790 1896 et
2829 1833 2894 1896 in
2941 1835 3111 1896 omni
3164 1834 3493 1897 sanctitate
3536 1842 3601 1896 et
3644 1834 3956 1896 excellen-

866 1937 1203 2017 pendendo
1250 1936 1307 1998 ei
1356 1935 1555 1998 latriae
1602 1936 1867 1998 cultum.
1920 1935 2039 1998 Sed
2088 1935 2360 1998 honora-

865 2034 953 2097 tio
1005 2034 1123 2096 ista
1170 2054 1295 2098 non
1346 2035 1643 2098 convenit
1689 2034 1846 2098 Filio
1896 2036 2248 2096 secundum
2289 2034 2364 2095 il-

865 2131 989 2193 lam
1052 2141 1339 2195 naturam
1400 2152 1527 2215 qua
1583 2133 1881 2196 convenit
1939 2133 1999 2194 ei
2059 2132 2361 2214 praedicta

864 2231 1185 2294 exsecutio
1220 2231 1468 2312 judieii,
1506 2233 1617 2293 sed
1665 2233 2016 2294 secundum
2068 2239 2359 2293 naturam

864 2347 991 2409 qua
1028 2329 1581 2392 consubstantialis
1630 2339 1692 2391 et
1734 2329 2071 2410 coaequalis
2118 2336 2215 2390 est
2257 2329 2361 2391 Pa-

862 2426 966 2489 tri.
1022 2426 1232 2491 Nihilo
1300 2428 1515 2490 minus
1578 2428 1756 2490 Pater
1818 2429 1990 2490 dedit
2047 2427 2206 2491 Filio
2266 2445 2362 2490 se-

864 2524 1146 2586 cundum
1193 2531 1481 2586 naturam
1529 2531 1919 2606 assumptam
1966 2524 2086 2588 hoc
2127 2523 2360 2605 judici-

864 2641 995 2694 um,
1038 2630 1106 2684 ut
1148 2641 1261 2705 per
1300 2623 1419 2686 hoc
1458 2623 1810 2686 innotescat
1846 2623 2145 2686 omnibus
2186 2623 2360 2705 quod

863 2720 1053 2784 homo
1099 2721 1208 2783 ille
1260 2729 1357 2784 θεῖ
1403 2739 1591 2784 verus
1642 2721 1825 2794 DeuS,
1880 2722 2102 2802 sicque
2156 2722 2354 2785 hono-

862 2818 1154 2882 rificetur
1196 2820 1361 2882 sicut
1404 2827 1466 2882 et
1509 2819 1707 2896 Pater.
1741 2821 1917 2882 Unde
1964 2819 2229 2882 verbum
2280 2821 2358 2882 is-

864 2919 974 2980 tud
1013 2926 1316 2982 consonat
1353 2918 1520 2982 dicto
1548 2918 1829 3001 Apostoli
1870 2920 1947 2980 ad
1990 2918 2358 3000 Philippen-

2473 1933 2557 1993 tia
2599 1931 2854 1995 Christi.

2549 2031 3079 2095 Honorificandus
3118 2039 3212 2093 θεῖ
3249 2049 3399 2113 ergo
3436 2031 3631 2094 Filius
3671 2031 3952 2094 interiori

2470 2129 2898 2212 exteriorique
2948 2129 3146 2193 latriae
3193 2130 3392 2206 cultu,
3443 2129 3740 2194 videlicet
3787 2148 3958 2192 reve-

2471 2228 2673 2291 rentia
2721 2229 3004 2302 cordiali,
3050 2229 3333 2292 oratione
3379 2237 3442 2290 et
3488 2229 3695 2302 laude,
3740 2247 3958 2310 praece-

2471 2334 2856 2408 ptorumque
2923 2327 3382 2391 observatione.
3453 2325 3683 2390 Omnes
3751 2327 3960 2408 itaque

2469 2426 2581 2506 qui
2647 2425 2889 2488 Patrem
2949 2425 3106 2488 Filio
3166 2433 3574 2488 asseruerunt
3631 2425 3956 2506 majorem,

2470 2542 2596 2586 non
2648 2523 3235 2587 honorificaverunt
3281 2523 3546 2594 Patrem.
3582 2523 3768 2605 cujus
3807 2523 3960 2586 Filio

2470 2622 2700 2686 dilecto
2729 2641 2802 2684 ac
2835 2623 3024 2685 unico
3055 2623 3516 2704 derogaverunt
3550 2642 3563 2684 :
3599 2622 3785 2703 cujus
3815 2641 3961 2686 con-

2469 2721 2732 2783 tumelia
2792 2721 3102 2783 redundat
3157 2721 3222 2782 in
3284 2720 3546 2794 Patrem,
3610 2721 3958 2802 praesertim

2467 2838 2668 2901 quum
2719 2819 2839 2881 hoc
2888 2820 3162 2881 maxime
3217 2820 3294 2881 ad
3345 2820 3956 2882 commendationem

2466 2917 2788 2992 bonitatiS,
2825 2918 3150 3000 potestatis
3187 2926 3250 2981 et
3297 2917 3623 3000 sapientiae
3663 2918 3768 2980 Dei
3819 2937 3958 3000 per-

864 3034 985 3089 ses,
1020 3016 1337 3098 loquentis
1378 3018 1455 3079 de
1484 3016 1643 3080 Filio
1680 3018 2031 3078 secundum
2065 3025 2355 3080 naturam
2393 3015 2436 3079 C
2466 3016 2681 3089 tineat,
2715 3018 2887 3098 quod
2917 3016 3144 3079 Filium
3187 3016 3310 3079 sibi
3352 3035 3610 3099 prorsus
3649 3018 3953 3100 aequalem

578 3127 831 3184 pamma.
862 3114 1204 3177 humanam
1241 3134 1253 3178 :
1287 3115 1660 3177 Humiliavit
1695 3115 2108 3197 semetipsum
2148 3115 2354 3178 factus

565 3191 677 3232 ⁸⁴⁰·
860 3213 1163 3278 obediens
1194 3231 1397 3295 usque
1426 3215 1504 3276 ad
1536 3222 1803 3277 mortem
1840 3232 1852 3276 :
1890 3222 2150 3296 propter
2183 3216 2354 3295 quod

859 3319 923 3373 et
959 3311 1123 3374 Deus
1164 3312 1464 3374 exaltavit
1504 3312 1709 3386 illum,
1746 3319 1815 3372 ut
1853 3312 1919 3373 in
1964 3313 2224 3375 nomine
2260 3313 2357 3376 Je-

858 3429 933 3472 su
992 3428 1179 3472 omne
1227 3427 1397 3491 genu
1449 3409 1765 3484 flectatur,
1810 3410 2185 3489 coelestium,
2237 3419 2358 3474 ter-

860 3508 1161 3571 restrium
1204 3514 1264 3568 et
1308 3507 1729 3570 infernorum.

936 3605 1268 3680 Quaeritur,
1322 3606 1374 3668 si
1436 3606 1613 3668 Pater
1671 3625 1796 3670 non
1842 3607 2085 3687 judicat
2132 3625 2357 3688 quem-

859 3723 1074 3786 quam,
1140 3705 1250 3766 sed
1317 3722 1506 3767 omne
1561 3704 1876 3784 judicium
1940 3706 2113 3767 dedit
2172 3706 2350 3782 Filio,

860 3804 1179 3884 quomodo
1227 3820 1449 3864 verum
1497 3811 1593 3864 θεῖ
1641 3803 1798 3865 illud
1852 3803 1916 3865 in
1958 3803 2071 3867 Job
2108 3803 2354 3876 :Quem

861 3900 1189 3964 constituit
1226 3901 1421 3963 alium
1462 3919 1655 3983 super
1695 3905 1969 3965 terram?
2009 3911 2118 3965 aut
2161 3923 2355 3985 quem

863 3997 1078 4078 posuit
1113 4015 1306 4080 super
1341 3998 1560 4062 orbem
1600 4017 1793 4079 quem
1831 3999 2177 4062 fabricatus
2216 4004 2354 4062 est?

861 4093 935 4155 Et
1003 4097 1537 4177 respondendum,
1596 4098 1768 4177 quod
1826 4097 2004 4160 Pater
2070 4117 2195 4161 non
2265 4099 2355 4161 sic

590 3819 675 3863 Job
691 3831 831 3870 xxxxxx

569 3886 635 3927 ¹3.

2468 3116 2817 3196 producere
2864 3122 2927 3176 et
2975 3115 3196 3188 voluit,
3249 3124 3313 3177 et
3361 3115 3554 3190 novit,
3607 3125 3668 3178 et
3729 3117 3950 3198 potuit,

2465 3212 2759 3292 quamvis
2797 3213 2896 3292 (ut
2936 3211 3097 3292 dixi)
3126 3213 3416 3275 voluntas
3461 3230 3588 3275 non
3638 3213 3958 3294 praecessit

2464 3311 2936 3391 generationem
2995 3310 3186 3372 Verbi
3243 3311 3426 3393 quasi
3492 3311 3669 3392 origo
3731 3312 3951 3394 ipsiuS,

2467 3410 2576 3471 sed
2609 3409 2820 3490 potius
2851 3409 3346 3472 concomitanter
3373 3427 3441 3471 se
3469 3408 3658 3471 habet
3685 3411 3765 3473 ad
3794 3428 3952 3471 eam.

2465 3507 2596 3571 Imo
2654 3507 2929 3589 Spiritus
2987 3505 3276 3583 Sanctus,
3337 3509 3450 3589 qui
3513 3516 3610 3571 est
3664 3527 3845 3572 amor
3897 3516 3956 3570 et

2467 3607 2780 3668 emanatio
2839 3605 3206 3680 voluntatiS,
3259 3625 3385 3668 non
3441 3606 3532 3669 sic
3592 3607 3878 3688 procedit
3921 3625 3956 3667 a

2467 3703 2809 3780 voluntate,
2845 3703 3028 3785 quasi
3079 3702 3277 3765 libere
3322 3705 3402 3766 ad
3453 3704 3830 3766 utrumlibet
3869 3703 3955 3767 ef-

2464 3800 2625 3864 fluat
2653 3810 2844 3883 atque
2875 3802 3153 3883 spiretur
3187 3821 3200 3864 :
3239 3803 3330 3864 sic
3368 3803 3540 3865 enim
3578 3811 3794 3884 posset
3831 3822 3952 3866 non

2467 3902 2828 3983 procedere,
2898 3901 3288 3982 haberetque
3353 3919 3492 3962 esse
3559 3902 3949 3983 contingens.

2464 3997 2584 4061 Sed
2633 3998 2918 4080 procedit
2966 4017 3080 4080 per
3129 4000 3388 4062 modum
3437 4000 3740 4062 naturalis
3789 4018 3953 4063 ema-

2465 4097 2760 4172 nationiS,
2798 4099 3148 4160 secundum
3197 4099 3367 4178 quod
3420 4097 3707 4160 voluntas
3757 4098 3949 4160 Patris

860 4193 1188 4255 constituit
1218 4194 1535 4257 Christum
1563 4195 1844 4276 judicem
1882 4215 1954 4257 ac
1995 4197 2352 4279 principem
2387 4199 2434 4260 D
2462 4216 2536 4259 ac
2575 4196 2717 4257 Filii
2760 4204 2856 4258 est
2895 4197 3185 4277 quaedam
3229 4203 3472 4258 natura.

860 4292 1107 4366 mundi,
1144 4293 1326 4374 quasi
1376 4293 1514 4375 ipse
1562 4294 1819 4356 desierit
1861 4294 2094 4357 habere
2144 4298 2356 4377 provi-

860 4389 1138 4452 dentiam
1192 4410 1401 4454 rcrum
1438 4410 1450 4453 :
1488 4393 1593 4453 sed
1642 4391 1817 4454 Pater
1862 4412 1970 4454 seu
2018 4393 2180 4456 Deus
2226 4395 2355 4456 Tri-

864 4489 1046 4564 nitaS,
1098 4497 1193 4552 est
1252 4489 1623 4571 principalis
1680 4492 1988 4572 provisor,
2037 4492 2234 4573 judex
2291 4501 2354 4556 θῖ

862 4604 972 4649 rex
1044 4587 1374 4668 universi3
1438 4588 1722 4652 Christus
1782 4609 1933 4653 vero
1998 4593 2351 4654 secundum

860 4687 1031 4768 quod
1082 4686 1291 4760 bomo,
1339 4687 1634 4768 praelatus
1683 4695 1780 4748 θεῖ
1824 4689 1997 4751 omni
2050 4698 2352 4754 creaturae

860 4783 1043 4866 quasi
1088 4784 1379 4847 minister
1424 4785 1528 4847 Dei
1572 4793 1633 4847 et
1675 4795 2025 4850 exsecutor.

945 4885 1071 4952 Qui
1108 4903 1237 4944 non
1277 4885 1662 4960 honorificat
1692 4887 1947 4946 Filium
1997 4903 2109 4966 per
2157 4887 2356 4950 latriae

862 4981 1103 5044 cultum
1142 4999 1154 5043 ε
1190 4987 1285 5042 θεῖ
1321 4989 1528 5042 autem
1572 4980 1773 5056 latria,
1810 4982 2010 5045 virtus
2049 5003 2194 5064 quae
2233 4984 2356 5048 Deo

862 5078 1105 5142 cultum
1154 5086 1218 5139 et
1261 5078 1686 5144 caerimoniam
1729 5079 1957 5161 affert3
1998 5103 2129 5143 non
2162 5086 2358 5144 hono-

860 5181 1081 5256 rificat
1136 5179 1404 5239 Patrem
1460 5181 1577 5257 qui
1634 5181 1812 5240 misit
1868 5181 2087 5250 illum,
2149 5200 2353 5261 quum

866 5275 1199 5356 utriusque
1248 5274 1329 5335 sit
1386 5294 1510 5336 una
1568 5275 1882 5356 majestaS,
1938 5287 2000 5340 et
2049 5285 2217 5341 tanta
2263 5279 2357 5340 di-

2547 4294 2780 4357 Deinde
2810 4293 3006 4355 Filius
3037 4294 3144 4355 Dei
3175 4293 3448 4358 ostendit
3476 4297 3796 4377 quomodo
3825 4296 3952 4378 spi-

2468 4393 2711 4455 ritualis
2762 4391 3110 4456 vivificatio
3157 4391 3293 4454 fiat.
3327 4398 3554 4463 Amen,
3580 4415 3768 4455 amen
3809 4398 3950 4456 dico
4057 4398 4122 4452 24

2465 4493 2661 4563 vobis,
2694 4493 2849 4572 quia
2891 4493 3008 4570 qui
3037 4493 3300 4552 verbum
3339 4510 3551 4552 meum
3576 4495 3793 4561 audit,
3826 4512 3950 4556 non

2463 4590 2725 4652 auribus
2771 4589 3055 4670 corporis
3107 4597 3371 4664 tantum,
3425 4589 3535 4651 sed
3581 4589 3774 4652 etiam
3821 4611 3953 4654 cor-

2465 4689 2584 4762 dis,
2633 4689 2710 4750 de
2755 4687 2994 4768 quibus
3045 4688 3278 4750 dicitur
3324 4685 3475 4749 alibi
3533 4706 3547 4750 :
3597 4686 3712 4760 Qui
3763 4689 3951 4752 habet
3973 4702 4194 4750 uanam.

2464 4805 2648 4849 aures
2706 4785 3026 4859 audiendi,
3078 4786 3311 4864 audiat.
3360 4785 3597 4867 Itaque,
3647 4785 3764 4858 Qui
3813 4807 3952 4850 ver-
3974 4772 4012 4810 ⁹·

2465 4885 2618 4948 bum
2651 4901 2863 4945 meum
2894 4883 3090 4957 audit,
3117 4883 3180 4945 id
3209 4892 3325 4957 θεῖ,
3360 4884 3760 4946 sermonibus
3792 4887 3950 4948 meis

2465 4982 2800 5054 consentit,
2851 4992 2912 5042 ec
2957 4983 3161 5042 credit
3207 4983 3270 5041 ei
3315 4983 3432 5062 qm·
3491 4985 3666 5045 misit
3713 5004 3840 5052 me,
3889 4985 3950 5048 id

2464 5090 2561 5144 est
2599 5080 2762 5142 Patri
2812 5080 3075 5153 coelesti,
3111 5079 3475 5162 recipiendo
3517 5081 3949 5146 testimonium

2464 5180 2636 5262 quod
2678 5179 2816 5260 ipse
2855 5178 3148 5261 perhibet
3185 5178 3368 5259 mihi,
3401 5179 3499 5240 vel
3539 5180 3856 5244 credendo
3893 5179 3947 5242 ei

2463 5277 2595 5340 fide
2632 5277 2918 5352 formata,
2953 5277 3074 5340 hoc
3110 5284 3207 5340 est
3245 5277 3558 5341 credendo
3599 5277 3666 5340 in
3711 5279 3944 5362 ipsum,
