4300 6259
1116 520 1470 568 mammo
1512 519 1576 564 m
1617 519 1755 565 CAP-
1802 517 1956 565 xxm
1998 518 2186 564 LUCAE.
2236 538 2314 547 -
2355 520 2498 566 ΛΒΤ.
2545 520 2686 566 xux

3337 500 3464 565 239

332 694 463 748 est.
506 685 869 771 Quumque,
914 698 983 752 ut
1030 690 1267 754 Seneca
1315 690 1523 753 fassus
1564 698 1681 764 est,
1724 709 1854 751 ma-
1882 688 1932 749 A
1963 696 2024 750 et
2058 708 2252 770 grave
2301 689 2445 752 lassi
2491 690 2589 753 sui
2631 690 2914 773 corporis
2963 690 3235 772 ponduS,
3270 706 3468 751 mem-

334 784 519 846 xima
559 785 1039 867 ingratitudinis
1078 808 1223 872 pars
1267 789 1349 851 sit
1388 787 1853 851 beneficiorum

332 882 609 957 oblivio,
648 887 925 949 maxima
964 906 1223 969 quoque
1260 886 1669 969 gratitudinis
1710 906 1856 968 por-

332 980 455 1053 tio,
501 981 974 1047 beneficiorum
1024 986 1393 1067 recognitio,
1448 1004 1850 1067 nequaquam

333 1078 807 1143 obliviscamur
844 1100 1065 1146 eorum
1104 1103 1249 1166 quae
1286 1091 1543 1167 propter
1574 1102 1687 1146 nos
1724 1101 1855 1164 pas-

338 1197 455 1239 sus
494 1187 596 1241 est
634 1178 901 1243 Sanctus
940 1181 1357 1263 Sanctorum3
1390 1184 1501 1245 sed
1532 1182 1721 1245 corde
1752 1199 1857 1245 ve-

340 1294 417 1339 ro
475 1282 540 1337 ct
596 1294 793 1359 opere
847 1280 1068 1341 eadem
1127 1298 1673 1361 recognoscamuS,
1738 1296 1855 1341 nec

338 1372 533 1435 illum
594 1394 713 1457 per
768 1376 962 1439 vitam
1023 1378 1312 1459 iniquam
1372 1377 1851 1452 inhonoremuS,

336 1471 458 1552 qui
511 1491 629 1535 nos
691 1480 819 1536 tam
874 1474 1617 1558 incomprehensibiliter
1664 1475 1855 1538 hono-

340 1570 535 1647 ravit,
579 1588 661 1633 ne
710 1572 1027 1635 universis
1076 1572 1283 1635 brutis
1324 1574 1581 1636 viliores
1632 1573 1856 1636 deteri-

338 1686 623 1751 oresque
664 1670 889 1734 simuS.

428 1766 645 1843 Porro,
698 1769 765 1831 in
816 1770 935 1832 hac
984 1770 1217 1834 Christi
1268 1772 1689 1853 suspensione
1740 1771 1857 1833 im-

1963 786 2077 848 bra
2106 806 2222 849 sua
2252 788 2644 867 dignissima,
2670 789 3056 852 extractione
3089 786 3470 851 violentissi-

1966 904 2067 947 ma
2107 886 2413 948 dissecuit
2449 895 2512 949 et
2546 887 2867 960 contrivit,
2901 886 3173 967 ejusque
3203 885 3470 947 vulnera

1966 983 2284 1045 dilatando
2325 984 2661 1065 poenaliter
2699 983 3089 1052 amaricavit,
3131 1002 3204 1045 ac
3240 1000 3467 1044 nervos

1965 1081 2242 1163 disrupit
2286 1101 2300 1144 :
2349 1082 2436 1145 ita
2476 1084 2650 1164 quod
2697 1101 2774 1145 ex
2824 1090 2954 1146 toto
3007 1098 3272 1163 corpore
3326 1100 3470 1142 san-

1961 1179 2105 1259 guis
2146 1198 2310 1261 pene
2352 1187 2518 1243 totus
2561 1180 2838 1255 effluxit,
2882 1187 3070 1263 prout
3112 1181 3178 1242 in
3220 1179 3467 1243 Psalmo

1966 1279 2500 1358 praenuntiaverat
2549 1279 2833 1342 Christus
2879 1298 2890 1342 :
2936 1278 3112 1341 Sicut
3160 1297 3324 1360 aqua
3371 1276 3467 1339 ef·
3489 1292 3750 1347 pamas.

1963 1376 2145 1438 fusus
2197 1396 2362 1452 sum,
2413 1386 2476 1439 et
2524 1378 2809 1460 dispersa
2858 1385 3008 1439 sunt
3063 1377 3278 1440 omnia
3322 1395 3466 1439 ossa

1965 1492 2125 1537 mea.
2162 1475 2480 1539 Postremo
2510 1478 2930 1557 pensandum,
2956 1483 3258 1557 quantam
3286 1474 3465 1536 Jesus

1966 1572 2252 1636 Christus
2294 1574 2598 1635 sustinuit
2637 1593 2912 1656 poenam,
2947 1575 3102 1635 dum
3145 1582 3290 1635 ante
3328 1592 3470 1635 cru-

1966 1670 2336 1734 cifixionem
2395 1691 2620 1734 rursus
2670 1680 2987 1735 exuerunt
3047 1690 3195 1733 eum
3247 1690 3262 1734 :
3315 1679 3468 1734 tunc

1968 1786 2245 1849 namque
2284 1769 2550 1831 vulnera
2586 1777 2650 1830 et
2687 1768 3026 1831 vulnerum
3070 1768 3250 1832 dolor
3289 1786 3470 1831 reno-

344 1866 601 1947 pletum
660 1875 757 1930 est
814 1870 988 1949 quod
1048 1869 1342 1951 praedixit
1398 1869 1727 1932 Psalmista
1791 1870 1855 1931 in
1893 1867 1940 1929 B
1968 1866 2300 1928 vabantur.
2341 1866 2474 1928 Jam
2515 1866 2688 1928 enim
2727 1884 2804 1928 ex
2849 1866 3175 1947 sanguinis
3220 1885 3470 1930 emana-

58 1977 307 2030 rs.m‚·1.
344 1963 587 2026 Christi
634 1982 907 2046 persona
939 1985 953 2029 ι
987 1966 1116 2048 Ego
1153 1974 1366 2030 autem
1414 1986 1557 2029 sum
1599 1967 1855 2041 vermis,

342 2070 413 2124 et
470 2082 601 2126 non
661 2063 874 2138 bomo,
926 2066 1347 2148 opprobrium
1404 2066 1739 2130 hominum
1798 2073 1860 2127 et

48 2176 307 2227 ptumus.
339 2160 631 2242 abjectio
674 2163 925 2244 plebis;
975 2164 1281 2246 itemque,
1317 2165 1578 2246 Propter
1619 2171 1683 2226 te
1722 2183 1861 2225 sus-

342 2260 519 2322 tinui
550 2261 994 2343 opprobrium,
1024 2263 1280 2344 operuit
1308 2262 1597 2326 confusio
1630 2261 1857 2324 faciem

340 2376 585 2421 meam.

410 2456 996 2540 Insuper‚qualiter
1028 2457 1191 2521 facta
1218 2460 1301 2521 sit
1330 2459 1661 2523 crucifixio
1692 2459 1862 2523 Chri-

336 2555 453 2629 sti,
501 2556 931 2620 diversimode
981 2558 1303 2620 recitatur.
1356 2558 1573 2639 Aliqui
1622 2558 1859 2619 etenim

336 2654 593 2729 dicunt,
647 2656 820 2736 quod
876 2673 1065 2718 cruce
1113 2656 1181 2717 in
1240 2664 1470 2718 terram
1523 2665 1857 2738 prostrata,

336 2752 591 2815 affixus
631 2753 714 2815 sit
751 2754 969 2835 cruci3
1018 2754 1155 2833 alii,
1188 2755 1361 2835 quod
1400 2773 1589 2817 cruce
1627 2762 1856 2830 erecta,

340 2851 437 2913 ita
484 2852 659 2933 quod
710 2869 827 2933 per
878 2852 1079 2915 scalas
1128 2854 1555 2915 ascenderunt
1605 2852 1862 2916 crucifi-

340 2968 561 3014 xores,
594 2950 717 3013 Sed
754 2950 821 3012 B.
867 2950 1125 3033 Brigitta
1172 2952 1416 3027 scribit,
1456 2954 1629 3034 quod
1673 2971 1861 3015 cruce

1967 1964 2139 2027 tione
2169 1964 2362 2027 vestis
2403 1964 2666 2028 interior
2700 1965 2873 2027 carni
2916 1965 3190 2039 inhaesit,
3225 1972 3288 2026 et
3325 1983 3470 2047 pro-

1967 2061 2185 2124 fundis
2242 2062 2426 2144 quasi
2484 2063 2809 2144 implicata
2865 2062 2989 2126 fuit
3035 2069 3097 2124 et
3146 2063 3470 2143 coagulata

1969 2160 2366 2223 vulneribus.

2058 2262 2240 2319 Jesus
2295 2268 2514 2321 autem
2561 2261 2810 2320 dicebat
2862 2279 2884 2321 .·
2931 2262 3160 2329 Pater,
3209 2261 3468 2321 dimitte
3599 2266 3669 2321 34

1966 2358 2131 2427 illi-e,
2164 2357 2228 2418 id
2266 2363 2382 2431 est,
2417 2364 2546 2419 tam
2572 2357 2802 2420 Judaeis
2842 2376 3096 2439 poenam
3137 2357 3300 2420 hanc
3331 2376 3472 2439 pro-

1969 2455 2365 2529 curantibuS,
2400 2474 2594 2537 quam
2629 2455 2978 2536 gentilibus
3017 2472 3156 2517 eam
3200 2454 3472 2518 inferen-

1969 2553 2163 2626 tibus,
2197 2553 2544 2615 clementer
2573 2554 2849 2634 ignosce,
2883 2560 3010 2615 tam
3051 2553 3220 2616 istud
3249 2571 3472 2617 eorum

1970 2652 2614 2735 supergravissimum
2645 2653 2870 2725 sceluS‚
2898 2671 3091 2733 quam
3123 2661 3330 2714 cetera
3359 2671 3472 2714 sua

1973 2757 2248 2832 peccata.
2275 2749 2646 2832 Specialiter
2673 2758 2886 2812 tamen
2917 2751 3122 2814 oravit
3150 2750 3271 2813 hoc
3299 2750 3474 2813 Chri·
3530 2750 3536 2753 ”

1971 2857 2105 2911 stus
2153 2867 2269 2931 pro
2318 2856 2574 2930 peccato
2624 2866 2754 2929 quo
2809 2856 2961 2910 tunc
3009 2848 3356 2930 peccabant
3404 2848 3469 2911 in

1970 2966 2133 3009 eum.
2153 2946 2306 3009 Nam
2341 2947 2636 3009 subditur
2661 2965 2674 3009 ε
2699 2968 2830 3009 non
2859 2949 3038 3007 enim
3064 2948 3281 3008 sciunt
3311 2950 3473 3027 quid

340 3048 579 3124 levata,
611 3058 954 3112 erexerunt
983 3050 1254 3125 tabulas,
1288 3058 1352 3113 et
1380 3068 1575 3132 super
1604 3068 1709 3112 eas
1740 3058 1864 3112 ste-
1899 3047 1942 3110 C
1968 3046 2251 3121 faciunt.
2301 3042 2438 3106 Non
2489 3043 2662 3105 enim
2721 3042 3048 3105 sciverunt
3095 3061 3164 3105 se
3213 3043 3320 3105 Dei
3379 3043 3475 3105 Fi-

340 3157 595 3211 terunt.

430 3246 981 3310 Considerandum
1039 3264 1193 3310 vero
1250 3254 1348 3308 est
1403 3246 1611 3320 nobiS,
1665 3266 1857 3328 quam

342 3344 776 3407 ineffabiliter
819 3363 1085 3427 poenosa
1117 3343 1315 3406 fuerit
1353 3343 1600 3407 Christo
1642 3347 1864 3407 crude-

341 3444 599 3506 lissima
648 3443 759 3505 illa
805 3443 1297 3506 teneri-imorum
1346 3461 1420 3505 ac
1468 3444 1865 3525 praehonora-

342 3542 584 3604 bilium
628 3542 867 3623 pedum
906 3559 1169 3604 suorum
1203 3560 1275 3603 ac
1307 3559 1613 3603 manuum
1656 3540 1864 3624 perfo-

344 3641 527 3711 ratio‚
546 3650 615 3703 ct
633 3658 827 3721 quam
855 3657 1139 3701 amarum
1171 3638 1291 3701 suit
1319 3637 1865 3702 affectuosissimae

340 3738 531 3800 Matri
589 3736 733 3817 ejus
790 3736 1182 3798 dulcissimae
1236 3736 1356 3798 hoc
1422 3753 1706 3817 cernere,
1755 3743 1865 3798 aut

344 3838 518 3901 ictus
570 3836 716 3899 illos
772 3835 1019 3897 audire.
1071 3832 1231 3906 Quid
1290 3833 1475 3897 nobis
1526 3834 1721 3915 igitur
1768 3835 1866 3896 in-

346 3934 625 4008 cumbit,
659 3934 782 3995 nisi
826 3932 1289 3996 cordialissime
1329 3934 1665 3996 condolere
1707 3932 1865 3996 Filio

347 4034 461 4095 Dei
502 4042 567 4095 et
604 4032 785 4093 Matri
832 4031 1061 4113 ipsius,
1094 4048 1483 4112 omnemque
1524 4032 1863 4094 vanitatem

346 4140 413 4195 et
446 4132 649 4195 vilem
679 4130 1167 4193 delectationem
1195 4128 1562 4211 despicere?
1593 4130 1714 4193 Sed
1745 4131 1866 4194 hoc

1972 3143 2133 3204 lium
2199 3142 2538 3216 trucidare,
2602 3141 2711 3203 sed
2775 3141 3102 3204 hominem
3164 3142 3472 3225 impiissi-

1972 3260 2152 3303 mum
2189 3259 2261 3302 ac
2301 3240 2754 3321 blasphemum
2792 3257 2860 3301 se
2891 3239 3198 3322 putabant
3231 3241 3476 3304 occide-

1974 3357 2041 3401 re
2094 3356 2107 3401 :
2161 3346 2224 3401 et
2271 3356 2384 3420 per
2433 3336 2854 3419 ignorantiam
2904 3338 3088 3413 hanc,
3142 3346 3474 3421 peccatum

1972 3455 2218 3511 eorum,
2253 3436 2608 3519 praesertim
2636 3435 2975 3517 gentilium
3004 3444 3198 3518 atque
3226 3436 3476 3518 simpli-

1974 3536 2145 3598 cium
2192 3534 2574 3609 Judaeorum,
2622 3533 2984 3615 aliqualiter
3030 3534 3468 3597 alleviabatur.

1972 3633 2091 3697 Sed
2132 3633 2404 3714 majores
2436 3640 2499 3694 et
2527 3632 2840 3696 doctiores
2883 3632 3048 3694 inter
3083 3632 3329 3696 Judaeos
3369 3652 3475 3695 cx-
3516 3654 3764 3705 Joarmav,

1974 3733 2367 3795 cusationem
2415 3750 2542 3795 non
2591 3730 2973 3805 habuerunt,
3026 3730 3178 3812 quia
3222 3731 3474 3812 jamdu·
3500 3719 3570 3759 ²²·

1974 3832 2129 3893 dum
2175 3837 2286 3893 aut
2328 3828 2854 3892 certitudinaliter
2901 3837 3011 3892 aut
3059 3829 3475 3911 probabiliter

1975 3937 2401 4010 cognoverant
2455 3927 2669 3989 Jesum
2731 3946 2869 3989 esse
2927 3928 3303 4009 Christum3
3363 3930 3474 3992 sed

1975 4028 2282 4110 paulatim
2327 4026 2640 4089 invidiosa
2681 4044 2902 4089 eorum
2946 4026 3187 4089 malitia
3224 4044 3330 4090 eos
3381 4028 3475 4090 sic
3501 4047 3764 4105 sap.11,2i.

1974 4126 2332 4200 excaecavit,
2376 4125 2547 4207 quod
2593 4124 2726 4205 jam
2777 4132 3232 4206 reputaverunt
3279 4145 3475 4208 oppo-

346 4230 847 4312 diligentissime
877 4228 1185 4290 debemus
1218 4230 1635 4311 perpendere,
1670 4248 1866 4310 quam
1898 4232 1947 4294 D
1976 4225 2192 4299 situm,
2219 4232 2282 4286 et
2312 4224 2636 4306 simplices
2668 4223 3076 4304 deceperunt.
3097 4222 3291 4286 Tanta
3319 4243 3476 4306 quo-

348 4327 835 4393 dolorosissima
866 4326 995 4389 fuit
1024 4325 1271 4389 Christo
1306 4326 1769 4389 violentissima
1799 4328 1867 4389 il·

347 4429 414 4490 la
452 4426 744 4509 corporis
794 4426 894 4487 sui
945 4425 1147 4488 sancti
1198 4424 1265 4487 in
1304 4442 1493 4487 cruce
1540 4425 1863 4506 distentio,

346 4528 441 4590 ita
477 4526 655 4608 quod
704 4524 947 4589 ossium
994 4522 1135 4605 ejus
1186 4523 1651 4586 dissolvebatur
1698 4543 1868 4588 com-

352 4644 539 4709 pago,
596 4622 981 4705 nullumque
1038 4622 1406 4684 membrum
1468 4622 1530 4683 in
1594 4622 1864 4684 naturali

350 4744 429 4788 ac
458 4722 739 4807 pristino
768 4720 907 4785 loco
937 4739 1050 4783 seu
1081 4720 1207 4783 situ
1238 4721 1609 4802 permansit,
1635 4729 1698 4782 et
1728 4739 1869 4783 ner-

356 4824 421 4886 vi
472 4819 1065 4904 disrumpebantur.
1109 4818 1267 4880 Vere
1310 4827 1439 4881 tam
1491 4819 1869 4882 miserabili-

68 4935 325 4989 Pmmo.
355 4932 477 4995 ter,
512 4930 779 5001 tamque
818 4918 1152 5001 poenaliter
1190 4925 1343 4980 tunc
1382 4918 1699 4999 pendebat
1738 4918 1867 4981 Rex

355 5020 597 5103 gloriae,
622 5018 929 5081 Dominus
964 5016 1532 5091 virtutum‚mundi
1564 5015 1862 5094 Salvator,

84 5140 327 5191 aerata.
360 5120 561 5183 Filius
604 5118 737 5191 Dei,
766 5116 966 5178 Judex
1007 5115 1301 5179 vivorum
1338 5132 1411 5176 ac
1444 5122 1863 5191 mortuorum,

362 5226 435 5281 ut
484 5217 625 5281 solo
678 5216 985 5296 adspectu
1044 5213 1110 5275 in
1166 5212 1307 5293 ejus
1360 5212 1867 5295 compassionem

361 5316 742 5381 mollescere
789 5313 1119 5397 potuerint
1163 5313 1353 5375 corda
1400 5312 1668 5393 lapidea.
1712 5310 1867 5373 Nam

1976 4342 2102 4405 que
2142 4322 2462 4386 mirabilia
2491 4322 2790 4385 viderunt
2819 4329 2883 4383 et
2911 4332 3336 4403 perceperunt
3373 4324 3472 4405 agi

1976 4443 2013 4485 a
2055 4422 2324 4496 Christo,
2367 4422 2538 4503 quod
2583 4421 2842 4483 credere
2889 4420 3290 4484 tenebantur.
3335 4420 3476 4486 Pro-

1977 4531 2117 4604 pter
2145 4522 2316 4603 quod
2348 4520 2641 4603 passione
2674 4520 2967 4593 instante,
3001 4518 3285 4582 Christus
3317 4520 3476 4583 dixit

1974 4619 2292 4703 Apostolis
2328 4637 2341 4681 :
2376 4617 2440 4681 Si
2485 4636 2679 4699 opera
2726 4636 2854 4681 non
2905 4617 3200 4681 fecissem
3244 4618 3310 4679 in
3356 4619 3471 4700 eiS,
3517 4640 3764 4697 Joanmv,

1974 4738 2121 4801 quae
2164 4735 2352 4780 nemo
2394 4716 2556 4778 alius
2599 4715 2773 4797 fecit,
2817 4724 3148 4797 peccatum
3192 4736 3318 4780 non
3368 4718 3477 4779 ha·
3501 4706 3570 4749 ²⁴·

1978 4818 2243 4895 berent3
2288 4834 2460 4877 nunc
2502 4823 2714 4877 autem
2761 4816 3060 4877 viderunt
3099 4822 3163 4877 et
3205 4816 3476 4878 oderunt

1978 4933 2079 4978 me
2110 4923 2173 4977 et
2199 4915 2444 4976 Patrem
2475 4930 2690 4974 meum
2728 4913 2947 4993 gratis.
2982 4912 3049 4974 ln
3093 4913 3211 4975 hac
3249 4914 3477 4977 oratio-

1976 5032 2069 5089 ne,
2096 5013 2380 5077 Christus
2411 5010 2874 5093 perfectissime
2902 5010 3274 5093 adimplevit
3302 5014 3474 5093 quod

1974 5121 2120 5177 ante
2165 5112 2378 5175 docuit
2421 5118 2484 5171 et
2526 5110 2830 5192 praecepit
2863 5128 2876 5172 :
2910 5109 3111 5184 Orate,
3147 5110 3470 5191 inquienS,
3525 5129 3694 5175 uacua
3717 5146 3759 5185 v,

1977 5230 2093 5295 pro
2123 5208 2654 5293 persequentibus
2684 5215 2746 5269 et
2775 5207 3310 5271 calumniantibus
3334 5227 3469 5290 vos3
3497 5194 3567 5237 ⁴⁴·

1976 5318 2041 5373 et
2094 5309 2270 5392 quod
2329 5326 2444 5391 per
2498 5306 2722 5369 Isaiam
2788 5314 2922 5368 erat
2987 5307 3064 5369 de
3116 5307 3257 5389 ipso
3314 5327 3475 5390 prae-
