4300 6259
73 985 244 1029 staua.
255 1000 352 1037 xix,

75 1051 122 1074 ἦ..

95 2757 336 2801 Ps.1.xxx1x

87 2823 150 2862 ¹5.

101 3551 213 3605 Sap.
234 3567 258 3594 v

91 4437 163 4480 Ρε.
189 4452 212 4480 x

265 3557 328 3601 ,6.

217 4452 258 4488 c,
283 4442 348 4480 ¹0.

1138 501 1490 549 ENARRATIO
1533 501 1597 548 m
1638 501 1776 547 CAP.
1825 503 1930 548 xxl
1971 502 2246 550 somnus.
2290 523 2371 532 —
2414 505 2555 551 Aur.
2604 507 2745 552 xmx

3368 488 3489 552 613

383 674 467 735 ad
519 673 764 736 humile
809 692 972 755 opus
1020 673 1306 735 accessit.
1341 676 1427 733 Ec
1469 675 1792 745 excierunt,
1829 682 1890 732 et
1919 673 1970 733 A
2000 673 2276 735 stetisset
2323 693 2517 756 supra
2560 694 2813 758 aquam,
2861 677 3283 760 obstupefacti
3332 677 3491 740 fuis-

385 776 822 834 ascenderunt
851 775 922 833 in
955 775 1207 843 navim,
1241 772 1502 834 forsitan
1538 789 1887 834 accommo-

386 873 624 944 datam,
675 871 966 942 locatam,
1009 889 1436 944 communem,
1481 870 1614 933 sive
1666 890 1888 933 vacan-

385 978 543 1032 tem.
578 969 870 1051 Proprias
902 970 1074 1032 enim
1113 988 1304 1031 naves
1335 977 1398 1030 et
1437 977 1640 1030 cetera
1674 969 1887 1032 omnia

386 1068 815 1151 reliquerunt.
850 1071 936 1130 Ec
965 1073 1086 1128 illa
1122 1077 1300 1128 noete
1336 1069 1512 1128 nihil
1543 1071 1888 1144 prendide-

383 1178 576 1238 runt,
621 1168 741 1231 hoc
791 1175 907 1240 est,
963 1167 1212 1229 nullum
1265 1167 1505 1249 piscem
1555 1174 1880 1248 ceperunt.

383 1265 566 1338 Quod
606 1266 759 1328 licet
796 1283 873 1326 ex
904 1265 1176 1328 naturali
1214 1284 1404 1327 causa
1440 1265 1745 1327 accidisse
1777 1284 1886 1346 po-

384 1365 604 1439 tuerit,
661 1371 870 1426 tamen
930 1364 1146 1428 divina
1194 1363 1432 1426 factum
1491 1371 1587 1424 est
1631 1363 1886 1444 dispen-

384 1464 653 1536 satione,
689 1470 760 1525 ut
787 1481 931 1524 mox
963 1461 1177 1525 futura
1207 1461 1415 1544 captio
1450 1461 1886 1524 miraculosior

383 1569 744 1644 appareret,
803 1567 994 1642 atque
1052 1562 1131 1623 ad
1188 1560 1506 1623 Christum
1568 1560 1887 1622 declaran-

387 1662 544 1722 dum
589 1657 938 1722 efficacior.

458 1761 656 1820 Mane
683 1767 900 1818 autem
928 1758 1128 1833 facte,
1147 1759 1319 1817 stetit
1342 1759 1520 1816 Jesas
1551 1759 1622 1817 in
1654 1759 1879 1818 lictore.

1999 779 2140 833 sent
2180 781 2242 834 et
2271 774 2493 848 territi,
2526 773 2902 837 arbitrantes
2942 776 3313 858 phantasma
3352 795 3491 839 esse

2003 871 2099 932 vel
2141 871 2461 952 spiritum,
2494 875 3029 953 quemadmodum
3067 883 3213 936 ante
3255 876 3491 957 passio-

2000 987 2169 1045 nem,
2203 971 2458 1051 quando
2487 971 2839 1034 ambulavit
2868 991 3061 1054 super
3090 991 3285 1034 mare.
3314 974 3490 1036 Tunc
3519 990 3781 1042 mecam,

1998 1069 2171 1130 enim
2224 1088 2353 1150 prae
2400 1068 2645 1132 timoris
2702 1071 3137 1151 magnitudine
3187 1072 3491 1135 clamave-
3518 1056 3674 1107 ²³³⁶·

1999 1175 2169 1229 runt.
2202 1166 2457 1250 Mystice
2497 1187 2667 1244 vero,
2704 1170 2875 1231 stetit
2913 1169 2977 1231 in
3025 1170 3253 1244 littore,
3286 1172 3360 1233 ad
3400 1171 3492 1232 in-

1999 1266 2384 1327 sinuandum
2442 1267 2615 1346 quod
2673 1267 2949 1348 amplius
3012 1287 3156 1330 cum
3214 1268 3307 1330 eis
3364 1288 3489 1333 nou

1997 1371 2132 1425 erat
2177 1364 2244 1425 in
2294 1364 2476 1446 aquis
2525 1365 3032 1442 tribulationum,
3076 1374 3139 1427 et
3185 1365 3493 1428 fluctibus

1999 1463 2143 1526 vitae
2192 1462 2497 1539 mortaliS,
2532 1465 2641 1525 sed
2689 1465 2765 1526 ad
2818 1464 3276 1546 impassibilem
3331 1474 3495 1529 tran-

1998 1561 2578 1644 quillissimamque
2628 1563 2821 1625 vitam
2880 1564 3289 1627 resuscitatus
3348 1584 3494 1628 con-

1997 1661 2268 1723 sisteret.
2320 1660 2495 1722 Unde
2552 1662 2628 1723 ad
2687 1662 3085 1725 innuendum
3143 1665 3316 1744 quod
3373 1664 3493 1727 hoc

1999 1761 2186 1823 modo
2232 1779 2376 1821 cum
2420 1759 2548 1821 illis
2598 1778 2723 1823 non
2774 1769 2960 1837 esset,
2995 1762 3231 1842 quibus
3279 1769 3489 1824 tamen

387 1857 543 1920 Tota
596 1857 790 1936 igitur
831 1863 1015 1919 nocte
1066 1855 1358 1937 permisit
1401 1856 1749 1937 discipulos
1794 1855 1888 1918 in·
1925 1857 1970 1918 B
2001 1876 2278 1940 praesens
2310 1858 2710 1939 loquebatur,
2734 1859 2823 1920 ait
2850 1861 3020 1941 apud
3051 1860 3283 1922 Lucam
3311 1880 3324 1923 τ
3350 1861 3493 1924 Haec
3542 1877 3784 1928 Lue.xxnv‚

382 1955 714 2018 fructuose
763 1954 1052 2016 laborare
1101 1961 1162 2014 et
1208 1952 1479 2033 fatigari,
1531 1962 1599 2015 ut
1648 1962 1884 2035 postea,

385 2053 524 2116 viso
570 2052 717 2114 Jesu
767 2061 830 2114 et
881 2051 1166 2134 piscibus
1215 2051 1673 2132 copiosissimis
1722 2071 1891 2116 com-

381 2151 736 2234 prehensis
767 2151 1108 2215 cordialius
1139 2150 1544 2212 exsultarent.
1579 2150 1890 2212 Permittit

383 2269 664 2332 namque
703 2250 938 2312 electos
983 2267 1131 2311 suos
1176 2249 1241 2310 in
1284 2259 1466 2312 nocte
1514 2250 1729 2312 saeculi
1772 2250 1890 2311 hu—

379 2349 510 2430 juS,
545 2350 606 2411 id
639 2355 735 2411 est
765 2349 830 2410 in
867 2349 1154 2431 tempore
1185 2349 1516 2430 praesentis
1548 2349 1713 2422 vitae,
1747 2369 1891 2430 quae

384 2446 931 2520 tribulationibu3‚
967 2447 1176 2529 culpis
1213 2455 1404 2529 atque
1447 2447 1724 2508 miseriis
1763 2449 1895 2529 ple-

385 2565 468 2608 na
516 2555 633 2618 est,
678 2544 1122 2626 multipliciter
1168 2545 1484 2619 tribulari,
1530 2543 1755 2625 affligi,
1790 2565 1894 2608 su-

387 2646 561 2719 dare,
612 2651 683 2706 ut
728 2644 980 2705 tandem
1032 2644 1315 2724 quietem
1365 2643 1594 2717 sortiti,
1640 2644 1890 2725 plenius

343 2791 354 2810 ,
383 2743 846 2823 jucundentur,
882 2741 1062 2822 juxta
1110 2741 1270 2803 illud
1322 2741 1387 2803 in
1436 2740 1682 2804 Psalmo
1719 2761 1730 2803 :
1766 2741 1893 2804 1.ae-

386 2841 498 2903 tati
545 2861 767 2903 sumus
813 2859 927 2922 pro
973 2840 1198 2902 diebus
1244 2840 1482 2922 quibus
1529 2859 1640 2903 nos
1689 2840 1893 2902 humi-

384 2941 577 3016 liasti,
612 2940 798 3003 annis
845 2941 1084 3022 quibus
1122 2941 1401 3003 vidimus
1447 2941 1632 3003 mala.
1670 2941 1884 3014 Porr0‚

2000 1964 2149 2019 sunt
2179 1957 2371 2020 verba
2399 1976 2543 2037 quae
2581 1957 2827 2020 locutus
2868 1977 3012 2020 sum
3057 1959 3255 2034 vobiS‚
3290 1978 3491 2041 quum
3521 1943 3590 1985 ⁴⁴·

2000 2056 2209 2117 adhuc
2250 2073 2453 2118 essem
2498 2056 2851 2118 vobiscum.

2083 2156 2233 2218 Non
2274 2163 2485 2214 tamen
2526 2165 2957 2231 coynoverunt
2987 2157 3303 2234 discipuli
3338 2158 3496 2236 quia

1998 2257 2181 2315 Iesus
2210 2262 2320 2313 est.
2354 2253 2423 2314 In
2463 2253 2585 2314 alia
2632 2271 2909 2335 namque
2946 2252 3165 2335 effigie
3202 2255 3499 2337 apparuit

2003 2351 2116 2424 eiS,
2150 2351 2689 2432 quemadmodum
2720 2351 3117 2433 Magdalenae,
3153 2361 3223 2414 ut
3255 2353 3495 2416 dictum

2002 2457 2095 2511 est
2127 2449 2506 2531 praecedenti
2540 2450 2837 2531 capitulo,
2874 2451 2984 2513 ubi
3015 2459 3077 2513 et
3110 2451 3494 2514 declaratum
3542 2464 3789 2514 scamas,

2001 2556 2097 2610 est
2144 2548 2421 2629 qualiter
2463 2547 2700 2610 factum
2748 2548 2829 2611 sit
2874 2549 3007 2612 hoc.
3040 2549 3354 2631 Apparuit
3395 2568 3500 2612 au·
3530 2528 3595 2570 ¹⁵·

2001 2655 2125 2709 tem
2175 2647 2529 2729 discipuli8‚
2563 2648 2914 2710 secundum
2955 2647 3492 2731 chrysostomum,

2003 2746 2068 2808 in
2101 2745 2313 2828 specie
2344 2745 2465 2808 viri
2499 2745 2767 2808 volentis
2798 2764 3010 2809 emere
3040 2747 3247 2829 pisces
3278 2765 3292 2810 ε
3326 2749 3498 2829 quod

2003 2845 2403 2909 convincitur
2432 2862 2508 2906 ex
2537 2863 2613 2907 eo
2643 2845 2812 2925 quod
2844 2844 3160 2908 subditur.
3184 2847 3375 2907 Dixit
3402 2867 3501 2906 er-
3640 2843 3677 2898 5

1993 2965 2078 3023 90
2124 2945 2217 3003 eis
2261 2947 2441 3004 Iesus
2478 2964 2499 3003 .·
2529 2945 2757 3005 Pueri.
2801 2943 3032 3007 Pueros
3088 2953 3268 3017 vocat
3314 2944 3502 3007 disci-

385 3059 574 3102 mane
615 3040 802 3114 facto,
838 3047 1103 3121 apparet
1137 3039 1316 3101 Jesus
1356 3040 1566 3102 taliter
1607 3040 1892 3104 laboran-
1930 3041 1973 3105 C
2003 3043 2212 3125 puIOS‚
2270 3061 2395 3104 non
2456 3049 2634 3104 aetate
2694 3042 2793 3105 vel
2855 3042 3328 3117 indiscretione,
3390 3044 3499 3105 sed

383 3139 581 3214 tibuS,
619 3139 683 3201 id
726 3146 821 3200 est
865 3145 1306 3202 consummato
1346 3158 1537 3200 cursu
1582 3140 1890 3222 temporis

383 3238 583 3318 hujus
633 3237 976 3311 tenebrosi,
1025 3237 1284 3317 quando
1341 3237 1611 3298 traducit
1658 3254 1764 3318 eos
1814 3238 1890 3299 de

383 3337 508 3399 hoc
558 3335 717 3397 mari
778 3353 1028 3416 magno,
1080 3335 1581 3416 turbulentoque
1633 3335 1885 3410 saecule,

380 3435 462 3496 ad
497 3441 753 3515 portum
797 3433 1155 3495 securitatis
1196 3440 1445 3494 aeternae
1476 3451 1586 3494 seu
1622 3433 1889 3514 patriam

381 3533 760 3607 electorum,
816 3532 925 3593 ubi
974 3530 1080 3594 Sol
1139 3531 1574 3611 intelligentiae
1625 3532 1891 3593 incessa-

383 3632 602 3694 biliter
639 3631 866 3705 oritur,
901 3649 1020 3692 nec
1059 3630 1192 3692 dies
1235 3630 1436 3691 tendit
1472 3631 1551 3691 ad
1594 3648 1886 3692 occasum

381 3730 752 3812 aliquando.
788 3728 996 3792 Potest
1032 3746 1291 3809 quoque
1332 3745 1445 3810 per
1477 3746 1662 3790 mane
1694 3729 1884 3803 istud,

383 3829 658 3909 intelligi
710 3826 864 3890 finis
909 3827 1276 3890 tentationis
1320 3834 1384 3889 et
1426 3826 1886 3909 persecutionis

381 3927 868 4009 cujuscumque,
893 3926 960 3986 in
985 3945 1111 4006 quo
1143 3925 1444 4007 splendor
1471 3925 1689 4005 gratiae
1719 3943 1889 3987 men-

2001 3140 2429 3223 simplicitate,
2493 3140 2769 3222 puritate
2825 3148 2887 3202 et
2944 3141 3327 3204 innocentia.
3388 3140 3502 3202 Per

2001 3259 2197 3322 quem
2245 3241 2509 3302 modum
2548 3239 2831 3302 Christus
2880 3240 2967 3304 ait
3016 3241 3081 3302 in
3131 3239 3376 3303 Psalmo
3422 3241 3500 3302 de

2001 3357 2068 3402 se
2110 3339 2250 3420 ipso
2286 3357 2299 3400 :
2333 3337 2420 3398 Ne
2459 3345 2704 3400 avertas
2744 3337 2972 3400 faciem
3012 3347 3185 3400 tuam
3224 3357 3261 3400 a
3301 3357 3498 3420 puero
3553 3356 3790 3408 Pauvm,

2000 3445 2131 3500 tuo.
2169 3436 2244 3497 Et
2283 3437 2359 3498 de
2400 3436 2540 3516 ipso
2584 3435 2744 3497 dixit
2794 3435 3117 3517 primitiva
3164 3435 3445 3499 Ecclesia
3478 3455 3491 3499 :
3528 3421 3595 3464 ¹⁸·

2000 3535 2448 3598 Convenerunt
2504 3534 2809 3596 adversus
2872 3541 3160 3596 sanctum
3226 3552 3495 3616 puerum
3525 3554 3787 3605 Act.w‚2·1.

2001 3642 2181 3695 tuum
2230 3632 2467 3706 Iesum,
2501 3630 2758 3696 Pontius
2805 3631 3037 3695 Pilatus
3086 3641 3151 3694 et
3195 3631 3491 3697 Herodes.

1999 3732 2084 3794 De
2128 3731 2445 3813 praedictis
2491 3730 2707 3812 pueris
2754 3731 2887 3793 suis
2930 3738 3119 3812 atque
3163 3731 3497 3814 discipulis

1996 3831 2085 3893 ait
2116 3829 2401 3894 Christus
2434 3847 2550 3910 per
2578 3828 2799 3890 isaiam
2838 3848 2851 3891 :
2886 3828 3045 3891 Ecce
3074 3847 3191 3910 ego
3220 3837 3283 3892 et
3312 3831 3494 3911 pueri
3524 3846 3588 3889 τε.
3612 3859 3698 3894 vm.
3722 3848 3786 3888 ιε.

1998 3929 2122 3991 mei
2169 3946 2328 4009 quos
2374 3927 2545 3988 dedit
2590 3926 2747 3988 mihi
2792 3927 3117 3990 Dominus.
3156 3929 3497 4008 Numquid

382 4026 428 4088 ti
464 4025 770 4106 gignitur,
805 4024 1158 4106 spiritualis
1199 4022 1544 4086 consolatio
1586 4024 1790 4100 datur,
1825 4031 1888 4085 et
1985 4027 2536 4106 pulmentarium,
2589 4025 2650 4086 id
2709 4032 2805 4086 est
2850 4025 3091 4106 aliquid
3147 4025 3273 4086 cibi
3323 4027 3493 4106 quod

379 4123 599 4188 omnia
648 4121 952 4184 interiora
991 4122 1221 4184 animae
1268 4129 1673 4185 renovantur.
1711 4121 1886 4184 Tunc

1995 4127 2325 4187 decoctum
2376 4131 2736 4205 apponatur
2773 4142 2848 4185 ac
2890 4123 3310 4186 manducetur
3349 4143 3492 4186 cum

377 4223 560 4285 Jesus
607 4227 874 4302 apparet
915 4220 1014 4282 his
1060 4220 1298 4301 quibus
1348 4221 1472 4282 tale
1515 4239 1700 4282 mane
1743 4239 1886 4282 con·
1921 4225 1966 4284 D
1995 4241 2160 4305 pane
2195 4229 2261 4283 ut
2300 4221 2559 4303 sapidus
2592 4220 2695 4294 sit,
2730 4223 3023 4282 habetis?
3051 4221 3233 4302 quasi
3276 4221 3443 4284 dicat
3477 4241 3490 4285 :

381 4321 650 4394 ceditur,
683 4326 934 4399 statque
984 4319 1052 4380 in
1102 4319 1334 4393 littore,
1371 4319 1490 4381 hoc
1539 4326 1632 4380 est
1682 4318 1746 4379 in
1799 4319 1884 4381 lo-

381 4438 458 4483 co
507 4417 880 4499 tranquillo,
939 4416 1046 4478 ubi
1096 4416 1422 4496 flagellum
1480 4435 1604 4479 non
1657 4435 1886 4498 appro-

383 4517 657 4600 pinquat
713 4515 1124 4578 tabernaculo
1173 4534 1310 4589 suo,
1364 4515 1660 4578 videlicet
1711 4522 1886 4577 extra

381 4623 447 4677 et
495 4633 690 4696 supra
748 4614 921 4674 hunc
971 4613 1281 4674 mundum
1332 4612 1884 4693 inquietudinibus

383 4713 672 4795 plenum,
708 4710 989 4773 invitans
1037 4729 1184 4774 suos
1231 4710 1554 4778 ministros
1598 4719 1666 4772 ut
1715 4710 1884 4772 festi-

383 4819 539 4874 nent
589 4810 808 4873 venire
856 4810 936 4871 ad
985 4809 1223 4891 ipsum,
1276 4809 1658 4891 adspirando
1709 4809 1886 4871 inde-

383 4909 669 4972 sinenter
710 4909 788 4970 ad
836 4907 1127 4989 patriam.

463 5007 751 5087 Denique
797 5007 876 5068 ad
923 5005 1222 5078 litteram,
1267 5005 1438 5066 stetit
1485 5004 1770 5067 Christus
1821 5005 1884 5067 in

383 5106 596 5169 littore
657 5106 870 5180 mariS‚
937 5123 1064 5167 non
1127 5123 1322 5186 supra
1375 5123 1556 5184 aquae
1615 5103 1882 5179 fluenta,

381 5203 540 5286 quia
581 5203 830 5266 volebat
874 5201 1226 5284 discipulos
1273 5220 1418 5265 suos
1465 5201 1769 5284 paulatim
1812 5204 1890 5265 ad

385 5323 572 5368 suam
631 5304 1056 5384 cognitionem
1123 5303 1492 5385 perducere.
1555 5300 1618 5363 Si
1678 5311 1888 5366 autem

1995 4320 2253 4384 Habetis
2301 4320 2551 4400 aliquos
2596 4320 2847 4401 pisces?
2890 4318 3143 4392 Quaerit,
3190 4326 3259 4381 ut
3298 4337 3375 4382 ex
3418 4321 3498 4382 il-

1995 4420 2203 4483 lorum
2256 4418 2667 4500 responsione
2710 4418 3163 4481 convenienter
3206 4419 3495 4481 consulat

1993 4527 2185 4600 atque
2236 4515 2613 4578 subinferat.
2658 4517 3151 4592 Responderunt
3190 4518 3277 4586 ei,
3317 4519 3487 4580 Non.

2073 4616 2253 4676 Dicit
2304 4617 2397 4673 eis
2439 4635 2461 4673 .·
2504 4615 2750 4674 Mittite
2802 4614 2871 4672 in
2918 4615 3251 4674 deoeteram
3304 4617 3493 4676 navi-
3634 4622 3670 4677 6

1986 4715 2091 4792 ρίί
2128 4723 2283 4781 rete,
2317 4712 2377 4774 id
2430 4719 2545 4784 est,
2582 4718 2712 4772 rete
2752 4716 3035 4772 vestrum
3083 4711 3375 4794 projicite
3424 4713 3490 4776 in

1993 4831 2227 4893 aquam
2274 4811 2350 4872 ad
2402 4811 2721 4871 dexteram
2775 4816 3018 4890 partem
3070 4810 3401 4886 naviculae,
3432 4821 3493 4872 et

1995 4910 2343 4970 invenietis
2397 4909 2567 4989 quod
2625 4905 2933 4989 quaeritiS,
2986 4907 3231 4970 scilicet
3287 4909 3494 4991 pisces

1997 5009 2060 5071 in
2113 5005 2317 5088 copia.
2371 5005 2660 5067 Praedicit
2708 5003 3013 5066 effectum
3059 5005 3374 5080 futurum,
3428 5007 3492 5068 in

1998 5125 2065 5168 se
2098 5105 2352 5187 penitus
2383 5103 2878 5183 contingentem,
2914 5110 2985 5164 ut
3012 5122 3213 5184 quum
3256 5103 3494 5167 factum

2001 5204 2292 5267 viderent
2328 5203 2501 5283 quod
2543 5200 2856 5282 praedixit,
2890 5201 3129 5264 scirent
3174 5221 3322 5264 eum
3359 5221 3499 5266 esse

2005 5302 2351 5366 Christum.
2400 5303 2725 5363 Miserunt
2774 5320 2921 5378 erqo
2969 5309 3101 5364 rete
3154 5302 3219 5364 in
3269 5321 3501 5385 aquam
