4300 6259
870 490 993 555 300
1710 510 2062 559 ammi-10
2104 511 2168 557 nv
2209 509 2348 557 mr.
2394 510 2416 556 1
2456 509 2734 559 mmm.
2777 530 2860 541 -
2899 511 3042 557 mr.
3087 512 3128 556 v

866 679 1131 759 gratiam
1191 690 1464 763 praest03
1514 685 1766 744 medius
1813 693 2029 744 autem
2080 693 2362 744 vestrum
2390 680 2444 743 A
2472 682 2572 745 bis
2617 684 2772 759 suia,
2815 684 3046 764 adjecit
3085 684 3161 747 de
3198 682 3444 747 Christo
3477 702 3490 746 ε
3523 682 3666 764 Ipse
3703 700 3813 745 vos
3857 681 3968 744 ba-
4015 694 4234 743 uastam.

864 780 1063 848 stetit,
1103 780 1165 841 id
1208 788 1322 856 est,
1367 782 1533 844 inter
1572 801 1681 847 vos
1729 800 2058 864 apparere,
2102 800 2363 845 conver·
2471 782 2734 865 ptizabit
2771 781 3013 864 Spiritu
3052 781 3277 845 Sancto
3306 788 3369 844 et
3407 781 3561 862 igni.
3594 779 3742 853 Quae
3773 779 3968 842 verba
3999 762 4062 799 ¹¹·

866 876 1014 948 sari,
1058 886 1120 939 et
1170 881 1591 943 communiter
1634 880 1851 944 vivere
1898 882 2192 961 dignatus
2241 889 2356 955 est,
2468 882 2637 962 apud
2668 881 3048 955 Matthaeum,
3084 889 3272 963 prout
3310 880 3612 943 Dominus
3653 877 3846 948 dedit,
3881 878 3969 941 di-

864 996 1049 1055 quem
1102 998 1207 1038 vos
1254 998 1385 1039 non
1426 982 1629 1049 scitis,
1678 980 1741 1042 id
1792 988 1907 1053 est,
1956 997 2080 1042 non
2131 998 2362 1060 cogno-
2469 978 2737 1061 ligenter
2778 980 3066 1061 exposui.

864 1073 1040 1135 scitis
1080 1093 1217 1137 esse
1248 1076 1589 1151 Christum,
1628 1078 1856 1140 Filium
1899 1078 2029 1153 Dei,
2062 1078 2357 1160 quamvis
2546 1078 2864 1141 Praedictis
2915 1078 3129 1159 itaque
3178 1077 3390 1140 verbis
3439 1076 3707 1140 loannes
3756 1075 3967 1158 Bapti-

861 1170 1025 1234 forte
1078 1175 1290 1236 sciatis
1344 1178 1515 1257 quod
1572 1178 1653 1238 sit
1705 1177 1883 1239 filius
1938 1176 2165 1239 Mariae.
2222 1175 2356 1239 Non
2468 1184 2562 1239 sta
2605 1176 2910 1239 satisfecit
2948 1176 3282 1258 quaestioni
3321 1177 3702 1239 Judaeorum.
3736 1175 3964 1237 Dicens

860 1271 1033 1333 enim
1076 1283 1461 1353 agnoverant
1501 1274 1818 1338 Christum
1863 1276 2215 1338 secundum
2255 1294 2361 1336 su-
2467 1276 2639 1339 enim
2686 1295 2755 1338 se
2797 1294 2934 1338 esse
2975 1294 3190 1341 vocem
3240 1275 3511 1349 Domini,
3553 1276 3964 1357 quemadmo-

860 1388 961 1431 am
1007 1371 1427 1447 divinitatem,
1474 1392 1591 1435 nec
1628 1374 1820 1435 etiam
1860 1375 2212 1436 secundum
2257 1393 2360 1435 su·
2466 1376 2620 1437 dum
2667 1375 2855 1437 lsaias
2905 1374 3375 1457 praenuntiavit,
3421 1380 3482 1435 et
3532 1374 3703 1455 quod
3751 1372 3964 1436 Domi-
4017 1393 4215 1440 tax-„a

860 1487 961 1530 am
1014 1469 1493 1545 humanitatem,
1540 1491 1652 1554 per
1692 1472 2231 1554 comparationem
2279 1472 2356 1533 ad
2469 1492 2611 1547 nus,
2645 1474 2831 1555 cujus
2877 1474 3016 1555 ipse
3059 1492 3178 1536 vox
3221 1472 3366 1547 fuit,
3413 1480 3654 1533 tantum
3697 1472 3968 1534 excelle—

862 1568 1162 1630 unionem
1208 1588 1353 1632 cum
1385 1571 1613 1651 Verbo,
1642 1580 1834 1653 atque
1871 1572 1948 1634 ad
1988 1578 2195 1634 cetera
2225 1569 2359 1652 Spi-
2470 1581 2563 1634 ret
2615 1590 2762 1634 eum
2810 1574 2982 1654 quod
3037 1591 3164 1635 non
3218 1580 3384 1635 esset
3431 1572 3660 1652 dignus
3717 1570 3966 1634 solvere

861 1666 1021 1728 ritus
1066 1666 1275 1730 Sancti
1322 1670 1720 1733 charismata.
2467 1671 2804 1751 corrigiam
2853 1672 3261 1733 calceamenti
3303 1670 3465 1752 ejuS,
3507 1669 3713 1732 fassus
3753 1677 3849 1731 est
3897 1687 3968 1730 se

940 1764 1272 1842 Quaeritur,
1316 1769 1636 1848 quomodo
1678 1768 1963 1831 Christus
2012 1768 2186 1831 stetit
2227 1786 2358 1830 me·
2465 1787 2605 1831 esse
2655 1769 2885 1833 Christi
2939 1787 3416 1851 praecursorem.
3469 1769 3645 1841 Item,
3694 1767 3967 1830 dicendo

862 1862 1004 1925 dius
1036 1864 1287 1939 horum,
1322 1867 1424 1929 vel
1454 1867 1621 1929 inter
1651 1867 1764 1929 hos
1796 1867 2044 1929 medius
2074 1866 2210 1941 fuit,
2242 1867 2353 1947 qui
2393 1868 2440 1930 B
2467 1869 2639 1951 quod
2675 1868 3026 1950 baptizaret
3066 1868 3129 1929 in
3173 1886 3340 1948 aqua
3378 1868 3720 1940 dumtaxat,
3763 1874 3970 1930 osten-

864 1961 1132 2025 forsitan
1184 1983 1513 2046 nunquam
1571 1965 1695 2028 fuit
1745 1966 1910 2028 inter
1967 1966 2227 2029 nuntios
2278 1966 2360 2028 is·
2469 1966 2561 2028 dit
2601 1966 3127 2029 insufficientiam
3170 1966 3267 2028 sui
3310 1964 3636 2047 baptismi,
3671 1966 3757 2027 ita
3793 1966 3968 2046 quod

864 2069 983 2136 toS‚
1018 2063 1372 2125 sacerdotes
1404 2072 1466 2126 et
1494 2064 1762 2127 Levitas.
1791 2065 2358 2146 Dicendum,qu0d
2470 2066 2635 2128 sicut
2683 2066 3085 2147 praedicando
3133 2064 3509 2146 disponebat
3553 2063 3842 2127 homines
3887 2065 3970 2125 ad
4017 2080 4236 2124 unum.

867 2159 1152 2224 Christus
1210 2164 1560 2224 secundum
1622 2182 1800 2225 suam
1860 2164 2155 2226 deitatem
2215 2171 2356 2238 stat,
2473 2165 2703 2228 Christi
2753 2164 3262 2247 praedicationem
3324 2162 3661 2225 salubriter
3705 2164 3973 2225 audien·
4001 2148 4040 2186 ¹·

866 2257 929 2319 id
963 2266 1077 2333 est,
1111 2258 1386 2322 firmiter
1415 2260 2006 2343 invariabiliterque
2044 2262 2356 2335 subsistit,
2473 2264 2634 2338 dam,
2659 2264 2750 2326 sic
2781 2262 3158 2345 baptizando
3187 2261 3563 2343 disponebat
3591 2261 3668 2323 ad
3698 2262 3972 2343 suscipi-

867 2357 1115 2419 medius
1147 2358 1457 2433 omnium,
1491 2359 1643 2441 quia
1680 2359 1747 2421 in
1778 2360 2073 2423 omnibus
2114 2368 2230 2422 est.
2266 2359 2364 2421 Di·
2473 2363 2705 2424 endum
2740 2361 2969 2425 Christi
3001 2360 3316 2442 Baptisma
3351 2379 3364 2423 :
3399 2360 3628 2434 Primo,
3661 2360 3969 2441 quoniam

869 2456 1035 2517 citur
1083 2456 1255 2519 enim
1302 2464 1488 2533 stare,
1528 2458 1708 2539 juxta
1750 2458 1908 2521 illud
1960 2459 2023 2521 in
2063 2458 2358 2521 Psalmo:
2479 2461 2798 2543 susceptio
2846 2460 3146 2542 baptismi
3198 2458 3452 2523 Joannis
3507 2458 3628 2521 fuit
3674 2459 3970 2539 quaedam

659 2581 794 2618 tm..
829 2603 839 2613 .
869 2554 1033 2616 Deus
1076 2556 1248 2617 stetit
1287 2556 1351 2618 in
1393 2575 1703 2639 synagoga
1742 2559 2028 2620 deorum.
2061 2557 2137 2620 Et
2175 2557 2363 2619 lsaias
2475 2560 2788 2641 professio
2837 2559 3134 2622 credendi
3186 2558 3250 2620 in
3301 2557 3641 2622 Christum.
3693 2556 3978 2639 Baptiza-
4006 2574 4234 2617 aemma

688 2682 713 2711 ι.
808 2701 820 2712 .
869 2652 956 2715 ait
990 2672 1003 2716 :
1038 2652 1170 2716 Stat
1208 2656 1285 2717 ad
1332 2654 1747 2736 judicandum
1793 2656 2117 2719 Dominus.
2149 2655 2360 2731 Porr0‚
2475 2657 2567 2721 vit
2598 2676 2875 2739 namque
2905 2658 2972 2719 in
3006 2658 3263 2721 nomine
3293 2656 3523 2720 Christi
3554 2655 3828 2718 venturi.
3863 2654 3980 2718 Se-

870 2754 1221 2817 secundum
1291 2753 1770 2829 humanitatem,
1840 2756 2014 2817 stetit
2079 2755 2364 2818 Christus
2476 2757 2704 2831 cundo,
2748 2756 3054 2837 quoniam
3102 2757 3214 2839 qui
3263 2754 3744 2837 baptizabantur
3791 2772 3830 2815 a
3875 2753 3982 2817 Je-

782 2860 786 2865 ·
872 2851 1117 2912 medius
1178 2851 1403 2915 horum
1465 2853 1807 2934 dupliciter
1860 2873 1874 2917 :
1928 2853 2161 2934 Primo,
2213 2854 2366 2935 quia
2474 2874 2660 2930 anne,
2713 2854 3183 2918 confitebantur
3231 2873 3345 2917 sua
3393 2861 3647 2936 peccata
3689 2871 3703 2916 ε
3747 2853 3978 2934 sicque
4025 2866 4238 2911 atatam.

591 3454 699 3498 Luc.
712 3468 757 3507 ιι,
770 3457 839 3507 42,

662 3951 733 4005 27

597 5213 766 5258 Mutela.
784 5229 842 5268 m,

577 5279 641 5327 Η,
660 5276 842 5327 12;Luc.

576 5352 635 5391 ui,
654 5340 720 5393 ¹6,
742 5342 807 5384 17.

870 2948 935 3010 in
981 2958 1145 3012 terra
1182 2960 1244 3012 et
1282 2952 1520 3033 populo
1558 2970 1777 3014 eorum
1819 2952 2244 3016 communiter
2277 2952 2368 3015 vi-
2473 2954 2857 3036 aptabantur
2901 2955 2978 3016 ad
3029 2953 3227 3015 fidem
3278 2960 3340 3015 et
3384 2952 3650 3033 gratiam
3708 2951 3972 3014 Christi.
4007 2935 4048 2974 ⁶·

870 3048 982 3109 xit.
1018 3047 1323 3123 Secundo,
1357 3048 1509 3131 quia
1547 3050 1815 3132 singulis
1857 3052 2040 3113 annis
2083 3051 2368 3113 ascendit
2403 3048 2448 3111 G
2477 3054 2706 3127 Tertio,
2759 3053 2912 3134 quia
2962 3052 3230 3114 Joannes
3290 3051 3664 3134 baptizando
3710 3068 3982 3131 congre-
4049 3064 4207 3108 ιιι-ω.

868 3145 1317 3231 lerosolymam
1367 3150 1433 3210 in
1484 3150 1860 3213 solennitate
1909 3150 2212 3233 paschali,
2267 3168 2366 3212 se·
2475 3151 2648 3232 gavit
2689 3151 3000 3232 populum
3041 3150 3339 3224 multum,
3373 3157 3436 3211 et
3463 3150 3552 3212 ita
3589 3149 3794 3231 potuit
3831 3150 3981 3231 plu-

871 3247 1150 3308 cundum
1203 3247 1426 3327 legem,
1481 3248 1869 3330 intravitque
1918 3250 2252 3331 templum,
2306 3257 2367 3310 et
2479 3251 2656 3312 ribus
2699 3250 3080 3312 annuntiare
3125 3249 3355 3312 Christi
3397 3250 3764 3311 adventum.
3799 3246 3980 3310 Hanc

873 3342 959 3405 ibi
1004 3344 1170 3407 inter
1212 3347 1565 3409 sacerdotes
1596 3354 1659 3409 et
1694 3347 1849 3411 alios
1892 3348 2063 3409 stetit
2100 3348 2166 3410 in
2209 3354 2368 3410 tem·
2479 3350 2790 3413 rationem
2850 3350 3122 3431 ipsemet
3183 3356 3436 3411 sanctus
3493 3346 3770 3429 Baptista
3829 3355 3982 3429 post

873 3442 999 3524 plo.
1050 3442 1203 3505 Nam
1252 3452 1315 3506 et
1362 3464 1561 3526 quum
1622 3454 1786 3509 esset
1842 3465 2154 3509 annorum
2214 3448 2382 3510 duo-·
2480 3467 2682 3531 pauca
2739 3454 3214 3521 commemorat,
3269 3447 3435 3509 sicut
3490 3445 3750 3528 patebit.
3799 3445 3982 3507 Patet
4035 3460 4216 3501 mazi-

871 3542 1099 3616 decim‚
1146 3543 1441 3607 inventus
1492 3553 1587 3607 est
1637 3545 1703 3606 in
1752 3546 1990 3627 templo
2036 3546 2101 3607 in
2153 3545 2366 3608 medio
2477 3566 2626 3628 ergo
2667 3548 2835 3629 quod
2875 3546 3144 3609 Ioannes
3187 3546 3584 3628 baptizando,
3618 3562 3744 3607 non
3789 3563 3984 3605 usur—

869 3642 1219 3704 doctorum.
1254 3641 1373 3704 Sed
1415 3661 1540 3705 non
1572 3644 1822 3707 videtur
1857 3643 2034 3705 Jesus
2073 3662 2367 3726 corpora·
2478 3646 2653 3728 pavit
2709 3646 3066 3708 indebitum
3126 3644 3250 3707 sibi
3299 3644 3612 3717 officium,
3665 3644 3773 3705 sed
3831 3642 3982 3723 ejus

867 3740 1013 3801 liter
1040 3740 1343 3817 adfuisse,
1378 3750 1440 3803 et
1475 3741 1637 3804 inter
1672 3743 1821 3805 istos
1860 3744 2128 3817 stetisse,
2164 3761 2368 3823 quan·
2476 3745 2894 3826 inspiratione
2935 3745 3054 3807 hoc
3099 3742 3252 3805 fecit
3289 3762 3480 3825 quem
3524 3741 3975 3824 praecurrebat.

869 3840 947 3901 do
992 3839 1239 3903 locutus
1282 3848 1379 3902 est
1420 3842 1553 3903 haec
1596 3841 1788 3904 verba
1828 3842 2119 3905 Joannes.
2559 3843 2864 3924 Denique,
2911 3843 3082 3924 quod
3131 3842 3219 3903 ait
3262 3841 3529 3905 loannes
3579 3858 3646 3902 se
3693 3858 3832 3902 esse
3876 3840 3982 3901 in-

974 3942 1119 4016 Ipse
1174 3958 1371 4020 quem
1436 3959 1548 4003 vos
1611 3959 1739 4003 non
1804 3940 2001 4015 scitiS‚
2066 3940 2365 4003 videlicet
2478 3944 2741 4024 dignum
2793 3942 2871 4003 ad
2921 3940 3296 4005 solvendum
3355 3939 3679 4021 cingulum
3739 3938 3984 4001 calcea-

869 4036 1178 4111 ChristuS,
1210 4047 1299 4098 est
1327 4040 1445 4117 qui
1466 4048 1607 4115 post
1639 4060 1735 4098 me
1766 4050 2077 4100 venturus
2104 4049 2217 4110 est,
2248 4040 2366 4120 qui
2475 4048 2836 4104 mentorum
2869 4038 3100 4103 Christi
3127 4059 3142 4111 ;
3183 4058 3312 4102 non
3353 4046 3448 4101 est
3486 4038 3578 4100 sic
3617 4037 3982 4118 intelligen-

868 4144 1017 4196 ance
1061 4156 1160 4196 me
1206 4137 1423 4212 factus
1470 4147 1580 4197 est.
1625 4136 1751 4199 Hoc
1797 4136 1928 4217 jam
1979 4137 2170 4218 paulo
2218 4145 2365 4199 ante
2476 4141 2651 4215 dum,
2705 4140 2877 4220 quod
2926 4137 3208 4202 Christus
3259 4137 3479 4200 tulerit
3526 4138 3976 4199 calceamenta.

868 4233 1227 4315 expositum
1258 4242 1375 4295 est.
1404 4235 1602 4313 Cujus
1632 4255 1741 4312 eqo
1770 4256 1901 4297 non
1930 4256 2071 4297 sum
2102 4238 2360 4315 diynus,
2398 4242 2445 4304 D
2475 4237 2615 4320 Ipse
2673 4237 2846 4299 enim
2906 4236 3101 4318 coepit
3156 4235 3364 4299 facere
3419 4244 3483 4298 et
3537 4236 3782 4298 docere.
3834 4233 3980 4315 Ipse
4035 4254 4219 4297 aenan.

868 4332 932 4394 id
992 4339 1107 4407 est,
1160 4332 1344 4413 cujus
1404 4334 1741 4413 praesentia
1786 4340 1849 4395 et
1906 4333 2216 4396 famulatu
2273 4334 2367 4397 di·
2479 4354 2629 4400 vero
2671 4336 3005 4419 discipulis
3063 4336 3255 4417 jussit
3307 4354 3386 4397 ne
3445 4334 3670 4398 calceis
3725 4342 3981 4395 uteren-
4043 4350 4240 4395 Maxim.

866 4449 1030 4512 gnus
1082 4449 1206 4493 non
1258 4450 1401 4493 sum
1442 4431 1508 4493 in
1554 4432 1839 4494 minimis
1888 4432 2099 4509 rebuS,
2144 4433 2369 4495 videli-
2476 4445 2602 4511 tur,
2656 4443 2726 4497 ut
2776 4435 3006 4516 legitur
3055 4436 3121 4497 in
3180 4434 3482 4499 Matthaeo.
3541 4432 3661 4496 Sed
3705 4432 3979 4497 Joannes
4011 4418 4076 4459 ¹⁰·

868 4534 982 4605 cet,
1008 4539 1079 4590 ut
1106 4532 1351 4589 solvam
1379 4530 1519 4607 ejus
1547 4532 1899 4607 corriyiam
1927 4533 2366 4601 calceamenti,
2478 4533 2833 4597 conformat
2889 4552 2957 4595 se
3017 4534 3343 4596 communi
3401 4533 3587 4596 modo
3644 4530 3975 4613 loquendi,

869 4627 930 4689 id
992 4634 1107 4702 est,
1159 4626 1225 4689 in
1288 4627 1477 4690 rebus
1527 4629 1967 4710 corporalibus
2018 4638 2080 4691 et
2127 4630 2366 4693 vilibus
2479 4652 2608 4715 quo
2655 4632 2889 4714 aliquis
2941 4632 3159 4696 volens
3209 4650 3276 4693 se
3319 4631 3589 4693 multum
3635 4629 3980 4692 humiliare

867 4726 925 4789 ei
986 4726 1359 4789 deserviam.
1409 4727 2133 4809 Improportionabiliter
2191 4748 2369 4791 nam·
2480 4731 2599 4793 sub
2649 4731 2796 4806 alio,
2844 4730 3068 4793 asserit
3115 4747 3185 4792 se
3227 4730 3560 4810 indignum
3603 4729 3681 4791 ad
3729 4728 3982 4792 solven-

869 4843 995 4907 que
1045 4823 1166 4887 fuit
1204 4825 1491 4889 Christus
1542 4826 1742 4907 major
1782 4826 2016 4890 Ioanne
2065 4827 2364 4909 Baptista.
2479 4832 2632 4893 dum
2678 4829 3013 4910 ligaturam
3056 4829 3412 4891 calceorum
3457 4827 3684 4910 ipsius.

869 4924 1061 4988 Multo
1109 4924 1323 4986 minus
1373 4924 1601 5005 dignus
1660 4944 1801 4987 sum
1852 4926 2067 5007 ipsum
2126 4928 2372 4991 contin·
2562 4926 2682 4989 Sed
2732 4928 3051 5008 quomodo
3090 4926 3358 4989 Ioannes
3401 4924 3525 4988 fuit
3564 4924 3864 5005 indignus
3902 4926 3985 4987 ad

870 5041 1040 5104 gere,
1075 5024 1173 5087 vel
1215 5023 1354 5104 ejus
1400 5024 1658 5087 nomine
1695 5024 2004 5106 appellari
2050 5044 2164 5088 seu
2207 5025 2372 5089 aesti-
2481 5026 2622 5100 hoc,
2657 5025 2770 5107 qui
2814 5026 3045 5105 dignus
3088 5024 3212 5087 fuit
3255 5023 3573 5088 Christum
3617 5022 3984 5105 baptizare?

877 5122 1034 5184 mari
1066 5122 1235 5203 quod
1268 5141 1383 5203 ego
1413 5122 1535 5185 sim
1565 5122 1695 5197 ille,
1731 5123 2028 5185 videlicet
2059 5124 2366 5187 ChristuS.
2481 5123 2556 5186 Et
2585 5143 2788 5206 quum
2832 5124 3022 5187 homo
3065 5123 3376 5186 exsistens
3420 5123 3484 5184 in
3520 5122 3720 5203 gratia
3748 5138 3988 5184 merea-

874 5218 1196 5283 Matthaeus
1237 5227 1299 5281 et
1332 5220 1533 5283 Lucas
1574 5220 1827 5303 plenius
1873 5221 2140 5284 recitant
2180 5221 2374 5285 verba
2485 5231 2587 5286 tur
2634 5223 2712 5284 de
2761 5223 3075 5304 condigno
3123 5223 3319 5285 vitam
3368 5228 3692 5295 aeternam,
3726 5221 3850 5284 hoc
3889 5228 3988 5282 est

874 5318 1129 5382 Joannis
1185 5318 1497 5401 Baptistae.
1549 5318 1703 5382 Nam
1762 5319 2173 5402 praeinductis
2233 5340 2372 5384 ver·
2483 5322 2716 5385 claram
2750 5330 2814 5384 et
2843 5322 3275 5385 immediatam
3306 5321 3538 5385 divinae
3573 5320 3866 5383 essentiae
3897 5319 3990 5381 vi-
