4300 6259
1181 514 1536 563 manuario
1577 516 1640 563 m
1681 516 1820 563 car.
1865 516 1974 563 viu
2013 516 2291 564 somnis.
2339 536 2419 547 —
2459 518 2601 564 aar.
2649 518 2755 563 xxi
3402 498 3523 563 423

406 703 500 747 ne
535 686 835 750 exaltatio
869 686 1016 750 Jesu
1057 706 1132 750 ac
1169 687 1517 769 divulgatio
1558 687 1712 750 fidei
1753 687 1918 751 chri-
1945 688 1997 749 A
2025 708 2169 751 mus
2209 688 2557 752 invaluisse
2588 689 2783 753 fidem
2826 689 3199 753 catholicam
3237 688 3523 751 christia-

403 784 638 847 stianae
676 786 1144 848 adscriberetur
1183 787 1480 868 potentiae
1519 786 1780 860 civium,
1817 786 1916 849 vel

401 883 780 947 eminentiae
828 884 973 959 loci,
1019 892 1128 947 aut
1173 884 1367 947 alicui
1417 904 1621 947 causae
1669 892 1918 947 natura·

403 980 483 1057 li,
522 982 635 1045 sed
675 982 744 1045 in
773 982 1072 1046 omnibus
1111 991 1487 1064 agnoscatur
1524 990 1780 1065 operata
1815 983 1919 1045 Di-

407 1080 671 1155 vinitaS,
707 1080 892 1162 cujus
933 1081 1170 1145 virtute
1210 1089 1273 1144 et
1314 1082 1755 1164 cooperatione
1797 1082 1920 1145 sci-

2029 805 2307 869 namque
2352 788 2576 868 legem.

2107 890 2193 947 Ει
2224 888 2464 947 reversi
2490 898 2643 949 sunt
2675 890 3119 967 unusquisque
3145 888 3215 949 in
3256 890 3519 947 domum
3653 890 3725 949 53

2025 1004 2236 1046 suam..
2286 984 2443 1047 Nam
2493 993 2751 1067 propter
2803 984 3133 1068 praedictas
3181 983 3522 1047 dissensio-
3635 1028 3642 1031 -

2029 1101 2141 1145 nes
2186 1083 2466 1145 solutum
2509 1090 2603 1145 est
2642 1102 2865 1148 eorum
2903 1082 3265 1149 consilium.

1505 1512 2155 1599 ARTIGULUS
2230 1514 2436 1599 XXI

715 1785 1072 1833 unewano
1113 1784 1392 1833 currum
1432 1784 1655 1832 ocravl
1699 1786 1714 1831 :
1759 1786 1934 1832 JBSUS
1979 1785 2183 1833 aum!
2226 1786 2527 1833 Pnunssxl'r
2568 1786 2633 1833 m
2676 1787 2926 1835 norim
2966 1787 3223 1834 OLIVETI.

417 2062 697 2263 QUID
735 2073 878 2148 post
915 2065 1080 2129 facta
1116 2084 1190 2128 ac
1231 2067 1612 2130 documenta
1652 2066 1716 2127 in
1759 2083 1920 2148 prae—
1955 2062 2002 2124 B
2029 2064 2127 2127 lus
2185 2084 2317 2128 suaa
2367 2065 2721 2130 dilectionis
2765 2085 2958 2150 quem
3014 2066 3238 2129 habuit
3283 2068 3360 2130 ad
3414 2087 3525 2151 po-

577 2164 826 2227 cedenti
859 2163 1140 2246 capitulo
1179 2164 1458 2239 recitata,
1493 2163 1691 2244 egerit
1729 2170 1919 2243 atque

416 2263 709 2327 docuerit
766 2262 1077 2337 ChristuS,
1138 2261 1537 2343 Evangelista
1599 2261 1914 2343 explanat.

197 2369 230 2423 1
491 2366 678 2425 Jesus
714 2372 934 2423 autem
965 2363 1260 2439 pet-remit
1297 2363 1371 2423 in
1401 2370 1682 2423 montem
1713 2362 1920 2423 Olive-

417 2463 490 2528 ti,
540 2460 656 2542 qui
718 2468 980 2543 propter
1027 2459 1226 2523 olivas
1285 2459 1420 2521 inic
1479 2464 1808 2521 nascentes
1859 2465 1920 2519 et

411 2560 814 2621 abundantes
870 2559 966 2621 sic
1021 2558 1228 2621 'dictus
1287 2566 1402 2621 est.
1453 2557 1638 2639 Apud
1686 2556 1919 2618 Lucam

67 2683 173 2727 Lm
191 2682 382 2733 uua-1.
415 2658 712 2731 habetur,
745 2658 918 2739 quod
953 2657 1134 2720 Jesus
1177 2656 1398 2719 exiens
1441 2655 1758 2731 noctibuS,
1793 2674 1920 2719 mo-

417 2757 680 2820 rabatur
707 2756 772 2819 in
805 2764 1022 2819 monte
1049 2756 1164 2838 qui
1196 2755 1433 2819 dicitur
1459 2754 1709 2818 Oliveti.
1733 2754 1919 2836 Apud

415 2856 778 2919 Matthaeum
817 2872 968 2918 vero
1015 2861 1078 2916 et
1124 2852 1402 2917 Marcum
1452 2853 1703 2933 legitur,
1746 2853 1920 2934 qnod

67 2981 242 3023 Maxu·
249 2994 380 3029 11111
415 2972 710 3035 egressus
756 2973 794 3015 a
839 2951 1186 3015 Jerusalem
1233 2952 1393 3014 abiit
1437 2952 1504 3014 in
1553 2951 1918 3014 Bethaniam

69 3044 379 3149 23³¹f‘m’0
415 3072 566 3117 cum
617 3051 975 3115 duodecim.
1027 3051 1201 3124 Quod
1259 3070 1410 3132 ergo
1459 3069 1629 3113 nunc
1686 3050 1920 3113 dicitur

117 3140 132 3157 ⁸
215 3139 228 3150 ’
417 3150 777 3234 perrexisse
828 3150 895 3212 in
945 3157 1226 3213 montem
1272 3149 1520 3224 Oliveti,
1563 3149 1922 3229 intelligen-

2033 2162 2256 2243 pulum
2311 2161 2691 2238 Judaeorum,
2752 2166 3290 2247 quemadmodum
3356 2167 3444 2230 ait
3502 2185 3518 2230 ε

2025 2259 2395 2335 Jerusalem,
2440 2260 2805 2338 Jerusalem,
2856 2263 3105 2345 quoties
3157 2263 3327 2326 volui
3374 2283 3525 2328 con·
3604 2290 3778 2334 mua.

2025 2376 2286 2439 gregare
2313 2358 2485 2423 filios
2528 2366 2690 2436 tuoS,
2723 2362 3260 2442 quemadmodum
3288 2363 3523 2443 gallina
3552 2366 3667 2404 ¹¹¹¹¹=
3692 2355 3759 2396 ³⁷·

2030 2466 2366 2539 congregat
2404 2459 2613 2541 pullos
2654 2476 2799 2523 suos
2840 2460 2959 2521 sub
2998 2460 3170 2523 alas?
3206 2464 3287 2524 Et
3315 2464 3525 2523 omnis

2023 2562 2307 2637 populus
2356 2560 2531 2639 venit
2578 2560 2666 2618 ad
2710 2578 2883 2630 eum,
2934 2558 3209 2621 maxime
3268 2561 3518 2641 vulgus.

2026 2655 2160 2718 Jam
2210 2656 2381 2717 enim
2428 2654 2845 2717 celeberrima
2890 2655 3014 2718 fuit
3061 2655 3231 2719 fama
3264 2657 3411 2720 Jesu
3455 2658 3522 2721 in

2031 2754 2315 2817 doctrina
2372 2759 2437 2814 et
2492 2753 2874 2835 eloquentia,
2926 2754 2991 2816 in
3052 2755 3401 2831 sanctitate,
3455 2756 3520 2820 in

2031 2851 2251 2933 signis,
2284 2854 2371 2913 Et
2412 2855 2634 2913 sedens
2680 2851 2745 2913 in
2796 2852 3058 2935 templo,
3100 2856 3357 2915 docebat
3396 2874 3517 2916 eos.

2109 2952 2467 3012 Adducunt
2506 2960 2721 3011 autem
2760 2952 3025 3020 Scriboe,
3057 2952 3171 3035 qui
3211 2952 3521 3016 doctiores
3664 2964 3699 3021 3

2027 3049 2309 3122 fuerunt,
2348 3058 2409 3108 et
2454 3050 2805 3123 Pharisoei,
2842 3050 2953 3131 qui
3004 3051 3383 3114 videbantur
3430 3070 3525 3113 re-

2029 3146 2403 3227 ligiosiores,
2464 3146 2642 3209 Unde
2701 3154 2765 3210 et
2827 3148 2955 3222 isti,
3016 3168 3219 3231 quum
3285 3148 3526 3211 fuerint

415 3250 572 3313 dum
607 3256 724 3324 est,
759 3249 858 3312 vel
887 3248 1044 3331 quia
1081 3248 1344 3312 intravit
1379 3249 1638 3312 domum
1667 3247 1920 3311 Marthae
1955 3246 2000 3311 C
2031 3244 2200 3319 vani,
2251 3262 2483 3308 nomen
2535 3245 2817 3309 scientiae
2862 3254 2926 3309 et
2972 3246 3320 3309 sanctitatis
3370 3246 3527 3315 affe.—

71 3367 378 3417 um.x=,1.
416 3348 484 3411 in
525 3346 846 3422 Bethania,
880 3365 1026 3430 qum
1064 3346 1188 3409 fuit
1228 3347 1410 3427 juxta
1457 3346 1700 3428 praefati
1743 3365 1922 3409 mon-

412 3446 496 3508 tis
529 3446 796 3520 radiceS,
830 3446 931 3509 vel
960 3446 1115 3528 quia
1151 3446 1232 3507 ad
1263 3452 1516 3528 tempus
1556 3444 1921 3508 morabatur

413 3545 481 3607 in
531 3552 750 3608 monte
808 3544 950 3619 hoc,
1006 3544 1286 3607 vacando
1343 3543 1608 3607 orationi
1661 3544 1725 3606 in
1781 3543 1918 3607 loco

407 3642 633 3725 quieto
680 3649 744 3705 et
792 3648 1082 3724 separato
1136 3660 1150 3705 τ
1204 3661 1333 3705 non
1385 3644 1555 3724 quod
1607 3642 1916 3723 indigeret

409 3739 786 3820 hujusmodi
827 3740 1260 3820 adminiculo:
1303 3740 1415 3801 sed
1455 3746 1523 3801 ut
1553 3740 1798 3803 cunctis
1838 3740 1919 3801 fi-

407 3837 692 3913 delibuS,
733 3845 798 3900 et
836 3838 1188 3920 proesertim
1231 3838 1771 3920 praedicatoribuS,
1813 3839 1919 3901 da-

409 3943 512 3998 ret
567 3934 941 4017 exemplum
993 3935 1321 4017 quoerendi
1381 3934 1591 3998 locum
1649 3935 1920 3999 solitari—

409 4053 550 4109 um,
618 4031 886 4097 orationi
955 4032 1604 4115 contemplationique
1669 4043 1912 4116 aptum,

409 4140 560 4216 post
617 4131 1155 4214 pradicationem,
1207 4138 1276 4193 ut
1328 4130 1419 4193 ibi
1480 4132 1919 4213 recolligerent

408 4230 815 4313 semetipSOS,
881 4237 946 4292 et
1009 4248 1154 4311 quaa
1221 4228 1286 4291 in
1356 4229 1625 4310 strepitu
1693 4231 1914 4313 populi

409 4328 632 4392 minus
690 4336 860 4392 recte
918 4328 1216 4409 egissent,
1277 4327 1666 4390 discuterent
1724 4336 1916 4411 atque

2027 3351 2292 3419 ctanteS,
2338 3344 2700 3426 specialiter
2738 3345 2983 3409 Christo
3027 3345 3414 3421 inviderunt,
3450 3365 3527 3411 eo

2025 3443 2198 3525 quod
2242 3443 2306 3505 in
2359 3443 2671 3525 sapientia
2711 3450 2774 3505 et
2820 3444 3157 3506 sanctitate
3196 3462 3301 3508 eos
3351 3463 3528 3508 exce—

2026 3542 2223 3615 deret,
2257 3559 2381 3604 non
2415 3540 2623 3605 solum
2655 3541 3006 3604 secundum
3038 3541 3388 3617 veritatem,
3412 3543 3524 3605 sed

2026 3648 2090 3702 et
2136 3640 2490 3701 secundum
2539 3638 2761 3721 populi
2813 3639 3297 3721 reputationem.
3338 3639 3524 3703 Ama-

2022 3747 2192 3803 tores
2236 3738 2471 3801 etenim
2517 3738 2907 3800 excellentiae
2942 3757 3014 3800 ac
3054 3737 3258 3801 laudis
3300 3738 3523 3801 huma-

2026 3856 2144 3913 nae,
2189 3837 2478 3901 invident
2508 3836 2746 3918 jugiter
2788 3837 2887 3900 his
2926 3837 3037 3919 qui
3077 3837 3169 3899 eis
3208 3838 3522 3901 excellen-

2022 3936 2217 3999 tiores
2250 3936 2348 3999 vel
2391 3954 2573 4017 pares
2606 3936 2923 4011 videntur,
2956 3936 3251 3998 timentes
3285 3954 3367 3998 ne
3396 3936 3519 3999 sibi

2026 4034 2466 4117 praeferantur.

2104 4132 2446 4195 Adducunt
2482 4132 2697 4214 itaque
2724 4135 3065 4193 mulierem
3092 4134 3169 4193 in
3198 4136 3522 4195 adulterio

2023 4234 2506 4310 deprehensam.
2552 4230 2678 4294 Cur
2726 4249 2850 4294 non
2898 4232 3299 4294 adduxerunt
3344 4232 3525 4295 adul-

2026 4338 2257 4406 terum,
2290 4348 2494 4411 quum
2540 4330 2825 4392 eamdem
2875 4348 3129 4411 poenam
3175 4330 3522 4393 meruerit?

407 4427 846 4509 corrigerent3
899 4426 1066 4489 idem
1113 4444 1372 4508 quoque
1427 4425 1707 4488 facerent
1771 4436 1915 4491 ante
1946 4436 1997 4498 D
2024 4428 2255 4491 Dicunt
2292 4428 2515 4510 aliqui,
2551 4434 2621 4488 ut
2659 4426 2940 4490 facerent
2979 4427 3219 4510 populo
3257 4429 3525 4491 aestima-

411 4526 956 4609 praedicationem,
987 4524 1292 4606 quoniam
1331 4524 1658 4587 ordinatus
1690 4526 1915 4589 modus

412 4624 804 4709 praedicandi
843 4623 1133 4687 consistit
1173 4623 1381 4705 primo
1420 4641 1534 4704 per
1567 4624 1915 4688 orationem

409 4724 495 4787 ad
545 4724 744 4785 Deum
803 4739 1130 4785 recurrere
1179 4740 1294 4804 pro
1343 4721 1766 4786 illustratione
1823 4743 1918 4786 sa-

412 4822 676 4907 pient-iae
715 4840 866 4896 suae,
900 4827 962 4895 et
1000 4821 1288 4884 omnium
1319 4820 1670 4884 vanitatum
1702 4829 1764 4885 et
1802 4823 1918 4885 im-

413 4920 886 5005 perfectionum
933 4919 1294 4994 evitatione,
1343 4927 1413 4981 ut
1460 4922 1632 5002 quod
1682 4923 1916 4985 orando

415 5020 793 5093 hauserunt,
843 5017 1244 5101 praedicando
1286 5018 1674 5083 diffundant.

213 5124 252 5176 2
501 5120 588 5181 Ec
615 5120 912 5179 diluculo
953 5117 1190 5179 iterum
1223 5120 1402 5179 venit
1441 5120 1512 5179 in
1555 5122 1862 5197 templum
1892 5141 1915 5180 .·

89 5240 205 5283 Luc.
234 5238 384 5290 aaa.
417 5216 575 5299 quia
625 5224 695 5278 ut
739 5215 895 5278 alibi
943 5215 1051 5290 ait,
1105 5215 1170 5277 in
1222 5215 1322 5277 his
1372 5235 1516 5298 quae
1564 5215 1759 5279 Patris
1816 5218 1914 5281 sui

419 5324 606 5381 erant
641 5314 925 5399 oportuit
961 5332 1110 5377 eum
1149 5332 1308 5376 esse.
1342 5314 1412 5377 In
1452 5333 1580 5396 quo
1619 5322 1790 5395 patet
1822 5335 1917 5379 ze-

2027 4528 2265 4590 tionem
2296 4528 2466 4608 quod
2505 4525 2629 4587 fuit
2658 4525 3013 4607 discipulus
3040 4526 3209 4589 Jesu.
3243 4524 3363 4589 Sed
3404 4527 3523 4591 hoc

2024 4634 2117 4688 est
2149 4626 2349 4707 magis
2390 4625 2455 4687 in
2488 4624 2899 4688 contrarium.
2932 4622 3139 4697 Quum
3180 4625 3350 4691 enim
3392 4632 3523 4689 stu-

2023 4725 2279 4787 duerint
2336 4723 2659 4788 Christum
2716 4720 3072 4797 diffamare,
3126 4723 3179 4785 si
3239 4723 3521 4787 invenis-

2024 4832 2165 4886 s‘ent
2212 4824 2493 4905 aliquem
2541 4821 3005 4905 discipulorum
3052 4821 3192 4902 ejus
3232 4821 3299 4884 in
3348 4830 3521 4887 tanto

2022 4922 2325 4996 facinore,
2382 4921 2563 4983 illurn
2623 4921 2899 4984 maxime
2959 4919 3392 5003 publicassent
3445 4941 3521 4986 ac

2025 5020 2472 5103 produxissent
2533 5019 2597 5081 in
2658 5020 2963 5093 medium,
3024 5026 3338 5101 quatenus
3400 5020 3521 5083 cri-

2023 5138 2170 5183 men
2222 5116 2519 5198 discipuli
2573 5116 2635 5179 in
2683 5118 3057 5199 magistrum
3118 5118 3516 5183 redundaret.

2023 5215 2565 5291 Quemadmodum
2630 5214 2798 5276 enim
2866 5214 3043 5278 filius
3106 5216 3361 5298 sapiens
3422 5223 3519 5279 est
3562 5242 3810 5293 Ρ,·ου.ι,ι;

2022 5314 2223 5397 gloria
2261 5312 2479 5395 patris»,
2514 5313 2607 5375 sic
2643 5313 2847 5375 bonus
2882 5314 3239 5399 discipulus
3277 5322 3373 5379 est
3410 5315 3520 5381 ho-
3544 5306 3706 5354 ¹⁸²⁰·
