4300 6259
1171 532 1521 579 mumulo
1563 532 1626 578 IN
1667 531 1806 579 cAP.
1851 533 1957 579 XV!
1998 532 2272 580 JOANNIS.
2318 555 2399 566 --
2439 538 2582 583 ΛΒΤ.
2628 539 2717 583 XL·

3372 521 3494 588 565

359 701 544 764 biles
585 711 736 765 sunt
777 709 1003 765 natura
1041 710 1104 765 et
1139 703 1530 784 operatione,
1567 702 1884 784 loquendo
1915 701 1964 762 A
1994 700 2245 765 Scribas
2276 724 2348 766 ac
2380 704 2756 771 Pharisaeos:
2780 726 2941 788 quos
2974 708 3184 771 verbis
3216 717 3279 771 et
3309 708 3490 772 factis

361 802 452 863 de
491 801 658 866 Filio
698 805 1054 866 secundum
1097 803 1382 864 divinam
1427 808 1738 863 naturam.
1783 800 1884 863 Sic

359 920 640 984 quoque
680 911 832 965 sunt
876 909 1116 965 naturae
1154 908 1478 965 consortes
1521 919 1632 963 seu
1675 919 1878 982 pares.

359 998 542 1062 Sunt
568 1001 744 1063 enim
784 1021 911 1064 non
944 1001 1151 1063 solum
1195 999 1386 1062 unius
1425 999 1737 1074 essentias,
1773 999 1884 1061 sed

360 1107 434 1160 et
490 1119 619 1162 una
667 1101 963 1173 essentia,
1010 1117 1343 1181 unumque
1391 1117 1549 1160 esse.
1592 1098 1884 1180 Loquen-

359 1199 456 1262 do
494 1207 709 1261 autem
749 1201 826 1262 de
856 1198 962 1261 Dei
1005 1199 1162 1261 Filio
1201 1199 1553 1261 secundum
1592 1207 1882 1260 naturam

359 1307 797 1381 assumptam,
831 1299 924 1361 sic
960 1299 1142 1361 Pater
1181 1297 1306 1359 fuit
1342 1317 1490 1360 cum
1527 1297 1685 1360 Filio
1724 1305 1884 1360 tem-

362 1415 533 1481 pore
586 1397 926 1479 passionis,
968 1403 1274 1478 tanquam
1318 1395 1572 1477 adjutor
1615 1403 1676 1458 et
1725 1395 1884 1457 libe-

365 1504 570 1572 rator,
613 1485 892 1558 animam
939 1495 1079 1577 ejus
1125 1495 1190 1557 in
1238 1494 1528 1558 omnium
1571 1494 1882 1556 virtutum

363 1593 725 1657 stabilitate
783 1611 1188 1666 conservanS,
1252 1610 1530 1674 eumque
1586 1612 1623 1654 a
1680 1599 1880 1656 morte

365 1693 670 1756 celeriter
726 1693 806 1755 ad
868 1691 1294 1755 immortalem
1355 1691 1551 1754 vitam
1607 1690 1880 1754 resusci-

365 1801 539 1854 tans.
605 1791 942 1874 Propterea
997 1791 1170 1872 apud
1227 1789 1455 1852 Isaiam
1509 1808 1521 1852 :
1579 1788 1880 1853 Dominus

365 1891 648 1972 (inquit)
686 1889 852 1952 Deus
894 1889 1234 1952 auxiliator
1275 1906 1478 1950 meus.

137 1990 212 2046 33
457 1992 616 2052 Hoec
644 1987 862 2051 omnia
898 2005 1044 2069 quae
1074 1987 1143 2049 in
1171 1987 1292 2049 hoc
1322 2003 1614 2049 sermone
1648 1984 1880 2049 effatus

373 2106 545 2162 sum,
583 2091 831 2148 locutus
875 2107 1021 2147 sum
1065 2087 1261 2157 vobis,
1302 2095 1376 2146 ut
1415 2087 1488 2146 in
1529 2105 1626 2146 me
1653 2105 1878 2163 pacem

371 2187 692 2255 habeatis,
740 2184 804 2246 id
864 2191 962 2246 est
1018 2202 1234 2246 veram
1292 2183 1521 2245 animae
1579 2182 1884 2264 tranquil·

373 2283 646 2358 litatem,
699 2290 762 2345 et
809 2299 1031 2364 pacem
1092 2281 1411 2343 internam
1463 2299 1534 2342 ac
1581 2281 1882 2363 spiritua-

69 2391 254 2468 ςοιω..
269 2405 338 2440 ιιι,
375 2383 528 2456 lem,
574 2383 652 2444 de
692 2399 820 2462 qua
864 2380 1019 2443 dicit
1058 2379 1398 2462 Apostolus
1433 2397 1446 2441 :
1483 2378 1604 2441 Pax
1649 2379 1878 2442 Christi

57 2459 120 2498 ¹³·
373 2479 653 2542 exsultet
691 2496 946 2560 semper
983 2477 1049 2540 in
1088 2477 1386 2540 cordibus
1427 2477 1677 2539 vestriS.
1711 2477 1882 2541 Hanc

375 2596 602 2662 pacem
641 2578 952 2640 hahemus
994 2576 1060 2637 in
1093 2575 1360 2649 Christ0,
1397 2574 1461 2636 id
1501 2582 1595 2636 est
1634 2575 1700 2637 in
1741 2594 1883 2639 con-

369 2676 791 2758 templatione
837 2683 900 2738 et
949 2675 1014 2737 in
1065 2675 1404 2738 dilectione
1450 2675 1676 2756 ipsius,
1728 2694 1883 2756 quo-

373 2777 548 2840 niam
597 2775 942 2849 Christum,
995 2775 1266 2856 ejusque
1312 2791 1505 2855 opera
1553 2780 1614 2835 et
1672 2792 1884 2855 perse-

373 2877 688 2950 cutioneS,
721 2873 1040 2937 beneficia
1079 2880 1141 2936 et
1181 2873 1494 2956 promissa
1532 2874 1877 2954 pensand0,

375 2993 600 3057 pacem
651 2974 860 3037 cordis
909 2972 1242 3046 habemuS,
1289 2978 1882 3054 quantumcumque

91 1811 154 1855 1⁸.
173 1825 214 1860 1..
232 1813 280 1854 9.

1995 800 2255 865 confudi
2300 812 2362 866 et
2400 804 2547 880 vici,
2592 807 2743 887 quia
2794 825 2909 868 nec
2956 807 3285 889 sapientiae
3334 815 3499 872 meae‘

1995 907 2340 982 potuerunt
2396 904 2712 980 resistere,
2764 923 2882 967 nec
2939 906 3245 969 miracula
3300 906 3493 970 abne-

1990 1017 2160 1080 gare,
2197 1018 2313 1062 nec
2352 1020 2454 1064 me
2482 1022 2519 1064 a
2552 1003 2653 1064 via
2691 1005 3006 1085 aequitatis
3040 1006 3345 1081 avertere,
3380 1007 3491 1068 sed

1992 1104 2054 1158 et
2105 1116 2219 1178 per
2268 1098 2638 1181 patientiam
2682 1101 2807 1164 vici
2858 1102 3220 1165 universam
3268 1121 3489 1167 eorum

1994 1195 2323 1258 malitiam.
2376 1198 2507 1261 lmo
2560 1206 2711 1262 tunc
2770 1199 3054 1263 Christus
3105 1201 3261 1264 vicit
3306 1221 3493 1264 mun-

1993 1295 2169 1368 dum,
2218 1314 2420 1376 quum
2470 1314 2617 1358 eum
2669 1299 2945 1360 mundus
2994 1298 3227 1362 occidit
3272 1319 3285 1362 :
3335 1307 3489 1364 tunc

1993 1393 2305 1474 sapientia
2336 1394 2489 1457 vicit
2519 1396 2847 1471 malitiam,
2882 1405 2943 1459 et
2974 1397 3113 1479 ipse
3141 1416 3257 1460 sua
3285 1406 3489 1461 morte

1991 1492 2227 1553 meruit
2278 1493 2500 1555 mundi
2544 1493 2973 1576 principatum
3022 1503 3212 1577 atque
3258 1497 3489 1577 judici-

1990 1589 2190 1651 ariam
2231 1598 2624 1672 potestatem,
2661 1593 2961 1675 deditque
3001 1594 3133 1656 suis
3174 1595 3487 1658 militibus

1991 1687 2319 1764 fiduciam,
2356 1688 2626 1753 formam
2669 1698 2731 1752 et
2774 1698 3145 1773 potestatem
3190 1693 3487 1757 vincendi

1992 1787 2165 1848 hunc
2219 1789 2554 1851 mundum.
2614 1788 2839 1853 Meruit
2900 1791 3071 1853 enim
3135 1809 3250 1874 per
3307 1811 3487 1855 suam

1919 1885 1965 1946 B
1993 1886 2501 1968 persecutionem
2561 1889 2805 1950 cunctis
2862 1888 3165 1952 fidelibus
3221 1891 3486 1971 gratiam

1991 1985 2335 2066 superandi
2396 2005 2469 2048 ac
2530 1987 2967 2069 triumphandi
3032 1988 3097 2051 in
3160 1989 3483 2052 omnibus,

1990 2082 2187 2155 Quam
2229 2083 2391 2145 Deus
2442 2101 2555 2166 per
2603 2084 2922 2148 Christum
2964 2086 3149 2149 nobis
3198 2087 3483 2169 largitur,

1991 2180 2241 2244 dicente
2271 2181 2573 2264 Apostolo
2607 2201 2621 2247 :
2653 2182 2895 2246 Gratias
2924 2185 3171 2266 agimus
3202 2184 3348 2260 Deo,
3372 2187 3485 2268 qui
3549 2213 3685 2258 100„
3706 2227 3777 2265 xv,

1993 2281 2168 2342 dedit
2223 2281 2407 2343 nobis
2467 2281 2797 2344 victoriam
2863 2301 2978 2364 per
3032 2283 3245 2346 Jesum
3306 2284 3485 2347 Chri·
3512 2280 3581 2320 ⁵⁷·

1992 2385 2186 2440 stum.
2228 2378 2513 2461 Itemque
2556 2399 2569 2442 :
2612 2381 2682 2442 ln
2731 2381 3031 2444 omnibus
3072 2382 3216 2462 (ait)
3265 2383 3488 2445 trium-
3545 2411 3581 2455 11
3604 2411 3707 2456 00„
3733 2425 3779 2462 u.

1992 2477 2146 2558 phat
2184 2495 2297 2540 nos
2337 2476 2402 2538 in
2445 2476 2694 2540 Christo
2731 2478 2919 2558 Jesu3
2962 2487 3044 2554 et,
3080 2478 3304 2542 Omnia
3342 2500 3487 2563 pos·
3514 2477 3645 2550 ¹⁴2.

1992 2594 2134 2637 sum
2180 2575 2245 2637 in
2291 2593 2365 2638 eo
2408 2575 2520 2657 qui
2567 2595 2670 2639 me
2711 2575 3042 2640 confortat.
3516 2537 3779 2645 gamma.

2071 2673 2179 2735 His
2231 2673 2443 2737 verbis
2493 2675 2854 2737 consolatur
2903 2695 3017 2738 nos
3056 2675 3363 2753 Christus,
3408 2696 3488 2741 ne

1992 2773 2056 2834 in
2105 2773 2387 2835 adversis
2432 2773 2873 2854 pusillanimes
2912 2783 3021 2836 aut
3063 2775 3304 2838 debiles
3348 2775 3490 2838 erri-

1992 2869 2258 2942 ciamur,
2293 2871 2405 2932 sed
2447 2870 2795 2933 clamemus
2835 2872 2900 2934 in
2945 2872 3179 2936 coelum
3216 2874 3296 2936 ad
3339 2891 3488 2936 eum

1991 2969 2102 3050 qui
2158 2987 2273 3050 pro
2322 2968 2505 3032 nobis
2546 2969 2701 3032 vicit
2747 2971 3082 3046 mundum,
3126 2977 3189 3033 et
3230 2972 3491 3034 misere-

79 3093 344 3144 num.
377 3073 532 3138 ioris
595 3072 950 3135 turbemur.
1005 3071 1126 3133 Sed
1176 3077 1238 3132 et
1298 3089 1421 3152 pax
1481 3070 1681 3132 multa
1738 3070 1881 3132 dili·
1920 3069 1963 3132 C
1993 3066 2167 3130 bitur
2210 3068 2408 3130 nostri
2461 3067 2621 3130 Deus
2666 3077 2901 3144 noster,
2946 3088 3237 3151 pugnans
3280 3078 3343 3132 et
3384 3089 3493 3133 ex·-

57 3158 154 3198 ¹⁶⁵·
372 3172 676 3254 gentibus
720 3172 925 3252 legem
967 3170 1098 3232 Dei.
1142 3169 1382 3232 Idcirco
1426 3168 1580 3231 dicit
1625 3168 1882 3233 Psalmi-

73 3287 196 3331 Ibid.
223 3291 330 3332 14³.
377 3281 472 3334 sta
535 3291 550 3334 t
613 3269 967 3333 Tribulatio
1023 3276 1088 3331 ct
1144 3268 1436 3349 angustia
1498 3269 1882 3331 invenerunt

377 3389 502 3446 me,
547 3371 846 3432 mandata
885 3376 994 3430 tua
1036 3367 1362 3430 meditatio
1411 3385 1550 3428 mea
1593 3373 1707 3428 est.
1757 3366 1882 3430 Hoc

377 3487 614 3551 nempe
647 3476 746 3531 est
775 3486 1001 3530 sanum
1032 3466 1479 3548 optimumque
1514 3465 1876 3540 consilium,

379 3577 448 3631 ut
499 3569 566 3630 in
607 3567 785 3630 omni
830 3565 1273 3648 persecutione
1317 3583 1429 3626 seu
1471 3563 1881 3626 tribulatione

375 3670 604 3731 demus
665 3685 779 3729 nos
829 3667 908 3728 ad
961 3664 1531 3728 considerationem
1584 3663 1740 3743 legis
1793 3663 1881 3724 di-

377 3768 566 3840 vinae,
620 3773 684 3828 et
733 3783 954 3828 eorum
1003 3782 1146 3845 quae
1193 3762 1478 3826 Christus
1534 3781 1649 3844 pro
1696 3762 1879 3826 nobis

377 3864 711 3928 sustinuit.

457 3967 544 4026 In
589 3965 837 4024 mundo
873 3980 1251 4038 pressuram
1295 3960 1634 4030 habebitis,
1674 3958 1737 4021 id
1787 3967 1882 4021 est

377 4061 879 4146 persecutioneS,
933 4059 1311 4122 tentationes
1361 4066 1422 4120 et
1471 4057 1880 4120 adversitates

91 4183 345 4232 unam,
377 4162 775 4225 innumeras
831 4158 1062 4221 Omnes
1121 4157 1294 4219 enim
1343 4157 1453 4238 qui
1506 4157 1729 4220 volunt
1779 4157 1882 4238 pie

1992 3185 2285 3249 pugnans
2319 3185 2435 3248 pro
2465 3167 2671 3230 nobis.
2698 3167 2959 3242 RursuS,
2985 3168 3290 3250 quoniam
3322 3168 3492 3233 Chri-

1991 3273 2126 3328 stus
2178 3265 2333 3326 vicit
2379 3267 2713 3342 mundum,
2757 3266 3082 3329 debilitata
3122 3275 3217 3330 est
3264 3267 3488 3329 mundi

1993 3371 2291 3447 potestaS,
2352 3383 2470 3426 nec
2528 3364 2672 3446 plus
2732 3372 2939 3446 potest
2995 3365 3061 3426 in
3121 3385 3234 3428 nos
3292 3385 3489 3446 quam

1992 3462 2279 3525 Christus
2330 3462 2711 3544 permiserit.
2754 3461 2914 3524 Hinc
2956 3480 3104 3543 ergo
3154 3481 3490 3526 monemur

1992 3560 2058 3623 in
2100 3560 2274 3624 omni
2317 3560 2699 3622 adversitate
2740 3577 2879 3622 esse
2922 3567 3303 3634 constanteS,
3346 3579 3490 3624 con-

1990 3660 2249 3722 fidendo
2293 3659 2357 3720 in
2403 3657 2671 3733 Christo,
2712 3665 2775 3720 et
2824 3659 2963 3740 ejus
3013 3659 3487 3740 persecutiones

1992 3757 2475 3830 considerando,
2510 3757 3045 3838 quemadmodum
3086 3757 3163 3819 ad
3194 3756 3487 3822 Hebraeos

1991 3856 2295 3920 scribitur
2347 3874 2360 3917 :
2416 3855 2529 3916 Per
2589 3855 2959 3938 patientiam
3020 3874 3351 3918 curramus
3410 3858 3487 3919 ad
3544 3884 3779 3936 fflb„„„‚

1992 3955 2389 4038 propositum
2457 3953 2641 4016 nobis
2707 3960 3049 4027 certamen,
3119 3954 3485 4036 adspicien-
3518 3949 3617 3999 ¹·2·

1990 4063 2082 4116 tes
2132 4054 2196 4115 in
2248 4060 2568 4115 auctorem
2614 4052 2769 4114 fidei
2807 4060 2870 4115 et
2912 4060 3487 4117 consummatorem

1988 4153 2225 4225 lesum,
2276 4151 2388 4233 qui
2449 4151 2773 4234 proposito
2832 4150 2953 4213 sibi
3000 4152 3249 4232 gaudio,
3302 4152 3490 4214 susti-

67 4249 136 4288 Β·
377 4261 598 4324 vivere
649 4259 719 4320 in
767 4257 1037 4328 Christo,
1091 4255 1597 4337 persecutionem
1651 4255 1886 4337 patien-
1918 4255 1963 4316 D
1993 4253 2134 4314 nuit
2184 4269 2460 4313 crucem.
2505 4250 2581 4313 Et
2629 4250 2845 4312 Petrus
2882 4269 2894 4312 :
2931 4250 3181 4314 Christo
3222 4251 3779 4332 (inquit)1p01‚-,.v,1,

381 4368 506 4421 tur.
541 4357 718 4430 Quod
747 4356 1025 4418 maxime
1058 4372 1278 4416 verum
1309 4351 1433 4414 fuit
1463 4353 1529 4414 in
1561 4353 1886 4435 primitiva

379 4455 688 4530 Ecclesia,
731 4453 1084 4538 praesertim
1134 4452 1198 4514 in
1246 4451 1585 4532 ApostoliS,
1629 4453 1884 4532 quando

115 4577 302 4620 venat

382 4654 572 4717 batur
630 4671 698 4714 se
755 4649 1137 4732 obsequium
1201 4656 1498 4731 praestare
1555 4647 1700 4711 Deo.
1755 4651 1886 4710 Sed

381 4753 714 4829 confidite,
744 4750 810 4812 id
840 4756 956 4823 est,
982 4765 1161 4830 spem
1197 4746 1578 4829 praevalendi
1611 4763 1725 4828 per
1752 4765 1886 4828 gra-

385 4850 540 4911 tiam
599 4867 808 4911 meam
859 4847 1106 4920 habete,
1159 4865 1306 4908 nam
1351 4864 1462 4922 eqo
1512 4847 1645 4904 vici
1696 4865 1884 4906 mun-

383 4951 564 5020 dum,
629 4945 693 5008 id
751 4952 847 5007 est
902 4952 1212 5007 amatores
1269 4951 1690 5017 terrenorum,
1743 4957 1886 5023 per-

387 5052 710 5109 secutores
757 5043 1099 5124 justorum,
1153 5042 1450 5105 videlicet
1505 5042 1882 5113 sacerdoteS,

379 4555 592 4620 omnis
651 4553 765 4636 qui
825 4551 1058 4617 occidit
1116 4550 1567 4622 Christianum,
1620 4549 1885 4612 arbitra·
1939 4541 1946 4546 ’

1993 4370 2181 4434 passo
2223 4351 2287 4412 in
2340 4367 2549 4425 carne,
2594 4357 2657 4412 et
2692 4369 2805 4413 vos
2848 4350 3067 4412 eadem
3111 4349 3487 4429 cogitatione

1992 4449 2355 4513 armamini.

2075 4548 2189 4609 Hic
2232 4546 2459 4609 finitus
2504 4552 2598 4607 est
2640 4545 3185 4626 praeclarissimus,
3220 4545 3489 4609 admira-

1995 4647 2142 4709 bilis
2184 4654 2247 4708 et
2286 4645 2571 4727 prolixus
2612 4644 2841 4708 Christi
2882 4662 3110 4717 sermo,
3147 4643 3347 4708 factus
3385 4646 3487 4708 vel

1995 4744 2207 4826 potius
2246 4743 2577 4806 inchoatus
2609 4743 2675 4804 in
2706 4741 2914 4805 Coena.
2950 4742 3091 4805 Post
3124 4742 3259 4806 haec
3286 4741 3490 4806 Evan-

1992 4842 2219 4923 gelista
2276 4840 2579 4903 describit
2637 4841 2983 4904 orationem
3030 4848 3091 4902 et
3138 4841 3485 4922 gratiarum

1992 4941 2309 5004 actionem
2369 4939 2600 5003 Christi
2666 4957 2781 5021 pro
2840 4938 2973 5000 suis
3037 4938 3371 5021 discipulis
3426 4947 3491 5002 et

1996 5039 2313 5104 universis
2357 5037 2681 5101 fidelibus.
