4300 6259
838 482 962 549 236

1613 505 1961 553 mammo
2004 505 2069 551 IN
2110 504 2248 553 cn.
2295 505 2451 553 xxm
2491 504 2680 554 LUCAE.
2725 524 2806 535 -
2847 506 2990 552 ΛΒΤ.
3035 506 3179 552 xmx

841 673 1002 737 iram
1053 681 1248 751 tuam,
1284 687 1347 740 et
1383 677 1562 741 furor
1599 680 1709 741 irae
1757 687 1881 741 tuae
1919 678 2335 761 comprehen-
2363 674 2413 736 A
2443 679 2519 741 ad
2569 680 2780 741 locum
2829 678 3290 743 crucifixionis.
3337 678 3546 743 Primo
3591 686 3826 747 tamen,
3869 683 3940 738 ut

544 790 687 835 Dana
674 806 728 843 1‚x
742 794 811 843 2⁶
840 775 945 835 dat
976 792 1104 839 eos.
1140 776 1356 839 Daniel
1386 796 1643 860 quoque
1674 779 2013 859 praedixit:
2048 778 2182 843 Non
2214 779 2336 841 erit

546 856 597 895 ²⁷
840 874 981 954 ejus
1022 877 1321 957 populuS,
1356 878 1467 959 qui
1510 896 1678 951 eum,
1713 877 1955 941 scilicet
1986 878 2330 953 Christum,

841 981 1181 1052 negaturus
1241 982 1355 1049 est,
1408 981 1470 1037 et
1526 974 1678 1038 finis
1736 976 1875 1056 ejus
1924 978 2220 1047 vastitas:
2274 986 2336 1041 et

841 1092 1044 1155 usque
1088 1075 1152 1137 in
1195 1074 1396 1139 finem
1440 1079 1874 1159 perseverabit
1916 1079 2240 1143 desolatio.

918 1172 1133 1253 Igitur,
1171 1175 1579 1256 praeinductis
1617 1177 1826 1239 verbis
1865 1197 1902 1239 a
1941 1178 2105 1240 Luca
2142 1178 2336 1241 omis-

839 1270 947 1344 sis,
983 1273 1411 1336 continuanda
1440 1282 1587 1337 sunt
1616 1294 1760 1357 quae
1797 1277 1936 1358 ipse
1972 1295 2142 1339 nunc
2183 1276 2335 1339 scri-

839 1369 954 1431 bit.
990 1373 1079 1432 Ac
1108 1373 1236 1443 itti,
1274 1380 1423 1453 puta
1461 1373 1681 1447 Judaei,
1718 1377 2047 1437 instabant
2080 1377 2337 1436 vocibus

843 1474 1119 1543 maynis,
1156 1476 1552 1549 postulantes
1598 1484 1667 1534 ut
1716 1476 2242 1551 crucifiyeretur,·
2277 1483 2337 1535 et

839 1568 1311 1630 invalescebant
1343 1591 1517 1631 voces
1545 1592 1789 1633 eorum.
1824 1572 1997 1645 Quod
2037 1573 2210 1635 enim
2243 1592 2338 1635 ra-

838 1665 1010 1728 tione
1060 1674 1121 1729 et
1168 1668 1465 1748 aequitate
1523 1669 1791 1751 adipisci
1842 1689 1967 1733 non
2019 1678 2332 1753 poterant,

632 1371 703 1425 23

2443 778 2552 840 alii
2601 777 3014 859 Evangelistae
3060 785 3390 851 testantur,
3429 784 3740 841 exuerunt
3787 794 3937 838 eum

2445 877 2778 959 chlamyde
2815 895 2924 939 seu
2969 896 3272 959 purpura,
3307 884 3370 939 et
3407 877 3753 939 induerunt
3787 894 3932 937 eum

4021 788 4188 829 ,ναωιι
4252 774 4253 831 i

3989 915 4150 956 Mare.

2445 976 2840 1040 vestimentis
2880 976 3054 1057 ejus3
3089 983 3152 1037 et
3189 975 3480 1054 bajulans
3518 992 3794 1047 crucem,
3829 978 4033 1037 011-Ξο-

2444 1174 2774 1235 Simonem
2813 1176 3156 1253 quemdam
3190 1175 3632 1250 Cyrenensem,
3673 1172 3794 1234 hoc
3841 1177 3939 1233 est

2444 1290 2481 1332 a
2509 1269 2746 1353 Cyrene
2779 1271 3032 1333 civitate
3061 1269 3292 1352 Libyae,
3329 1277 3398 1331 ut
3433 1270 3630 1352 aliqui
3664 1269 3886 1331 dicunt
3917 1288 3933 1331 :

2448 1388 2640 1451 quem
2683 1370 2944 1451 quidam
2993 1370 3215 1431 dicunt
3259 1368 3458 1431 fuisse
3499 1369 3752 1432 natione
3789 1386 3941 1449 gen-

2444 1469 2646 1544 tilem,
2683 1469 2791 1531 sed
2837 1470 2914 1530 ad
2952 1468 3346 1531 Judaismum
3387 1486 3803 1546 conversum3
3837 1468 3938 1530 vel

2447 1567 2608 1631 forte
2657 1568 2778 1630 fuit
2831 1569 2908 1630 de
2957 1586 3268 1650 synagoga
3328 1567 3504 1629 urbis
3554 1566 3830 1648 praefatae
3878 1574 3943 1629 et

2447 1675 2632 1728 natus
2687 1665 2960 1730 Judaeus.
3023 1666 3161 1728 Filii
3220 1674 3431 1729 autem
3492 1666 3652 1746 ejus,
3715 1684 3942 1728 secun-

3962 1039 4018 1079 Jo
3991 1052 4218 1085 canaan,
4252 1052 4253 1081 g

2444 1074 2562 1137 ivit
2619 1074 2683 1136 in
2733 1073 3033 1137 Calvariae
3083 1074 3313 1137 locum.
3353 1076 3937 1151 Apprekenderunt
3967 1104 4036 1143 27

839 1763 1084 1827 scilicet
1124 1764 1353 1829 Christi
1405 1766 1917 1841 crucifixionem
1950 1769 2336 1851 importunis
2449 1766 2601 1827 dum
2649 1764 2947 1838 Marcum,
3001 1764 3262 1827 fuerunt
3301 1765 3654 1827 Alexander
3699 1771 3762 1827 et
3818 1763 3944 1826 Ru·
3999 1777 4182 1819 dem-x

841 1862 1225 1926 clamoribus
1266 1872 1327 1927 et
1366 1866 1787 1948 postulatione
1835 1867 2056 1948 iniqua
2092 1866 2340 1930 obtine-
2374 1862 2421 1924 B
2449 1862 2575 1937 qu‚
2617 1881 2778 1944 quos
2827 1863 3027 1944 aliqui
3078 1864 3299 1925 dicunt
3345 1862 3544 1925 fuisse
3592 1862 3942 1944 discipulos
3973 1842 4044 1882 ²¹·

842 1979 908 2021 re
940 1963 1145 2024 conati
1178 1970 1346 2025 sunt.
1380 1963 1657 2036 Quorum
1706 1965 2109 2028 insolentiam
2152 1966 2338 2027 multi

842 2057 1063 2137 injusti
1127 2069 1503 2142 sequuntur.
1548 2065 1633 2123 E't
1674 2066 1939 2125 Pilatus
1987 2064 2337 2141 adjudica-

840 2159 937 2218 vit
963 2160 1115 2233 fieri
1145 2161 1521 2235 petitionem
1549 2180 1798 2231 eorum,
1829 2161 1891 2223 id
1936 2170 2053 2233 est,
2089 2169 2341 2224 senten-

838 2254 992 2317 tiam
1050 2256 1223 2319 dedit
1278 2259 1448 2338 quod
1494 2259 1673 2321 Jesus
1738 2267 1902 2322 esset
1960 2259 2340 2341 crucifigen-

841 2354 981 2427 duS,
1044 2354 1209 2417 sicut
1263 2356 1459 2419 Judaei
1530 2357 1830 2438 petebant
1892 2378 1904 2421 :
1969 2359 2081 2440 qui
2145 2360 2338 2421 etiam

840 2452 983 2516 ideo
1039 2454 1237 2534 magis
1298 2455 1597 2537 petebant
1644 2456 1959 2519 Christum
2017 2457 2334 2537 crucifigi,

841 2570 1035 2632 quam
1086 2554 1211 2615 alia
1260 2562 1462 2617 morte
1509 2556 1734 2629 occidi,
1772 2556 1925 2638 quia
1972 2576 2141 2620 mors
2193 2577 2340 2620 con-

840 2648 1120 2713 fixorum
1181 2652 1244 2714 in
1306 2671 1495 2715 cruce
1553 2654 2161 2733 ignominiosissima
2215 2654 2340 2717 fuit

840 2749 1008 2830 apud
1054 2750 1321 2825 ludaeos,
1357 2759 1419 2814 et
1468 2753 1900 2833 poenalissima
1949 2753 2336 2835 patientibus

840 2868 1002 2911 eam.
1036 2851 1307 2909 Dimisit
1337 2859 1551 2911 autem
1582 2852 1722 2911 illis
1758 2872 1905 2912 eum
1936 2854 2055 2931 qui
2076 2862 2340 2930 propter

838 2948 1267 3009 homicidium
1309 2958 1369 3008 et
1414 2952 1794 3010 seditionem
1842 2952 2075 3011 missu-s
2116 2954 2340 3030 fuerat

634 2059 704 2113 24

632 2846 705 2902 25

2450 1960 2702 2025 Christi.
2757 1962 3120 2023 Venientem
3168 1965 3249 2021 de
3298 1964 3459 2023 villa
3507 1961 3782 2042 quadam
3839 1978 3947 2022 ex-

2450 2067 2544 2122 tra
2589 2059 2934 2121 Jerusalem
2985 2078 3204 2121 versus
3255 2078 3416 2134 eam,
3451 2059 3539 2121 ita
3585 2059 3754 2140 quod
3804 2058 3945 2120 istis

2449 2159 2514 2221 in
2550 2159 2776 2221 itinere
2806 2158 3104 2222 obviavit.
3131 2162 3216 2221 Et
3245 2160 3689 2235 imposuerunt
3715 2159 3780 2217 ei
3805 2178 3948 2218 cru-

2448 2278 2581 2319 cem
2625 2268 2888 2335 portare
2933 2267 3072 2337 post
3118 2260 3357 2318 Jesum.
3408 2257 3539 2320 Imo
3596 2256 3825 2319 timore
3879 2263 3944 2319 et

2451 2355 2643 2419 minis
2673 2356 3121 2438 compulerunt
3159 2374 3306 2418 eum
3338 2356 3414 2418 ad
3456 2356 3596 2418 hoc.
3628 2354 3730 2417 Ait
3767 2356 3940 2417 enim

2449 2456 2770 2518 Matthaeus
2814 2474 2828 2518 ε
2877 2456 3058 2518 Hunc
3114 2456 3599 2535 angariaverunt
3647 2462 3718 2516 ut
3761 2455 3945 2518 tolle-

2451 2562 2546 2616 ret
2603 2572 2856 2617 crucem
2916 2552 3077 2632 ejus.
3129 2553 3303 2626 Quod
3361 2552 3784 2617 crudelissimi
3845 2554 3941 2615 illi

2449 2672 2574 2714 non
2618 2652 2909 2715 fecerunt
2947 2670 3024 2713 ex
3065 2652 3506 2734 compassione
3543 2658 3653 2713 aut
3690 2669 3806 2733 pro
3847 2670 3947 2713 re-

2449 2751 2764 2813 levamine
2810 2750 2955 2813 Jesu
3011 2768 3024 2812 :
3077 2751 3185 2811 sed
3235 2749 3386 2831 quia
3435 2768 3512 2811 ex
3559 2749 3766 2831 poenis
3809 2749 3946 2830 jam

2449 2852 2631 2913 valde
2663 2850 2928 2911 lassatus
2968 2848 3113 2922 fuit,
3156 2847 3466 2910 timebant
3506 2865 3587 2910 ne
3619 2846 3782 2910 forte
3821 2846 3944 2909 sub

2448 2969 2640 3015 onere
2688 2950 2896 3012 crucis
2947 2947 3276 3022 deficienS,
3311 2955 3662 3012 moreretur
3701 2948 3764 3010 in
3815 2948 3941 3021 via,

841 3048 915 3105 in
942 3064 1286 3115 carcerem,
1316 3066 1503 3124 quem
1533 3050 1867 3122 petebant:
1886 3048 1998 3128 qui
2031 3048 2244 3122 etiam,
2270 3057 2341 3112 ut
2376 3046 2418 3107 C
2449 3049 2670 3129 sicque
2720 3046 2966 3109 futuras
3017 3065 3236 3127 poenas
3283 3044 3509 3107 leniori
3555 3052 3754 3108 morte
3801 3062 3948 3107 eva-

543 3150 795 3194 Ιοαιιιι-κνιιι
796 3143 927 3205 ait
962 3141 1252 3210 Joannes
1288 3141 1411 3204 fuit
1459 3143 1637 3206 latro.
1676 3144 1851 3207 Unde
1900 3153 1963 3206 et
2002 3145 2144 3209 ideo
2182 3146 2342 3209 Pila-

544 3214 611 3255 ⁴⁰
837 3248 941 3302 tus
978 3240 1153 3301 dedit
1186 3239 1417 3302 Judaeis
1455 3241 1780 3321 optionem
1822 3244 1987 3305 inter
2025 3243 2236 3306 Jesum
2278 3252 2340 3307 et

836 3336 1204 3411 Barabbam‚
1237 3339 1391 3419 quia
1425 3358 1831 3420 nequaquam
1872 3342 2120 3424 putavit
2167 3345 2340 3424 quod

839 3443 1129 3520 peterent
1186 3444 1313 3499 tam
1382 3438 1943 3501 sceleratissimum
2013 3442 2339 3505 hominem

838 3535 962 3597 sibi
1021 3535 1255 3597 dimitti
1316 3536 1515 3615 magis
1574 3555 1765 3617 quam
1814 3538 2025 3601 Jesum
2082 3559 2095 3602 ε
2152 3547 2215 3602 et
2273 3548 2342 3602 ut

838 3652 1001 3708 reor,
1036 3633 1089 3695 si
1143 3633 1426 3716 pej0rem
1468 3634 1752 3698 vinctum
1811 3635 2139 3700 habuisset
2183 3639 2343 3701 Pila-

837 3742 939 3794 tus
998 3752 1189 3813 quam
1251 3731 1619 3807 Barabbam,
1670 3734 1851 3796 illum
1904 3737 2342 3818 proposuisset

834 3829 1087 3893 Judaeis.
1121 3833 1337 3891 Jesum
1377 3851 1522 3891 vero
1566 3834 1846 3894 tradidit
1889 3837 2216 3896 voluntati
2246 3856 2343 3895 eo-

837 3949 988 3989 rum
1036 3930 1113 3990 ad
1163 3929 1674 4008 crucifigendum
1731 3949 1745 3993 τ
1797 3938 1861 3992 et
1911 3932 1976 3994 in
2036 3933 2155 3995 hoc
2204 3934 2342 3996 dire

839 4025 1138 4108 peccavit,
1170 4026 1465 4106 quamvis
1497 4026 1709 4089 minus
1741 4047 1932 4109 quam
1963 4029 2173 4093 Judaei.
2197 4030 2344 4093 Pec-

838 4124 1004 4186 cavit
1032 4130 1095 4184 et
1121 4122 1335 4185 Jesum
1366 4124 1457 4187 sic
1505 4123 1906 4205 flagellando,
1941 4136 2003 4190 et
2042 4130 2185 4191 aliis
2216 4148 2344 4193 mo-

2449 3149 2657 3227 deret3
2692 3146 2793 3209 vel
2826 3151 2895 3207 ut
2926 3144 3114 3207 citius
3147 3144 3438 3206 venirent
3465 3144 3540 3205 ad
3572 3143 3782 3205 locum
3812 3142 3948 3206 Cal-

2451 3244 2662 3319 variae,
2697 3243 2762 3305 in
2793 3260 2921 3323 quo
2958 3240 3341 3304 desiderium
3385 3259 3573 3302 suum
3605 3241 3683 3303 de
3712 3240 3946 3303 Christi

2451 3342 2869 3406 crucifixione
2912 3340 3261 3422 explerent.

2551 3442 2953 3521 Sequebatur
2998 3448 3214 3499 autem
3264 3438 3454 3499 illum
3509 3440 3715 3498 multa
3763 3440 3946 3499 turba

2445 3541 2700 3618 populi,
2752 3538 3010 3619 quidam
3063 3536 3526 3618 compatiendo,
3579 3536 3690 3597 sed
3747 3536 3949 3599 multo

2453 3639 2668 3720 plures
2729 3636 3094 3709 deridendo,
3149 3642 3211 3697 et
3263 3632 3748 3697 crucifixionem
3808 3634 3949 3715 ejus

2450 3736 2727 3817 optando
2765 3752 2778 3797 :
2812 3734 2963 3807 im0,
2995 3752 3124 3814 quo
3163 3740 3308 3795 ante
3358 3732 3658 3795 famosior
3695 3731 3843 3803 fuit,
3875 3750 3949 3795 eo

2449 3836 2578 3916 jam
2622 3834 2838 3916 plures
2879 3832 3079 3895 secuti
3123 3839 3272 3893 sunt
3311 3832 3388 3893 ad
3425 3832 3770 3893 videndum
3811 3848 3952 3913 spe-

2453 3933 2817 4003 ctaculum:
2858 3940 2918 3991 et
2971 3932 3317 3990 mulierum
3369 3950 3512 4009 quoe
3553 3931 3949 4006 planqebant

2449 4042 2510 4093 et
2563 4030 3091 4092 lamentabantur
3139 4048 3310 4097 eum,
3358 4026 3478 4090 hoc
3533 4034 3649 4101 est,
3707 4027 3949 4091 cordia-

2452 4130 2597 4192 liter
2643 4126 3079 4200 tristabantur,
3132 4133 3195 4187 et
3249 4126 3660 4207 corporaliter
3706 4125 3950 4187 flebant

837 4222 935 4285 dis
979 4221 1325 4303 puniendo,
1362 4224 1657 4302 quamvis
1698 4244 1824 4287 non
1867 4225 2020 4288 fecit
2060 4228 2181 4291 hoc
2211 4229 2344 4291 ani-
2373 4232 2423 4293 D
2453 4247 2622 4292 eum.
2663 4230 3013 4289 Conversus
3052 4234 3268 4285 autem
3308 4227 3395 4284 ad
3435 4227 3584 4284 illas
3621 4227 3825 4297 lesu-3,
3859 4223 3951 4286 fa-

840 4338 944 4383 mo
997 4321 1445 4402 persequendi,
1482 4323 1591 4383 sed
1646 4322 1957 4386 liberandi
2002 4325 2340 4389 Dominum

835 4418 1074 4492 lesum,
1112 4424 1181 4478 ut
1226 4418 1471 4480 scilicet
1520 4418 1799 4484 furorem
1840 4422 2200 4486 Judaeorum
2251 4444 2346 4487 se-

839 4517 1035 4589 daret,
1096 4522 1159 4577 et
1223 4515 1315 4577 sic
1384 4516 1701 4579 Christum
1770 4520 1947 4583 abire
2014 4523 2343 4604 permitte-

840 4622 995 4676 rent.
1030 4612 1275 4675 Etenim
1308 4632 1511 4695 quum
1540 4614 1736 4695 judex
1765 4626 1952 4693 esset,
1978 4621 2344 4684 nullatenus

843 4711 1064 4774 debuit
1132 4711 1540 4774 innocentem
1607 4714 1926 4791 damnare,
1990 4719 2346 4799 praesertim

842 4828 1043 4891 quum
1099 4828 1243 4890 pars
1291 4810 1556 4871 adversa
1593 4811 1657 4873 in
1699 4813 2074 4893 probatione
2112 4815 2348 4879 defice-

846 4914 981 4986 rct;
1036 4925 1154 4969 nec
1201 4924 1279 4968 ex
1328 4906 1557 4971 timore
1603 4909 1885 4974 humano
1943 4912 2346 4995 imperatoris

848 5005 1070 5068 debuit
1129 5012 1348 5069 contra
1400 5005 1714 5086 justitiam
1763 5006 1994 5089 facere,
2046 5018 2109 5073 et
2163 5011 2348 5075 inno-

850 5104 1029 5165 xium
1072 5101 1417 5184 flagellare.

929 5204 1017 5262 Et
1064 5221 1269 5281 quum
1314 5205 1619 5263 ducerent
1666 5224 1835 5276 eum,
1871 5203 1991 5267 hoc
2038 5212 2155 5280 est,
2194 5208 2348 5269 dum

856 5299 1134 5362 ministri
1171 5298 1353 5362 Pilati
1400 5318 1472 5362 ae
1512 5300 1705 5363 ceteri
1753 5303 2097 5369 educerent
2136 5303 2350 5367 Iesum

639 5201 712 5255 26

2454 4326 2616 4388 ciem
2655 4342 2832 4385 suam
2866 4330 3118 4384 vertens
3158 4322 3234 4383 ad
3275 4339 3378 4383 eas
3415 4340 3428 4383 :
3463 4340 3590 4402 qua
3630 4320 3766 4383 visa
3807 4322 3950 4404 plus

2453 4422 2717 4495 flebant,
2753 4428 2822 4482 ut
2861 4419 3056 4483 moris
3095 4425 3191 4481 est
3229 4418 3638 4482 feminarum.
3672 4418 3952 4482 Fuerunt

2455 4538 2712 4603 quoque
2752 4518 2841 4581 ibi
2887 4518 3088 4598 aliqui
3131 4517 3252 4578 viri
3301 4516 3627 4599 discipuli,
3661 4525 3725 4579 et
3765 4516 3949 4580 amici

2457 4619 2708 4692 Christi,
2776 4624 2846 4679 ut
2904 4615 3307 4689 NicodemuS,
3368 4615 3624 4697 Joseph,
3683 4615 3952 4678 Joannes

2456 4716 2800 4799 apostoluS,
2845 4722 2906 4776 et
2954 4713 3118 4777 forte
3153 4712 3479 4787 Gamaliel,
3523 4732 3595 4776 ac
3644 4714 3755 4776 alii
3795 4713 3948 4795 :qui

2458 4816 2608 4879 licet
2656 4814 3067 4877 vehementer
3114 4812 3422 4885 dolerent,
3469 4810 3698 4875 fletum
3743 4818 3948 4875 tamen

2461 4932 2577 4996 pro
2625 4930 2812 4995 posse
2860 4916 3326 4994 represserunt.
3361 4911 3552 4971 Discit
3580 4931 3604 4969 .·
3637 4912 3835 4973 Fitioe
3857 4912 3951 4971 Je-

2461 5015 2763 5072 rusalem.
2799 5009 3047 5091 Aliquae
3075 5008 3249 5071 enim
3280 5007 3663 5069 feminarum
3691 5008 3948 5070 istarum

2464 5116 2642 5172 erant
2694 5108 3098 5171 habitatrices
3146 5107 3517 5182 Jerusalem,
3563 5114 3626 5169 et
3675 5106 3817 5169 aliae
3861 5105 3953 5168 fu-

2465 5214 2655 5270 erunt
2701 5208 2778 5269 de
2829 5206 3102 5281 Galilaia,
3155 5224 3269 5268 seu
3323 5204 3466 5267 aliis
3514 5204 3689 5269 locis.
3745 5205 3950 5267 Nolite

2467 5310 2625 5385 flere
2653 5325 2849 5393 super
2876 5326 3050 5375 me...
3085 5303 3220 5376 Non
3255 5302 3552 5395 reprobat
3577 5300 3948 5387 compassio-

4029 2458 4185 2501 lam.

3923 2554 3940 2567 .
3973 2537 4106 2573 mn,
4127 2525 4181 2563 32.

3965 865 4098 897 xxxxx
4121 846 4253 958 Rlxzv]
