4300 6259
835 460 954 525 190
1629 479 1980 525 ENAnnArto
2023 477 2085 523 m
2127 477 2267 523 GAP.
2314 477 2421 523 xxl
2465 477 2653 524 LucAE.
2700 497 2781 508 ·—
2823 479 2965 526 ΛΒΤ.
3012 481 3155 526 xuv

832 648 1257 712 dicationibus
1307 648 1554 725 vestris,
1603 667 1718 732 per
1765 648 1982 714 divina
2027 648 2335 711 miracula
2363 647 2417 708 A
2446 648 2630 710 culiS.
2682 649 2919 731 ltaque,
2971 651 3272 732 quoniam
3320 651 3517 714 fidem
3566 652 3940 717 catholicam

833 746 1253 810 confirmatis.
2446 745 2774 809 defensare
2812 755 2876 809 et
2916 755 3133 810 contra
3176 749 3315 829 ejus
3352 750 3744 814 adversarios
3784 769 3949 833 prae-

632 859 699 914 14
893 849 1125 909 Ponite
1147 866 1293 924 erqo
1318 849 1392 908 in
1414 849 1713 908 cordibus
1739 850 1981 916 vestris,
2003 847 2064 908 id
2095 854 2207 918 est,
2226 845 2333 908 fir·
2445 844 2609 916 liari,
2660 863 2735 906 ac
2784 864 2900 927 pro
2946 863 3019 906 ea
3066 847 3194 928 pati
3244 855 3307 908 et
3353 848 3536 921 mori,
3588 855 3684 909 est.
3732 865 3947 929 pugna

835 945 1022 1007 miter
1067 944 1422 1027 proponite,
1459 965 1588 1007 non
1621 948 2075 1022 praemeditari
2111 965 2332 1024 quem-
2444 942 2589 1023 Dei;
2625 943 2765 1006 ideo
2809 943 3093 1006 Christus
3142 947 3275 1008 suis
3328 946 3487 1008 dixit
3534 947 3941 1030 martyribuS,

831 1046 1182 1104 admodum
1241 1045 1674 1122 respondeatis
1729 1044 2107 1106 adversariis
2171 1043 2327 1124 legis
2444 1059 2523 1103 ne
2568 1042 2757 1104 anxia
2803 1050 2912 1104 aut
2958 1042 3229 1106 sollicita
3286 1045 3828 1126 praemeditatione
3874 1062 3946 1106 se

631 1147 698 1202 15
831 1149 894 1203 et
949 1140 1102 1204 fidei
1155 1160 1348 1223 quam
1405 1141 1634 1205 tradidi
1687 1142 1888 1205 vobis.
1944 1145 2076 1220 qu
2123 1144 2325 1210 enim,
2441 1149 2709 1214 arment,
2763 1142 2874 1202 sed
2932 1140 3055 1205 Deo
3106 1161 3283 1204 suam
3344 1143 3741 1206 committant
3797 1163 3947 1206 cau-

831 1241 943 1321 qui
976 1259 1117 1302 sum
1147 1248 1420 1303 aeternus
1454 1247 1516 1302 et
1545 1241 1948 1323 omnipotens
1981 1240 2166 1315 Deus,
2189 1239 2329 1302 Ver·
2442 1258 2599 1314 sam,
2632 1246 2697 1302 ct
2733 1238 2873 1320 ejus
2903 1238 3203 1303 invocent
3240 1259 3449 1322 opem,
3482 1249 3799 1323 quatenus
3832 1260 3943 1305 eos

535 1353 686 1398 Εοοιε.
707 1368 736 1406 ι,
759 1355 800 1397 ⁵.
829 1337 985 1400 bum
1036 1337 1140 1400 Dei
1189 1337 1408 1412 PatriS,
1455 1336 1598 1400 fons
1653 1338 2002 1420 sapientiae,
2051 1347 2113 1400 et
2162 1338 2328 1420 sapi·
2440 1337 2506 1399 in
2546 1339 2719 1401 omni
2768 1338 3147 1401 adversitate
3186 1337 3541 1402 confortare
3578 1347 3642 1401 et
3688 1358 3945 1403 conser-

828 1437 998 1499 entia
1043 1437 1320 1499 increata
1361 1456 1435 1499 ac
1475 1437 1710 1517 genita,
1743 1440 1904 1498 dabo
1937 1439 2108 1498 vobis
2137 1457 2229 1507 οε,
2259 1437 2323 1498 id
2442 1454 2586 1498 vare
2616 1437 2933 1517 dignetur,
2966 1444 3029 1499 et
3065 1443 3262 1499 totam
3300 1455 3481 1519 spem
3516 1457 3695 1500 suam
3734 1437 3943 1519 figant

825 1542 922 1597 est
975 1533 1328 1598 efficaciam
1391 1534 1937 1616 constantiamque
1991 1534 2319 1617 loquendi,
2440 1535 2504 1596 in
2555 1552 2651 1610 eo,
2705 1536 2782 1597 de
2835 1535 2967 1597 suis
3018 1534 3263 1598 viribus
3314 1535 3402 1598 nil
3452 1546 3936 1619 praesumentes.

821 1643 880 1694 et
915 1635 1326 1712 sapientiam,
1361 1634 1438 1696 ad
1487 1633 1974 1716 intelligendum
2018 1652 2165 1715 quae
2211 1633 2320 1696 Dei
2437 1631 2777 1708 Postremo,
2830 1634 2883 1695 si
2932 1633 3079 1715 quis
3135 1633 3647 1698 beatissimorum
3706 1644 3943 1718 marty-

823 1741 974 1794 sunt
1017 1740 1078 1794 et
1125 1732 1278 1794 fidei
1324 1731 1704 1806 christianae,
1740 1739 1931 1813 atque
1979 1733 2057 1793 ad
2106 1751 2325 1814 repro-
2438 1751 2581 1793 rum
2613 1730 2912 1814 Dionysii,
2946 1731 3189 1814 Ignatii,
3222 1732 3567 1808 Laurentii,
3592 1732 3936 1809 Vincentii,

818 1830 1094 1893 bandam
1124 1830 1546 1894 idololatriam
1579 1838 1640 1892 et
1671 1848 1926 1893 omnem
1958 1830 2321 1893 haereticam
2358 1833 2407 1894 B
2436 1829 2804 1906 Catharinae,
2828 1828 3105 1912 Agathae,
3140 1831 3421 1912 AgnetiS,
3455 1831 3737 1906 Eulalioe,
3764 1832 3943 1895 Chri·

821 1930 1216 2011 pravitatem,
1241 1931 1352 1990 cui
1383 1929 1710 2009 sapientiae
1739 1949 1866 1990 non
1889 1939 2199 2007 poterunt
2228 1950 2322 1989 re·
2434 1927 2636 2003 stinae,
2671 1935 2735 1990 et
2761 1928 3032 1990 aliorum
3074 1946 3333 2009 prorsus
3365 1929 3939 1992 innumerabilium

817 2029 1062 2098 sistere,
1095 2026 1556 2090 rationabiliter
1587 2028 2052 2109 respondendo,
2086 2037 2146 2088 et
2174 2048 2321 2088 con·
2430 2034 2607 2107 gesta
2639 2033 2701 2088 et
2732 2025 3056 2108 passiones
3086 2027 3537 2108 perspicaciter
3565 2027 3751 2108 legat,
3776 2029 3939 2092 sciet

825 2129 1164 2194 ›ti-adicere,
1213 2127 1520 2190 veraciter
1569 2125 1952 2206 objiciendo,
2003 2144 2075 2188 ac
2126 2126 2320 2208 repli—
2434 2144 2625 2206 quam
2672 2142 2822 2186 vera
2863 2125 2992 2187 sint
3033 2125 3172 2186 ista.

826 2226 1048 2299 cando,
1089 2245 1304 2286 omnes
1351 2227 1720 2286 adversarii
1767 2226 1984 2297 vestri,
2024 2224 2320 2288 videlicet
2520 2227 2577 2286 T
2570 2225 2901 2285 rademini
2937 2233 3155 2286 autem
3193 2243 3233 2284 a
3269 2227 3674 2301 parentibus,
3702 2236 3762 2286 et
3788 2227 3935 2304 fra-

825 2323 1018 2386 Judaei
1061 2331 1124 2384 et
1163 2323 1440 2385 haeretici
1487 2341 1560 2385 ac
1609 2323 1859 2405 pagani,
1893 2323 2004 2404 qui
2046 2323 2112 2384 in
2158 2324 2323 2405 Apo-
2438 2324 2665 2390 tribus,
2696 2331 2756 2382 et
2784 2322 3099 2399 coqnacis,
3128 2331 3189 2381 ec
3218 2323 3471 2395 amicis,
3501 2332 3561 2383 et
3596 2334 3800 2386 morte
3828 2327 3935 2404 af-

560 2422 1066 2505 Apoc.xv1,calypsi
1119 2423 1528 2503 designantur
1568 2441 1682 2504 per
1717 2431 1844 2484 tres
1893 2423 2157 2505 spiritus
2206 2424 2323 2484 im·
2430 2422 2653 2498 ficiem
2698 2440 2781 2480 em
2828 2422 3023 2492 vobi-³,
3076 2420 3141 2481 id
3190 2427 3304 2497 est,
3357 2420 3592 2484 multos
3642 2431 3931 2486 vestrum

535 2511 601 2554 ¹²·
826 2523 1121 2596 mundOS,
1154 2522 1267 2604 qui
1319 2521 1383 2583 in
1435 2523 1692 2584 modum
1744 2541 2037 2583 ranarum
2088 2523 2168 2584 de
2213 2540 2322 2584 ore
2434 2519 2770 2582 occident:
2805 2525 2868 2580 et
2914 2517 3036 2581 hoc
3082 2518 3259 2580 auxit
3303 2519 3717 2600 suppIIcium,
3754 2523 3934 2603 quod

825 2619 1046 2684 bestiae
1094 2621 1407 2684 exierunt.
1441 2619 1601 2681 Hine
1648 2637 1906 2702 quoque
1956 2621 2019 2681 in
2058 2619 2319 2682 Actibus
2433 2637 2470 2681 a
2518 2625 2645 2680 tam
2696 2617 3077 2699 propinquis
3116 2624 3178 2678 et
3217 2624 3363 2678 ante
3404 2624 3532 2679 tam
3579 2619 3940 2683 amicabili-

531 2741 788 2791 ummo.
826 2719 1079 2800 legitur,
1131 2720 1302 2800 quod
1345 2716 1542 2780 Judaei
1593 2737 1720 2781 non
1773 2726 2117 2800 potuerunt
2166 2719 2321 2780 resi-
2433 2717 2555 2778 bus
2582 2715 2993 2778 tradebantur
3021 2722 3085 2776 et
3112 2715 3582 2778 occidebantur.
3609 2716 3935 2782 Molestius

825 2825 990 2879 stere
1019 2816 1345 2899 sapientire
1383 2824 1445 2878 et
1481 2815 1746 2898 Spiritui
1787 2816 1898 2897 qui
1940 2816 2321 2898 loquebatur
2432 2815 2677 2897 quippe
2728 2812 3025 2876 feruntur
3071 2813 3335 2876 adversa
3384 2833 3530 2895 quae
3578 2834 3615 2876 a
3667 2817 3937 2899 propin-

824 2932 940 2996 per
981 2913 1395 2995 Stephanum.
2430 2915 2577 2995 quis
2626 2921 2688 2975 et
2744 2910 3189 2986 familiaribus,
3241 2912 3319 2973 de
3366 2931 3640 2992 quorum
3690 2932 3937 2996 praesu-

903 3012 978 3076 Et
1007 3013 1072 3074 in
1113 3012 1496 3074 beatissimis
1539 3011 1873 3093 utriusque
1912 3031 2100 3074 sexus
2132 3012 2321 3075 innu-
2356 3014 2399 3079 C
2430 3012 2721 3074 mebatur
2758 3011 3057 3085 amicitia,
3102 3009 3486 3091 infliguntur
3519 3030 3534 3073 ε
3567 3013 3721 3093 quia
3761 3014 3933 3078 ultra

821 3112 1237 3174 merabilibus
1268 3110 1651 3193 martyribus
1683 3110 1850 3173 istud
1883 3111 2319 3194 copiosissime
2429 3111 2822 3193 corporalem
2858 3109 3334 3172 tribulationem
3371 3108 3707 3186 inflictam,
3740 3131 3931 3176 mens

820 3229 894 3272 ac
941 3209 1418 3273 mirabilissime
1461 3217 1557 3271 est
1603 3208 1961 3291 impletum,
1995 3209 2107 3291 qui
2154 3211 2321 3273 inter
2428 3212 2507 3272 de
2553 3209 2786 3272 amissa
2842 3208 3121 3288 caritate,
3172 3215 3237 3269 et
3294 3207 3803 3289 propinquorum
3852 3230 3929 3275 ac

822 3308 1280 3371 immanissima
1317 3327 1390 3370 ac
1431 3307 1813 3389 multiplicia
1851 3307 2317 3390 suppliciorum
2426 3309 2775 3371 amicorum
2833 3305 3212 3369 infidelitate
3266 3305 3600 3387 affligitur.
3661 3306 3929 3391 Propter

818 3425 1072 3488 genera,
1115 3415 1242 3469 tam
1284 3405 1781 3488 promptissime,
1822 3407 2313 3489 sapientissime,
2426 3409 2597 3488 quod
2637 3406 2923 3470 Christus
2966 3406 3044 3467 de
3088 3423 3203 3468 suo
3246 3404 3528 3486 loquitur
3564 3407 3871 3471 traditore
3904 3429 3921 3472 ε

821 3505 1352 3578 constantissime,
1397 3504 1944 3586 tranquillissime,
1987 3505 2319 3587 insupera-
2426 3505 2488 3567 Si
2533 3505 2830 3568 inimicus
2867 3522 3049 3567 meus
3092 3503 3523 3566 maledixisset
3562 3506 3745 3580 mihi,
3782 3528 3928 3570 sus-

818 3604 1035 3667 biliter
1074 3605 1540 3686 responderunt
1574 3620 1587 3665 :
1621 3603 1804 3684 quasi
1850 3622 1976 3666 non
2022 3602 2170 3685 ipsi,
2206 3605 2315 3666 sed
2424 3606 2760 3667 tinuissem
2791 3602 3044 3684 utique3
3076 3609 3146 3664 tu
3178 3621 3327 3666 vero
3356 3603 3545 3668 homo
3577 3607 3921 3684 unanimiS,

818 3702 884 3765 in
935 3721 1155 3767 eorum
1210 3721 1478 3784 persona
1525 3701 1632 3764 alii
1691 3701 2145 3764 sustinuissent
2192 3710 2317 3766 tor-
2426 3711 2545 3766 etc.
2580 3702 2769 3766 Porro
2810 3702 2875 3764 in
2915 3701 3172 3764 exordio
3212 3700 3553 3783 primitivae
3596 3701 3921 3780 Ecclesiae,

818 3809 1066 3880 menta3
1100 3802 1200 3865 vel
1249 3801 1431 3883 quasi
1472 3819 1598 3863 non
1650 3800 1798 3882 ipsi,
1832 3801 1940 3862 sed
1980 3801 2143 3862 alius
2187 3800 2317 3864 for·
2420 3802 2617 3865 Judaei
2666 3809 2727 3864 et
2782 3800 3051 3881 gentiles
3107 3800 3341 3881 passim
3390 3803 3928 3866 convertebantur

818 3908 1051 3962 masset
1081 3900 1275 3963 verba
1314 3917 1428 3981 per
1466 3917 1572 3961 eos
1608 3917 1621 3961 ε
1656 3899 1828 3980 quod
1865 3906 1929 3961 et
1966 3900 2189 3980 utique
2229 3901 2315 3962 ita
2424 3902 2500 3963 ad
2532 3900 2876 3974 Christum,
2910 3897 3281 3980 parentibus
3314 3899 3667 3980 ceterisque
3696 3919 3929 3982 cogna-

818 3997 963 4071 fuit,
1016 3999 1366 4061 secundum
1425 3999 1595 4078 quod
1645 3997 1929 4060 Christus
1992 3997 2118 4061 alio
2177 3998 2315 4061 loco
2424 3999 2503 4062 tis
2554 3998 2793 4072 invitiS,
2844 4004 2908 4058 et
2966 3996 3051 4058 ita
3098 3996 3507 4058 tradebantur
3551 3997 3631 4060 ab
3690 3999 3808 4074 eis,
3860 4009 3927 4062 et

561 4111 790 4163 uatem,
821 4095 980 4158 dixit
1014 4115 1027 4158 ε
1060 4095 1195 4160 Non
1242 4095 1414 4158 enim
1456 4113 1565 4159 vos
1603 4095 1752 4157 estis
1794 4096 1905 4177 qui
1945 4095 2309 4177 loquimini,
2424 4115 2592 4179 saepe
2628 4094 3100 4169 occidebantur,
3135 4095 3673 4175 quemadmodum
3718 4117 3926 4161 sacra-

527 4178 595 4220 ²⁰·
820 4195 927 4256 sed
968 4193 1241 4276 Spiritus
1278 4193 1476 4256 Patris
1517 4193 1708 4257 vestri
1753 4194 1866 4275 qui
1914 4194 2201 4276 loquitur
2244 4196 2310 4257 in
2348 4197 2394 4260 D
2426 4197 2734 4259 tissimam
2773 4192 3085 4274 virginem
3124 4192 3459 4256 Barbaram
3498 4203 3677 4276 pater
3716 4195 3923 4278 ipsius

821 4293 1022 4357 vobis.
1057 4292 1132 4354 Et
1168 4302 1300 4356 erat
1344 4292 1831 4374 supermirabile
1871 4292 1935 4354 in
1981 4293 2200 4356 multis
2241 4294 2316 4356 il-
2421 4312 2615 4356 manu
2665 4291 2923 4375 propria
2969 4291 3307 4354 decollavit
3347 4310 3361 4354 ε
3404 4300 3594 4373 prout
3629 4293 3919 4359 Christus

817 4391 1218 4455 lustrissimis
1279 4390 1773 4472 tenerrimisque
1837 4390 2068 4472 puellis
2131 4392 2313 4454 valde
2423 4393 2486 4454 in
2536 4391 2821 4454 Matthaeo
2876 4389 3329 4471 praenuntiavit
3379 4407 3393 4452 ε
3446 4390 3671 4454 Tradet
3723 4392 3921 4456 frater

4067 2239 4127 2294 16

3972 3528 4048 3568 1²2.
4060 3528 4153 3574 uni
4162 3527 4191 3572 3,

3958 3595 4024 3634 Η.

3976 4417 4139 4460 Merra.
4158 4429 4191 4464 ι,

813 4489 1199 4573 juvenculiS,
1251 4507 1395 4571 quae
1443 4508 1557 4551 sua
1606 4487 1923 4563 facundia,
1976 4489 2307 4571 sapientia,
2420 4490 2681 4553 fratrem
2730 4489 2795 4552 in
2856 4495 3147 4568 mortem,
3198 4494 3259 4549 et
3318 4495 3494 4569 pater
3538 4489 3805 4572 filium3
3853 4501 3921 4554 et
3948 4482 4024 4524 ²¹·

816 4589 1187 4664 constantia,
1242 4597 1538 4670 tyrannos
1591 4595 1655 4650 et
1711 4589 1932 4650 mundi
1993 4589 2310 4670 sapientes
2423 4596 2686 4670 surgent
2731 4586 2854 4649 filii
2900 4587 2964 4648 in
3011 4594 3325 4668 parenteS‚
3358 4594 3423 4648 et
3469 4595 3671 4650 morte
3710 4588 3923 4653 affici-

817 4688 1071 4771 penitus
1112 4685 1540 4751 confuderunt
1574 4705 1647 4749 ac
1685 4687 2105 4750 devicerunt:
2139 4689 2312 4768 quod
2421 4695 2530 4750 ent
2576 4705 2704 4750 eos.
2754 4685 2826 4747 Et
2876 4704 3095 4746 rursus
3144 4702 3158 4746 :
3202 4683 3427 4766 Nolite,
3474 4685 3705 4767 inquit,
3749 4688 3924 4751 arbi·
3950 4711 4190 4755 affair-se.

815 4787 954 4850 sine
991 4785 1455 4868 supernaturali
1497 4783 1604 4846 Dei
1643 4785 1880 4847 auxilio
1918 4784 2064 4846 fieri
2111 4784 2313 4847 nulla·
2420 4785 2573 4848 trari
2613 4784 2785 4866 quod
2817 4782 3101 4847 venerim
3140 4783 3390 4845 mittere
3430 4802 3648 4865 pacem
3688 4785 3752 4847 in
3796 4794 3922 4850 ter-

813 4891 1000 4946 tenus
1033 4883 1330 4966 potuisse,
1353 4882 1496 4944 luce
1526 4882 1756 4944 clarius
1787 4889 2050 4945 constat.
2075 4880 2312 4964 Estque
2423 4903 2526 4963 ra;
2560 4901 2687 4946 non
2719 4881 2865 4945 veni
2897 4881 3149 4944 mittere
3190 4899 3434 4963 pacem,
3470 4884 3577 4946 sed
3606 4883 3915 4964 gladium.

817 4982 936 5046 hoc
991 4982 1202 5063 ipsum
1253 4980 1532 5044 veritatis
1591 4979 1954 5043 christianas
2011 4979 2167 5042 fidei
2215 4981 2314 5043 in·
2421 4981 2577 5043 Veni
2636 4981 2807 5044 enim
2874 4999 3165 5063 separare
3225 4979 3550 5043 hominem
3611 4982 3920 5046 adversus

815 5080 1167 5145 dubitabile
1213 5086 1680 5160 argumentum,
1718 5079 2120 5160 potissimum
2162 5079 2313 5161 quia
2424 5086 2665 5161 patrem
2711 5099 2923 5154 suum,
2957 5087 3019 5141 et
3062 5078 3265 5141 filiam
3307 5079 3609 5141 adversus
3645 5088 3922 5144 matrem

815 5187 879 5241 et
925 5185 1230 5260 martyres
1286 5174 1545 5257 gloriosi
1599 5176 1664 5237 in
1717 5175 1848 5237 suis
1909 5175 2312 5257 passionibus
2425 5197 2627 5252 suam,
2662 5185 2723 5241 et
2762 5197 2997 5241 nurum
3040 5179 3344 5242 adversus
3388 5197 3641 5241 socrum
3690 5197 3917 5263 suam3

819 5297 890 5341 ac
929 5285 1166 5360 postea,
1199 5282 1290 5340 tot
1328 5283 1392 5338 et
1433 5273 1624 5336 tantis
1669 5274 2085 5338 coruscabant
2127 5275 2316 5338 mira·
2428 5284 2492 5339 et
2534 5277 2779 5340 inimici
2824 5277 3125 5352 hominis,
3165 5274 3498 5340 domestici
3539 5275 3700 5357 ejus.
