4300 6259
833 473 956 540 504

1582 491 1934 540 mmmm
1975 491 2040 538 m
2081 491 2219 538 cAP.
2266 491 2353 538 111
2394 491 2670 540 luamus.
2716 511 2797 524 ·--
2836 493 2978 539 ART.
3022 489 3175 540 xxx!

831 663 1207 726 audiebatur
1265 663 1328 725 in
1383 662 1651 726 Christo.
1713 662 1974 744 Eritque
2031 681 2255 725 sensus
2306 661 3080 743 :Ainultum,immune;
3113 663 3424 746 sapientia
3448 662 3929 744 quoque,quod

830 761 1030 836 Pater,
1065 754 1372 837 salvifica,
1409 762 1472 824 id
1511 770 1629 842 est,
1662 761 1905 824 salvum
1948 760 2048 824 fac
2090 779 2214 834 me,
2247 778 2326 822 ex

830 860 948 923 hac
988 862 1162 935 hora,
1196 861 1260 923 id
1297 868 1392 923 est
1433 861 1726 943 passione
1761 861 2056 934 instante,
2091 868 2156 921 et
2197 868 2327 921 tur-

826 960 1082 1022 batione
1139 967 1330 1041 atque
1393 977 1624 1041 pavore
1689 959 2006 1041 praesenti,
2069 977 2194 1021 non
2258 965 2327 1020 ut

829 1077 954 1121 non
988 1059 1242 1132 moriar,
1280 1059 1380 1121 vel
1414 1066 1482 1119 ut
1522 1077 1646 1120 non
1689 1058 1908 1120 turber
1939 1065 2000 1119 et
2035 1075 2321 1139 paveam,

829 1159 938 1219 sed
981 1166 1050 1221 ut
1089 1175 1202 1238 per
1230 1157 1638 1220 acceleratam
1683 1156 2209 1219 resurrectionem
2245 1154 2327 1216 ab

829 1256 1128 1320 omuibus
1178 1257 1385 1338 poenis
1445 1256 1544 1317 his
1591 1255 1846 1333 liberer,
1898 1255 2150 1337 simque
2209 1255 2328 1316 im·

833 1354 1155 1437 passibilis
1213 1373 1476 1436 corpore
1525 1362 1586 1416 et
1643 1354 1873 1416 anima.
1923 1354 2107 1416 Juxta
2156 1354 2329 1415 hunc

835 1471 1093 1515 sensum
1139 1461 1275 1516 orat
1312 1452 1596 1516 Christus
1643 1452 2012 1535 frequenter
2054 1452 2119 1513 in
2163 1451 2331 1513 Psal-

542 1567 806 1619 P8.xx1‚20-
835 1571 960 1626 mo,
998 1559 1065 1613 ut
1101 1571 1302 1634 quum
1341 1552 1428 1614 ait
1461 1571 1474 1614 ε
1510 1551 1600 1613 Tu
1651 1559 1884 1625 autem,
1927 1551 2212 1624 Domine,
2249 1569 2329 1612 ne

833 1650 1228 1730 elongaveris
1276 1649 1582 1712 auxilium
1636 1657 1868 1730 tuum3
1920 1667 2073 1710 erue
2119 1668 2157 1711 a
2206 1649 2331 1710 fra-

837 1768 995 1824 mea,
1036 1749 1224 1822 DeuS,
1265 1749 1539 1811 animam
1591 1768 1832 1829 meam3
1879 1749 2051 1811 salva
2099 1766 2201 1810 me
2252 1767 2327 1809 ex

2432 769 2560 824 tam
2626 761 3061 824 admirabilem
3126 770 3190 824 et
3248 761 3929 824 convenientissimum

2433 861 2694 923 modum
2742 861 3008 922 invenit.
3042 862 3259 943 Itaque
3308 879 3473 923 mors
3524 860 3757 923 Christi
3805 858 3930 921 fuit

2434 957 2807 1022 clarificatio
2855 958 3071 1020 Patris,
3114 958 3245 1022 lmo
3294 960 3501 1040 passio
3550 966 3925 1040 martyrum,

2434 1055 2807 1120 clarificatio
2864 1055 3140 1120 nominis
3198 1065 3295 1120 est
3351 1057 3575 1132 divini,
3625 1056 3929 1138 quoniam

2435 1155 2764 1219 moriendo
2804 1175 2919 1238 pro
2951 1156 3233 1230 veritate,
3268 1156 3465 1218 Deum
3502 1157 3834 1229 honorant,
3864 1161 3931 1216 et

2436 1273 2660 1316 verum
2690 1273 2762 1316 ac
2789 1254 3033 1334 justum
3074 1255 3435 1318 ostendunt.
3468 1254 3730 1336 Propter
3756 1254 3927 1335 quod

2437 1353 2591 1415 dicit
2629 1353 2966 1434 Apostolus
3004 1355 3079 1415 ad
3126 1353 3563 1436 Philippenses
3598 1372 3614 1415 ε
3647 1353 3715 1415 In
3750 1353 3925 1415 omni
3984 1369 4199 1424 Pafum.

2436 1452 2677 1516 fiducia
2708 1451 3223 1534 magnificabitur
3254 1453 3537 1516 Christus
3568 1452 3635 1514 in
3666 1471 3929 1533 corpore
3956 1435 4023 1475 ²⁰·

2438 1570 2601 1626 meo,
2654 1552 2791 1614 sive
2847 1570 2961 1633 per
3011 1552 3227 1628 vitam,
3279 1551 3412 1615 sive
3472 1569 3585 1634 per
3632 1559 3925 1614 mortem.

2438 1649 2606 1712 Infra
2654 1669 2911 1732 quoque
2960 1652 3037 1712 de
3076 1649 3255 1713 Petro
3292 1650 3562 1712 habetur
3597 1668 3611 1712 ε
3645 1649 3774 1713 Hoc
3818 1669 3932 1712 au·
3968 1673 4201 1719 smus.
4251 1675 4252 1732 3

2439 1756 2564 1810 tem
2598 1749 2777 1823 dixit,
2813 1747 3181 1828 significans
3222 1768 3349 1830 qua
3387 1757 3591 1811 morte
3624 1747 3933 1810 clarifica·
3962 1740 4024 1779 ¹⁹·

583 1862 681 1906 aar.
703 1875 804 1914 nu,
833 1865 942 1910 ore
991 1847 1213 1910 leonis.
1246 1847 1544 1908 Ieremias
1585 1865 1843 1928 quoque
1879 1865 1890 1908 :
1926 1846 2329 1909 Confundan-
2364 1848 2411 1910 B
2441 1854 2621 1908 turus
2664 1852 2828 1908 esset
2871 1846 3091 1907 Deum.

540 1927 607 1970 ¹8.

593 2357 764 2403 unuh.

542 2435 658 2472 xxvi,
685 2423 752 2466 39.

641 4120 714 4179 28

832 1954 958 2020 tur,
994 1945 1225 2027 inquit,
1261 1945 1372 2026 qui
1413 1963 1514 2007 me
1560 1952 2054 2027 persequuntur,
2092 1952 2155 2007 et
2200 1963 2326 2007 non

835 2042 1188 2107 confundar
1235 2061 1390 2124 eg03
1446 2050 1715 2125 paveant
1763 2043 1879 2117 illi,
1931 2051 1995 2104 et
2042 2063 2167 2106 non
2220 2062 2331 2124 pa-

833 2160 1013 2204 veam
1055 2159 1191 2222 ego.
1226 2140 1516 2204 Secundo
1564 2142 1924 2223 exponitur,
1961 2149 2029 2202 ut
2075 2141 2156 2203 sit
2193 2160 2329 2203 ora-

832 2241 922 2303 tio
970 2240 1198 2302 animae
1255 2241 1603 2302 secundum
1665 2240 2038 2302 sensitivum
2086 2239 2331 2322 appeti-

834 2346 969 2401 tum
1025 2357 1039 2400 τ
1093 2339 1444 2400 secundum
1493 2356 1685 2420 quem
1736 2339 1915 2412 dixit,
1950 2338 2249 2400 Transeat
2295 2357 2330 2399 a

837 2455 938 2499 me
969 2436 1129 2500 calix
1162 2437 1302 2498 iste.
1340 2436 1624 2518 [Eritque
1653 2455 1876 2498 sensus
1911 2439 1951 2515 ε]
1985 2436 2185 2509 Pater,
2219 2437 2333 2499 sal-

835 2534 1030 2598 vifica
1069 2553 1172 2597 me
1211 2553 1287 2597 ex
1327 2535 1444 2597 hac
1484 2535 1657 2608 hora,
1692 2535 1757 2597 id
1787 2543 1885 2598 est
1910 2555 1946 2597 a
1984 2536 2169 2598 malis
2202 2555 2332 2618 poe-

837 2634 1090 2697 nalibus
1131 2634 1436 2715 temporis
1477 2653 1647 2696 nunc
1687 2633 2000 2705 instantis,
2037 2635 2335 2697 videlicet

834 2752 870 2795 a
915 2739 1116 2795 morte
1156 2739 1218 2793 et
1259 2731 1721 2796 afflictionibus
1763 2733 1986 2794 ceteris
2025 2753 2184 2815 quas
2228 2753 2335 2796 na·-

835 2831 1127 2892 turaliter
1183 2831 1431 2894 horreo.
1489 2830 1742 2904 Verum,
1804 2832 2105 2912 quoniam
2160 2832 2336 2894 Chri-

838 2937 973 2992 stus
1036 2929 1153 2991 hoc
1209 2928 1498 2992 absolute
1557 2949 1682 2992 non
1751 2929 1954 3010 petiit,
2017 2932 2127 2993 sed
2186 2930 2338 2992 sim-

840 3027 1114 3109 pliciter,
1158 3028 1278 3090 hoc
1326 3035 1420 3090 est
1469 3047 1545 3090 ex
1596 3028 1941 3090 deliberata
1991 3029 2232 3092 ratione
2275 3037 2337 3090 et
2373 3026 2418 3091 C
2446 3046 2581 3088 ram

840 3125 1162 3189 voluntate
1211 3126 1500 3189 rationali
1558 3126 1791 3190 divinae
1839 3127 2146 3190 voluntati
2198 3146 2340 3210 per-

839 3222 1188 3286 fectissime
1219 3224 1504 3304 subjecta
1532 3232 1595 3286 et
1625 3223 2034 3299 conformata,
2070 3227 2198 3308 pati
2229 3245 2341 3308 op-

842 3321 1036 3402 tavit3
1073 3331 1406 3404 propterea
1445 3323 1740 3386 subditur
1775 3342 1787 3386 :
1822 3327 1952 3386 Sed
1973 3335 2337 3402 propterea,

843 3419 907 3484 id
956 3427 1072 3494 est,
1109 3429 1176 3482 ut
1227 3421 1430 3503 patiar
1469 3422 1588 3484 ista
1627 3441 1742 3504 pro
1789 3430 1900 3486 tuo
1943 3423 2182 3486 honore
2232 3424 2345 3486 ho-

842 3518 1220 3600 minumque
1249 3520 1474 3594 salute,
1509 3522 1661 3581 veni
1691 3522 1761 3582 in
1793 3524 1963 3582 hanc
1991 3523 2245 3592 horam,
2276 3521 2340 3585 id

844 3624 959 3692 est,
997 3617 1340 3680 humanam
1381 3626 1670 3681 naturam
1701 3620 2040 3702 assumpsi,
2075 3628 2136 3681 et
2172 3640 2341 3684 mor-

847 3715 988 3778 talis
1025 3717 1099 3778 a'c
1141 3717 1508 3798 temporalis
1549 3716 1692 3779 fieri
1727 3718 1921 3792 volui,
1955 3724 2145 3800 atque
2188 3719 2343 3782 huc-

845 3831 1052 3895 usque
1101 3815 1387 3896 perveni,
1431 3817 1668 3878 ducens
1712 3817 1904 3879 vitam
1956 3818 2343 3898 persecutio-

848 3908 1038 3971 nibus
1081 3918 1272 3992 atque
1317 3911 1641 3975 laboribus
1683 3913 2136 3976 abundantem.

929 4006 1164 4069 Deinde
1213 4007 1624 4090 subjungitur
1671 4010 2033 4073 deliberatae
2081 4013 2342 4076 rationis

850 4105 1092 4186 petitio.
1135 4109 1358 4175 Pater,
1407 4109 1700 4186 clarifica
1753 4119 1935 4171 cuum
1979 4131 2236 4179 nomen,
2278 4112 2341 4173 id

2536 1947 2718 2006 Venit
2754 1964 2901 2022 erqo
2944 1966 3067 2005 vox
3101 1948 3181 2005 de
3218 1949 3390 2016 coel0,
3426 1945 3491 2007 id
3530 1952 3647 2018 est,
3684 1945 3751 2006 in
3790 1963 3933 2006 aere

2438 2041 2747 2105 formatus
2796 2049 2892 2104 est
2942 2060 3149 2105 sermo
3193 2042 3431 2106 coelesti
3472 2042 3729 2117 virtute,
3765 2042 3935 2104 vide-

2439 2141 2588 2202 licet
2625 2159 2660 2202 a
2690 2140 2834 2214 Deo,
2870 2141 3223 2204 ministerio
3261 2141 3467 2221 angeli
3506 2141 3825 2222 loquentis
3864 2141 3929 2201 in

2441 2257 2709 2321 persona
2739 2238 2848 2301 Dei
2880 2239 3091 2314 PatriS,
3111 2240 3643 2321 quemadmodum
3675 2240 3740 2302 in
3767 2239 3935 2303 Chri·
3980 2259 4191 2302 umam.
4251 2225 4252 2300 ἶ

2440 2338 2519 2400 sti
2570 2336 2887 2419 baptismo
2928 2345 2992 2399 et
3035 2337 3611 2418 transfiguratione.
3644 2337 3795 2410 Quae
3834 2357 3935 2399 au·
3962 2325 4179 2372 ¹⁷²m25·
4251 2343 4252 2346 ’

2441 2444 2567 2497 tem
2619 2433 2814 2496 fuerit
2862 2453 2981 2497 vox
3028 2434 3167 2509 ista,
3214 2435 3644 2516 subjungitur.
3682 2439 3771 2497 Et
3808 2439 3935 2498 cla-

2442 2535 2725 2612 rificavi,
2746 2543 2805 2594 ec
2837 2536 3076 2594 iterum
3104 2535 3492 2611 clarificabO.
3516 2534 3645 2596 Hoc
3674 2535 3931 2616 quidam

2442 2640 2771 2714 exponunt
2830 2633 2907 2694 de
2954 2632 3409 2695 clarificatione
3460 2632 3601 2694 Filii
3651 2652 3690 2694 a
3736 2632 3929 2707 Patre,

2445 2737 2515 2791 ut
2562 2731 2644 2793 sit
2694 2749 2917 2792 sensus
2952 2749 2965 2792 :
3003 2734 3088 2792 Et
3116 2733 3483 2808 clarificavi
3516 2739 3599 2804 te,
3632 2750 3669 2795 o
3717 2731 3937 2812 Unige-

2446 2829 2597 2891 nite.
2637 2829 2971 2911 Potestque
3010 2828 3384 2892 clarificatio
3424 2828 3542 2890 ista
3578 2831 3811 2913 exponi
3860 2831 3935 2892 de

2448 2927 2695 2990 Christo
2744 2929 3095 2990 secundum
3147 2935 3483 3009 utramque
3530 2948 3709 2990 suam
3762 2937 3937 2991 natu-

2636 3045 2649 3088 :
2704 3028 2857 3109 quia
2912 3027 3262 3088 secundum
3320 3027 3713 3089 divinitatem
3765 3026 3939 3089 Pater

2448 3125 2845 3200 clarificavit,
2882 3127 2943 3187 id
2994 3135 3108 3199 est,
3142 3125 3222 3186 ab
3262 3134 3493 3188 aeterno
3532 3125 3777 3188 clarum
3811 3127 3939 3208 glo-

2448 3223 2817 3306 riosumque
2863 3225 3086 3306 genuit
3126 3223 3377 3298 Filium,
3410 3242 3602 3306 quem
3645 3224 3939 3306 produxit

2448 3323 2571 3385 sibi
2603 3323 2726 3406 ipsi
2758 3324 3090 3405 aequalem,
3124 3323 3654 3386 communicando
3682 3323 3743 3386 ei
3774 3341 3941 3385 eam-

2449 3423 2594 3484 dem
2644 3441 2911 3486 numero
2958 3423 3304 3484 claritatem
3362 3440 3554 3503 quam
3613 3421 3839 3484 habuit
3882 3429 3941 3484 et

2450 3520 2622 3602 ipse;
2666 3522 3017 3582 secundum
3067 3521 3524 3582 humanitatem
3570 3539 3720 3584 vero
3767 3520 3943 3582 Pater

2450 3618 2847 3692 clarificavit,
2900 3619 2962 3680 id
3012 3626 3127 3692 est,
3181 3619 3421 3681 clarum
3472 3617 3621 3681 fecit
3677 3637 3753 3680 ac
3802 3638 3943 3701 pro-

2452 3717 2688 3799 palavit
2726 3717 3044 3780 Christum
3094 3717 3159 3778 in
3200 3716 3499 3779 omnibus
3544 3716 3939 3778 mirabilibus

2449 3834 2593 3897 quae
2623 3815 2791 3878 circa
2820 3815 2958 3896 ejus
2991 3815 3447 3878 humanitatem
3478 3814 3769 3890 ostendit,
3796 3834 3945 3897 prae-

2451 3915 2802 3977 nuntiando
2832 3914 2970 3994 ejus
3002 3914 3495 3977 incarnationem
3530 3931 3645 3995 per
3672 3913 3944 3997 Prophe-

2451 4020 2565 4085 taS,
2618 4013 3053 4076 annuntiando
3100 4013 3238 4092 ejus
3288 4012 3768 4093 conceptionem
3812 4012 3946 4073 Vir-
4003 4029 4193 4074 Laeta
4251 4063 4252 4080 ἶ

2449 4112 2581 4193 gini
2633 4119 2863 4174 sanctae
2912 4130 3025 4194 per
3070 4112 3389 4192 angelum,
3423 4111 3751 4173 educendo
3796 4129 3941 4173 eum
4019 4100 4151 4146 ‘¹⁸⁶¹‘
4251 4167 4252 4170 ,

849 4209 965 4277 est,
1000 4222 1101 4266 me
1130 4204 1344 4286 ipsum
1375 4205 1730 4282 manifesta,
1763 4215 1934 4269 tuam
1969 4209 2338 4285 bonitatem,
2372 4216 2423 4278 D
2452 4212 2529 4273 de
2579 4209 2791 4273 clauso
2838 4209 3113 4292 Virginis
3162 4217 3363 4284 utero,
3396 4217 3457 4271 et
3504 4216 3711 4271 cetera
3760 4210 3947 4271 mira-

848 4301 1240 4382 majestatem
1289 4323 1361 4366 ac
1409 4305 1932 4386 omnipotentiam
1980 4325 2094 4388 per
2137 4326 2341 4370 meam

850 4403 1210 4484 passionem
1250 4404 1518 4467 declara.
1554 4405 1798 4468 Virtute
1836 4407 2080 4489 quippe
2110 4416 2173 4470 et
2213 4427 2344 4471 me-

851 4501 971 4564 rito
1021 4502 1334 4583 passionis
1385 4503 1638 4578 Christi,
1680 4504 1858 4567 Pater
1907 4513 2109 4569 totum
2161 4526 2347 4568 mun-

850 4600 1001 4661 dum
1053 4599 1461 4675 illuminavit,
1513 4602 1742 4684 suique
1801 4603 2080 4667 nominis
2134 4606 2346 4668 notiti-

847 4717 952 4760 am
997 4699 1295 4779 gentibus
1345 4718 1458 4782 per
1499 4700 1943 4783 Apostolorum
1993 4704 2342 4766 doctrinam

851 4796 1168 4879 patefecit.
1205 4797 1292 4860 Ex
1342 4799 1461 4862 hoc
1497 4800 1667 4862 enim
1718 4802 1888 4882 quod
1939 4801 2115 4864 Pater
2155 4804 2347 4866 tradi-

851 4895 944 4957 dit
993 4895 1222 4958 Filium
1275 4917 1464 4960 suum
1514 4918 1628 4981 pro
1679 4899 1862 4962 nobis
1919 4900 1986 4962 in
2047 4910 2340 4980 mortem,

850 4993 1206 5056 ostenditur
1236 4995 1671 5059 misericordia
1700 5003 1891 5079 atque
1922 4997 2178 5062 dilectio
2208 5000 2344 5081 ejus

853 5093 930 5154 ad
981 5110 1134 5173 nos;
1167 5100 1230 5154 et
1277 5093 1429 5155 item
1479 5094 1728 5174 justitia
1775 5096 1938 5176 ejuS,
1981 5116 2126 5178 quae
2176 5105 2347 5162 tanta

854 5197 949 5252 est
997 5192 1167 5273 quod
1217 5192 1442 5254 maluit
1487 5193 1892 5275 Unigenitum
1945 5213 2135 5257 suum
2182 5198 2347 5260 occi-

854 5287 940 5364 di,
985 5307 1178 5370 quam
1239 5299 1566 5372 peccatum
1616 5310 1874 5354 manere
1923 5293 2340 5375 inexpiatum,

2455 4309 2596 4371 cula
2634 4308 2924 4372 faciendo
2965 4327 3078 4391 per
3116 4308 3455 4382 Christum,
3492 4308 3556 4369 in
3594 4308 3947 4371 testimoni-

2455 4426 2561 4470 um
2595 4407 2762 4488 quod
2796 4407 2879 4468 sit
2908 4407 3214 4470 Christus.
3244 4409 3327 4468 Ει
3356 4407 3589 4468 iterum
3623 4408 3947 4486 clarifica-

2455 4509 2525 4566 bo
2555 4514 2637 4576 te,
2674 4507 2739 4569 in
2772 4505 3085 4588 passione,
3123 4524 3236 4588 per
3266 4504 3581 4568 mirabilia
3611 4523 3757 4586 quae
3794 4514 3947 4568 tunc

2454 4603 2636 4679 fient,
2680 4604 2745 4666 in
2796 4605 3281 4678 resurrectione,
3322 4602 3713 4677 ascensione,
3750 4602 3949 4685 Spiri-

2456 4712 2559 4765 tus
2589 4702 2795 4765 Sancti
2830 4687 3155 4778 missione,
3179 4703 3617 4785 Apostolorum
3654 4702 3949 4783 praedica·

2456 4803 2647 4875 tione,
2692 4811 2754 4864 et
2793 4802 3243 4864 miraculorum
3292 4820 3405 4884 per
3452 4819 3556 4863 eos
3594 4819 3945 4882 eorumque

2458 4919 2759 4982 sequaces
2810 4901 3299 4983 perpetratione.
3346 4900 3520 4963 Unde
3570 4899 3634 4961 in
3682 4899 3943 4962 Actibus

2456 5000 2741 5081 loquitur
2778 4998 2995 5061 Petrus
3031 5018 3044 5062 ε
3080 4999 3243 5061 Deus
3289 5006 3539 5080 patrum
3585 5005 3941 5062 nostrorum
3972 5017 4185 5064 Aenum.

2454 5097 2838 5181 glorificavit
2892 5097 3124 5160 Filium
3182 5116 3371 5160 suum
3413 5097 3649 5159 Jesum.
3700 5133 3783 5142 —
3826 5096 3943 5159 Sed

2456 5197 2757 5279 quoniam
2821 5196 3105 5260 Christus
3174 5196 3535 5258 immediate
3600 5203 3747 5257 ante
3813 5196 3941 5258 haec

2456 5294 2649 5358 verba
2694 5294 2918 5370 oravit,
2951 5293 3239 5370 dicendo,
3286 5292 3480 5368 Pater,
3518 5291 3803 5357 clarifica
3846 5301 3939 5356 tu-
