4300 6259
558 2944 727 3000 Ephee.
740 2959 780 2997 n,

519 3008 664 3058 &¹0:11
674 3009 779 3051 Tim.

516 3084 545 3120 1,
559 3073 600 3122 ῦς
622 3071 707 3114 Tit.
722 3084 780 3121 ιιι,

516 3135 603 3176 5-7.

608 3187 675 3242 16

545 3939 608 3982 18.
636 3953 677 3982 ix

554 4037 681 4082 Rom.

522 4101 588 4142 33.

682 3941 784 4089 ⁶„
814 4017 935 4079 bis.
990 4016 1065 4079 Et
1109 4017 1445 4100 Apostolus
1481 4037 1495 4081 :
1529 4017 1791 4100 Proprie
1835 4019 2105 4100 (inquit)
2150 4017 2307 4081 Filio

808 473 931 540 332

1624 496 1973 544 mannum
2016 497 2077 544 m
2118 496 2258 544 cAP.
2304 496 2373 543 111
2412 496 2688 544 mamus,
2733 516 2813 528 —-
2853 497 2996 544 Am.
3041 497 3105 544 11

1936 901 2587 988 ARTICULUS
2662 903 2784 986 IX

928 1173 1295 1221 Pnossscm’lo
1348 1174 1809 1221 ELUCIDATIONIS
1860 1175 2208 1221 PRAESENTIS
2261 1173 2539 1221 CAPITULI
2590 1175 2813 1233 TERTH,
2861 1175 2941 1221 AB
2989 1176 3066 1221 ΕΟ
3117 1174 3264 1222 Loco
3315 1175 3433 1230 Quo
3481 1175 3774 1223 mentm:

1184 1272 1275 1319 sm
1318 1273 1465 1318 Emn
1506 1275 1661 1319 nli-:us
1706 1273 1949 1319 mmxl'r
1989 1273 2269 1334 numum,
2311 1273 2388 1320 m·
2431 1273 2637 1320 mum!
2682 1273 2842 1320 SUUH
2883 1273 3258 1320 UNIGEMTUH
3297 1275 3520 1321 DARET.

957 1552 1333 1627 UCUSQUE
1362 1555 1679 1636 descripta
1709 1563 1859 1618 sunt
1890 1555 2081 1618 verba
2119 1553 2299 1618 Chri·
2329 1551 2382 1613 A
2413 1553 2598 1617 nobis
2649 1555 3047 1618 meritorium
3098 1555 3242 1630 fuit,
3283 1575 3408 1620 non
3458 1556 3582 1640 ipsi
3627 1557 3888 1630 Christo,

869 1707 881 1714 .
962 1653 1039 1715 sti
1090 1654 1166 1716 ad
1212 1653 1647 1717 Nicodemum.
1683 1653 1801 1718 Sed
1844 1673 1923 1717 an
1965 1654 2159 1716 verba
2205 1671 2304 1716 se-

744 1799 754 1809 .
810 1753 1073 1832 quentia
1106 1769 1306 1834 usque
1335 1754 1414 1814 ad
1453 1753 1539 1826 id,
1574 1751 1719 1816 Post
1757 1753 1890 1816 haec
1921 1753 2096 1818 venit
2122 1753 2302 1815 Jesus

810 1857 873 1912 et
920 1851 1221 1933 discipuli
1266 1851 1405 1932 ejus
1450 1851 1516 1913 in
1559 1851 1836 1934 Judaqam
1884 1859 2140 1926 terram,
2175 1851 2304 1912 sint

810 1948 1003 2011 verba
1052 1948 1280 2012 Christi
1329 1951 1408 2011 ad
1449 1950 1886 2025 Nicodemum,
1939 1951 2039 2013 vel
2090 1951 2302 2032 potius

810 2047 1005 2108 verba
1047 2046 1303 2110 Ioannis
1343 2048 1765 2128 evangelistae,
1818 2047 2196 2130 exponentis
2241 2055 2302 2109 et

809 2144 1183 2208 declarantis
1230 2147 1617 2228 praeinducta
1654 2147 1908 2228 eloquia
1938 2146 2298 2220 SalvatoriS,

810 2252 1052 2306 certum
1094 2263 1219 2308 non
1259 2244 1483 2308 habeo.
1528 2244 1999 2325 Verumtamen,
2039 2263 2305 2326 quomo-

810 2344 1167 2424 documque
1195 2343 1441 2405 dicatur
1470 2344 1545 2405 ad
1578 2343 1712 2416 hoc,
1732 2361 1956 2406 sensus
1986 2349 2083 2406 est
2113 2343 2298 2406 idem.

807 2439 977 2502 Dixit
1006 2441 1249 2524 quippe
1278 2440 1559 2506 Salvator
1591 2442 1655 2503 in
1696 2441 1907 2504 verbis
1939 2441 2304 2504 immediate

811 2539 1199 2622 praehabitiS,
1251 2548 1443 2622 atque
1482 2540 1547 2603 in
1602 2540 1870 2605 articulo
1920 2540 2302 2623 praecedenti

811 2639 1141 2721 expositiS,
1176 2641 1348 2720 quod
1388 2639 1647 2701 exaltari
1687 2640 2041 2722 oportuerit
2070 2639 2303 2701 Filium

2409 1660 2722 1733 quantum
2754 1654 2829 1716 ad
2863 1655 3196 1736 praemium
3227 1655 3581 1729 essentiale,
3599 1656 3753 1737 quia
3782 1656 3894 1718 hoc

2410 1751 2634 1814 habuit
2677 1752 2890 1814 anima
2937 1753 3166 1817 Christi
3215 1773 3254 1815 a
3301 1754 3507 1836 primo
3555 1773 3688 1817 suae
3731 1772 3897 1817 crea-

2412 1849 2600 1912 tionis
2644 1850 2923 1914 instanti.
2959 1851 3140 1914 Dedit
3183 1851 3373 1915 etiam
3412 1871 3556 1915 eum
3600 1852 3786 1916 nobis
3832 1853 3896 1914 in

2411 1947 2814 2013 Sacramento
2867 1949 3103 2025 altariS,
3154 1952 3690 2032 quemadmodum
3735 1950 3898 2014 infra

2410 2054 2676 2110 testatur
2711 2066 2725 2110 :
2757 2047 2936 2110 Pater
2966 2067 3146 2111 meus
3177 2051 3283 2112 dat
3311 2048 3492 2112 vobis
3529 2067 3761 2131 panem
3791 2068 3897 2112 ve·
3945 2073 4092 2118 ιοωι.
4115 2087 4171 2120 n.

2410 2165 2577 2207 rum.
2637 2147 2958 2212 Postremo
3005 2149 3179 2211 dedit
3227 2167 3376 2212 eum
3423 2149 3608 2213 nobis
3657 2149 3721 2213 in
3767 2169 3900 2232 pas-
3925 2139 3984 2180 ³²·

2411 2244 2610 2319 sione,
2673 2264 2995 2328 exponens
3053 2247 3284 2310 Filium
3351 2267 3538 2310 suum
3599 2247 3898 2311 dilectum

2409 2344 2600 2405 tantis
2643 2346 2973 2409 tormentis
3014 2365 3128 2428 pro
3167 2354 3380 2410 nostra
3427 2347 3649 2422 salute,
3681 2365 3903 2428 quem-

2409 2444 2752 2507 admodum
2815 2445 3003 2507 lsaias
3055 2446 3507 2528 praenuntiavit
3566 2465 3581 2508 t
3641 2445 3901 2527 Propter
3943 2473 4154 2522 nume.

2411 2541 2619 2604 scelus
2653 2543 2875 2625 populi
2904 2545 3029 2605 mei
3066 2545 3348 2626 percussi
3389 2562 3558 2607 eum.
3591 2544 3667 2607 Et
3703 2545 3899 2608 Filius

2411 2647 2696 2722 tempore
2755 2641 3066 2723 passionis
3118 2660 3132 2705 :
3187 2642 3479 2718 Calicem,
3540 2642 3649 2716 ait,
3708 2663 3898 2724 quem
3926 2662 4174 2709 Jmmu.
4260 2633 4261 2640 ἵ

811 2738 1111 2812 hominis,
1148 2738 1267 2801 hoc
1306 2745 1403 2800 est
1430 2737 1592 2801 mori
1641 2757 1755 2820 pro
1785 2738 2007 2800 mundi
2056 2737 2300 2818 salute;
2333 2735 2380 2798 B
2411 2739 2586 2801 dedit
2641 2740 2798 2802 mihi
2858 2739 3057 2816 Pater,
3107 2759 3235 2804 non
3295 2739 3508 2803 bibam
3565 2741 3785 2803 illum?
3833 2742 3900 2805 ln
3931 2728 3992 2768 ¹¹·

813 2855 984 2898 nunc
1012 2835 1287 2899 ostendit
1317 2855 1570 2898 causam
1602 2835 1902 2899 beneficii
1952 2836 2125 2911 tanti,
2161 2854 2304 2918 quae

813 2953 939 2998 non
996 2941 1092 2997 est
1149 2935 1448 2996 meritum
1508 2943 1818 3010 nostrum,
1866 2937 1973 2998 sed
2031 2935 2306 3015 gratuita

810 3033 918 3095 Dei
963 3033 1238 3096 dilectio.

890 3133 1003 3194 Sic
1030 3133 1207 3192 enim
1235 3135 1406 3193 Deus
1435 3134 1670 3192 dilexit
1700 3135 2044 3205 mundum,
2080 3132 2143 3195 id
2185 3140 2300 3207 est,

810 3239 937 3292 tam
969 3231 1261 3292 ardenter
1291 3230 1453 3292 Deus
1484 3229 1663 3292 Pater
1693 3231 1914 3293 dilexit
1951 3248 2153 3311 genus
2188 3232 2308 3292 hu-

812 3347 1094 3401 manum,
1142 3328 1493 3410 praesertim
1552 3329 1843 3392 homines
1901 3329 2306 3410 praedestina-

815 3434 934 3500 tOS,
988 3436 1061 3488 ut
1119 3429 1373 3488 Filium
1428 3447 1623 3488 suum
1682 3429 2123 3505 unigenitum,
2177 3447 2302 3491 non

813 3525 1206 3608 adoptivum,
1246 3526 1354 3588 sed
1395 3525 1768 3599 naturalem,
1804 3525 2307 3589 consubstantia-

814 3623 964 3698 lem,
998 3631 1061 3685 et
1104 3623 1389 3694 unicum,
1421 3627 1607 3686 daret
1638 3623 2029 3696 hominibu8‚
2066 3624 2130 3687 in
2164 3623 2303 3686 Filii

815 3723 913 3786 sui
964 3723 1395 3786 incarnatione
1441 3742 1516 3785 ac
1554 3724 1869 3804 passione.
1902 3723 2085 3786 Dedit
2132 3723 2304 3786 enim

812 3839 963 3884 eum
992 3821 1199 3897 nobiS,
1223 3823 1761 3903 quemadmodum
1794 3821 2027 3884 cecinit
2064 3822 2253 3884 Isaias
2287 3841 2301 3884 :

2414 2837 2709 2919 passione
2757 2839 2931 2901 enim
2981 2838 3231 2902 Creator
3287 2847 3500 2902 noster
3548 2838 3750 2902 factus
3808 2848 3904 2903 est

2413 2935 2686 2999 salvator
2741 2944 2976 3012 noster,
3024 2938 3218 3017 judex
3279 2944 3493 3002 noster
3549 2937 3752 3000 sactus
3807 2945 3904 3000 est

2413 3035 2853 3099 reconciliator
2895 3043 3128 3110 noster,
3174 3037 3515 3100 advocatus
3555 3055 3632 3098 ac
3667 3036 3905 3100 media-

2411 3141 2531 3196 tor.
2584 3132 2703 3195 Sed
2747 3134 2904 3216 quid
2953 3134 3378 3197 retribuemus
3413 3133 3536 3197 Deo
3577 3134 3736 3198 Patri
3787 3154 3903 3218 pro
3932 3160 4176 3208 ramae.

2412 3231 2714 3295 omnibus
2763 3251 2909 3314 quae
2971 3232 3266 3295 retribuit
3321 3233 3545 3296 nobis?
3606 3233 3898 3308 Bene-dic,
3959 3259 4151 3306 aasz.
4260 3233 4261 3246 ἢ

2412 3330 2626 3392 anima
2656 3348 2817 3405 mea,
2851 3329 3139 3402 Domino,
3173 3337 3238 3392 et
3268 3330 3394 3394 noli
3439 3330 3730 3394 oblivisci
3771 3351 3903 3396 om-

2413 3446 2525 3491 nes
2577 3427 3024 3491 retributiones
3071 3428 3236 3509 ejus,
3277 3427 3436 3502 Quid
3485 3430 3680 3504 enim,
3713 3431 3906 3512 quale

2413 3527 2514 3590 vel
2556 3534 2866 3609 quantum
2909 3525 3150 3589 bonum
3197 3527 3370 3590 dedit
3417 3528 3635 3592 nobis?
3683 3528 3906 3593 Nonne

2413 3626 2645 3688 Filium
2677 3644 2863 3687 suum
2903 3625 3326 3700 carissimum,
3361 3626 3483 3688 sibi
3515 3628 3901 3709 coaequalem

2411 3732 2475 3786 et
2527 3725 3011 3799 coimmensum,
3057 3742 3250 3806 quem
3293 3742 3371 3787 ex
3415 3725 3674 3808 proprio
3714 3728 3905 3790 corde
3952 3744 4174 3793 hum.

2413 3823 2793 3886 aeternaliter
2827 3823 3070 3904 genuit,
3103 3843 3296 3906 quem
3337 3843 3414 3886 ex
3459 3843 3571 3887 sua
3615 3825 3909 3888 substan—

813 3919 975 3982 Puer
1014 3928 1196 3982 natus
1236 3928 1331 3982 est
1371 3921 1577 3995 nobiS,
1612 3921 1788 3983 filius
1838 3922 2019 3983 datus
2064 3928 2159 3982 est
2198 3940 2309 3984 no-
2344 3913 2387 3977 C
2413 3921 2500 3983 tia
2530 3921 2799 4002 peperit,
2838 3939 3032 4002 quem
3063 3941 3190 3985 non
3222 3922 3433 3985 minus
3475 3922 3682 4004 diligit
3709 3943 3906 4005 quam

816 4134 929 4179 suo
962 4133 1087 4178 non
1131 4116 1435 4198 pepercit,
1471 4118 1579 4179 sed
1626 4136 1741 4199 pro
1782 4117 2080 4181 omnibus
2121 4117 2304 4180 nobis

813 4213 1071 4277 tradidit
1112 4214 1316 4277 illum.

894 4313 1075 4377 Dedit
1117 4333 1265 4395 ergo
1303 4332 1450 4377 eum
1501 4315 1685 4377 nobis
1730 4315 1796 4377 in
1847 4315 2302 4389 incarnatione,

813 4413 1052 4475 faciens
1100 4431 1248 4475 eum
1296 4411 1507 4475 filium
1549 4421 1778 4477 nostrae
1826 4413 2081 4488 sororiS,
2134 4413 2308 4476 vide-

815 4512 963 4575 licet
1020 4511 1462 4575 sacratissimae
1520 4511 1815 4593 VirginiS,
1875 4512 2134 4574 fratrem
2196 4530 2308 4575 no-

813 4618 1031 4688 strum,
1047 4610 1455 4674 mediatorem
1486 4629 1559 4672 ac
1590 4611 1831 4674 socium
1864 4617 2170 4674 nostrum.
2189 4609 2306 4684 Qui

813 4709 986 4771 enim
1015 4717 1161 4771 ante
1201 4709 1697 4771 incarnationem
1730 4716 1861 4771 erat
1900 4709 2061 4771 Deus
2101 4717 2166 4771 et
2193 4710 2310 4773 Do-

816 4809 1031 4871 minus
1089 4815 1322 4882 noster,
1377 4825 1491 4890 per
1547 4808 2046 4872 incarnationem
2103 4808 2308 4871 sactus

816 4915 913 4970 est
951 4907 1147 4969 frater
1193 4913 1255 4968 et
1304 4906 1513 4970 socius
1555 4913 1787 4970 noster.
1821 4906 2005 4969 Dedit
2051 4925 2310 4989 quoque

815 5023 962 5068 eum
1011 5004 1195 5068 nobis
1245 5005 1309 5066 in
1361 5012 1489 5068 tota
1535 5004 2011 5068 conversatione
2059 5004 2199 5086 ejus
2244 5005 2308 5066 in

2415 4037 2484 4082 se
2525 4021 2783 4101 ipsum?

2494 4117 2702 4192 Porro,
2738 4118 3090 4180 secundum
3121 4116 3595 4201 Philosophum,
3615 4120 3902 4201 diligere,

2415 4223 2510 4279 est
2546 4216 2738 4278 alicui
2781 4214 3022 4279 bonum
3065 4215 3252 4278 velle.
3300 4215 3718 4280 Vehementer
3755 4237 3907 4300 ergo

2417 4334 2530 4377 nos
2567 4321 2736 4375 amat
2763 4313 2962 4389 Pater,
2995 4313 3235 4395 quibus
3274 4315 3450 4377 dedit
3497 4315 3616 4378 hoc
3664 4315 3908 4379 bonum

2415 4414 2822 4475 immensum.
2883 4411 3204 4484 Quomodo
3261 4413 3450 4475 etiam
3509 4432 3635 4476 non
3694 4413 3912 4478 omnia
3973 4440 4179 4484 amm,

2415 4511 2598 4574 nobis
2639 4529 2787 4574 cum
2825 4511 2935 4574 illo
2982 4511 3271 4575 donavit?
3301 4509 3460 4584 Quid
3507 4511 3762 4594 negabit
3799 4529 3912 4594 pe-
3939 4504 4012 4546 ³²·

2414 4610 2718 4683 tentibus,
2752 4609 2863 4690 qui
2903 4628 3028 4671 non
3078 4609 3444 4690 petentibus
3484 4611 3656 4673 dedit
3693 4611 3914 4692 unige-

2417 4709 2620 4771 nitum
2667 4707 2896 4770 Filium
2941 4709 3163 4770 suum?
3194 4707 3354 4770 Hinc
3397 4708 3487 4769 ait
3529 4707 3798 4772 Ioannes
3841 4708 3910 4771 in

2416 4826 2532 4870 sua
2569 4805 2837 4889 epistola
2869 4824 2883 4868 τ
2918 4806 2986 4868 Ιιι
3037 4804 3158 4869 hoc
3200 4805 3498 4889 apparuit
3535 4807 3760 4868 caritas
3800 4805 3910 4868 Dei
3943 4821 4181 4867 uem-n.

2418 4905 2484 4968 in
2533 4904 2738 4978 nobis,
2772 4904 3076 4986 quoniam
3106 4904 3338 4966 Filium
3383 4923 3572 4966 suum
3619 4905 3914 4986 unigeni-
3941 4887 3986 4928 ⁹·

2417 5013 2556 5067 tum
2603 5003 2782 5065 misit
2829 5003 2894 5065 in
2951 5003 3288 5077 mundum,
3344 5010 3410 5065 ut
3460 5003 3750 5067 vivamus
3797 5021 3916 5086 per

820 5102 1051 5166 saeculo
1101 5103 1243 5165 isto.
1295 5101 1450 5164 Nam
1508 5101 1825 5183 quidquid
1880 5101 2166 5164 Christus
2223 5101 2314 5165 fe·
2345 5100 2590 5165 Deum.
2627 5101 2700 5164 Et
2749 5119 2828 5163 ne
2880 5108 3177 5183 putemus
3227 5120 3339 5165 nos
3385 5108 3647 5184 propter
3689 5101 3917 5164 merita

821 5201 927 5276 cit,
954 5200 1321 5283 praedicavit
1352 5208 1415 5263 et
1448 5200 1729 5283 pertulit,
1754 5199 2073 5263 ordinavit
2108 5200 2309 5276 Pater,

2423 5208 2634 5265 nostra
2672 5219 2709 5262 a
2748 5200 2874 5264 Deo
2914 5200 3198 5274 dilectOS,
3235 5199 3468 5282 adjecit
3499 5217 3514 5262 :
3550 5200 3618 5262 In
3663 5199 3784 5263 hoc
3818 5209 3918 5263 est
3972 5224 4160 5270 ωειιο.

824 5307 888 5362 et
943 5299 1131 5362 etiam
1189 5299 1407 5376 Filius,
1459 5300 1536 5362 ad
1594 5306 1875 5363 nostram
1923 5299 2216 5375 salutem,
2253 5308 2316 5362 et
2424 5299 2671 5376 caritas,
2707 5317 2833 5362 non
2875 5297 3058 5381 quasi
3095 5316 3210 5362 nos
3251 5297 3662 5362 dilexerimus
3691 5297 3918 5373 Deum,
