<?xml version="1.0" encoding="UTF-8"?>
<!DOCTYPE html PUBLIC "-//W3C//DTD XHTML 1.0 Transitional//EN"
    "http://www.w3.org/TR/xhtml1/DTD/xhtml1-transitional.dtd">
<html xmlns="http://www.w3.org/1999/xhtml" xml:lang="en" lang="en">
 <head>
  <title>
</title>
<meta http-equiv="Content-Type" content="text/html;charset=utf-8" />
  <meta name='ocr-system' content='tesseract 3.04.00' />
  <meta name='ocr-capabilities' content='ocr_page ocr_carea ocr_par ocr_line ocrx_word'/>
</head>
<body>
  <div class='ocr_page' id='page_1' title='image "./doctorisecstati09unkngoog_0201.png"; bbox 0 0 4300 6259; ppageno 0'>
   <div class='ocr_carea' id='block_1_1' title="bbox 1155 533 2677 585">
    <p class='ocr_par' dir='ltr' id='par_1_1' title="bbox 1155 533 2677 585">
     <span class='ocr_line' id='line_1_1' title="bbox 1155 533 2677 585; baseline 0.003 -5"><span class='ocrx_word' id='word_1_1' title='bbox 1155 533 1506 582; x_wconf 66' lang='lat' dir='ltr'><strong>manuue</strong></span> <span class='ocrx_word' id='word_1_2' title='bbox 1549 534 1613 581; x_wconf 79' lang='lat' dir='ltr'><strong>m</strong></span> <span class='ocrx_word' id='word_1_3' title='bbox 1655 534 1794 582; x_wconf 75' lang='lat' dir='ltr'><strong>GAP.</strong></span> <span class='ocrx_word' id='word_1_4' title='bbox 1839 535 1990 582; x_wconf 85' lang='lat' dir='ltr'><strong>xvlu</strong></span> <span class='ocrx_word' id='word_1_5' title='bbox 2032 535 2221 584; x_wconf 65' lang='grc' dir='ltr'><strong>[ΗΕΒ.</strong></span> <span class='ocrx_word' id='word_1_6' title='bbox 2266 556 2347 568; x_wconf 92' lang='grc'>-</span> <span class='ocrx_word' id='word_1_7' title='bbox 2388 537 2531 584; x_wconf 71' lang='lat' dir='ltr'><strong>An&#39;r.</strong></span> <span class='ocrx_word' id='word_1_8' title='bbox 2577 538 2677 585; x_wconf 74' lang='lat' dir='ltr'><strong>xm</strong></span> 
     </span>
    </p>
   </div>
   <div class='ocr_carea' id='block_1_2' title="bbox 3350 521 3468 588">
    <p class='ocr_par' dir='ltr' id='par_1_2' title="bbox 3350 521 3468 588">
     <span class='ocr_line' id='line_1_2' title="bbox 3350 521 3468 588; baseline 0.017 -2"><span class='ocrx_word' id='word_1_9' title='bbox 3350 521 3468 588; x_wconf 79' lang='lat'><strong>149</strong></span> 
     </span>
    </p>
   </div>
   <div class='ocr_carea' id='block_1_3' title="bbox 353 701 3471 792">
    <p class='ocr_par' dir='ltr' id='par_1_3' title="bbox 353 701 3471 792">
     <span class='ocr_line' id='line_1_3' title="bbox 353 701 3471 792; baseline 0.002 -26"><span class='ocrx_word' id='word_1_10' title='bbox 353 704 504 786; x_wconf 89' lang='lat' dir='ltr'><strong>quis</strong></span> <span class='ocrx_word' id='word_1_11' title='bbox 553 705 706 768; x_wconf 87' lang='lat' dir='ltr'><strong>istas</strong></span> <span class='ocrx_word' id='word_1_12' title='bbox 756 705 1176 788; x_wconf 88' lang='lat' dir='ltr'><strong>proprietates</strong></span> <span class='ocrx_word' id='word_1_13' title='bbox 1226 725 1341 789; x_wconf 91' lang='lat' dir='ltr'><strong>per</strong></span> <span class='ocrx_word' id='word_1_14' title='bbox 1376 706 1642 788; x_wconf 79' lang='lat' dir='ltr'><strong>gratiam</strong></span> <span class='ocrx_word' id='word_1_15' title='bbox 1691 725 1868 769; x_wconf 77' lang='lat' dir='ltr'><strong>exer—</strong></span> <span class='ocrx_word' id='word_1_16' title='bbox 1895 701 1946 764; x_wconf 85' lang='lat' dir='ltr'><strong>A</strong></span> <span class='ocrx_word' id='word_1_17' title='bbox 1975 706 2163 782; x_wconf 83' lang='lat' dir='ltr'><strong>nitaS,</strong></span> <span class='ocrx_word' id='word_1_18' title='bbox 2195 709 2545 771; x_wconf 90' lang='lat' dir='ltr'><strong>secundum</strong></span> <span class='ocrx_word' id='word_1_19' title='bbox 2588 708 2933 791; x_wconf 80' lang='lat' dir='ltr'><strong>perfectam</strong></span> <span class='ocrx_word' id='word_1_20' title='bbox 2964 716 3027 772; x_wconf 91' lang='lat' dir='ltr'><strong>et</strong></span> <span class='ocrx_word' id='word_1_21' title='bbox 3063 710 3319 792; x_wconf 85' lang='lat' dir='ltr'><strong>plenam</strong></span> <span class='ocrx_word' id='word_1_22' title='bbox 3356 709 3471 774; x_wconf 90' lang='lat' dir='ltr'><strong>bo-</strong></span> 
     </span>
    </p>
   </div>
   <div class='ocr_carea' id='block_1_4' title="bbox 81 803 1868 1874">
    <p class='ocr_par' dir='ltr' id='par_1_4' title="bbox 81 803 1868 1874">
     <span class='ocr_line' id='line_1_4' title="bbox 355 803 1868 887; baseline 0.002 -20"><span class='ocrx_word' id='word_1_23' title='bbox 355 803 716 887; x_wconf 87' lang='lat' dir='ltr'><strong>citiumque</strong></span> <span class='ocrx_word' id='word_1_24' title='bbox 746 812 1072 887; x_wconf 87' lang='lat' dir='ltr'><strong>sequatur,</strong></span> <span class='ocrx_word' id='word_1_25' title='bbox 1107 806 1535 869; x_wconf 80' lang='lat' dir='ltr'><strong>damnabitur.</strong></span> <span class='ocrx_word' id='word_1_26' title='bbox 1559 806 1704 870; x_wconf 90' lang='lat' dir='ltr'><strong>Ideo</strong></span> <span class='ocrx_word' id='word_1_27' title='bbox 1732 825 1868 870; x_wconf 92' lang='lat' dir='ltr'><strong>mo-</strong></span> 
     </span>
     <span class='ocr_line' id='line_1_5' title="bbox 109 902 1866 988; baseline 0.003 -28"><span class='ocrx_word' id='word_1_28' title='bbox 109 918 324 970; x_wconf 60' lang='grc' dir='ltr'><strong>ιεοωιν,</strong></span> <span class='ocrx_word' id='word_1_29' title='bbox 353 911 464 966; x_wconf 87' lang='lat' dir='ltr'><strong>net</strong></span> <span class='ocrx_word' id='word_1_30' title='bbox 502 902 847 986; x_wconf 86' lang='lat' dir='ltr'><strong>Apostolus</strong></span> <span class='ocrx_word' id='word_1_31' title='bbox 881 923 895 967; x_wconf 79' lang='lat' dir='ltr'><strong>t</strong></span> <span class='ocrx_word' id='word_1_32' title='bbox 929 902 1162 967; x_wconf 85' lang='lat' dir='ltr'><strong>Malitia</strong></span> <span class='ocrx_word' id='word_1_33' title='bbox 1209 904 1461 988; x_wconf 88' lang='lat' dir='ltr'><strong>parvuli</strong></span> <span class='ocrx_word' id='word_1_34' title='bbox 1504 913 1702 968; x_wconf 90' lang='lat' dir='ltr'><strong>estote</strong></span> <span class='ocrx_word' id='word_1_35' title='bbox 1735 925 1751 985; x_wconf 81' lang='lat'><em>3</em></span> <span class='ocrx_word' id='word_1_36' title='bbox 1802 913 1866 966; x_wconf 90' lang='lat' dir='ltr'><strong>et</strong></span> 
     </span>
     <span class='ocr_line' id='line_1_6' title="bbox 119 1001 1866 1092; baseline 0 -28"><span class='ocrx_word' id='word_1_37' title='bbox 119 1043 132 1085; x_wconf 57' lang='grc' dir='ltr'>Ι</span> <span class='ocrx_word' id='word_1_38' title='bbox 151 1043 319 1092; x_wconf 44' lang='grc' dir='ltr'><strong>ΜΗ,</strong></span> <span class='ocrx_word' id='word_1_39' title='bbox 351 1001 576 1064; x_wconf 88' lang='lat' dir='ltr'><strong>Petrus</strong></span> <span class='ocrx_word' id='word_1_40' title='bbox 624 1021 640 1066; x_wconf 75' lang='lat' dir='ltr'><em>z</em></span> <span class='ocrx_word' id='word_1_41' title='bbox 691 1002 1092 1085; x_wconf 78' lang='lat' dir='ltr'><strong>Deponentes</strong></span> <span class='ocrx_word' id='word_1_42' title='bbox 1139 1021 1396 1067; x_wconf 90' lang='lat' dir='ltr'><strong>omnem</strong></span> <span class='ocrx_word' id='word_1_43' title='bbox 1447 1003 1755 1066; x_wconf 90' lang='lat' dir='ltr'><strong>malitiam</strong></span> <span class='ocrx_word' id='word_1_44' title='bbox 1803 1009 1866 1065; x_wconf 90' lang='lat' dir='ltr'><strong>et</strong></span> 
     </span>
     <span class='ocr_line' id='line_1_7' title="bbox 85 1101 1863 1166; baseline 0 -2"><span class='ocrx_word' id='word_1_45' title='bbox 85 1108 170 1152; x_wconf 74' lang='lat'><strong>¹·2·</strong></span> <span class='ocrx_word' id='word_1_46' title='bbox 348 1119 614 1164; x_wconf 90' lang='lat' dir='ltr'><strong>omnem</strong></span> <span class='ocrx_word' id='word_1_47' title='bbox 653 1101 873 1164; x_wconf 90' lang='lat' dir='ltr'><strong>dolum</strong></span> <span class='ocrx_word' id='word_1_48' title='bbox 909 1110 971 1164; x_wconf 90' lang='lat' dir='ltr'><strong>et</strong></span> <span class='ocrx_word' id='word_1_49' title='bbox 1010 1101 1450 1166; x_wconf 87' lang='lat' dir='ltr'><strong>simulationes</strong></span> <span class='ocrx_word' id='word_1_50' title='bbox 1490 1110 1554 1165; x_wconf 89' lang='lat' dir='ltr'><strong>et</strong></span> <span class='ocrx_word' id='word_1_51' title='bbox 1591 1103 1863 1165; x_wconf 87' lang='lat' dir='ltr'><strong>invidias</strong></span> 
     </span>
     <span class='ocr_line' id='line_1_8' title="bbox 350 1199 1863 1281; baseline 0.001 -21"><span class='ocrx_word' id='word_1_52' title='bbox 350 1206 415 1260; x_wconf 90' lang='lat' dir='ltr'><strong>et</strong></span> <span class='ocrx_word' id='word_1_53' title='bbox 444 1199 895 1274; x_wconf 82' lang='lat' dir='ltr'><strong>detractioneS,</strong></span> <span class='ocrx_word' id='word_1_54' title='bbox 929 1199 1096 1263; x_wconf 90' lang='lat' dir='ltr'><strong>sicut</strong></span> <span class='ocrx_word' id='word_1_55' title='bbox 1135 1201 1324 1263; x_wconf 89' lang='lat' dir='ltr'><strong>modo</strong></span> <span class='ocrx_word' id='word_1_56' title='bbox 1358 1199 1558 1281; x_wconf 89' lang='lat' dir='ltr'><strong>geniti</strong></span> <span class='ocrx_word' id='word_1_57' title='bbox 1590 1199 1863 1262; x_wconf 80' lang='lat' dir='ltr'><strong>infantes</strong></span> 
     </span>
     <span class='ocr_line' id='line_1_9' title="bbox 350 1297 1865 1380; baseline 0 -20"><span class='ocrx_word' id='word_1_58' title='bbox 350 1297 791 1373; x_wconf 77' lang='lat' dir='ltr'><strong>rationabileS,</strong></span> <span class='ocrx_word' id='word_1_59' title='bbox 824 1298 964 1361; x_wconf 90' lang='lat' dir='ltr'><strong>sine</strong></span> <span class='ocrx_word' id='word_1_60' title='bbox 992 1298 1138 1362; x_wconf 91' lang='lat' dir='ltr'><strong>dolo</strong></span> <span class='ocrx_word' id='word_1_61' title='bbox 1177 1298 1275 1360; x_wconf 89' lang='lat' dir='ltr'><strong>lac</strong></span> <span class='ocrx_word' id='word_1_62' title='bbox 1306 1299 1760 1380; x_wconf 79' lang='lat' dir='ltr'><strong>concupiscite,</strong></span> <span class='ocrx_word' id='word_1_63' title='bbox 1796 1306 1865 1360; x_wconf 91' lang='lat' dir='ltr'><strong>ut</strong></span> 
     </span>
     <span class='ocr_line' id='line_1_10' title="bbox 349 1395 1862 1462; baseline 0.001 -4"><span class='ocrx_word' id='word_1_64' title='bbox 349 1395 420 1458; x_wconf 90' lang='lat' dir='ltr'><strong>in</strong></span> <span class='ocrx_word' id='word_1_65' title='bbox 473 1415 550 1462; x_wconf 89' lang='lat' dir='ltr'><strong>eo</strong></span> <span class='ocrx_word' id='word_1_66' title='bbox 589 1395 887 1459; x_wconf 84' lang='lat' dir='ltr'><strong>crescatis</strong></span> <span class='ocrx_word' id='word_1_67' title='bbox 935 1397 1002 1459; x_wconf 90' lang='lat' dir='ltr'><strong>in</strong></span> <span class='ocrx_word' id='word_1_68' title='bbox 1053 1396 1345 1459; x_wconf 88' lang='lat' dir='ltr'><strong>salutem.</strong></span> <span class='ocrx_word' id='word_1_69' title='bbox 1389 1397 1458 1459; x_wconf 90' lang='lat' dir='ltr'><strong>In</strong></span> <span class='ocrx_word' id='word_1_70' title='bbox 1507 1396 1862 1460; x_wconf 83' lang='lat' dir='ltr'><strong>Proverbiis</strong></span> 
     </span>
     <span class='ocr_line' id='line_1_11' title="bbox 83 1493 1864 1578; baseline 0.002 -26"><span class='ocrx_word' id='word_1_71' title='bbox 83 1509 322 1562; x_wconf 57' lang='lat' dir='ltr'><strong>ammi».</strong></span> <span class='ocrx_word' id='word_1_72' title='bbox 351 1512 620 1576; x_wconf 89' lang='lat' dir='ltr'><strong>quoque</strong></span> <span class='ocrx_word' id='word_1_73' title='bbox 660 1501 896 1557; x_wconf 84' lang='lat' dir='ltr'><strong>aeterna</strong></span> <span class='ocrx_word' id='word_1_74' title='bbox 937 1493 1261 1578; x_wconf 88' lang='lat' dir='ltr'><strong>Sapientia</strong></span> <span class='ocrx_word' id='word_1_75' title='bbox 1301 1495 1436 1558; x_wconf 86' lang='lat' dir='ltr'><strong>ait:</strong></span> <span class='ocrx_word' id='word_1_76' title='bbox 1471 1493 1536 1556; x_wconf 91' lang='lat' dir='ltr'><strong>Si</strong></span> <span class='ocrx_word' id='word_1_77' title='bbox 1578 1494 1726 1576; x_wconf 87' lang='lat' dir='ltr'><strong>quis</strong></span> <span class='ocrx_word' id='word_1_78' title='bbox 1768 1503 1864 1557; x_wconf 91' lang='lat' dir='ltr'><strong>est</strong></span> 
     </span>
     <span class='ocr_line' id='line_1_12' title="bbox 105 1592 1862 1676; baseline 0.003 -26"><span class='ocrx_word' id='word_1_79' title='bbox 105 1609 320 1662; x_wconf 52' lang='lat' dir='ltr'><strong>Pam-112,</strong></span> <span class='ocrx_word' id='word_1_80' title='bbox 353 1593 691 1676; x_wconf 90' lang='lat' dir='ltr'><strong>parvulus,</strong></span> <span class='ocrx_word' id='word_1_81' title='bbox 725 1593 940 1656; x_wconf 88' lang='lat' dir='ltr'><strong>v&#39;eniat</strong></span> <span class='ocrx_word' id='word_1_82' title='bbox 968 1594 1045 1656; x_wconf 92' lang='lat' dir='ltr'><strong>ad</strong></span> <span class='ocrx_word' id='word_1_83' title='bbox 1087 1611 1231 1673; x_wconf 84' lang='lat' dir='ltr'><strong>me3</strong></span> <span class='ocrx_word' id='word_1_84' title='bbox 1275 1601 1338 1655; x_wconf 90' lang='lat' dir='ltr'><strong>et</strong></span> <span class='ocrx_word' id='word_1_85' title='bbox 1365 1592 1714 1668; x_wconf 87' lang='lat' dir='ltr'><strong>Psalmista,</strong></span> <span class='ocrx_word' id='word_1_86' title='bbox 1751 1593 1862 1656; x_wconf 89' lang='lat' dir='ltr'><strong>De-</strong></span> 
     </span>
     <span class='ocr_line' id='line_1_13' title="bbox 81 1673 1864 1766; baseline 0 -12"><span class='ocrx_word' id='word_1_87' title='bbox 81 1673 160 1716; x_wconf 71' lang='lat'><strong>¹³⁰·</strong></span> <span class='ocrx_word' id='word_1_88' title='bbox 349 1690 619 1755; x_wconf 86' lang='lat' dir='ltr'><strong>claratio</strong></span> <span class='ocrx_word' id='word_1_89' title='bbox 667 1709 1038 1756; x_wconf 87' lang='lat' dir='ltr'><strong>sermonum</strong></span> <span class='ocrx_word' id='word_1_90' title='bbox 1096 1699 1352 1756; x_wconf 91' lang='lat' dir='ltr'><strong>tuorum</strong></span> <span class='ocrx_word' id='word_1_91' title='bbox 1405 1691 1747 1766; x_wconf 86' lang='lat' dir='ltr'><strong>illuminat,</strong></span> <span class='ocrx_word' id='word_1_92' title='bbox 1799 1699 1864 1754; x_wconf 89' lang='lat' dir='ltr'><strong>et</strong></span> 
     </span>
     <span class='ocr_line' id='line_1_14' title="bbox 347 1791 1252 1874; baseline -0.002 -20"><span class='ocrx_word' id='word_1_93' title='bbox 347 1791 754 1855; x_wconf 88' lang='lat' dir='ltr'><strong>intellectum</strong></span> <span class='ocrx_word' id='word_1_94' title='bbox 797 1793 903 1854; x_wconf 91' lang='lat' dir='ltr'><strong>dat</strong></span> <span class='ocrx_word' id='word_1_95' title='bbox 944 1791 1252 1874; x_wconf 81' lang='lat' dir='ltr'><strong>parvulis,</strong></span> 
     </span>
    </p>
   </div>
   <div class='ocr_carea' id='block_1_5' title="bbox 1968 805 3470 1871">
    <p class='ocr_par' dir='ltr' id='par_1_5' title="bbox 1968 805 3470 1871">
     <span class='ocr_line' id='line_1_15' title="bbox 1975 805 3470 889; baseline 0.003 -23"><span class='ocrx_word' id='word_1_96' title='bbox 1975 805 2190 867; x_wconf 88' lang='lat' dir='ltr'><strong>nitatis</strong></span> <span class='ocrx_word' id='word_1_97' title='bbox 2240 807 2571 882; x_wconf 87' lang='lat' dir='ltr'><strong>rationem,</strong></span> <span class='ocrx_word' id='word_1_98' title='bbox 2623 808 2927 889; x_wconf 88' lang='lat' dir='ltr'><strong>quoniam</strong></span> <span class='ocrx_word' id='word_1_99' title='bbox 2976 807 3139 870; x_wconf 90' lang='lat' dir='ltr'><strong>Deus</strong></span> <span class='ocrx_word' id='word_1_100' title='bbox 3186 815 3285 870; x_wconf 87' lang='lat' dir='ltr'><strong>est</strong></span> <span class='ocrx_word' id='word_1_101' title='bbox 3330 808 3470 889; x_wconf 90' lang='lat' dir='ltr'><strong>ipsa</strong></span> 
     </span>
     <span class='ocr_line' id='line_1_16' title="bbox 1972 904 3469 982; baseline 0.001 -15"><span class='ocrx_word' id='word_1_102' title='bbox 1972 904 2273 968; x_wconf 86' lang='lat' dir='ltr'><strong>bonitatis</strong></span> <span class='ocrx_word' id='word_1_103' title='bbox 2302 907 2597 982; x_wconf 84' lang='lat' dir='ltr'><strong>essentia,</strong></span> <span class='ocrx_word' id='word_1_104' title='bbox 2631 914 2695 970; x_wconf 91' lang='lat' dir='ltr'><strong>et</strong></span> <span class='ocrx_word' id='word_1_105' title='bbox 2723 907 2971 971; x_wconf 88' lang='lat' dir='ltr'><strong>bonitas</strong></span> <span class='ocrx_word' id='word_1_106' title='bbox 3002 906 3469 971; x_wconf 82' lang='lat' dir='ltr'><strong>omniformiter</strong></span> 
     </span>
     <span class='ocr_line' id='line_1_17' title="bbox 1973 1005 3470 1088; baseline 0.003 -24"><span class='ocrx_word' id='word_1_107' title='bbox 1973 1023 2154 1086; x_wconf 88' lang='lat' dir='ltr'><strong>pura,</strong></span> <span class='ocrx_word' id='word_1_108' title='bbox 2188 1005 2793 1088; x_wconf 89' lang='lat' dir='ltr'><strong>quomodolibetque</strong></span> <span class='ocrx_word' id='word_1_109' title='bbox 2834 1005 3115 1088; x_wconf 89' lang='lat' dir='ltr'><strong>perfecta</strong></span> <span class='ocrx_word' id='word_1_110' title='bbox 3150 1013 3213 1068; x_wconf 88' lang='lat' dir='ltr'><strong>et</strong></span> <span class='ocrx_word' id='word_1_111' title='bbox 3250 1005 3470 1068; x_wconf 85' lang='lat' dir='ltr'><strong>infini-</strong></span> 
     </span>
     <span class='ocr_line' id='line_1_18' title="bbox 1971 1103 3470 1187; baseline 0.003 -23"><span class='ocrx_word' id='word_1_112' title='bbox 1971 1109 2054 1176; x_wconf 85' lang='lat' dir='ltr'><strong>ta,</strong></span> <span class='ocrx_word' id='word_1_113' title='bbox 2099 1103 2165 1165; x_wconf 88' lang='lat' dir='ltr'><strong>in</strong></span> <span class='ocrx_word' id='word_1_114' title='bbox 2205 1121 2334 1184; x_wconf 90' lang='lat' dir='ltr'><strong>quo</strong></span> <span class='ocrx_word' id='word_1_115' title='bbox 2379 1103 2539 1166; x_wconf 90' lang='lat' dir='ltr'><strong>nihil</strong></span> <span class='ocrx_word' id='word_1_116' title='bbox 2583 1112 2677 1166; x_wconf 91' lang='lat' dir='ltr'><strong>est</strong></span> <span class='ocrx_word' id='word_1_117' title='bbox 2721 1123 2846 1168; x_wconf 90' lang='lat' dir='ltr'><strong>non</strong></span> <span class='ocrx_word' id='word_1_118' title='bbox 2890 1105 3065 1180; x_wconf 91' lang='lat' dir='ltr'><strong>boni,</strong></span> <span class='ocrx_word' id='word_1_119' title='bbox 3100 1122 3218 1167; x_wconf 89' lang='lat' dir='ltr'><strong>nec</strong></span> <span class='ocrx_word' id='word_1_120' title='bbox 3260 1105 3470 1187; x_wconf 88' lang='lat' dir='ltr'><strong>priva-</strong></span> 
     </span>
     <span class='ocr_line' id='line_1_19' title="bbox 1971 1199 3465 1283; baseline 0.002 -22"><span class='ocrx_word' id='word_1_121' title='bbox 1971 1199 2121 1274; x_wconf 87' lang='lat' dir='ltr'><strong>tive,</strong></span> <span class='ocrx_word' id='word_1_122' title='bbox 2180 1218 2297 1263; x_wconf 93' lang='lat' dir='ltr'><strong>nec</strong></span> <span class='ocrx_word' id='word_1_123' title='bbox 2353 1203 2686 1274; x_wconf 88' lang='lat' dir='ltr'><strong>contrarie,</strong></span> <span class='ocrx_word' id='word_1_124' title='bbox 2742 1219 2860 1264; x_wconf 89' lang='lat' dir='ltr'><strong>nec</strong></span> <span class='ocrx_word' id='word_1_125' title='bbox 2918 1203 3401 1266; x_wconf 87' lang='lat' dir='ltr'><strong>contradictorie</strong></span> <span class='ocrx_word' id='word_1_126' title='bbox 3447 1221 3465 1283; x_wconf 91' lang='lat'>;</span> 
     </span>
     <span class='ocr_line' id='line_1_20' title="bbox 1972 1299 3467 1381; baseline 0.004 -23"><span class='ocrx_word' id='word_1_127' title='bbox 1972 1305 2296 1380; x_wconf 79' lang='lat' dir='ltr'><strong>praeterea,</strong></span> <span class='ocrx_word' id='word_1_128' title='bbox 2347 1300 2425 1361; x_wconf 89' lang='lat' dir='ltr'><strong>ad</strong></span> <span class='ocrx_word' id='word_1_129' title='bbox 2475 1299 2873 1363; x_wconf 87' lang='lat' dir='ltr'><strong>innuendum</strong></span> <span class='ocrx_word' id='word_1_130' title='bbox 2920 1302 3093 1381; x_wconf 89' lang='lat' dir='ltr'><strong>quod</strong></span> <span class='ocrx_word' id='word_1_131' title='bbox 3150 1319 3277 1364; x_wconf 91' lang='lat' dir='ltr'><strong>non</strong></span> <span class='ocrx_word' id='word_1_132' title='bbox 3328 1301 3467 1364; x_wconf 90' lang='lat' dir='ltr'><strong>sine</strong></span> 
     </span>
     <span class='ocr_line' id='line_1_21' title="bbox 1968 1397 3468 1476; baseline 0.003 -19"><span class='ocrx_word' id='word_1_133' title='bbox 1968 1397 2190 1476; x_wconf 88' lang='lat' dir='ltr'><strong>grandi</strong></span> <span class='ocrx_word' id='word_1_134' title='bbox 2224 1403 2286 1459; x_wconf 90' lang='lat' dir='ltr'><strong>et</strong></span> <span class='ocrx_word' id='word_1_135' title='bbox 2322 1397 2680 1460; x_wconf 88' lang='lat' dir='ltr'><strong>rationabili</strong></span> <span class='ocrx_word' id='word_1_136' title='bbox 2722 1417 2909 1460; x_wconf 88' lang='lat' dir='ltr'><strong>causa</strong></span> <span class='ocrx_word' id='word_1_137' title='bbox 2944 1399 3334 1461; x_wconf 87' lang='lat' dir='ltr'><strong>admittenda</strong></span> <span class='ocrx_word' id='word_1_138' title='bbox 3371 1405 3468 1462; x_wconf 86' lang='lat' dir='ltr'><strong>est</strong></span> 
     </span>
     <span class='ocr_line' id='line_1_22' title="bbox 1971 1493 3467 1579; baseline 0.002 -23"><span class='ocrx_word' id='word_1_139' title='bbox 1971 1493 2106 1556; x_wconf 89' lang='lat' dir='ltr'><strong>laus</strong></span> <span class='ocrx_word' id='word_1_140' title='bbox 2150 1495 2427 1578; x_wconf 88' lang='lat' dir='ltr'><strong>propria,</strong></span> <span class='ocrx_word' id='word_1_141' title='bbox 2463 1497 2815 1578; x_wconf 78' lang='lat' dir='ltr'><strong>praesertim</strong></span> <span class='ocrx_word' id='word_1_142' title='bbox 2856 1515 3066 1560; x_wconf 88' lang='lat' dir='ltr'><strong>coram</strong></span> <span class='ocrx_word' id='word_1_143' title='bbox 3106 1495 3467 1579; x_wconf 86' lang='lat' dir='ltr'><strong>frequentia</strong></span> 
     </span>
     <span class='ocr_line' id='line_1_23' title="bbox 1972 1590 3465 1677; baseline 0.004 -25"><span class='ocrx_word' id='word_1_144' title='bbox 1972 1590 2200 1673; x_wconf 91' lang='lat' dir='ltr'><strong>plebis.</strong></span> <span class='ocrx_word' id='word_1_145' title='bbox 2233 1592 2410 1668; x_wconf 88' lang='lat' dir='ltr'><strong>Nam,</strong></span> <span class='ocrx_word' id='word_1_146' title='bbox 2446 1601 2605 1656; x_wconf 90' lang='lat' dir='ltr'><strong>teste</strong></span> <span class='ocrx_word' id='word_1_147' title='bbox 2633 1593 3097 1677; x_wconf 82' lang='lat' dir='ltr'><strong>ChrysostomO,</strong></span> <span class='ocrx_word' id='word_1_148' title='bbox 3123 1593 3222 1659; x_wconf 86' lang='lat' dir='ltr'><strong>vir</strong></span> <span class='ocrx_word' id='word_1_149' title='bbox 3254 1595 3465 1676; x_wconf 88' lang='lat' dir='ltr'><strong>justus</strong></span> 
     </span>
     <span class='ocr_line' id='line_1_24' title="bbox 1969 1690 3461 1773; baseline 0.003 -23"><span class='ocrx_word' id='word_1_150' title='bbox 1969 1697 2032 1750; x_wconf 90' lang='lat' dir='ltr'><strong>et</strong></span> <span class='ocrx_word' id='word_1_151' title='bbox 2073 1690 2327 1772; x_wconf 89' lang='lat' dir='ltr'><strong>sapiens</strong></span> <span class='ocrx_word' id='word_1_152' title='bbox 2374 1691 2557 1773; x_wconf 85' lang='lat' dir='ltr'><strong>quasi</strong></span> <span class='ocrx_word' id='word_1_153' title='bbox 2603 1691 2668 1754; x_wconf 90' lang='lat' dir='ltr'><strong>in</strong></span> <span class='ocrx_word' id='word_1_154' title='bbox 2713 1691 2939 1755; x_wconf 83' lang='lat' dir='ltr'><strong>faciem</strong></span> <span class='ocrx_word' id='word_1_155' title='bbox 2982 1693 3264 1766; x_wconf 83' lang='lat' dir='ltr'><strong>eaeditur,</strong></span> <span class='ocrx_word' id='word_1_156' title='bbox 3308 1694 3461 1756; x_wconf 90' lang='lat' dir='ltr'><strong>dum</strong></span> 
     </span>
     <span class='ocr_line' id='line_1_25' title="bbox 1970 1787 3464 1871; baseline 0.002 -22"><span class='ocrx_word' id='word_1_157' title='bbox 1970 1787 2307 1850; x_wconf 81' lang='lat' dir='ltr'><strong>manifeste</strong></span> <span class='ocrx_word' id='word_1_158' title='bbox 2344 1789 2637 1851; x_wconf 89' lang='lat' dir='ltr'><strong>laudatur</strong></span> <span class='ocrx_word' id='word_1_159' title='bbox 2670 1807 2683 1851; x_wconf 94' lang='lat'>:</span> <span class='ocrx_word' id='word_1_160' title='bbox 2720 1790 2841 1852; x_wconf 89' lang='lat' dir='ltr'><strong>scit</strong></span> <span class='ocrx_word' id='word_1_161' title='bbox 2877 1790 3047 1852; x_wconf 90' lang='lat' dir='ltr'><strong>enim</strong></span> <span class='ocrx_word' id='word_1_162' title='bbox 3090 1790 3355 1871; x_wconf 85' lang='lat' dir='ltr'><strong>gloriam</strong></span> <span class='ocrx_word' id='word_1_163' title='bbox 3400 1797 3464 1852; x_wconf 92' lang='lat' dir='ltr'><strong>et</strong></span> 
     </span>
    </p>
   </div>
   <div class='ocr_carea' id='block_1_6' title="bbox 155 1885 3462 1971">
    <p class='ocr_par' dir='ltr' id='par_1_6' title="bbox 155 1885 3462 1971">
     <span class='ocr_line' id='line_1_26' title="bbox 155 1885 3462 1971; baseline -0.001 -18"><span class='ocrx_word' id='word_1_164' title='bbox 155 1887 216 1942; x_wconf 77' lang='lat'><strong>¹8</strong></span> <span class='ocrx_word' id='word_1_165' title='bbox 431 1893 522 1953; x_wconf 81' lang='lat' dir='ltr'><strong>E&#39;t</strong></span> <span class='ocrx_word' id='word_1_166' title='bbox 561 1892 994 1968; x_wconf 73' lang='lat' dir='ltr'><strong>interroyavit</strong></span> <span class='ocrx_word' id='word_1_167' title='bbox 1033 1911 1184 1952; x_wconf 82' lang='lat' dir='ltr'><strong>eum</strong></span> <span class='ocrx_word' id='word_1_168' title='bbox 1221 1891 1496 1969; x_wconf 81' lang='lat' dir='ltr'><strong>quidam</strong></span> <span class='ocrx_word' id='word_1_169' title='bbox 1529 1891 1856 1968; x_wconf 74' lang='lat' dir='ltr'><strong>princeps,</strong></span> <span class='ocrx_word' id='word_1_170' title='bbox 1896 1885 1942 1948; x_wconf 91' lang='lat' dir='ltr'>B</span> <span class='ocrx_word' id='word_1_171' title='bbox 1971 1886 2274 1950; x_wconf 89' lang='lat' dir='ltr'><strong>honorem</strong></span> <span class='ocrx_word' id='word_1_172' title='bbox 2319 1888 2445 1951; x_wconf 91' lang='lat' dir='ltr'><strong>Deo</strong></span> <span class='ocrx_word' id='word_1_173' title='bbox 2492 1888 2733 1963; x_wconf 89' lang='lat' dir='ltr'><strong>deberi,</strong></span> <span class='ocrx_word' id='word_1_174' title='bbox 2770 1906 2966 1970; x_wconf 89' lang='lat' dir='ltr'><strong>seque</strong></span> <span class='ocrx_word' id='word_1_175' title='bbox 3002 1907 3039 1950; x_wconf 87' lang='lat' dir='ltr'><strong>a</strong></span> <span class='ocrx_word' id='word_1_176' title='bbox 3078 1907 3145 1950; x_wconf 91' lang='lat' dir='ltr'><strong>se</strong></span> <span class='ocrx_word' id='word_1_177' title='bbox 3186 1889 3328 1971; x_wconf 89' lang='lat' dir='ltr'><strong>ipso</strong></span> <span class='ocrx_word' id='word_1_178' title='bbox 3370 1887 3462 1950; x_wconf 92' lang='lat' dir='ltr'><strong>nil</strong></span> 
     </span>
    </p>
   </div>
   <div class='ocr_carea' id='block_1_7' title="bbox 233 1987 1861 3054">
    <p class='ocr_par' dir='ltr' id='par_1_7' title="bbox 233 1987 1861 3054">
     <span class='ocr_line' id='line_1_27' title="bbox 345 1987 1860 2070; baseline -0.002 -19"><span class='ocrx_word' id='word_1_179' title='bbox 345 1991 596 2052; x_wconf 75' lang='lat' dir='ltr'><strong>dicem.</strong></span> <span class='ocrx_word' id='word_1_180' title='bbox 638 1987 906 2062; x_wconf 87' lang='lat' dir='ltr'><strong>Quidam</strong></span> <span class='ocrx_word' id='word_1_181' title='bbox 950 1988 1174 2051; x_wconf 90' lang='lat' dir='ltr'><strong>dicunt</strong></span> <span class='ocrx_word' id='word_1_182' title='bbox 1214 1989 1389 2069; x_wconf 89' lang='lat' dir='ltr'><strong>quod</strong></span> <span class='ocrx_word' id='word_1_183' title='bbox 1433 1987 1734 2070; x_wconf 89' lang='lat' dir='ltr'><strong>princeps</strong></span> <span class='ocrx_word' id='word_1_184' title='bbox 1777 1989 1860 2049; x_wconf 92' lang='lat' dir='ltr'><strong>is-</strong></span> 
     </span>
     <span class='ocr_line' id='line_1_28' title="bbox 345 2085 1860 2169; baseline -0.001 -19"><span class='ocrx_word' id='word_1_185' title='bbox 345 2095 410 2150; x_wconf 87' lang='lat' dir='ltr'><strong>te</strong></span> <span class='ocrx_word' id='word_1_186' title='bbox 451 2087 654 2150; x_wconf 83' lang='lat' dir='ltr'><strong>fuerit</strong></span> <span class='ocrx_word' id='word_1_187' title='bbox 691 2087 1122 2169; x_wconf 80' lang='lat' dir='ltr'><strong>legisperitus,</strong></span> <span class='ocrx_word' id='word_1_188' title='bbox 1156 2095 1219 2149; x_wconf 89' lang='lat' dir='ltr'><strong>et</strong></span> <span class='ocrx_word' id='word_1_189' title='bbox 1257 2085 1559 2168; x_wconf 88' lang='lat' dir='ltr'><strong>princeps</strong></span> <span class='ocrx_word' id='word_1_190' title='bbox 1599 2093 1860 2149; x_wconf 85' lang='lat' dir='ltr'><strong>vocetur</strong></span> 
     </span>
     <span class='ocr_line' id='line_1_29' title="bbox 233 2182 1858 2268; baseline 0.001 -24"><span class='ocrx_word' id='word_1_191' title='bbox 233 2207 315 2244; x_wconf 80' lang='lat' dir='ltr'><strong>m.</strong></span> <span class='ocrx_word' id='word_1_192' title='bbox 345 2185 661 2268; x_wconf 86' lang='lat' dir='ltr'><strong>quoniam</strong></span> <span class='ocrx_word' id='word_1_193' title='bbox 691 2185 870 2248; x_wconf 86' lang='lat' dir='ltr'><strong>dives</strong></span> <span class='ocrx_word' id='word_1_194' title='bbox 901 2183 1038 2246; x_wconf 78' lang='lat' dir='ltr'><strong>fuit.</strong></span> <span class='ocrx_word' id='word_1_195' title='bbox 1057 2183 1505 2247; x_wconf 87' lang='lat' dir='ltr'><strong>Verumtamen</strong></span> <span class='ocrx_word' id='word_1_196' title='bbox 1535 2182 1858 2246; x_wconf 74' lang='lat' dir='ltr'><strong>Matthaeus</strong></span> 
     </span>
     <span class='ocr_line' id='line_1_30' title="bbox 343 2282 1861 2365; baseline -0.003 -16"><span class='ocrx_word' id='word_1_197' title='bbox 343 2284 742 2365; x_wconf 87' lang='lat' dir='ltr'><strong>evangelista</strong></span> <span class='ocrx_word' id='word_1_198' title='bbox 787 2290 971 2347; x_wconf 84' lang='lat' dir='ltr'><strong>vocat</strong></span> <span class='ocrx_word' id='word_1_199' title='bbox 1009 2301 1156 2346; x_wconf 91' lang='lat' dir='ltr'><strong>eum</strong></span> <span class='ocrx_word' id='word_1_200' title='bbox 1199 2282 1686 2346; x_wconf 87' lang='lat' dir='ltr'><strong>adolescentem.</strong></span> <span class='ocrx_word' id='word_1_201' title='bbox 1722 2286 1861 2345; x_wconf 86' lang='lat' dir='ltr'><strong>Ma-</strong></span> 
     </span>
     <span class='ocr_line' id='line_1_31' title="bbox 333 2382 1858 2462; baseline -0.002 -17"><span class='ocrx_word' id='word_1_202' title='bbox 333 2387 550 2461; x_wconf 69' lang='lat' dir='ltr'><strong>yister</strong></span> <span class='ocrx_word' id='word_1_203' title='bbox 587 2385 767 2450; x_wconf 80' lang='lat' dir='ltr'><strong>bone,</strong></span> <span class='ocrx_word' id='word_1_204' title='bbox 807 2383 972 2462; x_wconf 81' lang='lat' dir='ltr'><strong>quid</strong></span> <span class='ocrx_word' id='word_1_205' title='bbox 1010 2382 1262 2459; x_wconf 81' lang='lat' dir='ltr'><strong>faciens</strong></span> <span class='ocrx_word' id='word_1_206' title='bbox 1301 2383 1508 2443; x_wconf 80' lang='lat' dir='ltr'><strong>vitam</strong></span> <span class='ocrx_word' id='word_1_207' title='bbox 1549 2391 1858 2443; x_wconf 81' lang='lat' dir='ltr'><strong>oeternam</strong></span> 
     </span>
     <span class='ocr_line' id='line_1_32' title="bbox 333 2478 1856 2561; baseline -0.001 -19"><span class='ocrx_word' id='word_1_208' title='bbox 333 2482 695 2561; x_wconf 79' lang='lat' dir='ltr'><strong>possidebo,</strong></span> <span class='ocrx_word' id='word_1_209' title='bbox 749 2479 872 2543; x_wconf 89' lang='lat' dir='ltr'><strong>hoe</strong></span> <span class='ocrx_word' id='word_1_210' title='bbox 920 2486 1036 2555; x_wconf 91' lang='lat' dir='ltr'><strong>est,</strong></span> <span class='ocrx_word' id='word_1_211' title='bbox 1085 2479 1231 2542; x_wconf 78' lang='lat' dir='ltr'><strong>vitae</strong></span> <span class='ocrx_word' id='word_1_212' title='bbox 1278 2478 1738 2542; x_wconf 87' lang='lat' dir='ltr'><strong>beatitudinem</strong></span> <span class='ocrx_word' id='word_1_213' title='bbox 1788 2478 1856 2541; x_wconf 90' lang='lat' dir='ltr'><strong>in</strong></span> 
     </span>
     <span class='ocr_line' id='line_1_33' title="bbox 339 2576 1857 2659; baseline -0.001 -17"><span class='ocrx_word' id='word_1_214' title='bbox 339 2587 662 2643; x_wconf 83' lang='lat' dir='ltr'><strong>aeternum</strong></span> <span class='ocrx_word' id='word_1_215' title='bbox 719 2577 971 2641; x_wconf 88' lang='lat' dir='ltr'><strong>habebo</strong></span> <span class='ocrx_word' id='word_1_216' title='bbox 1012 2581 1037 2639; x_wconf 74' lang='lat'><strong><em>2</em></strong></span> <span class='ocrx_word' id='word_1_217' title='bbox 1105 2577 1312 2641; x_wconf 89' lang='lat' dir='ltr'><strong>Bonus</strong></span> <span class='ocrx_word' id='word_1_218' title='bbox 1372 2578 1674 2659; x_wconf 87' lang='lat' dir='ltr'><strong>magister</strong></span> <span class='ocrx_word' id='word_1_219' title='bbox 1734 2576 1857 2641; x_wconf 86' lang='lat' dir='ltr'><strong>fuit</strong></span> 
     </span>
     <span class='ocr_line' id='line_1_34' title="bbox 339 2676 1857 2758; baseline -0.003 -14"><span class='ocrx_word' id='word_1_220' title='bbox 339 2678 661 2752; x_wconf 78' lang='lat' dir='ltr'><strong>ChristuS‚</strong></span> <span class='ocrx_word' id='word_1_221' title='bbox 694 2676 776 2741; x_wconf 90' lang='lat' dir='ltr'><strong>ob</strong></span> <span class='ocrx_word' id='word_1_222' title='bbox 808 2676 956 2741; x_wconf 81' lang='lat' dir='ltr'><strong>vitae</strong></span> <span class='ocrx_word' id='word_1_223' title='bbox 986 2677 1385 2740; x_wconf 86' lang='lat' dir='ltr'><strong>sanctitatem</strong></span> <span class='ocrx_word' id='word_1_224' title='bbox 1426 2677 1857 2758; x_wconf 62' lang='lat' dir='ltr'><strong>doctrinaeque</strong></span> 
     </span>
     <span class='ocr_line' id='line_1_35' title="bbox 337 2775 1856 2858; baseline -0.001 -17"><span class='ocrx_word' id='word_1_225' title='bbox 337 2778 704 2852; x_wconf 83' lang='lat' dir='ltr'><strong>veritatem,</strong></span> <span class='ocrx_word' id='word_1_226' title='bbox 757 2784 821 2838; x_wconf 88' lang='lat' dir='ltr'><strong>et</strong></span> <span class='ocrx_word' id='word_1_227' title='bbox 877 2776 1056 2850; x_wconf 91' lang='lat' dir='ltr'><strong>item,</strong></span> <span class='ocrx_word' id='word_1_228' title='bbox 1117 2775 1271 2857; x_wconf 88' lang='lat' dir='ltr'><strong>quia</strong></span> <span class='ocrx_word' id='word_1_229' title='bbox 1327 2775 1394 2837; x_wconf 91' lang='lat' dir='ltr'><strong>in</strong></span> <span class='ocrx_word' id='word_1_230' title='bbox 1455 2775 1856 2858; x_wconf 83' lang='lat' dir='ltr'><strong>praedicando</strong></span> 
     </span>
     <span class='ocr_line' id='line_1_36' title="bbox 337 2873 1857 2956; baseline -0.004 -16"><span class='ocrx_word' id='word_1_231' title='bbox 337 2875 810 2940; x_wconf 90' lang='lat' dir='ltr'><strong>disertissimus</strong></span> <span class='ocrx_word' id='word_1_232' title='bbox 857 2873 1006 2950; x_wconf 85' lang='lat' dir='ltr'><strong>fuit,</strong></span> <span class='ocrx_word' id='word_1_233' title='bbox 1058 2881 1121 2936; x_wconf 90' lang='lat' dir='ltr'><strong>et</strong></span> <span class='ocrx_word' id='word_1_234' title='bbox 1178 2873 1686 2956; x_wconf 87' lang='lat' dir='ltr'><strong>supernaturalia</strong></span> <span class='ocrx_word' id='word_1_235' title='bbox 1743 2891 1857 2934; x_wconf 88' lang='lat' dir='ltr'><strong>sua</strong></span> 
     </span>
     <span class='ocr_line' id='line_1_37' title="bbox 337 2970 1855 3054; baseline -0.004 -16"><span class='ocrx_word' id='word_1_236' title='bbox 337 2976 731 3038; x_wconf 87' lang='lat' dir='ltr'><strong>documenta</strong></span> <span class='ocrx_word' id='word_1_237' title='bbox 797 2971 1392 3054; x_wconf 87' lang='lat' dir='ltr'><strong>supernaturalibus</strong></span> <span class='ocrx_word' id='word_1_238' title='bbox 1465 2970 1855 3052; x_wconf 89' lang='lat' dir='ltr'><strong>probationi-</strong></span> 
     </span>
    </p>
   </div>
   <div class='ocr_carea' id='block_1_8' title="bbox 1965 1985 3667 3053">
    <p class='ocr_par' dir='ltr' id='par_1_8' title="bbox 1968 1985 3667 2167">
     <span class='ocr_line' id='line_1_38' title="bbox 1968 1985 3387 2068; baseline 0.001 -22"><span class='ocrx_word' id='word_1_239' title='bbox 1968 1985 2092 2047; x_wconf 91' lang='lat' dir='ltr'><strong>nisi</strong></span> <span class='ocrx_word' id='word_1_240' title='bbox 2139 1985 2683 2049; x_wconf 86' lang='lat' dir='ltr'><strong>defectuositatem</strong></span> <span class='ocrx_word' id='word_1_241' title='bbox 2728 1993 2791 2048; x_wconf 90' lang='lat' dir='ltr'><strong>et</strong></span> <span class='ocrx_word' id='word_1_242' title='bbox 2836 1986 3091 2068; x_wconf 88' lang='lat' dir='ltr'><strong>culpam</strong></span> <span class='ocrx_word' id='word_1_243' title='bbox 3134 1986 3387 2049; x_wconf 87' lang='lat' dir='ltr'><strong>habere.</strong></span> 
     </span>
     <span class='ocr_line' id='line_1_39' title="bbox 2047 2085 3667 2167; baseline 0.006 -22"><span class='ocrx_word' id='word_1_244' title='bbox 2047 2086 2371 2146; x_wconf 82' lang='lat' dir='ltr'><strong>Mandata</strong></span> <span class='ocrx_word' id='word_1_245' title='bbox 2416 2087 2610 2155; x_wconf 76' lang='lat' dir='ltr'><strong>nosti,</strong></span> <span class='ocrx_word' id='word_1_246' title='bbox 2650 2085 2713 2146; x_wconf 90' lang='lat' dir='ltr'><strong>id</strong></span> <span class='ocrx_word' id='word_1_247' title='bbox 2759 2091 2855 2146; x_wconf 86' lang='lat' dir='ltr'><strong>est</strong></span> <span class='ocrx_word' id='word_1_248' title='bbox 2902 2087 3195 2148; x_wconf 87' lang='lat' dir='ltr'><strong>mandata</strong></span> <span class='ocrx_word' id='word_1_249' title='bbox 3242 2085 3397 2167; x_wconf 89' lang='lat' dir='ltr'><strong>legis</strong></span> <span class='ocrx_word' id='word_1_250' title='bbox 3440 2103 3455 2149; x_wconf 72' lang='grc' dir='ltr'><strong><em>ε</em></strong></span> <span class='ocrx_word' id='word_1_251' title='bbox 3593 2097 3667 2154; x_wconf 80' lang='lat'><strong>20</strong></span> 
     </span>
    </p>

    <p class='ocr_par' dir='ltr' id='par_1_9' title="bbox 1965 2181 3469 3053">
     <span class='ocr_line' id='line_1_40' title="bbox 1967 2181 3464 2263; baseline 0.003 -21"><span class='ocrx_word' id='word_1_252' title='bbox 1967 2200 2110 2263; x_wconf 80' lang='lat' dir='ltr'><strong>quae</strong></span> <span class='ocrx_word' id='word_1_253' title='bbox 2160 2191 2339 2244; x_wconf 88' lang='lat' dir='ltr'><strong>erant</strong></span> <span class='ocrx_word' id='word_1_254' title='bbox 2382 2181 2682 2263; x_wconf 87' lang='lat' dir='ltr'><strong>triplicia,</strong></span> <span class='ocrx_word' id='word_1_255' title='bbox 2728 2182 2972 2245; x_wconf 87' lang='lat' dir='ltr'><strong>scilieet</strong></span> <span class='ocrx_word' id='word_1_256' title='bbox 3018 2183 3301 2258; x_wconf 88' lang='lat' dir='ltr'><strong>moralia,</strong></span> <span class='ocrx_word' id='word_1_257' title='bbox 3346 2202 3464 2246; x_wconf 71' lang='grc' dir='ltr'><strong>οω-</strong></span> 
     </span>
     <span class='ocr_line' id='line_1_41' title="bbox 1969 2279 3466 2362; baseline 0.003 -22"><span class='ocrx_word' id='word_1_258' title='bbox 1969 2279 2346 2354; x_wconf 88' lang='lat' dir='ltr'><strong>rimonialia,</strong></span> <span class='ocrx_word' id='word_1_259' title='bbox 2368 2280 2715 2362; x_wconf 87' lang='lat' dir='ltr'><strong>judicialia.</strong></span> <span class='ocrx_word' id='word_1_260' title='bbox 2736 2281 3021 2345; x_wconf 86' lang='lat' dir='ltr'><strong>Christus</strong></span> <span class='ocrx_word' id='word_1_261' title='bbox 3054 2299 3203 2345; x_wconf 88' lang='lat' dir='ltr'><strong>vero</strong></span> <span class='ocrx_word' id='word_1_262' title='bbox 3232 2283 3309 2345; x_wconf 89' lang='lat' dir='ltr'><strong>de</strong></span> <span class='ocrx_word' id='word_1_263' title='bbox 3340 2301 3466 2346; x_wconf 90' lang='lat' dir='ltr'><strong>mo-</strong></span> 
     </span>
     <span class='ocr_line' id='line_1_42' title="bbox 1969 2377 3469 2463; baseline 0.001 -23"><span class='ocrx_word' id='word_1_264' title='bbox 1969 2377 2210 2441; x_wconf 88' lang='lat' dir='ltr'><strong>ralibus</strong></span> <span class='ocrx_word' id='word_1_265' title='bbox 2242 2379 2447 2443; x_wconf 90' lang='lat' dir='ltr'><strong>solum</strong></span> <span class='ocrx_word' id='word_1_266' title='bbox 2481 2380 2911 2462; x_wconf 85' lang='lat' dir='ltr'><strong>prosequitur,</strong></span> <span class='ocrx_word' id='word_1_267' title='bbox 2944 2381 3249 2462; x_wconf 89' lang='lat' dir='ltr'><strong>quoniam</strong></span> <span class='ocrx_word' id='word_1_268' title='bbox 3290 2381 3469 2463; x_wconf 91' lang='lat' dir='ltr'><strong>prin-</strong></span> 
     </span>
     <span class='ocr_line' id='line_1_43' title="bbox 1969 2477 3467 2558; baseline 0.001 -19"><span class='ocrx_word' id='word_1_269' title='bbox 1969 2477 2199 2558; x_wconf 87' lang='lat' dir='ltr'><strong>cipalia</strong></span> <span class='ocrx_word' id='word_1_270' title='bbox 2257 2485 2457 2553; x_wconf 88' lang='lat' dir='ltr'><strong>erant,</strong></span> <span class='ocrx_word' id='word_1_271' title='bbox 2508 2486 2570 2540; x_wconf 90' lang='lat' dir='ltr'><strong>et</strong></span> <span class='ocrx_word' id='word_1_272' title='bbox 2626 2479 2705 2541; x_wconf 90' lang='lat' dir='ltr'><strong>de</strong></span> <span class='ocrx_word' id='word_1_273' title='bbox 2762 2479 3066 2541; x_wconf 89' lang='lat' dir='ltr'><strong>naturalis</strong></span> <span class='ocrx_word' id='word_1_274' title='bbox 3124 2479 3467 2542; x_wconf 88' lang='lat' dir='ltr'><strong>dictamine</strong></span> 
     </span>
     <span class='ocr_line' id='line_1_44' title="bbox 1968 2575 3469 2658; baseline 0.002 -20"><span class='ocrx_word' id='word_1_275' title='bbox 1968 2575 2253 2650; x_wconf 80' lang='lat' dir='ltr'><strong>rationiS,</strong></span> <span class='ocrx_word' id='word_1_276' title='bbox 2287 2583 2479 2658; x_wconf 87' lang='lat' dir='ltr'><strong>atque</strong></span> <span class='ocrx_word' id='word_1_277' title='bbox 2521 2577 2587 2639; x_wconf 90' lang='lat' dir='ltr'><strong>in</strong></span> <span class='ocrx_word' id='word_1_278' title='bbox 2630 2576 2995 2658; x_wconf 88' lang='lat' dir='ltr'><strong>evangeliea</strong></span> <span class='ocrx_word' id='word_1_279' title='bbox 3036 2576 3173 2658; x_wconf 86' lang='lat' dir='ltr'><strong>lege</strong></span> <span class='ocrx_word' id='word_1_280' title='bbox 3212 2596 3469 2641; x_wconf 89' lang='lat' dir='ltr'><strong>servan-</strong></span> 
     </span>
     <span class='ocr_line' id='line_1_45' title="bbox 1967 2673 3465 2748; baseline 0.001 -11"><span class='ocrx_word' id='word_1_281' title='bbox 1967 2676 2066 2737; x_wconf 88' lang='lat' dir='ltr'><strong>da.</strong></span> <span class='ocrx_word' id='word_1_282' title='bbox 2108 2673 2269 2736; x_wconf 88' lang='lat' dir='ltr'><strong>Hinc</strong></span> <span class='ocrx_word' id='word_1_283' title='bbox 2320 2673 2616 2737; x_wconf 86' lang='lat' dir='ltr'><strong>subditur</strong></span> <span class='ocrx_word' id='word_1_284' title='bbox 2658 2695 2673 2739; x_wconf 91' lang='lat'><strong>:</strong></span> <span class='ocrx_word' id='word_1_285' title='bbox 2717 2677 2863 2739; x_wconf 80' lang='lat' dir='ltr'><strong>Non</strong></span> <span class='ocrx_word' id='word_1_286' title='bbox 2915 2677 3177 2748; x_wconf 68' lang='lat' dir='ltr'><strong>occide-3,</strong></span> <span class='ocrx_word' id='word_1_287' title='bbox 3227 2674 3465 2738; x_wconf 81' lang='lat' dir='ltr'><strong>affectu</strong></span> 
     </span>
     <span class='ocr_line' id='line_1_46' title="bbox 1965 2772 3469 2856; baseline 0.001 -21"><span class='ocrx_word' id='word_1_288' title='bbox 1965 2781 2074 2835; x_wconf 93' lang='lat' dir='ltr'><strong>aut</strong></span> <span class='ocrx_word' id='word_1_289' title='bbox 2112 2791 2325 2855; x_wconf 88' lang='lat' dir='ltr'><strong>opere,</strong></span> <span class='ocrx_word' id='word_1_290' title='bbox 2367 2772 2573 2854; x_wconf 88' lang='lat' dir='ltr'><strong>jussu,</strong></span> <span class='ocrx_word' id='word_1_291' title='bbox 2610 2773 2899 2848; x_wconf 88' lang='lat' dir='ltr'><strong>consilio,</strong></span> <span class='ocrx_word' id='word_1_292' title='bbox 2940 2780 3050 2835; x_wconf 89' lang='lat' dir='ltr'><strong>aut</strong></span> <span class='ocrx_word' id='word_1_293' title='bbox 3095 2793 3221 2837; x_wconf 90' lang='lat' dir='ltr'><strong>non</strong></span> <span class='ocrx_word' id='word_1_294' title='bbox 3266 2775 3469 2856; x_wconf 89' lang='lat' dir='ltr'><strong>impe-</strong></span> 
     </span>
     <span class='ocr_line' id='line_1_47' title="bbox 1966 2871 3465 2954; baseline 0.001 -20"><span class='ocrx_word' id='word_1_295' title='bbox 1966 2871 2199 2934; x_wconf 89' lang='lat' dir='ltr'><strong>diendo</strong></span> <span class='ocrx_word' id='word_1_296' title='bbox 2228 2891 2431 2953; x_wconf 92' lang='lat' dir='ltr'><strong>quum</strong></span> <span class='ocrx_word' id='word_1_297' title='bbox 2463 2871 2684 2954; x_wconf 71' lang='lat' dir='ltr'><strong>possis</strong></span> <span class='ocrx_word' id='word_1_298' title='bbox 2709 2871 3005 2935; x_wconf 88' lang='lat' dir='ltr'><strong>Occidere</strong></span> <span class='ocrx_word' id='word_1_299' title='bbox 3034 2879 3245 2935; x_wconf 88' lang='lat' dir='ltr'><strong>autem</strong></span> <span class='ocrx_word' id='word_1_300' title='bbox 3271 2873 3465 2937; x_wconf 90' lang='lat' dir='ltr'><strong>hemi·</strong></span> 
     </span>
     <span class='ocr_line' id='line_1_48' title="bbox 1967 2969 3466 3053; baseline 0.002 -21"><span class='ocrx_word' id='word_1_301' title='bbox 1967 2987 2110 3032; x_wconf 89' lang='lat' dir='ltr'><strong>nem</strong></span> <span class='ocrx_word' id='word_1_302' title='bbox 2155 2987 2345 3033; x_wconf 88' lang='lat' dir='ltr'><strong>nemo</strong></span> <span class='ocrx_word' id='word_1_303' title='bbox 2373 2969 2561 3032; x_wconf 87' lang='lat' dir='ltr'><strong>debet</strong></span> <span class='ocrx_word' id='word_1_304' title='bbox 2590 2970 2848 3052; x_wconf 89' lang='lat' dir='ltr'><strong>propria</strong></span> <span class='ocrx_word' id='word_1_305' title='bbox 2877 2978 2939 3032; x_wconf 90' lang='lat' dir='ltr'><strong>et</strong></span> <span class='ocrx_word' id='word_1_306' title='bbox 2968 2970 3215 3053; x_wconf 88' lang='lat' dir='ltr'><strong>privata</strong></span> <span class='ocrx_word' id='word_1_307' title='bbox 3250 2979 3466 3035; x_wconf 89' lang='lat' dir='ltr'><strong>aucto-</strong></span> 
     </span>
    </p>
   </div>
   <div class='ocr_carea' id='block_1_9' title="bbox 338 3063 3459 3156">
    <p class='ocr_par' dir='ltr' id='par_1_10' title="bbox 338 3063 3459 3156">
     <span class='ocr_line' id='line_1_49' title="bbox 338 3063 3459 3156; baseline -0.002 -19"><span class='ocrx_word' id='word_1_308' title='bbox 338 3074 487 3148; x_wconf 78' lang='lat' dir='ltr'><strong>buS,</strong></span> <span class='ocrx_word' id='word_1_309' title='bbox 525 3080 684 3156; x_wconf 87' lang='lat' dir='ltr'><strong>puta</strong></span> <span class='ocrx_word' id='word_1_310' title='bbox 721 3070 1052 3134; x_wconf 91' lang='lat' dir='ltr'><strong>miraculis</strong></span> <span class='ocrx_word' id='word_1_311' title='bbox 1095 3070 1213 3134; x_wconf 89' lang='lat' dir='ltr'><strong>soli</strong></span> <span class='ocrx_word' id='word_1_312' title='bbox 1253 3069 1379 3134; x_wconf 90' lang='lat' dir='ltr'><strong>Deo</strong></span> <span class='ocrx_word' id='word_1_313' title='bbox 1418 3068 1853 3152; x_wconf 90' lang='lat' dir='ltr'><strong>possibilibus,</strong></span> <span class='ocrx_word' id='word_1_314' title='bbox 1893 3063 1935 3127; x_wconf 87' lang='lat' dir='ltr'>C</span> <span class='ocrx_word' id='word_1_315' title='bbox 1967 3069 2179 3148; x_wconf 87' lang='lat' dir='ltr'><strong>ritate;</strong></span> <span class='ocrx_word' id='word_1_316' title='bbox 2203 3069 2313 3130; x_wconf 90' lang='lat' dir='ltr'><strong>sed</strong></span> <span class='ocrx_word' id='word_1_317' title='bbox 2354 3067 2611 3149; x_wconf 91' lang='lat' dir='ltr'><strong>publica</strong></span> <span class='ocrx_word' id='word_1_318' title='bbox 2648 3068 3019 3131; x_wconf 87' lang='lat' dir='ltr'><strong>auctoritate</strong></span> <span class='ocrx_word' id='word_1_319' title='bbox 3056 3067 3200 3130; x_wconf 82' lang='lat' dir='ltr'><strong>fieri</strong></span> <span class='ocrx_word' id='word_1_320' title='bbox 3242 3077 3459 3151; x_wconf 83' lang='lat' dir='ltr'><strong>potest.</strong></span> 
     </span>
    </p>
   </div>
   <div class='ocr_carea' id='block_1_10' title="bbox 79 3167 1857 5415">
    <p class='ocr_par' dir='ltr' id='par_1_11' title="bbox 79 3167 1857 5415">
     <span class='ocr_line' id='line_1_50' title="bbox 339 3167 1854 3249; baseline -0.003 -15"><span class='ocrx_word' id='word_1_321' title='bbox 339 3171 694 3236; x_wconf 86' lang='lat' dir='ltr'><strong>roboravit.</strong></span> <span class='ocrx_word' id='word_1_322' title='bbox 743 3169 930 3232; x_wconf 86' lang='lat' dir='ltr'><strong>Recte</strong></span> <span class='ocrx_word' id='word_1_323' title='bbox 979 3169 1170 3231; x_wconf 88' lang='lat' dir='ltr'><strong>etiam</strong></span> <span class='ocrx_word' id='word_1_324' title='bbox 1219 3168 1652 3249; x_wconf 88' lang='lat' dir='ltr'><strong>interrogavit,</strong></span> <span class='ocrx_word' id='word_1_325' title='bbox 1694 3167 1854 3240; x_wconf 86' lang='lat' dir='ltr'><strong>Quid</strong></span> 
     </span>
     <span class='ocr_line' id='line_1_51' title="bbox 339 3266 1857 3348; baseline -0.003 -16"><span class='ocrx_word' id='word_1_326' title='bbox 339 3269 664 3344; x_wconf 83' lang='lat' dir='ltr'><strong>faciendo,</strong></span> <span class='ocrx_word' id='word_1_327' title='bbox 699 3287 852 3348; x_wconf 88' lang='lat' dir='ltr'><strong>non,</strong></span> <span class='ocrx_word' id='word_1_328' title='bbox 883 3266 1043 3341; x_wconf 87' lang='lat' dir='ltr'><strong>Quid</strong></span> <span class='ocrx_word' id='word_1_329' title='bbox 1074 3266 1414 3348; x_wconf 90' lang='lat' dir='ltr'><strong>loquendo,</strong></span> <span class='ocrx_word' id='word_1_330' title='bbox 1449 3266 1644 3330; x_wconf 87' lang='lat' dir='ltr'><strong>vitam</strong></span> <span class='ocrx_word' id='word_1_331' title='bbox 1675 3273 1857 3329; x_wconf 66' lang='lat' dir='ltr'><strong>aiter-</strong></span> 
     </span>
     <span class='ocr_line' id='line_1_52' title="bbox 341 3365 1850 3450; baseline -0.002 -19"><span class='ocrx_word' id='word_1_332' title='bbox 341 3387 494 3431; x_wconf 86' lang='lat' dir='ltr'><strong>nam</strong></span> <span class='ocrx_word' id='word_1_333' title='bbox 555 3366 944 3450; x_wconf 70' lang='lat' dir='ltr'><strong>possidebo?</strong></span> <span class='ocrx_word' id='word_1_334' title='bbox 991 3366 1146 3447; x_wconf 89' lang='lat' dir='ltr'><strong>quia</strong></span> <span class='ocrx_word' id='word_1_335' title='bbox 1195 3384 1324 3429; x_wconf 90' lang='lat' dir='ltr'><strong>non</strong></span> <span class='ocrx_word' id='word_1_336' title='bbox 1374 3365 1564 3428; x_wconf 93' lang='lat' dir='ltr'><strong>nudis</strong></span> <span class='ocrx_word' id='word_1_337' title='bbox 1614 3365 1850 3440; x_wconf 80' lang='lat' dir='ltr'><strong>verbiS,</strong></span> 
     </span>
     <span class='ocr_line' id='line_1_53' title="bbox 341 3463 1855 3546; baseline -0.001 -17"><span class='ocrx_word' id='word_1_338' title='bbox 341 3468 453 3530; x_wconf 91' lang='lat' dir='ltr'><strong>sed</strong></span> <span class='ocrx_word' id='word_1_339' title='bbox 523 3464 830 3529; x_wconf 87' lang='lat' dir='ltr'><strong>virtuosis</strong></span> <span class='ocrx_word' id='word_1_340' title='bbox 896 3464 1202 3546; x_wconf 88' lang='lat' dir='ltr'><strong>operibus</strong></span> <span class='ocrx_word' id='word_1_341' title='bbox 1267 3463 1462 3528; x_wconf 88' lang='lat' dir='ltr'><strong>vitam</strong></span> <span class='ocrx_word' id='word_1_342' title='bbox 1531 3482 1855 3527; x_wconf 89' lang='lat' dir='ltr'><strong>meremur</strong></span> 
     </span>
     <span class='ocr_line' id='line_1_54' title="bbox 79 3561 1856 3644; baseline 0.003 -25"><span class='ocrx_word' id='word_1_343' title='bbox 79 3573 678 3644; x_wconf 66' lang='lat' dir='ltr'><strong>10oe.1=.2o.oeternam,</strong></span> <span class='ocrx_word' id='word_1_344' title='bbox 723 3563 976 3626; x_wconf 87' lang='lat' dir='ltr'><strong>dicente</strong></span> <span class='ocrx_word' id='word_1_345' title='bbox 1022 3561 1324 3644; x_wconf 85' lang='lat' dir='ltr'><strong>Apostolo</strong></span> <span class='ocrx_word' id='word_1_346' title='bbox 1369 3581 1382 3625; x_wconf 93' lang='lat'>:</span> <span class='ocrx_word' id='word_1_347' title='bbox 1429 3561 1560 3626; x_wconf 92' lang='lat' dir='ltr'><strong>Non</strong></span> <span class='ocrx_word' id='word_1_348' title='bbox 1611 3563 1674 3624; x_wconf 91' lang='lat' dir='ltr'><strong>in</strong></span> <span class='ocrx_word' id='word_1_349' title='bbox 1726 3581 1856 3626; x_wconf 89' lang='lat' dir='ltr'><strong>ser-</strong></span> 
     </span>
     <span class='ocr_line' id='line_1_55' title="bbox 339 3659 1856 3742; baseline -0.002 -16"><span class='ocrx_word' id='word_1_350' title='bbox 339 3682 538 3728; x_wconf 92' lang='lat' dir='ltr'><strong>mone</strong></span> <span class='ocrx_word' id='word_1_351' title='bbox 567 3670 668 3726; x_wconf 91' lang='lat' dir='ltr'><strong>est</strong></span> <span class='ocrx_word' id='word_1_352' title='bbox 704 3679 972 3742; x_wconf 84' lang='lat' dir='ltr'><strong>regnum</strong></span> <span class='ocrx_word' id='word_1_353' title='bbox 1003 3660 1135 3735; x_wconf 88' lang='lat' dir='ltr'><strong>Dei,</strong></span> <span class='ocrx_word' id='word_1_354' title='bbox 1169 3661 1280 3723; x_wconf 90' lang='lat' dir='ltr'><strong>sed</strong></span> <span class='ocrx_word' id='word_1_355' title='bbox 1319 3659 1386 3722; x_wconf 89' lang='lat' dir='ltr'><strong>in</strong></span> <span class='ocrx_word' id='word_1_356' title='bbox 1419 3661 1673 3724; x_wconf 89' lang='lat' dir='ltr'><strong>virtute.</strong></span> <span class='ocrx_word' id='word_1_357' title='bbox 1707 3660 1856 3723; x_wconf 90' lang='lat' dir='ltr'><strong>Ver-</strong></span> 
     </span>
     <span class='ocr_line' id='line_1_56' title="bbox 338 3757 1856 3845; baseline -0.002 -21"><span class='ocrx_word' id='word_1_358' title='bbox 338 3762 422 3825; x_wconf 90' lang='lat' dir='ltr'><strong>ba</strong></span> <span class='ocrx_word' id='word_1_359' title='bbox 465 3760 720 3845; x_wconf 91' lang='lat' dir='ltr'><strong>quippe</strong></span> <span class='ocrx_word' id='word_1_360' title='bbox 763 3766 1216 3842; x_wconf 88' lang='lat' dir='ltr'><strong>comparantur</strong></span> <span class='ocrx_word' id='word_1_361' title='bbox 1251 3757 1445 3834; x_wconf 83' lang='lat' dir='ltr'><strong>foliis,</strong></span> <span class='ocrx_word' id='word_1_362' title='bbox 1488 3777 1682 3840; x_wconf 88' lang='lat' dir='ltr'><strong>opera</strong></span> <span class='ocrx_word' id='word_1_363' title='bbox 1723 3759 1856 3821; x_wconf 87' lang='lat' dir='ltr'><strong>l&#39;ru-</strong></span> 
     </span>
     <span class='ocr_line' id='line_1_57' title="bbox 339 3856 1856 3938; baseline -0.003 -14"><span class='ocrx_word' id='word_1_364' title='bbox 339 3860 578 3923; x_wconf 87' lang='lat' dir='ltr'><strong>ctibus.</strong></span> <span class='ocrx_word' id='word_1_365' title='bbox 641 3858 1189 3933; x_wconf 87' lang='lat' dir='ltr'><strong>Quemadmodum</strong></span> <span class='ocrx_word' id='word_1_366' title='bbox 1249 3875 1398 3938; x_wconf 83' lang='lat' dir='ltr'><strong>ergo</strong></span> <span class='ocrx_word' id='word_1_367' title='bbox 1459 3856 1856 3921; x_wconf 85' lang='lat' dir='ltr'><strong>infructuosa</strong></span> 
     </span>
     <span class='ocr_line' id='line_1_58' title="bbox 339 3954 1850 4041; baseline -0.003 -19"><span class='ocrx_word' id='word_1_368' title='bbox 339 3959 616 4041; x_wconf 88' lang='lat' dir='ltr'><strong>ignique</strong></span> <span class='ocrx_word' id='word_1_369' title='bbox 671 3962 819 4040; x_wconf 87' lang='lat' dir='ltr'><strong>apta</strong></span> <span class='ocrx_word' id='word_1_370' title='bbox 872 3963 968 4018; x_wconf 85' lang='lat' dir='ltr'><strong>est</strong></span> <span class='ocrx_word' id='word_1_371' title='bbox 1022 3955 1213 4018; x_wconf 86' lang='lat' dir='ltr'><strong>arbor</strong></span> <span class='ocrx_word' id='word_1_372' title='bbox 1261 3954 1412 4018; x_wconf 83' lang='lat' dir='ltr'><strong>felia</strong></span> <span class='ocrx_word' id='word_1_373' title='bbox 1472 3957 1850 4037; x_wconf 82' lang='lat' dir='ltr'><strong>producenS,</strong></span> 
     </span>
     <span class='ocr_line' id='line_1_59' title="bbox 339 4052 1854 4135; baseline -0.004 -14"><span class='ocrx_word' id='word_1_374' title='bbox 339 4077 472 4121; x_wconf 91' lang='lat' dir='ltr'><strong>non</strong></span> <span class='ocrx_word' id='word_1_375' title='bbox 517 4057 816 4135; x_wconf 80' lang='lat' dir='ltr'><strong>fructus3</strong></span> <span class='ocrx_word' id='word_1_376' title='bbox 858 4053 952 4117; x_wconf 88' lang='lat' dir='ltr'><strong>sic</strong></span> <span class='ocrx_word' id='word_1_377' title='bbox 995 4055 1186 4117; x_wconf 89' lang='lat' dir='ltr'><strong>homo</strong></span> <span class='ocrx_word' id='word_1_378' title='bbox 1228 4053 1342 4135; x_wconf 90' lang='lat' dir='ltr'><strong>qui</strong></span> <span class='ocrx_word' id='word_1_379' title='bbox 1380 4053 1574 4118; x_wconf 89' lang='lat' dir='ltr'><strong>verba</strong></span> <span class='ocrx_word' id='word_1_380' title='bbox 1611 4052 1854 4135; x_wconf 87' lang='lat' dir='ltr'><strong>absque</strong></span> 
     </span>
     <span class='ocr_line' id='line_1_60' title="bbox 339 4153 1855 4239; baseline -0.003 -19"><span class='ocrx_word' id='word_1_381' title='bbox 339 4155 656 4239; x_wconf 90' lang='lat' dir='ltr'><strong>operibus</strong></span> <span class='ocrx_word' id='word_1_382' title='bbox 701 4153 914 4227; x_wconf 89' lang='lat' dir='ltr'><strong>babet,</strong></span> <span class='ocrx_word' id='word_1_383' title='bbox 948 4171 1150 4216; x_wconf 88' lang='lat' dir='ltr'><strong>vanus</strong></span> <span class='ocrx_word' id='word_1_384' title='bbox 1193 4159 1258 4214; x_wconf 91' lang='lat' dir='ltr'><strong>et</strong></span> <span class='ocrx_word' id='word_1_385' title='bbox 1294 4169 1553 4225; x_wconf 83' lang='lat' dir='ltr'><strong>vacuuS,</strong></span> <span class='ocrx_word' id='word_1_386' title='bbox 1596 4159 1855 4216; x_wconf 78' lang='lat' dir='ltr'><strong>aeterno-</strong></span> 
     </span>
     <span class='ocr_line' id='line_1_61' title="bbox 339 4251 1304 4338; baseline -0.006 -21"><span class='ocrx_word' id='word_1_387' title='bbox 339 4273 473 4338; x_wconf 86' lang='lat' dir='ltr'><strong>que</strong></span> <span class='ocrx_word' id='word_1_388' title='bbox 519 4254 668 4335; x_wconf 88' lang='lat' dir='ltr'><strong>igne</strong></span> <span class='ocrx_word' id='word_1_389' title='bbox 709 4251 942 4333; x_wconf 87' lang='lat' dir='ltr'><strong>dignus</strong></span> <span class='ocrx_word' id='word_1_390' title='bbox 987 4258 1304 4313; x_wconf 88' lang='lat' dir='ltr'><strong>censetur.</strong></span> 
     </span>
     <span class='ocr_line' id='line_1_62' title="bbox 155 4345 1852 4418; baseline -0.005 -2"><span class='ocrx_word' id='word_1_391' title='bbox 155 4345 214 4402; x_wconf 78' lang='lat'><strong>¹9</strong></span> <span class='ocrx_word' id='word_1_392' title='bbox 425 4353 628 4415; x_wconf 61' lang='lat' dir='ltr'><strong>Discit</strong></span> <span class='ocrx_word' id='word_1_393' title='bbox 672 4360 892 4411; x_wconf 77' lang='lat' dir='ltr'><strong>autem</strong></span> <span class='ocrx_word' id='word_1_394' title='bbox 935 4351 999 4409; x_wconf 81' lang='lat' dir='ltr'><strong>ei</strong></span> <span class='ocrx_word' id='word_1_395' title='bbox 1033 4351 1216 4410; x_wconf 77' lang='lat' dir='ltr'><strong>Iesus</strong></span> <span class='ocrx_word' id='word_1_396' title='bbox 1253 4369 1278 4408; x_wconf 90' lang='lat'><strong>.·</strong></span> <span class='ocrx_word' id='word_1_397' title='bbox 1319 4349 1494 4418; x_wconf 79' lang='lat' dir='ltr'><em>Quid</em></span> <span class='ocrx_word' id='word_1_398' title='bbox 1541 4369 1641 4408; x_wconf 84' lang='lat' dir='ltr'><strong>me</strong></span> <span class='ocrx_word' id='word_1_399' title='bbox 1687 4351 1852 4409; x_wconf 81' lang='lat' dir='ltr'><strong>dicis</strong></span> 
     </span>
     <span class='ocr_line' id='line_1_63' title="bbox 341 4447 1846 4517; baseline -0.004 -3"><span class='ocrx_word' id='word_1_400' title='bbox 341 4455 589 4514; x_wconf 82' lang='lat' dir='ltr'><strong>bonum</strong></span> <span class='ocrx_word' id='word_1_401' title='bbox 621 4451 654 4509; x_wconf 85' lang='lat'><em>?</em></span> <span class='ocrx_word' id='word_1_402' title='bbox 697 4449 902 4512; x_wconf 87' lang='lat' dir='ltr'><strong>Nemo</strong></span> <span class='ocrx_word' id='word_1_403' title='bbox 959 4449 1184 4517; x_wconf 70' lang='lat' dir='ltr'><strong>bonu-3,</strong></span> <span class='ocrx_word' id='word_1_404' title='bbox 1236 4447 1373 4507; x_wconf 79' lang='lat' dir='ltr'><strong>nisi</strong></span> <span class='ocrx_word' id='word_1_405' title='bbox 1424 4449 1598 4506; x_wconf 81' lang='lat' dir='ltr'><strong>solus</strong></span> <span class='ocrx_word' id='word_1_406' title='bbox 1653 4448 1846 4508; x_wconf 69' lang='lat' dir='ltr'><strong>Deua.</strong></span> 
     </span>
     <span class='ocr_line' id='line_1_64' title="bbox 336 4542 1850 4628; baseline -0.003 -16"><span class='ocrx_word' id='word_1_407' title='bbox 336 4549 556 4624; x_wconf 86' lang='lat' dir='ltr'><strong>Quum</strong></span> <span class='ocrx_word' id='word_1_408' title='bbox 585 4565 736 4628; x_wconf 86' lang='lat' dir='ltr'><strong>ergo</strong></span> <span class='ocrx_word' id='word_1_409' title='bbox 762 4546 942 4608; x_wconf 82' lang='lat' dir='ltr'><strong>Jesus</strong></span> <span class='ocrx_word' id='word_1_410' title='bbox 978 4543 1174 4606; x_wconf 85' lang='lat' dir='ltr'><strong>fuerit</strong></span> <span class='ocrx_word' id='word_1_411' title='bbox 1202 4543 1410 4607; x_wconf 88' lang='lat' dir='ltr'><strong>bonus</strong></span> <span class='ocrx_word' id='word_1_412' title='bbox 1439 4542 1850 4626; x_wconf 87' lang='lat' dir='ltr'><strong>optimusque</strong></span> 
     </span>
     <span class='ocr_line' id='line_1_65' title="bbox 335 4642 1850 4730; baseline -0.004 -18"><span class='ocrx_word' id='word_1_413' title='bbox 335 4647 670 4730; x_wconf 83' lang='lat' dir='ltr'><strong>magister,</strong></span> <span class='ocrx_word' id='word_1_414' title='bbox 723 4645 854 4708; x_wconf 91' lang='lat' dir='ltr'><strong>imo</strong></span> <span class='ocrx_word' id='word_1_415' title='bbox 901 4642 1326 4706; x_wconf 88' lang='lat' dir='ltr'><strong>essentialiter</strong></span> <span class='ocrx_word' id='word_1_416' title='bbox 1370 4643 1578 4707; x_wconf 89' lang='lat' dir='ltr'><strong>bonus</strong></span> <span class='ocrx_word' id='word_1_417' title='bbox 1626 4661 1850 4706; x_wconf 89' lang='lat' dir='ltr'><strong>secun-</strong></span> 
     </span>
     <span class='ocr_line' id='line_1_66' title="bbox 335 4743 1846 4827; baseline -0.003 -17"><span class='ocrx_word' id='word_1_418' title='bbox 335 4749 497 4810; x_wconf 89' lang='lat' dir='ltr'><strong>dum</strong></span> <span class='ocrx_word' id='word_1_419' title='bbox 541 4745 714 4827; x_wconf 88' lang='lat' dir='ltr'><strong>quod</strong></span> <span class='ocrx_word' id='word_1_420' title='bbox 753 4743 938 4818; x_wconf 87' lang='lat' dir='ltr'><strong>Deus,</strong></span> <span class='ocrx_word' id='word_1_421' title='bbox 973 4761 1088 4805; x_wconf 89' lang='lat' dir='ltr'><strong>cur</strong></span> <span class='ocrx_word' id='word_1_422' title='bbox 1127 4743 1450 4824; x_wconf 86' lang='lat' dir='ltr'><strong>redarguit</strong></span> <span class='ocrx_word' id='word_1_423' title='bbox 1489 4743 1846 4826; x_wconf 89' lang='lat' dir='ltr'><strong>principem</strong></span> 
     </span>
     <span class='ocr_line' id='line_1_67' title="bbox 335 4839 1848 4924; baseline -0.003 -16"><span class='ocrx_word' id='word_1_424' title='bbox 335 4845 564 4918; x_wconf 90' lang='lat' dir='ltr'><strong>istum,</strong></span> <span class='ocrx_word' id='word_1_425' title='bbox 617 4841 731 4924; x_wconf 90' lang='lat' dir='ltr'><strong>qui</strong></span> <span class='ocrx_word' id='word_1_426' title='bbox 781 4858 931 4904; x_wconf 86' lang='lat' dir='ltr'><strong>vere</strong></span> <span class='ocrx_word' id='word_1_427' title='bbox 979 4840 1230 4904; x_wconf 91' lang='lat' dir='ltr'><strong>locutus</strong></span> <span class='ocrx_word' id='word_1_428' title='bbox 1278 4843 1419 4903; x_wconf 77' lang='lat' dir='ltr'><strong>est?</strong></span> <span class='ocrx_word' id='word_1_429' title='bbox 1467 4839 1543 4903; x_wconf 89' lang='lat' dir='ltr'><strong>Et</strong></span> <span class='ocrx_word' id='word_1_430' title='bbox 1589 4859 1848 4924; x_wconf 89' lang='lat' dir='ltr'><strong>respon-</strong></span> 
     </span>
     <span class='ocr_line' id='line_1_68' title="bbox 336 4938 1849 5022; baseline -0.002 -16"><span class='ocrx_word' id='word_1_431' title='bbox 336 4943 651 5016; x_wconf 86' lang='lat' dir='ltr'><strong>dendum,</strong></span> <span class='ocrx_word' id='word_1_432' title='bbox 699 4939 872 5021; x_wconf 90' lang='lat' dir='ltr'><strong>quod</strong></span> <span class='ocrx_word' id='word_1_433' title='bbox 919 4938 1062 5002; x_wconf 91' lang='lat' dir='ltr'><strong>ideo</strong></span> <span class='ocrx_word' id='word_1_434' title='bbox 1109 4956 1256 5001; x_wconf 89' lang='lat' dir='ltr'><strong>eum</strong></span> <span class='ocrx_word' id='word_1_435' title='bbox 1307 4939 1649 5021; x_wconf 87' lang='lat' dir='ltr'><strong>redarguit,</strong></span> <span class='ocrx_word' id='word_1_436' title='bbox 1697 4939 1849 5022; x_wconf 88' lang='lat' dir='ltr'><strong>quia</strong></span> 
     </span>
     <span class='ocr_line' id='line_1_69' title="bbox 337 5036 1849 5106; baseline -0.003 0"><span class='ocrx_word' id='word_1_437' title='bbox 337 5061 468 5106; x_wconf 91' lang='lat' dir='ltr'><strong>non</strong></span> <span class='ocrx_word' id='word_1_438' title='bbox 517 5036 861 5104; x_wconf 83' lang='lat' dir='ltr'><strong>omnifarie</strong></span> <span class='ocrx_word' id='word_1_439' title='bbox 898 5036 1062 5099; x_wconf 88' lang='lat' dir='ltr'><strong>bene</strong></span> <span class='ocrx_word' id='word_1_440' title='bbox 1105 5036 1305 5099; x_wconf 88' lang='lat' dir='ltr'><strong>sensit</strong></span> <span class='ocrx_word' id='word_1_441' title='bbox 1345 5038 1426 5100; x_wconf 88' lang='lat' dir='ltr'><strong>de</strong></span> <span class='ocrx_word' id='word_1_442' title='bbox 1467 5037 1698 5101; x_wconf 86' lang='lat' dir='ltr'><strong>Christi</strong></span> <span class='ocrx_word' id='word_1_443' title='bbox 1739 5038 1849 5101; x_wconf 93' lang='lat' dir='ltr'><strong>bo-</strong></span> 
     </span>
     <span class='ocr_line' id='line_1_70' title="bbox 339 5135 1850 5218; baseline -0.003 -15"><span class='ocrx_word' id='word_1_444' title='bbox 339 5141 565 5212; x_wconf 87' lang='lat' dir='ltr'><strong>nitate,</strong></span> <span class='ocrx_word' id='word_1_445' title='bbox 599 5137 922 5202; x_wconf 69' lang='lat' dir='ltr'><strong>aestimans</strong></span> <span class='ocrx_word' id='word_1_446' title='bbox 953 5153 1100 5198; x_wconf 88' lang='lat' dir='ltr'><strong>eum</strong></span> <span class='ocrx_word' id='word_1_447' title='bbox 1129 5135 1454 5199; x_wconf 88' lang='lat' dir='ltr'><strong>hominem</strong></span> <span class='ocrx_word' id='word_1_448' title='bbox 1494 5155 1752 5218; x_wconf 89' lang='lat' dir='ltr'><strong>purum,</strong></span> <span class='ocrx_word' id='word_1_449' title='bbox 1787 5145 1850 5199; x_wconf 88' lang='lat' dir='ltr'><strong>et</strong></span> 
     </span>
     <span class='ocr_line' id='line_1_71' title="bbox 341 5233 1848 5319; baseline -0.003 -17"><span class='ocrx_word' id='word_1_450' title='bbox 341 5257 474 5304; x_wconf 86' lang='lat' dir='ltr'><strong>nen</strong></span> <span class='ocrx_word' id='word_1_451' title='bbox 527 5236 655 5300; x_wconf 90' lang='lat' dir='ltr'><strong>nisi</strong></span> <span class='ocrx_word' id='word_1_452' title='bbox 715 5233 1158 5319; x_wconf 88' lang='lat' dir='ltr'><strong>participative</strong></span> <span class='ocrx_word' id='word_1_453' title='bbox 1204 5233 1490 5314; x_wconf 84' lang='lat' dir='ltr'><strong>bonum3</strong></span> <span class='ocrx_word' id='word_1_454' title='bbox 1543 5234 1717 5310; x_wconf 88' lang='lat' dir='ltr'><strong>item,</strong></span> <span class='ocrx_word' id='word_1_455' title='bbox 1771 5235 1848 5297; x_wconf 87' lang='lat' dir='ltr'><strong>ad</strong></span> 
     </span>
     <span class='ocr_line' id='line_1_72' title="bbox 345 5329 1849 5415; baseline -0.004 -13"><span class='ocrx_word' id='word_1_456' title='bbox 345 5337 754 5402; x_wconf 89' lang='lat' dir='ltr'><strong>innuendum</strong></span> <span class='ocrx_word' id='word_1_457' title='bbox 808 5332 981 5415; x_wconf 90' lang='lat' dir='ltr'><strong>quod</strong></span> <span class='ocrx_word' id='word_1_458' title='bbox 1033 5330 1152 5395; x_wconf 89' lang='lat' dir='ltr'><strong>soli</strong></span> <span class='ocrx_word' id='word_1_459' title='bbox 1206 5329 1332 5396; x_wconf 88' lang='lat' dir='ltr'><strong>Deo</strong></span> <span class='ocrx_word' id='word_1_460' title='bbox 1384 5332 1690 5415; x_wconf 87' lang='lat' dir='ltr'><strong>competit</strong></span> <span class='ocrx_word' id='word_1_461' title='bbox 1737 5333 1849 5396; x_wconf 92' lang='lat' dir='ltr'><strong>bo-</strong></span> 
     </span>
    </p>
   </div>
   <div class='ocr_carea' id='block_1_11' title="bbox 1960 3167 3754 4233">
    <p class='ocr_par' dir='ltr' id='par_1_12' title="bbox 1964 3167 3461 3250">
     <span class='ocr_line' id='line_1_73' title="bbox 1964 3167 3461 3250; baseline 0.001 -21"><span class='ocrx_word' id='word_1_462' title='bbox 1964 3174 2027 3229; x_wconf 87' lang='lat' dir='ltr'><strong>et</strong></span> <span class='ocrx_word' id='word_1_463' title='bbox 2066 3167 2385 3248; x_wconf 90' lang='lat' dir='ltr'><strong>loquendo</strong></span> <span class='ocrx_word' id='word_1_464' title='bbox 2415 3167 2493 3228; x_wconf 92' lang='lat' dir='ltr'><strong>de</strong></span> <span class='ocrx_word' id='word_1_465' title='bbox 2532 3167 2789 3229; x_wconf 91' lang='lat' dir='ltr'><strong>homine</strong></span> <span class='ocrx_word' id='word_1_466' title='bbox 2828 3174 2900 3229; x_wconf 91' lang='lat' dir='ltr'><strong>ut</strong></span> <span class='ocrx_word' id='word_1_467' title='bbox 2932 3173 3028 3230; x_wconf 90' lang='lat' dir='ltr'><strong>est</strong></span> <span class='ocrx_word' id='word_1_468' title='bbox 3064 3185 3225 3242; x_wconf 88' lang='lat' dir='ltr'><strong>reus,</strong></span> <span class='ocrx_word' id='word_1_469' title='bbox 3261 3187 3461 3250; x_wconf 90' lang='lat' dir='ltr'><strong>quum</strong></span> 
     </span>
    </p>

    <p class='ocr_par' dir='ltr' id='par_1_13' title="bbox 1960 3265 3754 3932">
     <span class='ocr_line' id='line_1_74' title="bbox 1963 3265 3754 3350; baseline 0.007 -22"><span class='ocrx_word' id='word_1_470' title='bbox 1963 3266 2030 3328; x_wconf 89' lang='lat' dir='ltr'><strong>in</strong></span> <span class='ocrx_word' id='word_1_471' title='bbox 2069 3265 2284 3329; x_wconf 85' lang='lat' dir='ltr'><strong>Exodo</strong></span> <span class='ocrx_word' id='word_1_472' title='bbox 2324 3265 2634 3348; x_wconf 88' lang='lat' dir='ltr'><strong>scriptum</strong></span> <span class='ocrx_word' id='word_1_473' title='bbox 2674 3265 2757 3327; x_wconf 88' lang='lat' dir='ltr'><strong>sit</strong></span> <span class='ocrx_word' id='word_1_474' title='bbox 2789 3285 2803 3328; x_wconf 90' lang='lat'>:</span> <span class='ocrx_word' id='word_1_475' title='bbox 2836 3265 3153 3330; x_wconf 84' lang='lat' dir='ltr'><strong>Maleficos</strong></span> <span class='ocrx_word' id='word_1_476' title='bbox 3192 3285 3318 3331; x_wconf 90' lang='lat' dir='ltr'><strong>non</strong></span> <span class='ocrx_word' id='word_1_477' title='bbox 3364 3287 3465 3350; x_wconf 86' lang='lat' dir='ltr'><strong>pa-</strong></span> <span class='ocrx_word' id='word_1_478' title='bbox 3490 3290 3754 3340; x_wconf 51' lang='lat' dir='ltr'><strong>flamna.</strong></span> 
     </span>
     <span class='ocr_line' id='line_1_75' title="bbox 1962 3355 3560 3437; baseline 0.001 -11"><span class='ocrx_word' id='word_1_479' title='bbox 1962 3364 2140 3426; x_wconf 89' lang='lat' dir='ltr'><strong>tieris</strong></span> <span class='ocrx_word' id='word_1_480' title='bbox 2190 3364 2428 3426; x_wconf 88' lang='lat' dir='ltr'><strong>vivere.</strong></span> <span class='ocrx_word' id='word_1_481' title='bbox 2464 3366 2612 3426; x_wconf 78' lang='lat' dir='ltr'><strong>Non</strong></span> <span class='ocrx_word' id='word_1_482' title='bbox 2654 3366 3082 3437; x_wconf 64' lang='lat' dir='ltr'><strong>moechaberis,</strong></span> <span class='ocrx_word' id='word_1_483' title='bbox 3125 3366 3312 3428; x_wconf 90' lang='lat' dir='ltr'><strong>corde</strong></span> <span class='ocrx_word' id='word_1_484' title='bbox 3351 3373 3463 3428; x_wconf 92' lang='lat' dir='ltr'><strong>aut</strong></span> <span class='ocrx_word' id='word_1_485' title='bbox 3492 3355 3560 3399; x_wconf 80' lang='lat'><strong>¹⁸·</strong></span> 
     </span>
     <span class='ocr_line' id='line_1_76' title="bbox 1963 3462 3462 3542; baseline 0 -17"><span class='ocrx_word' id='word_1_486' title='bbox 1963 3462 2148 3525; x_wconf 83' lang='lat' dir='ltr'><strong>facto.</strong></span> <span class='ocrx_word' id='word_1_487' title='bbox 2176 3464 2325 3526; x_wconf 78' lang='lat' dir='ltr'><strong>Non</strong></span> <span class='ocrx_word' id='word_1_488' title='bbox 2360 3465 2621 3542; x_wconf 79' lang='lat' dir='ltr'><strong>furtum</strong></span> <span class='ocrx_word' id='word_1_489' title='bbox 2656 3463 2879 3540; x_wconf 80' lang='lat' dir='ltr'><strong>facies.</strong></span> <span class='ocrx_word' id='word_1_490' title='bbox 2916 3463 3063 3527; x_wconf 82' lang='lat' dir='ltr'><strong>Non</strong></span> <span class='ocrx_word' id='word_1_491' title='bbox 3100 3464 3341 3541; x_wconf 81' lang='lat' dir='ltr'><strong>falsum</strong></span> <span class='ocrx_word' id='word_1_492' title='bbox 3381 3473 3462 3525; x_wconf 85' lang='lat' dir='ltr'><strong>te-</strong></span> 
     </span>
     <span class='ocr_line' id='line_1_77' title="bbox 1960 3560 3753 3643; baseline 0.004 -22"><span class='ocrx_word' id='word_1_493' title='bbox 1960 3562 2339 3622; x_wconf 77' lang='lat' dir='ltr'><strong>stimonium</strong></span> <span class='ocrx_word' id='word_1_494' title='bbox 2368 3562 2539 3622; x_wconf 82' lang='lat' dir='ltr'><strong>dices</strong></span> <span class='ocrx_word' id='word_1_495' title='bbox 2569 3579 2593 3623; x_wconf 90' lang='lat'><strong>.·</strong></span> <span class='ocrx_word' id='word_1_496' title='bbox 2620 3560 2773 3642; x_wconf 87' lang='lat' dir='ltr'><strong>quia</strong></span> <span class='ocrx_word' id='word_1_497' title='bbox 2808 3561 2989 3623; x_wconf 91' lang='lat' dir='ltr'><strong>testis</strong></span> <span class='ocrx_word' id='word_1_498' title='bbox 3030 3560 3291 3643; x_wconf 88' lang='lat' dir='ltr'><strong>iniquus</strong></span> <span class='ocrx_word' id='word_1_499' title='bbox 3332 3581 3457 3626; x_wconf 90' lang='lat' dir='ltr'><strong>non</strong></span> <span class='ocrx_word' id='word_1_500' title='bbox 3489 3584 3753 3636; x_wconf 58' lang='lat' dir='ltr'><strong>maxum.</strong></span> 
     </span>
     <span class='ocr_line' id='line_1_78' title="bbox 1964 3658 3458 3741; baseline 0.001 -19"><span class='ocrx_word' id='word_1_501' title='bbox 1964 3659 2085 3722; x_wconf 88' lang='lat' dir='ltr'><strong>erit</strong></span> <span class='ocrx_word' id='word_1_502' title='bbox 2112 3659 2487 3741; x_wconf 81' lang='lat' dir='ltr'><strong>impunitus,</strong></span> <span class='ocrx_word' id='word_1_503' title='bbox 2503 3658 2667 3721; x_wconf 83' lang='lat' dir='ltr'><strong>Talis</strong></span> <span class='ocrx_word' id='word_1_504' title='bbox 2698 3659 2869 3720; x_wconf 90' lang='lat' dir='ltr'><strong>enim</strong></span> <span class='ocrx_word' id='word_1_505' title='bbox 2904 3666 3123 3741; x_wconf 86' lang='lat' dir='ltr'><strong>peccat</strong></span> <span class='ocrx_word' id='word_1_506' title='bbox 3150 3660 3214 3722; x_wconf 93' lang='lat' dir='ltr'><strong>in</strong></span> <span class='ocrx_word' id='word_1_507' title='bbox 3240 3661 3458 3738; x_wconf 87' lang='lat' dir='ltr'><strong>Deum,</strong></span> 
     </span>
     <span class='ocr_line' id='line_1_79' title="bbox 1963 3756 3460 3841; baseline 0.001 -22"><span class='ocrx_word' id='word_1_508' title='bbox 1963 3756 2330 3820; x_wconf 89' lang='lat' dir='ltr'><strong>mentiendo</strong></span> <span class='ocrx_word' id='word_1_509' title='bbox 2360 3775 2471 3818; x_wconf 91' lang='lat' dir='ltr'><strong>seu</strong></span> <span class='ocrx_word' id='word_1_510' title='bbox 2515 3756 2942 3838; x_wconf 85' lang='lat' dir='ltr'><strong>perjurand03</strong></span> <span class='ocrx_word' id='word_1_511' title='bbox 2984 3765 3177 3839; x_wconf 90' lang='lat' dir='ltr'><strong>atque</strong></span> <span class='ocrx_word' id='word_1_512' title='bbox 3206 3757 3273 3820; x_wconf 90' lang='lat' dir='ltr'><strong>in</strong></span> <span class='ocrx_word' id='word_1_513' title='bbox 3317 3778 3460 3841; x_wconf 89' lang='lat' dir='ltr'><strong>pro—</strong></span> 
     </span>
     <span class='ocr_line' id='line_1_80' title="bbox 1965 3853 3457 3932; baseline 0.002 -15"><span class='ocrx_word' id='word_1_514' title='bbox 1965 3855 2233 3929; x_wconf 86' lang='lat' dir='ltr'><strong>ximum,</strong></span> <span class='ocrx_word' id='word_1_515' title='bbox 2296 3853 2354 3916; x_wconf 91' lang='lat' dir='ltr'><strong>ei</strong></span> <span class='ocrx_word' id='word_1_516' title='bbox 2412 3860 2867 3917; x_wconf 88' lang='lat' dir='ltr'><strong>nocumentum</strong></span> <span class='ocrx_word' id='word_1_517' title='bbox 2928 3853 3280 3932; x_wconf 83' lang='lat' dir='ltr'><strong>inferendo,</strong></span> <span class='ocrx_word' id='word_1_518' title='bbox 3344 3875 3457 3919; x_wconf 90' lang='lat' dir='ltr'><strong>seu</strong></span> 
     </span>
    </p>

    <p class='ocr_par' dir='ltr' id='par_1_14' title="bbox 1964 3953 3455 4034">
     <span class='ocr_line' id='line_1_81' title="bbox 1964 3953 3455 4034; baseline 0.001 -18"><span class='ocrx_word' id='word_1_519' title='bbox 1964 3972 2219 4016; x_wconf 88' lang='lat' dir='ltr'><strong>causam</strong></span> <span class='ocrx_word' id='word_1_520' title='bbox 2280 3953 2483 4034; x_wconf 89' lang='lat' dir='ltr'><strong>ipsius</strong></span> <span class='ocrx_word' id='word_1_521' title='bbox 2543 3953 2971 4034; x_wconf 89' lang='lat' dir='ltr'><strong>impediendo.</strong></span> <span class='ocrx_word' id='word_1_522' title='bbox 3026 3956 3289 4016; x_wconf 84' lang='lat' dir='ltr'><strong>Honora</strong></span> <span class='ocrx_word' id='word_1_523' title='bbox 3331 3976 3455 4034; x_wconf 83' lang='lat' dir='ltr'><strong>pa-</strong></span> 
     </span>
    </p>

    <p class='ocr_par' dir='ltr' id='par_1_15' title="bbox 1965 4051 3459 4125">
     <span class='ocr_line' id='line_1_82' title="bbox 1965 4051 3459 4125; baseline 0.002 -11"><span class='ocrx_word' id='word_1_524' title='bbox 1965 4063 2125 4114; x_wconf 82' lang='lat' dir='ltr'><strong>trem</strong></span> <span class='ocrx_word' id='word_1_525' title='bbox 2176 4061 2361 4113; x_wconf 80' lang='lat' dir='ltr'><strong>tuum</strong></span> <span class='ocrx_word' id='word_1_526' title='bbox 2400 4061 2459 4111; x_wconf 82' lang='lat' dir='ltr'><strong>et</strong></span> <span class='ocrx_word' id='word_1_527' title='bbox 2501 4061 2794 4125; x_wconf 80' lang='lat' dir='ltr'><strong>matrem,</strong></span> <span class='ocrx_word' id='word_1_528' title='bbox 2838 4051 2958 4115; x_wconf 80' lang='lat' dir='ltr'><strong>hoe</strong></span> <span class='ocrx_word' id='word_1_529' title='bbox 3004 4059 3101 4114; x_wconf 84' lang='lat' dir='ltr'><strong>est</strong></span> <span class='ocrx_word' id='word_1_530' title='bbox 3146 4059 3274 4116; x_wconf 86' lang='lat' dir='ltr'><strong>tam</strong></span> <span class='ocrx_word' id='word_1_531' title='bbox 3326 4073 3459 4117; x_wconf 82' lang='lat' dir='ltr'><strong>ear-</strong></span> 
     </span>
    </p>

    <p class='ocr_par' dir='ltr' id='par_1_16' title="bbox 1964 4150 3458 4233">
     <span class='ocr_line' id='line_1_83' title="bbox 1964 4150 3458 4233; baseline 0.003 -20"><span class='ocrx_word' id='word_1_532' title='bbox 1964 4151 2136 4213; x_wconf 88' lang='lat' dir='ltr'><strong>nales</strong></span> <span class='ocrx_word' id='word_1_533' title='bbox 2186 4169 2379 4232; x_wconf 89' lang='lat' dir='ltr'><strong>quam</strong></span> <span class='ocrx_word' id='word_1_534' title='bbox 2429 4150 2791 4232; x_wconf 87' lang='lat' dir='ltr'><strong>spirituales</strong></span> <span class='ocrx_word' id='word_1_535' title='bbox 2850 4160 3163 4233; x_wconf 89' lang='lat' dir='ltr'><strong>parentes,</strong></span> <span class='ocrx_word' id='word_1_536' title='bbox 3216 4153 3308 4216; x_wconf 91' lang='lat' dir='ltr'><strong>eis</strong></span> <span class='ocrx_word' id='word_1_537' title='bbox 3366 4173 3458 4218; x_wconf 90' lang='lat' dir='ltr'><strong>re—</strong></span> 
     </span>
    </p>
   </div>
   <div class='ocr_carea' id='block_1_12' title="bbox 1880 4245 3453 4328">
    <p class='ocr_par' dir='ltr' id='par_1_17' title="bbox 1880 4245 3453 4328">
     <span class='ocr_line' id='line_1_84' title="bbox 1880 4245 3453 4328; baseline 0.003 -18"><span class='ocrx_word' id='word_1_538' title='bbox 1880 4245 1933 4310; x_wconf 89' lang='lat' dir='ltr'><strong>D</strong></span> <span class='ocrx_word' id='word_1_539' title='bbox 1963 4249 2311 4312; x_wconf 89' lang='lat' dir='ltr'><strong>verentiam</strong></span> <span class='ocrx_word' id='word_1_540' title='bbox 2379 4249 2761 4328; x_wconf 85' lang='lat' dir='ltr'><strong>exhibendo,</strong></span> <span class='ocrx_word' id='word_1_541' title='bbox 2822 4249 3197 4326; x_wconf 89' lang='lat' dir='ltr'><strong>obediendo,</strong></span> <span class='ocrx_word' id='word_1_542' title='bbox 3259 4258 3321 4314; x_wconf 90' lang='lat' dir='ltr'><strong>et</strong></span> <span class='ocrx_word' id='word_1_543' title='bbox 3389 4253 3453 4316; x_wconf 89' lang='lat' dir='ltr'><strong>in</strong></span> 
     </span>
    </p>
   </div>
   <div class='ocr_carea' id='block_1_13' title="bbox 1956 4347 3742 5417">
    <p class='ocr_par' dir='ltr' id='par_1_18' title="bbox 1960 4347 3453 4510">
     <span class='ocr_line' id='line_1_85' title="bbox 1960 4347 3453 4431; baseline 0.004 -22"><span class='ocrx_word' id='word_1_544' title='bbox 1960 4347 2199 4430; x_wconf 88' lang='lat' dir='ltr'><strong>quibus</strong></span> <span class='ocrx_word' id='word_1_545' title='bbox 2256 4347 2669 4429; x_wconf 88' lang='lat' dir='ltr'><strong>indiguerint,</strong></span> <span class='ocrx_word' id='word_1_546' title='bbox 2724 4367 2839 4431; x_wconf 92' lang='lat' dir='ltr'><strong>pro</strong></span> <span class='ocrx_word' id='word_1_547' title='bbox 2892 4348 3135 4412; x_wconf 88' lang='lat' dir='ltr'><strong>viribus</strong></span> <span class='ocrx_word' id='word_1_548' title='bbox 3194 4369 3453 4414; x_wconf 87' lang='lat' dir='ltr'><strong>succur-</strong></span> 
     </span>
     <span class='ocr_line' id='line_1_86' title="bbox 1960 4447 2180 4510; baseline -0.005 -2"><span class='ocrx_word' id='word_1_549' title='bbox 1960 4447 2180 4510; x_wconf 87' lang='lat' dir='ltr'><strong>rende.</strong></span> 
     </span>
    </p>

    <p class='ocr_par' dir='ltr' id='par_1_19' title="bbox 1956 4547 3742 5417">
     <span class='ocr_line' id='line_1_87' title="bbox 2041 4547 3643 4626; baseline 0.002 -22"><span class='ocrx_word' id='word_1_550' title='bbox 2041 4547 2172 4615; x_wconf 78' lang='lat' dir='ltr'><strong>Qui</strong></span> <span class='ocrx_word' id='word_1_551' title='bbox 2200 4547 2298 4607; x_wconf 79' lang='lat' dir='ltr'><strong>ait</strong></span> <span class='ocrx_word' id='word_1_552' title='bbox 2327 4566 2350 4607; x_wconf 93' lang='grc'><strong>.·</strong></span> <span class='ocrx_word' id='word_1_553' title='bbox 2381 4548 2535 4608; x_wconf 86' lang='lat' dir='ltr'><strong>Hoec</strong></span> <span class='ocrx_word' id='word_1_554' title='bbox 2562 4548 2781 4606; x_wconf 84' lang='lat' dir='ltr'><strong>omnia</strong></span> <span class='ocrx_word' id='word_1_555' title='bbox 2810 4549 3133 4607; x_wconf 75' lang='lat' dir='ltr'><strong>custodivi</strong></span> <span class='ocrx_word' id='word_1_556' title='bbox 3158 4569 3199 4608; x_wconf 89' lang='lat' dir='ltr'><strong>a</strong></span> <span class='ocrx_word' id='word_1_557' title='bbox 3214 4550 3453 4626; x_wconf 79' lang='lat' dir='ltr'><strong>juven-</strong></span> <span class='ocrx_word' id='word_1_558' title='bbox 3577 4554 3643 4608; x_wconf 76' lang='lat'><strong>21</strong></span> 
     </span>
     <span class='ocr_line' id='line_1_88' title="bbox 1960 4643 3449 4728; baseline 0.003 -23"><span class='ocrx_word' id='word_1_559' title='bbox 1960 4653 2093 4705; x_wconf 78' lang='lat' dir='ltr'><strong>tute</strong></span> <span class='ocrx_word' id='word_1_560' title='bbox 2133 4664 2293 4705; x_wconf 85' lang='lat' dir='ltr'><strong>mea.</strong></span> <span class='ocrx_word' id='word_1_561' title='bbox 2328 4643 2502 4717; x_wconf 88' lang='lat' dir='ltr'><strong>Quod</strong></span> <span class='ocrx_word' id='word_1_562' title='bbox 2544 4644 2723 4707; x_wconf 90' lang='lat' dir='ltr'><strong>valde</strong></span> <span class='ocrx_word' id='word_1_563' title='bbox 2770 4644 3043 4725; x_wconf 90' lang='lat' dir='ltr'><strong>perutile</strong></span> <span class='ocrx_word' id='word_1_564' title='bbox 3089 4652 3204 4720; x_wconf 92' lang='lat' dir='ltr'><strong>est,</strong></span> <span class='ocrx_word' id='word_1_565' title='bbox 3246 4666 3449 4728; x_wconf 89' lang='lat' dir='ltr'><strong>quum</strong></span> 
     </span>
     <span class='ocr_line' id='line_1_89' title="bbox 1957 4741 3742 4810; baseline -0.002 -5"><span class='ocrx_word' id='word_1_566' title='bbox 1957 4742 2024 4805; x_wconf 90' lang='lat' dir='ltr'><strong>in</strong></span> <span class='ocrx_word' id='word_1_567' title='bbox 2065 4741 2334 4805; x_wconf 89' lang='lat' dir='ltr'><strong>Threnis</strong></span> <span class='ocrx_word' id='word_1_568' title='bbox 2370 4741 2671 4804; x_wconf 77' lang='lat' dir='ltr'><strong>Ieremias</strong></span> <span class='ocrx_word' id='word_1_569' title='bbox 2720 4749 2985 4804; x_wconf 84' lang='lat' dir='ltr'><strong>testetur</strong></span> <span class='ocrx_word' id='word_1_570' title='bbox 3019 4760 3033 4806; x_wconf 74' lang='grc' dir='ltr'>ε</span> <span class='ocrx_word' id='word_1_571' title='bbox 3064 4741 3307 4806; x_wconf 89' lang='lat' dir='ltr'><strong>Bonum</strong></span> <span class='ocrx_word' id='word_1_572' title='bbox 3354 4753 3449 4808; x_wconf 91' lang='lat' dir='ltr'><strong>est</strong></span> <span class='ocrx_word' id='word_1_573' title='bbox 3508 4759 3742 4810; x_wconf 53' lang='lat' dir='ltr'><strong>mma...</strong></span> 
     </span>
     <span class='ocr_line' id='line_1_90' title="bbox 1957 4825 3547 4922; baseline 0.003 -19"><span class='ocrx_word' id='word_1_574' title='bbox 1957 4841 2116 4916; x_wconf 88' lang='lat' dir='ltr'><strong>viro,</strong></span> <span class='ocrx_word' id='word_1_575' title='bbox 2168 4859 2372 4922; x_wconf 89' lang='lat' dir='ltr'><strong>quum</strong></span> <span class='ocrx_word' id='word_1_576' title='bbox 2428 4840 2771 4922; x_wconf 89' lang='lat' dir='ltr'><strong>portaverit</strong></span> <span class='ocrx_word' id='word_1_577' title='bbox 2826 4840 3052 4922; x_wconf 86' lang='lat' dir='ltr'><strong>jugum</strong></span> <span class='ocrx_word' id='word_1_578' title='bbox 3108 4841 3187 4905; x_wconf 90' lang='lat' dir='ltr'><strong>ab</strong></span> <span class='ocrx_word' id='word_1_579' title='bbox 3245 4844 3453 4908; x_wconf 88' lang='lat' dir='ltr'><strong>adole-</strong></span> <span class='ocrx_word' id='word_1_580' title='bbox 3476 4825 3547 4868; x_wconf 78' lang='lat'><strong>²⁷·</strong></span> 
     </span>
     <span class='ocr_line' id='line_1_91' title="bbox 1957 4939 3451 5022; baseline 0.003 -19"><span class='ocrx_word' id='word_1_581' title='bbox 1957 4939 2199 5004; x_wconf 89' lang='lat' dir='ltr'><strong>scentia</strong></span> <span class='ocrx_word' id='word_1_582' title='bbox 2254 4959 2390 5002; x_wconf 89' lang='lat' dir='ltr'><strong>sua.</strong></span> <span class='ocrx_word' id='word_1_583' title='bbox 2444 4939 2978 5022; x_wconf 88' lang='lat' dir='ltr'><strong>Acceptissimum</strong></span> <span class='ocrx_word' id='word_1_584' title='bbox 3033 4941 3270 5004; x_wconf 89' lang='lat' dir='ltr'><strong>etenim</strong></span> <span class='ocrx_word' id='word_1_585' title='bbox 3325 4943 3451 5008; x_wconf 91' lang='lat' dir='ltr'><strong>Deo</strong></span> 
     </span>
     <span class='ocr_line' id='line_1_92' title="bbox 1956 5037 3455 5121; baseline 0.003 -20"><span class='ocrx_word' id='word_1_586' title='bbox 1956 5048 2072 5114; x_wconf 90' lang='lat' dir='ltr'><strong>est,</strong></span> <span class='ocrx_word' id='word_1_587' title='bbox 2115 5039 2288 5121; x_wconf 90' lang='lat' dir='ltr'><strong>quod</strong></span> <span class='ocrx_word' id='word_1_588' title='bbox 2340 5037 2528 5102; x_wconf 90' lang='lat' dir='ltr'><strong>homo</strong></span> <span class='ocrx_word' id='word_1_589' title='bbox 2568 5037 2797 5101; x_wconf 88' lang='lat' dir='ltr'><strong>florem</strong></span> <span class='ocrx_word' id='word_1_590' title='bbox 2845 5039 3284 5104; x_wconf 83' lang='lat' dir='ltr'><strong>adolescentiae</strong></span> <span class='ocrx_word' id='word_1_591' title='bbox 3324 5061 3455 5106; x_wconf 82' lang='lat' dir='ltr'><strong>suae</strong></span> 
     </span>
     <span class='ocr_line' id='line_1_93' title="bbox 1957 5136 3567 5224; baseline 0.002 -25"><span class='ocrx_word' id='word_1_592' title='bbox 1957 5139 2020 5199; x_wconf 92' lang='lat' dir='ltr'><strong>in</strong></span> <span class='ocrx_word' id='word_1_593' title='bbox 2073 5138 2294 5202; x_wconf 89' lang='lat' dir='ltr'><strong>divino</strong></span> <span class='ocrx_word' id='word_1_594' title='bbox 2343 5136 2644 5220; x_wconf 86' lang='lat' dir='ltr'><strong>expendit</strong></span> <span class='ocrx_word' id='word_1_595' title='bbox 2690 5136 3022 5219; x_wconf 89' lang='lat' dir='ltr'><strong>obsequio,</strong></span> <span class='ocrx_word' id='word_1_596' title='bbox 3069 5137 3222 5220; x_wconf 90' lang='lat' dir='ltr'><strong>quia</strong></span> <span class='ocrx_word' id='word_1_597' title='bbox 3260 5141 3455 5222; x_wconf 86' lang='lat' dir='ltr'><strong>passi-</strong></span> <span class='ocrx_word' id='word_1_598' title='bbox 3561 5218 3567 5224; x_wconf 12' lang='grc' dir='ltr'>ὁ</span> 
     </span>
     <span class='ocr_line' id='line_1_94' title="bbox 1957 5235 3455 5318; baseline 0.001 -19"><span class='ocrx_word' id='word_1_599' title='bbox 1957 5254 2111 5299; x_wconf 90' lang='lat' dir='ltr'><strong>ones</strong></span> <span class='ocrx_word' id='word_1_600' title='bbox 2172 5244 2325 5298; x_wconf 90' lang='lat' dir='ltr'><strong>tunc</strong></span> <span class='ocrx_word' id='word_1_601' title='bbox 2388 5235 2615 5298; x_wconf 80' lang='lat' dir='ltr'><strong>fortius</strong></span> <span class='ocrx_word' id='word_1_602' title='bbox 2666 5236 2902 5318; x_wconf 87' lang='lat' dir='ltr'><strong>vigent,</strong></span> <span class='ocrx_word' id='word_1_603' title='bbox 2955 5245 3017 5298; x_wconf 91' lang='lat' dir='ltr'><strong>et</strong></span> <span class='ocrx_word' id='word_1_604' title='bbox 3064 5236 3253 5300; x_wconf 90' lang='lat' dir='ltr'><strong>homo</strong></span> <span class='ocrx_word' id='word_1_605' title='bbox 3304 5237 3455 5301; x_wconf 90' lang='lat' dir='ltr'><strong>huic</strong></span> 
     </span>
     <span class='ocr_line' id='line_1_95' title="bbox 1963 5333 3455 5417; baseline 0.003 -22"><span class='ocrx_word' id='word_1_606' title='bbox 1963 5335 2207 5397; x_wconf 91' lang='lat' dir='ltr'><strong>mundo</strong></span> <span class='ocrx_word' id='word_1_607' title='bbox 2264 5339 2417 5396; x_wconf 89' lang='lat' dir='ltr'><strong>tunc</strong></span> <span class='ocrx_word' id='word_1_608' title='bbox 2474 5335 2682 5416; x_wconf 88' lang='lat' dir='ltr'><strong>aptior</strong></span> <span class='ocrx_word' id='word_1_609' title='bbox 2736 5341 2854 5398; x_wconf 91' lang='lat' dir='ltr'><strong>est.</strong></span> <span class='ocrx_word' id='word_1_610' title='bbox 2905 5333 3189 5417; x_wconf 90' lang='lat' dir='ltr'><strong>Denique</strong></span> <span class='ocrx_word' id='word_1_611' title='bbox 3244 5337 3455 5401; x_wconf 90' lang='lat' dir='ltr'><strong>adole-</strong></span> 
     </span>
    </p>
   </div>
  </div>
 </body>
</html>
