4300 6259
554 1871 654 1912 Act.
679 1883 723 1921 x,
746 1873 814 1914 41.

643 3820 711 3876 19

851 481 972 546 210

1623 499 1974 546 RNARRATIO
2016 497 2080 544 m
2122 499 2262 545 GAP.
2310 498 2439 544 xxu
2483 498 2671 546 [ΗΒΕ.
2717 517 2798 528 --
2837 499 2979 545 AR‘r.
3024 497 3185 546 van

851 677 949 731 est
999 669 1218 744 vineae,
1259 673 1459 731 donec
1505 689 1782 748 reynum
1827 671 1951 732 Dei
1999 670 2240 737 veniat,
2282 668 2347 731 id
2377 668 2428 729 A
2459 668 2666 742 batur,
2699 669 3006 731 veraciter
3044 667 3474 749 frangebatur,
3519 675 3581 729 et
3620 665 3953 729 divisionis

851 776 966 842 est,
1002 788 1337 851 quousque
1382 777 1524 852 post
1568 769 1926 851 passionem
1972 767 2347 829 immortalis

851 884 1206 941 surrexero,
1240 868 1462 949 sicque
1501 867 1566 928 in
1610 884 1710 928 me
1748 866 2041 928 adveniat
2075 873 2138 927 et
2169 884 2349 927 mon-

851 972 1086 1027 stretur
1125 983 1394 1046 regnum
1434 965 1765 1026 militantis
1801 963 2115 1038 Ecclesiae,
2152 964 2239 1026 ita
2280 971 2349 1024 ut

849 1081 966 1144 ego
1014 1082 1124 1125 rex
1171 1063 1468 1126 Ecclesiae
1515 1063 1828 1144 gloriosus
1875 1081 2240 1145 appaream,
2286 1071 2349 1124 et

849 1159 916 1222 in
975 1161 1192 1224 electis
1248 1170 1442 1243 atque
1500 1161 1806 1224 fidelibus
1866 1179 1980 1242 per
2037 1160 2237 1224 fidem
2286 1167 2347 1222 et

846 1259 1110 1339 gratiam
1153 1277 1414 1340 regnare
1451 1259 1778 1341 incipiam,
1815 1259 2242 1322 convertendo
2271 1258 2349 1320 il-

846 1356 942 1419 los
981 1358 1059 1420 ad
1099 1375 1221 1433 me,
1258 1358 1359 1421 vel
1396 1359 1474 1420 de
1515 1377 1700 1432 novo,
1742 1366 1853 1419 ant
1898 1357 2098 1438 magis
2139 1355 2347 1438 perfe-

847 1462 964 1518 cte.
1025 1456 1208 1519 Juxta
1256 1457 1420 1519 hanc
1475 1457 1940 1539 expositionem
1997 1455 2346 1518 insinuavit

847 1572 914 1616 se
944 1554 1227 1616 Christus
1269 1563 1411 1636 post
1451 1555 1810 1638 passionem
1851 1563 1916 1617 et
1944 1555 2345 1617 resurrectio-

847 1671 992 1714 nem
1051 1673 1231 1716 suam
1293 1673 1438 1716 cum
1502 1653 1838 1736 discipulis
1906 1653 2259 1716 bibiturum
2325 1672 2338 1716 :

845 1749 1018 1832 quod
1065 1759 1309 1814 certum
1349 1760 1444 1814 est
1486 1752 1847 1833 contigisse.
1891 1751 2066 1814 Unde
2116 1751 2183 1813 in
2234 1752 2346 1814 Ac·

2463 766 2635 827 illius
2688 775 2821 828 erat
2876 766 3259 847 subjectum,
3312 767 3476 829 sicut
3533 773 3596 827 et
3652 765 3839 827 modo
3886 763 3953 824 in

2460 865 2681 927 hostiae
2719 865 3049 928 fractione.
3088 868 3170 926 Ec
3196 866 3377 926 dedit
3405 865 3499 925 eis
3524 866 3745 924 dicens
3766 884 3789 922 .·
3814 866 3955 924 Hoc

2460 965 2632 1044 quod⁴
2682 963 2861 1027 vobis
2912 982 3084 1025 nunc
3134 963 3408 1045 porrigo,
3460 969 3524 1024 et
3568 979 3646 1024 ex
3704 980 3957 1023 summa

2462 1062 2799 1124 dilectione
2836 1081 2910 1124 ac
2949 1061 3395 1123 liberalissime
3435 1060 3671 1133 tribuo,
3704 1069 3794 1121 est
3820 1079 3957 1120 cor-

2453 1179 2581 1238 pus
2614 1179 2824 1221 meum
2855 1177 3023 1234 vere,
3059 1178 3185 1222 non
3225 1158 3736 1240 repraesentative
3774 1158 3958 1219 dum·-

2452 1264 2648 1332 'taxat,
2698 1261 2871 1338 quod
2908 1278 3031 1337 pro
3080 1260 3253 1319 vobis
3298 1261 3520 1330 datur,
3564 1257 3629 1319 id
3676 1265 3793 1329 est,
3838 1273 3956 1337 pro

2462 1363 2670 1418 vestra
2718 1355 3093 1418 liberatione
3143 1354 3421 1437 passioni
3476 1363 3540 1417 et
3586 1355 3775 1417 morti
3821 1353 3954 1433 jam

2461 1462 2835 1534 exponetur,
2866 1455 3187 1536 proditore
3214 1455 3520 1527 tradente,
3544 1459 3607 1516 et
3636 1471 3739 1515 me
3770 1471 3957 1534 spon-

2460 1559 2521 1613 te
2552 1553 2629 1614 ad
2670 1553 3029 1634 passionem
3059 1552 3419 1614 accedente.
3452 1551 3586 1626 Vel,
3618 1549 3794 1624 Quod
3836 1568 3955 1632 pro

2460 1650 2639 1713 vobis
2691 1652 2897 1725 datur,
2932 1652 2993 1712 id
3042 1659 3159 1724 est,
3192 1651 3365 1732 quod
3404 1667 3519 1730 ego
3557 1649 3739 1713 vobis
3780 1667 3955 1710 nunc

2458 1747 3060 1810 munificentissime
3094 1748 3174 1810 do
3211 1748 3529 1809 edendum
3556 1747 3635 1808 ad
3666 1753 3953 1808 vestrum

844 1849 1017 1912 tibus
1064 1849 1512 1932 Apostolorum
1561 1849 1780 1912 Petrus
1831 1859 2116 1924 testatur,
2171 1851 2343 1931 quod
2382 1849 2427 1911 Β
2460 1845 2813 1926 profectum
2854 1853 2917 1907 et
2956 1844 3170 1918 robur,
3206 1852 3277 1906 ut
3307 1846 3508 1925 gratia
3543 1853 3847 1926 augeatur
3882 1843 3952 1906 in

844 1947 1002 2030 ipse,
1068 1948 1392 2030 ceterique
1449 1949 1732 2030 Apostoli
1802 1949 2343 2010 manducaverunt

839 2054 1032 2128 atque
1063 2046 1364 2109 biberunt
1395 2065 1541 2109 cum
1573 2046 1840 2120 Christe,
1879 2053 2216 2128 postquam
2248 2065 2344 2108 re-

841 2145 1116 2206 surrexit
1162 2163 1199 2206 a
1237 2145 1528 2208 mortuis.
1563 2144 1690 2207 Nec
1728 2144 1998 2207 dubium
2041 2145 2200 2226 quin
2244 2145 2340 2206 di-

839 2242 1071 2324 scipuli
1123 2243 1413 2305 dederint
1463 2242 1711 2305 Christo
1766 2250 1920 2305 tunc
1977 2242 2199 2306 bibere
2250 2243 2341 2305 vi-

840 2359 1018 2414 num,
1071 2339 1314 2402 scilicet
1369 2341 1686 2422 optimum
1744 2359 1938 2422 quem
1986 2341 2341 2404 habuerant

839 2446 1082 2520 potum.
1106 2438 1218 2500 Vel
1249 2438 1379 2501 sic:
1413 2438 1547 2502 Non
1580 2438 1796 2501 bibam
1827 2439 1905 2500 de
1932 2440 2339 2521 generatione

840 2536 1010 2611 vitis,
1049 2536 1112 2599 id
1161 2545 1276 2612 est,
1321 2537 1607 2618 typicum
1659 2537 1851 2599 istum
1902 2545 2123 2619 potum
2173 2538 2340 2601 ultra

840 2653 965 2697 non
1006 2654 1276 2708 sumam,
1313 2636 1512 2698 donec
1553 2635 1766 2697 veniat
1807 2653 2070 2716 regnum
2107 2636 2237 2709 Dei,
2274 2637 2336 2698 id

838 2742 954 2808 est,
997 2732 1160 2796 fides
1207 2733 1504 2796 Ecclesiae
1545 2733 1923 2816 praedicetur
1960 2753 2032 2796 ac
2072 2735 2339 2816 recipia-

839 2839 964 2893 tur.
998 2830 1230 2913 Sicque
1260 2832 1545 2895 Christus
1581 2832 1928 2895 insinuavit
1967 2833 2229 2912 legalem
2266 2834 2340 2895 il-

839 2929 972 2991 lum
1005 2938 1216 3012 potum
1248 2930 1479 2992 debere
1509 2948 1766 3001 cessare,
1788 2937 1851 2991 et
1880 2949 2015 2992 rem
2048 2949 2163 3012 per
2192 2949 2335 2994 eum

2457 1943 2658 2006 vobis.
2710 1947 2849 2005 Hoc
2897 1944 3117 2021 facite,
3174 1944 3238 2005 id
3295 1950 3411 2016 est,
3470 1941 3947 2005 Sacramentum

2453 2041 2623 2104 istud
2664 2060 2779 2105 suo
2820 2051 3106 2123 tempore
3156 2041 3468 2104 celebrate
3516 2049 3580 2103 et
3623 2039 3947 2114 conficite,

2454 2141 2593 2202 date
2639 2159 2713 2203 ac
2757 2141 3011 2215 sumite,
3046 2143 3120 2200 in
3160 2159 3369 2201 meam
3406 2142 3955 2201 commemoratio-

2450 2259 2625 2308 nem,
2656 2238 2720 2300 id
2754 2247 2851 2300 est
2890 2238 2952 2300 in
2996 2238 3367 2300 memoriam
3408 2257 3675 2300 summae
3716 2238 3953 2300 dilecti·

2450 2337 2590 2399 onis
2622 2355 2779 2398 meae
2808 2337 2884 2399 ad
2918 2355 3051 2410 VOS,
3085 2343 3149 2398 et
3184 2335 3601 2399 amarissimae
3633 2336 3951 2417 passionis

2452 2453 2607 2497 meae
2646 2454 2760 2516 pro
2791 2434 2987 2498 vobis.
3022 2435 3259 2516 ltaque,
3294 2434 3458 2496 sicut
3486 2433 3687 2514 legale
3718 2435 3953 2516 pascha

2448 2533 2575 2595 fuit
2619 2532 3035 2614 figurativum
3082 2531 3307 2605 futuri,
3358 2533 3450 2594 sic
3506 2533 3947 2614 evangelicum

2450 2632 2617 2694 istud
2664 2631 2897 2713 pascha
2934 2639 3031 2694 est
3069 2631 3624 2694 rememorativum
3666 2631 3954 2714 praeteri-

2450 2731 2519 2793 ti.
2579 2729 2699 2793 Sed
2756 2730 3061 2812 quoniam
3121 2729 3407 2792 Christus
3466 2729 3948 2793 Sacramentum

2450 2830 2618 2891 istud
2676 2827 2970 2902 confecit,
3036 2829 3324 2902 dicendo,
3377 2827 3505 2890 Hoc
3560 2837 3655 2890 est
3712 2846 3950 2910 corpus

2449 2946 2702 3008 meum,
2744 2927 2886 2990 ideo
2928 2927 3087 2989 dixit
3122 2927 3243 2989 hoc
3283 2934 3621 3008 antequam
3664 2928 3953 3008 porrige-

838 3026 1174 3108 figuratam
1206 3046 1344 3090 esse
1383 3029 1460 3090 de
1497 3037 1705 3092 cetero
1745 3028 2209 3104 celebrandam,
2247 3031 2339 3092 vi-
2375 3027 2418 3092 C
2453 3034 2544 3087 ret
2574 3045 2805 3107 corpus
2836 3025 3193 3106 discipulis.
3217 3025 3432 3107 Aliqui
3464 3032 3671 3087 tamen
3706 3026 3947 3099 dicunt,

840 3125 1068 3188 delicet
1137 3127 1237 3187 sui
1309 3126 1637 3207 sanguinis
1708 3126 2160 3209 sumptionem.
2234 3127 2336 3191 Sic

838 3241 1118 3304 quoque,
1151 3227 1373 3294 donec,
1409 3224 1613 3306 accipi
1655 3232 1861 3305 potest
1905 3231 1973 3286 ut
2013 3233 2181 3300 ante,
2218 3228 2338 3289 sci-

838 3321 987 3384 licet
1028 3322 1372 3385 exclusive.

918 3419 1202 3502 Denique
1251 3421 1522 3503 peractis
1571 3428 1634 3483 et
1683 3421 2034 3483 terminatis
2074 3441 2219 3504 quae
2257 3424 2334 3484 ad

837 3537 1072 3599 agnum
1130 3518 1533 3601 pertinebant
1587 3518 1876 3599 legalem,
1939 3519 2218 3602 complet
2274 3529 2335 3584 et

840 3617 1094 3680 inchoat
1122 3617 1293 3698 quod
1330 3616 1726 3697 figurabatur
1764 3635 1878 3697 per
1915 3616 2119 3692 illum,
2158 3618 2337 3681 insti-

840 3723 1024 3777 tuens
1063 3722 1255 3795 atque
1295 3713 1642 3777 conficiens
1679 3713 2092 3778 Eucharistiae
2133 3735 2337 3779 sacra-

841 3820 1149 3875 mentum.
1185 3815 1271 3874 E'c
1312 3822 1560 3889 accepto
1599 3833 1790 3888 pane,
1829 3813 1893 3874 id
1941 3821 2056 3887 est,
2102 3832 2333 3895 panem

839 3929 1128 3993 azymum
1165 3929 1240 3972 ac
1277 3910 1619 3985 triticeum,
1654 3930 1782 3992 quo
1809 3919 1964 3974 tunc
1999 3913 2337 3976 vesceban-

839 4015 964 4082 tur,
998 4008 1065 4070 in
1098 4027 1288 4070 manu
1321 4027 1434 4069 sua
1463 4007 1796 4070 benedicta
1823 4009 2166 4090 accipienS‚
2185 4031 2336 4088 qra-

841 4108 965 4166 tias
991 4107 1122 4183 eqic
1162 4113 1232 4167 ut
1270 4105 1459 4168 homo
1488 4105 1612 4168 Deo
1654 4105 1815 4167 Patri
1860 4126 1974 4188 pro
2017 4108 2333 4172 universis

2446 3126 2617 3206 quod
2659 3124 3040 3206 porrigendo
3077 3124 3375 3206 repetivit
3404 3124 3539 3186 haec
3570 3125 3787 3186 verba.
3821 3123 3951 3187 Sed

2447 3223 2817 3303 hujusmodi
2858 3220 3269 3284 difficultates
3315 3222 3750 3304 praetermitte,
3790 3224 3949 3304 quia

2447 3322 2599 3384 hinc
2650 3321 2799 3382 inde
2845 3321 2911 3383 in
2963 3320 3454 3384 diversislibris
3502 3320 3947 3403 copiosissime

2447 3420 2867 3484 inveniuntur
2908 3418 3149 3482 solutae.

2530 3518 2763 3581 Deinde
2793 3517 3175 3580 describitur
3212 3515 3526 3579 institutio
3564 3520 3943 3582 sacramenti

2446 3615 2857 3679 Eucharistiae
2895 3615 3013 3677 sub
3057 3615 3270 3698 specie
3299 3615 3454 3687 vini,
3488 3623 3552 3677 et
3580 3616 3947 3697 specialiter

2447 3714 2834 3778 consecratio
2880 3713 3206 3794 sanguinis
3237 3712 3489 3775 Christi.
3522 3716 3853 3776 Similiter
3879 3727 3945 3778 et

2444 3817 2707 3874 calicem
2748 3812 3025 3893 sumpsit
3065 3811 3131 3872 in
3169 3811 3485 3885 manibuS‚
3534 3819 3597 3873 et
3631 3812 3808 3874 dedit
3843 3815 3945 3875 di-

2446 3911 2736 3992 scipuliS,
2764 3919 3108 3988 postquam
3135 3911 3438 3980 coenavit,
3467 3909 3533 3971 id
3562 3917 3677 3984 est,
3700 3929 3939 3992 agnum

2447 4008 2806 4090 paschalem
2854 4007 3149 4080 comedit,
3180 4009 3399 4068 dicens
3428 4026 3451 4066 .·
3482 4009 3613 4069 Hic
3637 4018 3729 4068 est
3760 4013 3943 4070 cali-2:

2444 4128 2684 4168 novum
2723 4109 3213 4173 Testamentum,
3254 4104 3506 4186 supple,
3548 4105 3939 4170 confirmans

839 4201 1174 4265 beneficiis
1223 4201 1363 4282 ejus
1413 4201 1536 4263 sibi
1585 4202 1852 4276 collatiS,
1900 4212 1963 4265 et
2004 4206 2174 4285 quod
2221 4225 2335 4288 per
2368 4213 2415 4273 D
2444 4224 2516 4267 ac
2566 4205 2844 4284 signans,
2890 4205 2963 4264 in
3006 4222 3141 4263 mec
3184 4204 3505 4280 sanyuine
3551 4203 3935 4282 dedicatum,

837 4299 1053 4382 ipsum
1083 4299 1364 4362 decrevit
1393 4299 1702 4361 redimere
1729 4318 1930 4381 genus
1964 4302 2330 4367 humanum.

839 4397 1210 4481 Specialiter
1249 4416 1398 4460 vero
1450 4406 1600 4461 tunc
1645 4400 1876 4479 gratias
1927 4401 2055 4481 egit
2103 4402 2181 4464 de
2230 4422 2335 4465 ve·-

838 4496 1082 4559 teribus
1121 4496 1496 4571 terminatiS‚
1532 4504 1593 4558 et
1632 4497 1814 4560 novis
1854 4499 2173 4580 mysteriis
2201 4501 2333 4580 jam

841 4595 1236 4658 inchoandiS.
1282 4598 1368 4656 Et
1406 4597 1606 4675 freqit
1654 4613 1881 4676 panem
1928 4596 2060 4676 jam
2110 4617 2331 4661 conse-

841 4693 1408 4775 cratum,quoniam
1442 4693 1754 4774 integrum
1790 4713 2015 4774 panem
2049 4695 2114 4758 in
2147 4716 2335 4759 suum

841 4812 1070 4875 corpus
1115 4791 1757 4854 transsubstantiavit.
1795 4793 2076 4874 Fregisse
2121 4803 2329 4858 autem

841 4893 1075 4954 dicitur
1125 4909 1376 4972 panem,
1431 4910 1557 4954 non
1607 4893 1776 4972 quod
1827 4900 1980 4954 tunc
2030 4893 2119 4954 ibi
2168 4902 2334 4957 esset

841 4990 1194 5052 substantia
1252 4989 1454 5072 paniS,
1507 4997 1616 5051 aut
1662 4989 1814 5071 quia
1861 5009 2048 5052 suum
2100 5010 2333 5074 corpus

842 5088 931 5151 ibi
963 5089 1272 5150 exsistens
1313 5087 1713 5168 confregerit,
1748 5088 1858 5149 sed
1895 5089 2049 5170 quia
2087 5090 2333 5170 species

841 5186 1334 5261 sacramentaliS,
1359 5186 1652 5248 videlicet
1681 5187 1999 5267 quantitas
2031 5188 2213 5268 panis
2245 5205 2337 5250 re—

843 5303 1128 5360 manenS,
1172 5284 1290 5346 sub
1330 5303 1458 5365 qua
1498 5302 1730 5366 corpus
1769 5283 2012 5346 Domini
2056 5285 2338 5349 contine—

2446 4300 2897 4366 confirmatum
2936 4308 2998 4362 et
3040 4308 3501 4363 consecratum.
3534 4300 3795 4364 Ponitur
3828 4322 3941 4365 au-

2444 4409 2571 4462 tem
2622 4400 2954 4463 continens
3004 4417 3120 4480 pro
3166 4406 3483 4474 contento,
3533 4419 3732 4481 quum
3783 4402 3938 4464 dici-

2445 4508 2571 4573 tur,
2606 4498 2780 4562 Calix
2810 4498 2877 4559 in
2910 4515 3051 4560 meo
3081 4497 3431 4578 sanguine:
3467 4505 3536 4560 ut
3576 4498 3659 4560 sit
3685 4517 3932 4576 sensuS,

2444 4596 2711 4678 Sanguis
2758 4613 2939 4657 meus
2988 4595 3297 4656 exsistens
3346 4595 3413 4656 in
3462 4595 3679 4658 calice.
3720 4597 3939 4679 Itaque

2446 4715 2681 4758 novum
2726 4693 3197 4755 Testamentum
3246 4693 3311 4754 in
3354 4693 3581 4756 Christi
3628 4697 3937 4777 sanguine

2445 4793 2883 4866 confirmatur,
2934 4792 3086 4873 quia
3145 4791 3209 4853 in
3269 4793 3739 4856 consecratione
3796 4813 3937 4856 san-

2442 4891 2655 4972 guinis
2704 4891 2842 4971 ejus
2890 4889 3363 4964 instituebatur,
3405 4899 3469 4952 et
3512 4891 3575 4952 in
3619 4891 3935 4956 effusione

2446 4990 2772 5070 sanguinis
2812 4989 2952 5068 ejus
2997 4987 3431 5052 roborabatur.
3466 4989 3935 5053 Testamentum
3996 5017 4141 5062 1104„
4162 5031 4211 5059 η,

2447 5106 2723 5170 namque
2782 5088 2846 5148 in
2906 5094 3108 5150 morte
3158 5085 3592 5148 confirmatur.
3647 5091 3775 5156 Qui
3818 5109 3935 5167 pro
3966 5083 4034 5126 ¹⁷·

2447 5188 2619 5246 vobis
2658 5187 3002 5263 fundetur,
3044 5184 3108 5246 id
3156 5192 3272 5261 est,
3320 5203 3435 5266 pro
3485 5193 3693 5247 vestra
3738 5186 3939 5249 salva-

2447 5287 2619 5348 tione
2650 5283 3025 5365 sanguinem
3062 5282 3235 5344 hunc
3270 5281 3599 5346 effundam
3633 5291 3697 5347 et
3724 5283 3939 5350 effun-
