4300 6259
597 3361 766 3468 getth.
778 3375 862 3413 ιη,

644 3757 792 3801 Marc.
806 3769 845 3798 νι

596 3823 663 3864 31.

634 3953 822 3998 Ibidem.

1682 511 2033 559 mantuano
2076 511 2140 556 IN
2181 509 2319 557 cn.
2367 512 2428 556 vt
2469 512 2746 559 JOANNIS.
2791 531 2872 541 —
2911 511 3055 558 ΛΒΤ.
3102 513 3206 558 xvt

1972 911 2622 998 ARTICULUS
2707 913 2907 997 XVI

1169 1185 1486 1232 Exposrrto
1529 1183 1805 1230 GAmTtJu
1847 1184 2025 1230 saxu
2072 1185 2087 1228 2
2134 1183 2285 1230 Post·
2325 1183 2462 1230 ΗΒΕ
2505 1183 2672 1230 ,ΑΒΙΙΤ
2711 1185 2886 1232 JESUS
2930 1184 3130 1232 TRANS
3171 1187 3342 1232 IAM-2
3383 1188 3696 1234 omnm.

1014 1465 1163 1529 OST
1220 1465 1355 1528 haec
1414 1471 1623 1526 narrat
1686 1463 2085 1545 Evangelista
2142 1464 2383 1545 grande
2415 1463 2466 1525 A
2491 1483 2615 1546 gna
2662 1465 2951 1529 viderent
2997 1475 3060 1530 et
3107 1486 3268 1531 nova
3315 1469 3627 1543 audirent,
3662 1476 3733 1529 ut
3777 1469 3980 1531 curio-
4015 1490 4218 1540 uanam,

1033 1564 1437 1638 miraculum,
1471 1583 1600 1646 quo
1647 1563 2110 1646 omnipotentia
2150 1561 2383 1626 Christi

887 1662 1229 1744 magnifice
1286 1662 1571 1726 noscitur
1617 1663 2062 1736 demonstrata,
2114 1661 2384 1743 ejusque

890 1762 1393 1843 supernaturalis
1453 1761 1739 1824 doctrina
1793 1759 2144 1823 efficaciter
2201 1759 2385 1823 robo-

892 1868 1045 1935 rata,
1098 1869 1168 1922 ut
1216 1860 1717 1943 supernaturalis
1766 1860 2030 1922 assertio
2078 1877 2387 1940 superna-

891 1960 1081 2022 turali
1124 1959 1492 2022 firmaretur
1532 1968 1926 2040 argumento.

971 2062 1125 2121 Post
1171 2061 1303 2120 lzaec
1357 2076 1502 2140 quae
1558 2058 1623 2119 in
1676 2057 2055 2139 praecedenti
2104 2057 2385 2139 capitulo

891 2157 1059 2219 dicta
1097 2164 1400 2239 gestaque
1449 2155 1764 2230 feruntur,
1798 2159 1963 2216 abiit
1994 2158 2176 2218 ,Iesus
2218 2175 2255 2216 a
2287 2155 2386 2216 Je-

893 2255 1167 2318 rusalem
1216 2264 1279 2317 et
1324 2255 1556 2318 Judaea.
1608 2253 1784 2316 Abiit
1836 2261 2047 2316 autem
2099 2261 2164 2315 et
2210 2252 2386 2316 navi-

888 2353 1063 2434 gavit
1102 2364 1281 2415 trans
1322 2373 1499 2414 mare
1532 2354 1844 2423 Galim,
1872 2355 2044 2432 quod
2078 2361 2170 2413 est
2213 2369 2384 2413 mare

902 2458 1285 2527 Tiberiadis,
1333 2457 1397 2518 id
1450 2463 1565 2529 est,
1612 2473 1785 2516 mare
1833 2455 2025 2528 istud,
2070 2455 2244 2535 quod
2294 2453 2388 2516 di-

890 2555 1057 2618 citur
1114 2573 1287 2617 mare
1344 2553 1632 2628 Galilaeae,
1684 2571 1721 2615 a
1768 2553 2097 2636 provincia
2144 2553 2209 2615 in
2258 2572 2386 2635 qua

2495 1564 2588 1643 εἰς
2642 1564 2926 1646 quidam,
2982 1574 3050 1627 ut
3106 1577 3525 1647 curarentur3
3575 1567 3858 1649 quidam,
3913 1575 3980 1628 ut
4005 1556 4197 1601 ³⁸³⁸*

2494 1663 2626 1724 suis
2675 1665 3007 1726 sanitatem
3063 1665 3488 1747 acquirerent,
3539 1666 3705 1728 sicut
3751 1667 3830 1727 de
3887 1683 3980 1726 re-
4028 1687 4215 1732 mam.

2491 1760 2642 1841 gulo
2681 1762 2921 1825 dictum
2959 1772 3094 1844 est3
3136 1764 3418 1846 quidam,
3458 1773 3523 1826 ut
3571 1763 3982 1846 corporaliter
4006 1755 4188 1803 *Μ’*

2493 1858 2837 1921 alerentur.
2913 1860 2988 1923 Et
3054 1862 3360 1943 quoniam
3429 1862 3732 1925 Dominus
3804 1862 3980 1925 Iesus

2495 1957 2685 2019 etiam
2746 1961 3096 2022 secundum
3145 1979 3377 2042 corpus
3430 1961 3754 2043 speciosus
3805 1961 3984 2022 valde

2495 2064 2558 2118 et
2603 2057 3166 2138 eloquentissimus
3214 2058 3357 2134 fuit,
3399 2068 3462 2122 et
3505 2059 3765 2142 optimae
3811 2059 3986 2121 habi-

2495 2156 2758 2230 tudiniS‚
2801 2158 3149 2220 verisimile
3191 2166 3288 2220 est
3327 2160 3496 2240 quod
3539 2159 3722 2221 multi
3763 2176 3984 2240 seque-

2498 2253 2727 2316 bantur
2757 2273 2902 2317 eum
2947 2257 3234 2319 delectati
3275 2257 3488 2338 specie
3525 2265 3590 2320 et
3623 2257 3985 2338 eloquentia

2494 2352 2657 2432 ejus.
2692 2353 2997 2436 Denique,
3032 2356 3382 2417 secundum
3415 2355 3794 2430 Matthaeum,
3829 2373 3984 2436 prae-

2497 2452 2662 2514 dicta
2705 2453 3046 2516 multitudo
3095 2455 3173 2516 de
3221 2453 3584 2517 civitatibus
3634 2460 3850 2516 secuta
3889 2460 3984 2514 est
4008 2466 4215 2510 uatem.

2497 2551 2815 2614 Christum
2859 2553 3190 2634 pedestris
3223 2552 3312 2615 Ex
3350 2571 3478 2635 quo
3515 2553 3770 2615 elicitur
3812 2553 3980 2634 quod
4011 2535 4068 2572 ¹³'

890 2654 1084 2716 situm
1128 2662 1246 2728 est,
1290 2653 1523 2715 dicitur
1559 2653 1747 2714 etiam
1792 2670 1964 2714 mare
2008 2651 2381 2725 TiberiadiS‚
2421 2650 2468 2713 B
2497 2651 2678 2730 egeni
2735 2650 2996 2712 fuerunt
3060 2671 3175 2733 pro
3239 2651 3461 2732 majori
3523 2658 3722 2733 parte.
3788 2650 3858 2712 Et
3915 2659 3984 2712 ut

890 2752 970 2814 ab
1010 2751 1169 2814 urbe
1211 2751 1468 2815 nomine
1506 2750 1809 2824 Tiberias,
1843 2769 1987 2833 quae
2024 2751 2143 2812 sita
2181 2757 2277 2812 est
2318 2750 2384 2812 in

892 2851 1102 2914 littore
1141 2850 1336 2932 hujus
1376 2851 1589 2912 maris.
1623 2849 1797 2911 Abiit
1833 2856 2045 2911 autem
2074 2849 2254 2911 Jesus
2295 2848 2388 2911 di·-

894 2950 1109 3013 versis·
1143 2967 1219 3011 ex
1268 2949 1497 3012 causis,
1540 2948 1769 3023 Primo,
1813 2949 2164 3010 secundum
2214 2949 2386 3030 quod

893 3048 999 3111 hic
1039 3047 1421 3122 insinuatur,
1455 3048 1685 3110 cedens
1731 3046 2159 3128 persecutioni
2191 3047 2387 3109 Judae-

892 3166 1099 3222 orum,
1153 3165 1233 3208 ne
1279 3155 1426 3208 ante
1474 3154 1726 3227 tempus
1776 3144 2115 3227 praefixum
2164 3146 2242 3207 ab
2292 3145 2385 3207 eis

892 3244 1307 3308 occideretur.
1360 3243 1670 3317 Secundo,
1724 3243 1955 3305 cedens
2010 3242 2209 3306 furori
2270 3243 2388 3304 He-

895 3345 1087 3407 rodis.
1127 3345 1203 3406 Ut
1251 3344 1421 3406 enim
1474 3343 1537 3404 in
1587 3341 1871 3405 Matthaeo
1918 3341 2174 3422 legitur,
2207 3342 2386 3404 Jesus

892 3443 1106 3505 audita
1143 3442 1557 3506 decollatione
1584 3441 1863 3515 loannis,
1896 3440 2048 3502 fecit
2084 3460 2228 3522 quae
2254 3441 2385 3522 jam

894 3540 1087 3603 refert
1118 3540 1538 3622 Evangelista.
1574 3539 1803 3614 Tertio,
1842 3547 1909 3601 ut
1947 3540 2245 3621 discipuli
2284 3540 2384 3602 sui

895 3648 1036 3721 post
1064 3638 1345 3702 laborem
1377 3638 1711 3720 paululum
1744 3645 2155 3719 repausarent
2187 3657 2200 3700 ε
2234 3638 2387 3719 quia

851 3788 862 3804 .
896 3745 962 3800 ut
1002 3737 1304 3800 scribitur
1348 3737 1413 3799 in
1451 3736 1675 3812 Marco,
1712 3735 1903 3798 Erant
1945 3737 2057 3818 qui
2106 3736 2283 3799 ibant
2325 3743 2388 3799 et

2497 2749 2734 2811 Marcus
2775 2755 3060 2820 testatur,
3093 2768 3296 2830 quum
3335 2750 3779 2830 cognovissent
3815 2750 3982 2831 quod
4033 2769 4214 2815 uma,

2491 2847 2671 2909 Jesus
2719 2855 2905 2921 esset,
2953 2848 3029 2910 de
3077 2847 3376 2910 omnibus
3427 2847 3791 2910 civitatibus
3841 2836 4069 2910 con-³³·

2496 2954 2833 3008 currerunt
2880 2947 3055 3020 illuc,
3099 2955 3164 3008 et
3213 2955 3658 3028 praevenerunt
3705 2945 3984 3028 discipu-

2497 3046 2588 3108 los
2639 3045 2892 3109 Christi.
2943 3045 3010 3107 In
3058 3064 3188 3126 quo
3237 3053 3407 3127 patet
3452 3044 3706 3108 fervens
3765 3063 3980 3108 eorum

2494 3145 2573 3206 ad
2603 3143 2920 3207 Christum
2959 3141 3236 3217 affectio,
3269 3162 3344 3206 ac
3383 3152 3676 3225 prompta
3710 3143 3980 3216 devotio,

2495 3242 2718 3304 saltem
2761 3243 3205 3325 quorumdam.

2575 3343 2795 3403 Subiit
2831 3361 2978 3418 erqo
3021 3343 3093 3402 in
3135 3352 3410 3403 montem
3445 3344 3648 3413 Iesus,
3692 3348 3763 3403 ut
3808 3341 3980 3404 locus
4103 3351 4132 3404 3

2495 3439 3017 3521 corresponderet
3054 3439 3276 3502 locato.
3309 3438 3594 3502 Christus
3633 3439 3808 3501 enim
3849 3459 3982 3522 pro-

2497 3546 2636 3619 pter
2682 3537 3097 3600 sanctissimas
3145 3537 3290 3601 vitae
3335 3538 3799 3612 excellentiam,
3843 3558 3982 3622 pro-

2498 3643 2638 3718 pter
2697 3635 3153 3699 miraculorum
3218 3637 3652 3710 eminentiam,
3727 3647 3982 3719 propter

2496 3735 3050 3817 contemplationis
3087 3735 3552 3810 celsitudinem,
3588 3744 3848 3818 propter
3887 3755 3983 3798 ca-

894 3837 1205 3910 redibant‚
1238 3845 1301 3900 et
1340 3854 1457 3898 nec
1496 3835 1771 3918 spatium
1815 3836 2238 3897 manducandi
2279 3837 2388 3898 ha·
2416 3839 2459 3903 C
2497 3834 2698 3897 ritatis
2755 3835 3174 3916 omniumque
3221 3834 3530 3897 virtutum
3591 3835 3983 3916 incompara-

893 3935 1148 3998 bebant.
1182 3936 1355 3998 Unde
1394 3935 1679 3999 Christus
1719 3935 1806 3996 ait
1850 3933 2184 4016 discipulis
2229 3953 2242 3996 :
2277 3934 2388 3995 Ve-

895 4036 1025 4097 nite
1073 4053 1357 4098 seorsum
1408 4034 1471 4095 in
1524 4034 1843 4095 desertum
1894 4033 2127 4107 locum,
2177 4040 2238 4095 et
2288 4051 2387 4095 re-

892 4132 1204 4214 quiescite
1249 4131 1580 4214 pusillum.

974 4235 1059 4293 Ec
1104 4233 1485 4312 sequebatur
1522 4252 1671 4293 eum
1720 4233 2071 4293 multitudo
2120 4251 2386 4308 magna,

891 4331 1049 4410 quia
1088 4331 1390 4391 videbant
1426 4332 1640 4407 siqua,
1675 4330 1795 4392 hoc
1836 4336 1932 4390 est
1976 4328 2386 4391 miraculosas

893 4427 1275 4503 curationeS‚
1308 4449 1451 4508 quae
1488 4429 1769 4506 faciebat
1804 4447 1996 4505 super
2026 4429 2150 4495 lais,
2186 4427 2248 4489 id
2293 4435 2388 4490 est

892 4528 958 4590 in
992 4527 1083 4590 eis
1114 4527 1503 4602 hominibus,
1537 4529 1655 4607 qui
1684 4529 2220 4604 infirmabantur.
2247 4526 2388 4590 Haec

892 4626 1015 4688 fuit
1046 4645 1171 4689 una
1200 4626 1359 4688 ratio
1398 4625 1479 4689 ob
1518 4644 1710 4708 quam
1752 4625 2184 4706 sequebantur
2213 4643 2382 4688 eum.

894 4725 1135 4788 Diversi
1196 4731 1406 4787 tamen
1466 4724 1739 4787 diversis
1805 4724 1883 4785 de
1948 4723 2156 4784 causis
2215 4723 2391 4786 Chri-

896 4833 1063 4886 stum
1116 4823 1529 4905 corporaliter
1578 4821 2057 4904 sequebantur:
2100 4821 2384 4903 quidam,

2496 3932 2691 3995 bilem
2739 3933 3219 4005 sublimitatem,
3263 3951 3444 3996 mons
3485 3932 3864 4015 appellatur.
3903 3935 3982 3995 De

2495 4051 2624 4112 quo
2681 4049 2795 4114 per
2842 4031 3165 4094 Danielem
3221 4033 3545 4105 asseritur,
3597 4033 3770 4113 quod
3823 4032 3982 4114 lapis
4019 4047 4209 4095 mum-

2493 4129 2812 4192 abscissus
2851 4131 2991 4192 sine
3027 4130 3344 4205 manibu5‚
3380 4131 3579 4192 crevit
3609 4131 3673 4192 in
3704 4139 3980 4194 montem
4008 4117 4066 4157 ³⁵·

2497 4247 2820 4310 magnum,
2871 4229 3294 4311 implevitque
3349 4229 3707 4291 universam
3767 4249 3983 4312 super·

2498 4328 2711 4390 ficiem
2753 4335 2954 4390 terrae.
2984 4327 3157 4390 Mons
3195 4345 3344 4408 ergo
3381 4329 3665 4390 ascendit
3703 4328 3766 4390 in
3807 4347 3984 4391 mon-

2497 4435 2646 4499 tem,
2681 4425 2954 4508 implens
2993 4427 3071 4487 ad
3109 4425 3384 4516 litteram
3425 4424 3581 4487 illud
3620 4427 3791 4507 quod
3831 4426 3983 4488 dici-

2497 4533 2602 4586 tur
2641 4543 2754 4608 per
2791 4524 3012 4586 lsaiam
3047 4542 3061 4587 :
3093 4522 3297 4605 Super
3337 4531 3618 4586 montem
3661 4524 3982 4588 excelsum
4037 4539 4195 4586 12:12⁹·

2496 4624 2786 4692 ascende,
2821 4630 2887 4684 tu
2938 4622 3051 4704 qui
3098 4621 3488 4702 evangelizas
3536 4620 3710 4685 Sion.
3757 4622 3987 4686 Ascen-

2499 4721 2591 4784 dit
2619 4739 2767 4802 ergo
2799 4721 2864 4783 in
2897 4728 3199 4794 montem,
3218 4721 3332 4802 qui
3363 4727 3456 4782 est
3486 4721 3660 4784 locus
3691 4721 3983 4794 orationi,

2501 4819 3017 4902 contemplationi
3070 4819 3602 4901 instructionique
3658 4827 3870 4902 aptuS,
3925 4827 3986 4881 ut

598 4947 868 4998 uanam,
899 4932 969 4985 ut
1014 4923 1258 5005 aliquid
1316 4921 1829 5005 reprehensionis
1888 4921 1952 4982 in
2012 4920 2226 4982 verbis
2283 4929 2391 4984 aut
2499 4924 2563 4980 et
2604 4937 2717 4981 nos
2757 4918 3051 4981 similiter
3089 4917 3396 4980 faciamus
3436 4926 3719 5000 tempore
3760 4937 3988 5001 oppor-

601 5013 651 5052 ts
684 5014 776 5053 ele

602 5137 671 5178 st.

600 5242 769 5286 Mami.
786 5256 871 5292 xix.

900 5119 1193 5182 Pharisaei
1238 5127 1298 5181 et
1341 5118 1575 5183 Scribae
1618 5119 1959 5199 invidiosi3
2003 5118 2286 5200 quidam,
2323 5126 2392 5180 ut

901 5219 1368 5281 instruerentur
1415 5225 1477 5279 et
1517 5217 1710 5280 vitam
1761 5236 1940 5279 suam
1979 5217 2389 5298 corrigerent,

904 5325 973 5379 ut
1010 5316 1275 5379 studiosi
1314 5335 1387 5378 ac
1426 5315 1848 5398 poenitentes3
1881 5315 2165 5396 quidam,
2201 5323 2271 5378 ut
2315 5315 2394 5377 si-

598 5073 703 5116 Luc·
729 5022 868 5124 ἐξὲξ
897 5021 1145 5084 actibus
1206 5021 1345 5102 ejus
1405 5020 1788 5093 invenirent,
1849 5020 2389 5101 quemadmodum
2421 5019 2470 5082 D
2501 5026 2667 5080 tuno.
2683 5016 3131 5098 Opportunitas
3162 5017 3457 5099 equidem
3486 5017 3608 5080 loci
3641 5016 3986 5099 plurimum

2501 5115 2747 5179 confert
2793 5117 2871 5178 ad
2921 5115 3342 5179 devotionem.
3387 5115 3686 5178 Ascendit
3731 5133 3984 5197 quoque

2500 5216 2566 5278 in
2619 5221 2921 5288 montem,
2957 5216 3187 5278 docens
3227 5234 3341 5279 nos
3381 5233 3496 5278 suo
3535 5215 3830 5297 exemplo
3867 5224 3986 5276 ter-

2503 5333 2656 5378 rena
2694 5314 2813 5376 ista
2848 5320 3039 5396 atque
3077 5312 3353 5376 carnalia
3387 5312 3725 5393 abjectare,
3759 5321 3824 5377 et
3863 5331 3984 5377 οω-
