4300 6259
632 876 761 918 Rom.
779 886 863 923 xiv,

601 939 663 989 1ος
691 936 728 979 ll
755 936 861 980 Cor.

599 1014 643 1051 v,
667 1002 730 1041 10.

601 1063 616 1105 l
636 1062 741 1106 Cor.
754 1068 811 1111 ινς
821 1064 862 1103 ⁵.

597 1169 772 1214 Mami.
784 1180 858 1219 ιιι,

596 1235 665 1276 36.

597 1867 730 1974 dbia.
744 1880 856 1916 svm.

626 2178 740 2208 vers.
764 2165 830 2205 ¹⁵.

891 468 1012 535 432

1653 486 2002 535 mannifluo
2045 488 2107 533 IN
2147 486 2288 534 CAP.
2334 487 2444 533 vm
2485 488 2759 535 maurus.
2804 507 2885 519 —
2928 488 3069 535 Am.
3116 490 3245 535 xxu

885 679 1053 728 aare,
1092 678 1203 723 vos
1244 660 1415 741 ipsos
1458 659 1880 742 reprobandO,
1924 657 2050 721 nisi
2092 657 2387 721 conversi
2418 659 2471 721 A
2578 659 2766 719 Dixit
2803 680 2951 737 erqo
2990 662 3083 721 eis
3118 663 3323 729 Jews,
3356 661 3476 723 hoc
3518 668 3618 721 est
3657 660 3787 722 illis
3830 678 3997 742 quos
4112 680 4171 733 23

889 756 1138 819 fueritis
1185 760 1262 821 ad
1323 777 1447 821 me.
1501 758 1630 821 Hoc
1677 758 1798 820 erit
1858 757 1922 819 in
1974 758 2076 819 die
2131 756 2383 838 judicii,

891 859 1146 939 quando
1174 876 1394 921 omnes
1435 858 1693 920 stabunt
1727 864 1872 919 ante
1902 856 2181 919 tribunal
2214 855 2390 918 Chri-

892 954 994 1029 sti,
1029 956 1140 1037 qui
1185 964 1338 1018 tunc
1378 955 1768 1019 illuminabit
1807 954 2179 1017 abscondita
2216 961 2390 1016 tene-

889 1052 1172 1128 brarum,
1233 1063 1297 1117 et
1357 1053 1791 1117 manifestabit
1852 1053 2118 1116 consilia
2178 1052 2385 1115 cordi-

893 1171 1024 1227 um,
1075 1161 1266 1235 atque
1322 1154 1399 1215 de
1447 1153 1620 1217 omni
1671 1151 1866 1215 verbo
1922 1151 2122 1215 otioso
2180 1150 2388 1231 exiget

891 1250 1220 1325 rationem,
1258 1252 1346 1313 nil
1378 1251 1808 1314 indiscussum
1847 1249 2239 1332 relinquens.
2276 1248 2391 1310 Ve-

891 1359 1271 1426 rumtamen,
1305 1370 1383 1412 an
1429 1349 1642 1413 omnia
1684 1349 1804 1411 ista
1847 1346 2007 1410 fient
2051 1346 2255 1411 vocali
2299 1346 2391 1410 lo-

889 1449 1163 1525 cutione,
1201 1448 1300 1512 vel
1342 1447 1601 1511 mentali
1647 1448 1994 1525 dumtaxat,
2036 1452 2241 1508 exstat
2288 1446 2387 1507 in-

888 1556 1154 1610 certum.
1207 1548 1321 1610 Per
1369 1548 1488 1611 hoc
1544 1554 1756 1609 autem
1805 1545 1976 1627 quod
2034 1545 2144 1619 ait,
2196 1543 2389 1605 Multa

887 1646 1089 1710 habeo
1147 1648 1223 1709 de
1277 1646 1457 1710 vobis
1513 1644 1820 1727 judicare,
1876 1642 2157 1705 insinuat
2213 1643 2386 1724 quod

885 1744 1197 1825 judicium
1240 1744 1490 1809 distulit
1527 1761 1730 1825 usque
1768 1743 1846 1805 ad
1886 1743 2241 1804 secundum
2278 1742 2387 1803 ad·-

2498 758 2674 820 novit
2704 760 3159 823 convertendos
3188 761 3266 822 ad
3296 778 3384 821 se.
3416 759 3484 821 In
3516 760 3631 821 hac
3658 760 3834 821 enim
3865 765 3999 819 tur-

2496 854 2578 917 ba
2623 856 2885 919 fuerunt
2942 859 3234 921 nonnulli
3289 859 3496 934 electi,
3548 858 3786 940 quibus
3834 877 3997 940 prae-

2498 955 2659 1017 dixit
2695 956 2987 1019 ordinem
3026 957 3459 1021 conversionis
3498 976 3745 1020 eorum.
3780 960 3997 1026 Quum

2494 1058 2713 1115 eoealta
2724 1057 2942 1117 veritis
2970 1058 3225 1118 Filium
3252 1058 3560 1124 hominis,
3592 1056 3656 1118 id
3684 1064 3801 1129 est,
3828 1063 3997 1137 post·

2497 1172 2689 1234 quam
2731 1154 3059 1216 erexeritis
3098 1162 3163 1217 et
3198 1154 3592 1219 confixeritis
3634 1172 3739 1216 me
3778 1154 3843 1216 in
3889 1174 3997 1236 pa-

2498 1252 2702 1314 tibulo
2761 1253 2989 1327 crucia,
3046 1264 3200 1315 tunc
3253 1256 3630 1330 coynoscetis
3676 1256 3837 1331 quia
3884 1272 3995 1329 690

2495 1372 2637 1412 sum
2688 1351 2995 1426 ChristuS,
3029 1351 3227 1414 Filius
3275 1351 3407 1413 Dei.
3440 1350 3578 1415 Mox
3620 1353 3789 1413 enim
3837 1352 3994 1414 dum

2497 1449 2783 1512 Christus
2829 1450 3127 1532 spiritum
3178 1450 3559 1525 tradidisset,
3602 1449 3755 1512 visis
3802 1449 3998 1511 mira-

2497 1548 2738 1611 bilibus
2798 1568 2943 1631 quae
3005 1558 3291 1632 tempore
3357 1568 3488 1612 suae
3550 1549 3992 1632 suspensionis

2496 1646 2739 1709 fiebant
2781 1648 2849 1710 in
2890 1648 3050 1713 coelo
3089 1656 3151 1711 et
3191 1648 3257 1711 in
3300 1656 3465 1709 terra
3500 1648 3580 1710 ab
3620 1649 3773 1711 hora
3814 1655 3994 1710 sexta

2498 1764 2701 1827 usque
2746 1764 2999 1821 nonam,
3034 1746 3219 1809 multi
3258 1745 3622 1827 compuncti
3662 1754 3813 1808 3661
3856 1764 3995 1809 601-
4068 1767 4205 1810 uani.

889 1852 1173 1919 ventum,
1206 1844 1360 1927 quia
1395 1843 1462 1905 in
1503 1841 1710 1925 primo
1746 1840 1918 1905 venit
1957 1840 2223 1920 salvare,
2256 1858 2383 1903 non
2421 1839 2469 1905 B
2498 1847 2596 1920 de,
2644 1852 2706 1907 et
2752 1844 3223 1909 confitebantur
3257 1844 3469 1907 Jesum
3520 1844 3717 1907 fuisse
3765 1863 3993 1908 verum
4018 1844 4127 1881 *Μ’
4162 1832 4214 1871 ⁵⁴·

889 1944 1228 2026 reprobare
1271 1961 1382 2005 seu
1426 1942 1869 2005 condemnare.

971 2042 1273 2124 Denique,
1324 2041 1628 2124 quoniam
1680 2038 1870 2121 paulo
1918 2044 2064 2101 ante
2107 2037 2240 2117 jam
2291 2037 2384 2099 di·-

887 2140 1000 2214 xit,
1063 2140 1188 2222 Ego
1246 2159 1373 2203 non
1429 2139 1647 2221 judico
1702 2155 2143 2219 quemquam3
2211 2153 2383 2197 nunc

885 2257 1036 2302 vero
1077 2239 1368 2314 asseruit,
1401 2238 1590 2300 Multa
1632 2236 1834 2299 haheo
1872 2237 1950 2298 de
1991 2233 2172 2298 vobis
2214 2233 2384 2314 judi-

884 2355 1027 2399 care
1061 2357 1074 2400 :
1115 2357 1196 2401 ne
1225 2337 1421 2401 Judaei
1457 2334 1832 2417 objicerent,
1865 2334 2070 2395 Verba
2107 2341 2219 2396 tua
2256 2332 2379 2395 sibi

883 2436 1160 2500 invicem
1210 2436 1522 2501 contraria
1561 2442 1709 2497 sunt
1753 2442 1816 2497 et
1863 2434 2187 2507 mendosa,
2232 2432 2382 2494 sub-

823 2548 832 2557 '
882 2537 1088 2599 didit:
1124 2541 1256 2599 Sed
1302 2538 1418 2617 qui
1469 2556 1564 2597 me
1612 2535 1815 2606 misit,
1857 2532 2158 2595 videlicet
2203 2531 2383 2595 Pater

585 4049 790 4102 2661611,
807 4052 847 4093 3.

671 4733 744 4788 27

580 5230 598 5276 1
612 5202 845 5285 baldau.

881 2644 1177 2710 aeternus‚
1231 2656 1431 2697 verax
1477 2645 1566 2696 esc
1616 2633 1681 2696 in
1733 2650 1801 2695 se
1858 2632 2021 2713 ipso,
2075 2637 2381 2713 tanquam

879 2735 1301 2797 essentialiter
1340 2733 1570 2796 veritas
1615 2730 2268 2812 exemplaris,‚prima
2308 2749 2383 2793 66

882 2851 1062 2916 pura,
1097 2852 1287 2897 verax
1331 2849 1590 2915 quoque
1634 2830 1699 2892 in
1747 2828 1958 2893 verbis
2009 2835 2071 2891 et
2115 2829 2382 2911 promis-

882 2934 1011 3013 sis3
1051 2943 1111 2994 et
1146 2953 1257 3011 eqo
1297 2952 1439 3013 quae
1475 2931 1713 2992 audivi
1749 2930 1830 2991 ab
1856 2948 1952 2998 ee,
1983 2928 2103 2991 hoc
2141 2936 2239 2989 est
2277 2946 2380 2990 ve—

2496 1951 2559 2005 et
2597 1952 2907 2006 sanctum.
2942 1944 3116 2006 Unde
3156 1943 3387 2024 legitur
3426 1944 3491 2005 in
3522 1942 3689 2005 Luca
3721 1962 3735 2005 ε
3770 1942 3993 2007 Omnis
4030 1964 4125 2007 Luc.
4146 1976 4231 2003 m.

2496 2042 2683 2103 turba
2724 2060 2947 2105 eorum
2990 2041 3103 2123 qui
3142 2043 3423 2116 aderant,
3462 2041 3597 2104 viso
3639 2049 3823 2103 terrae
3862 2060 3995 2106 mo-
4017 2030 4080 2070 ⁴⁸⁴

2496 2147 2563 2201 tu
2612 2148 2675 2201 et
2722 2139 2821 2202 his
2881 2158 3025 2221 quae
3082 2138 3344 2215 fiebant,
3401 2139 3825 2221 percutientes
3890 2158 3995 2222 pe-

2496 2245 2666 2301 ctora
2712 2256 2827 2299 sua
2869 2237 3370 2300 revertebantur.
3416 2236 3721 2300 Similiter
3768 2239 3837 2301 in
3888 2238 3993 2301 die

2494 2336 2887 2400 pentecostes
2916 2344 2979 2398 et
3017 2345 3254 2418 postea,
3290 2336 3491 2399 multa
3521 2336 3722 2399 millia
3747 2337 3995 2401 Judaeo-
4038 2358 4229 2402 Aea-m·

2493 2456 2637 2499 rum
2668 2456 2781 2519 per
2820 2436 3331 2520 praedicationem
3362 2438 3805 2520 Apostolorum
3844 2458 3992 2501 con·
4018 2424 4125 2471 m&

2493 2555 2675 2599 versa
2714 2544 2883 2611 sunt,
2928 2536 2993 2597 in
3034 2542 3279 2599 tantum
3329 2538 3501 2618 quod
3550 2537 3739 2599 etiam
3785 2538 3994 2600 multa
4018 2554 4125 2599 laid.
4146 2557 4228 2603 ns.
4263 2604 4264 2619 ἒ

2494 2635 2680 2698 161116
2718 2636 3113 2699 sacerdotum
3157 2634 3495 2698 obediebat
3532 2634 3708 2697 fidei.

2579 2736 2659 2797 Et
2706 2756 2747 2795 α
2798 2755 2895 2795 me
2943 2735 3082 2812 ipso
3130 2735 3304 2811 facio
3352 2735 3553 2805 nihil,
3604 2734 3668 2796 id
3724 2742 3843 2809 est,
3900 2734 3995 2796 nil

2495 2832 2750 2915 penitus
2778 2850 2896 2913 ago
2926 2832 3048 2894 nisi
3082 2850 3197 2914 per
3227 2832 3527 2894 virtutem
3560 2831 3716 2894 mihi
3746 2852 3783 2893 a
3813 2832 3995 2895 Patre

2495 2931 2807 3007 collatam,
2859 2950 2896 2992 a
2943 2922 3073 3012 quo
3122 2930 3323 2993 habeo
3372 2930 3689 3013 quidquid
3736 2950 3885 2993 sum
3934 2940 3999 2993 et

881 3033 1132 3095 ritatem
1172 3050 1366 3114 quam
1405 3029 1485 3092 ab
1532 3028 1670 3110 ipso
1707 3026 1948 3109 accepi,
1983 3029 2116 3089 hoec
2158 3028 2379 3106 loquor
2418 3028 2465 3092 ss
2495 3029 2697 3094 habeo
2736 3030 3087 3093 secundum
3130 3038 3467 3111 utramque
3506 3038 3837 3111 naturam;
3885 3033 3997 3091 sed

879 3133 952 3193 in
994 3134 1260 3199 mundo,
1293 3130 1357 3192 id
1391 3136 1508 3202 est,
1544 3125 1914 3190 hominibus
1955 3124 2251 3207 praedico,
2286 3125 2381 3187 id-

879 3230 1050 3293 circo
1100 3248 1224 3293 non
1285 3228 1577 3291 mentior.
1630 3225 1867 3287 Audire
1915 3233 2127 3286 autem
2178 3225 2380 3305 magis

879 3328 1138 3411 proprie
1185 3326 1490 3409 competit
1537 3324 1786 3388 Christo
1843 3323 2197 3386 secundum
2262 3322 2383 3385 hu-

877 3428 1244 3492 manitatem
1274 3445 1468 3509 quam
1500 3424 1922 3489 divinitatem.
1955 3422 2135 3497 Nam,
2175 3430 2243 3484 ut
2270 3422 2381 3485 ho-

877 3548 1005 3603 mo,
1056 3527 1301 3591 audivit
1355 3544 1393 3587 a
1450 3525 1645 3599 Patre,
1700 3524 1763 3586 id
1821 3530 1938 3598 est,
1993 3541 2069 3584 ex
2128 3522 2381 3584 interna

876 3627 1074 3689 Patris
1123 3623 1563 3709 inspiratione,
1607 3640 1759 3685 aure
1808 3622 2016 3685 cordis
2067 3621 2375 3703 percepit,

878 3726 1147 3790 advertit
1176 3744 1248 3787 ac
1280 3723 1503 3801 didicit
1530 3720 1847 3805 quidquid
1881 3720 2022 3782 scit.
2057 3718 2166 3782 Est
2206 3719 2379 3781 enim

881 3826 1114 3890 locutio
1153 3825 1437 3900 interior,
1469 3842 1615 3905 quae
1648 3820 1934 3883 interiori
1973 3820 2194 3899 aud-itu
2236 3837 2381 3901 per-

875 3925 1138 4007 cipitur,
1172 3944 1299 4006 qua
1337 3923 1499 3985 Deus
1539 3929 1600 3984 et
1628 3920 1836 4002 angeli
1877 3919 2232 4001 loquuntur
2270 3917 2381 3981 ho-

880 4023 1185 4086 minihus.
1221 4023 1394 4085 Unde
1438 4029 1502 4083 et
1550 4019 1878 4083 Zacharias
1928 4017 2016 4080 ait
2049 4035 2062 4079 :
2096 4016 2377 4098 Angelus

879 4124 994 4205 qui
1043 4121 1422 4204 loquebatur
1471 4121 1537 4183 in
1587 4138 1712 4195 me,
1755 4116 2222 4199 egrediebatur.
2268 4114 2375 4177 Ni-

2491 3132 2659 3191 sicut
2702 3131 2922 3191 docuit
2971 3150 3071 3190 me
3112 3130 3336 3199 Pater,
3379 3128 3444 3191 id
3493 3136 3589 3191 est
3637 3129 3993 3191 secundum

2492 3227 2869 3309 sapientiam
2921 3227 3081 3289 mihi
3124 3245 3162 3288 a
3204 3226 3381 3289 Patre
3429 3227 3989 3303 communicatam,

2489 3328 2623 3387 koec
2654 3330 2877 3407 loquor
2904 3344 3049 3407 quae
3080 3326 3325 3407 loquor.
3359 3325 3576 3389 Doceri
3613 3332 3825 3388 autem
3858 3344 3995 3387 ma-

2488 3424 2585 3504 gis
2636 3424 2934 3488 convenit
2979 3424 3228 3488 Christo
3271 3423 3339 3486 in
3382 3431 3693 3505 quantum
3731 3431 3829 3486 est
3878 3425 3991 3487 ho-

2491 3542 2616 3599 mo,
2651 3542 2843 3606 quam
2886 3524 3239 3586 secundum
3277 3522 3629 3585 divinitatis
3666 3532 3983 3597 naturam,

2489 3622 2783 3703 quamvis
2826 3629 2890 3683 et
2938 3623 3288 3684 secundum
3330 3621 3493 3683 hanc
3540 3620 3757 3702 aliquo
3794 3622 3987 3685 modo

2490 3721 2613 3783 sibi
2671 3719 3029 3783 conveniat.
3081 3703 3280 3782 Filius
3337 3719 3508 3781 enim
3558 3719 3689 3795 Dei,
3741 3720 3857 3802 qui
3906 3720 3985 3782 ad

2488 3819 2609 3882 1106
2652 3826 2930 3881 nostram
2979 3817 3325 3899 assumpsit
3366 3825 3677 3892 naturam,
3712 3825 3775 3879 et
3818 3817 3988 3880 inter
4026 3834 4220 3879 mh·-
4261 3894 4262 3901 ἵ

2490 3937 2603 3980 663
2642 3918 3001 3981 666ν613611
3033 3917 3326 3997 dignatus
3348 3924 3472 3991 est,
3509 3923 3577 3977 ut
3617 3935 3731 3979 nos
3760 3918 3839 3979 ad
3880 3938 3989 3979 36-
4014 3902 4075 3941 ³⁸·

2489 4016 2953 4100 perbenedictae
2991 4015 3314 4078 Trinitatis
3364 4014 3790 4096 cognitionem
3837 4034 3987 4098 per-

2487 4117 2747 4178 duceret
2772 4114 2979 4196 (juxta
3015 4114 3172 4177 illud
3210 4134 3223 4177 :
3258 4112 3505 4177 Scimus
3542 4113 3845 4195 quoniam
3888 4115 3986 4177 Fi·
4023 4129 4217 4174 unm.
4260 4072 4262 4161 1

881 4222 1014 4285 11116
1061 4222 1298 4296 611663,
1348 4220 1570 4283 66(1116
1626 4217 1930 4300 competit
1978 4216 2226 4279 Christo
2282 4214 2455 4277 se-l)
2488 4212 2612 4275 lius
2662 4213 2769 4275 Dei
2813 4212 3006 4288 venit,
3050 4220 3114 4275 et
3156 4213 3330 4275 dedit
3374 4212 3557 4275 nobis
3608 4230 3867 4276 sensum
3916 4221 3985 4275 ut
4008 4204 4071 4246 ²⁰·

880 4322 1162 4385 cundum
1191 4319 1612 4393 divinitatem,
1647 4315 2148 4391 immaterialiter
2179 4321 2241 4377 et
2275 4332 2379 4376 ve-

881 4438 948 4483 re
991 4416 1746 4502 incomprehensibiliter.
1783 4414 1885 4477 Sic
1933 4414 2104 4476 enim
2153 4412 2375 4475 audire

879 4519 1044 4595 Filii,
1088 4525 1182 4582 est
1228 4534 1343 4601 per
1384 4515 1856 4599 generationem
1906 4531 1944 4575 a
1990 4511 2167 4574 Patre
2214 4511 2377 4574 acci-

880 4637 1032 4701 pere
1072 4626 1268 4682 totam
1310 4614 1688 4699 sapientiam
1730 4611 1949 4674 Patris.

882 4738 891 4743 ·
959 4722 1044 4781 Ec
1099 4738 1231 4779 non
1277 4722 1712 4794 coqnoverunc
1764 4710 1984 4785 Judaei,
2037 4712 2199 4791 quia
2243 4712 2378 4771 Pa-

879 4828 1039 4879 trem
1095 4836 1289 4878 suam
1342 4816 1433 4874 eis
1487 4815 1737 4874 dicebat
1784 4813 2017 4880 Deum,
2065 4809 2376 4871 sumendo

876 4917 1076 4978 Deum
1121 4912 1558 4997 personaliter,
1603 4929 1728 4974 non
1773 4907 2216 4972 essentialiter.
2260 4906 2376 4968 Per

876 5015 1049 5097 quod
1116 5012 1511 5094 Evangelista
1571 5009 1847 5072 declarat
1912 5008 2249 5069 ruditatem
2312 5012 2377 5067 et

877 5113 1219 5177 caecitatem
1261 5112 1539 5175 illorum.
1575 5108 1866 5173 Carnales
1897 5104 2073 5169 enim
2101 5110 2281 5167 erant
2312 5111 2375 5165 et

875 5212 1202 5287 animaleS,
1265 5230 1392 5275 non
1451 5208 1876 5294 percipientes
1931 5223 2006 5268 ea
2060 5222 2207 5287 quae
2263 5202 2371 5266 Dei

877 5319 1050 5375 sunt.

2488 4330 2941 4393 cognoscamus
2988 4310 3184 4373 Deum
3226 4310 3497 4391 verum),
3532 4310 3747 4373 divina
3786 4320 3851 4374 et
3890 4312 3985 4375 in-

2488 4409 3091 4492 comprehensibilia
3126 4428 3271 4490 quae
3309 4409 3374 4471 in
3416 4428 3530 4471 sua
3568 4410 3843 4492 puritate
3884 4430 3984 4473 ca—

2488 4528 2639 4593 pere
2706 4527 2831 4572 non
2899 4508 3208 4583 valemuS,
3273 4508 3566 4589 dignatus
3632 4516 3727 4570 est
3794 4509 3981 4573 nobis

2486 4608 2845 4691 exprimere
2894 4608 3082 4671 modo
3132 4607 3431 4683 humano,
3482 4607 3667 4670 nobis
3716 4626 3983 4691 propor-

2484 4710 2723 4772 tionato
2771 4714 2833 4769 et
2876 4714 3369 4788 contemperato.
3404 4706 3635 4788 Sicque
3674 4707 3982 4769 emanati-

2486 4825 2638 4871 ones
2670 4806 3029 4870 divinarum
3060 4804 3473 4869 Personarum
3506 4806 3583 4868 ad
3615 4806 3781 4868 intra
3810 4815 3980 4869 61161-

2486 4927 2597 4969 663
2627 4925 2701 4968 66
2740 4904 3270 4988 simplicissimas.
3305 4905 3608 4968 reseravit
3640 4924 3753 4988 per
3784 4906 3977 4969 verba

2486 5003 2811 5087 praeteriti,
2871 5003 3200 5086 praesentis
3257 5002 3589 5084 futurique
3644 5005 3971 5087 temporis,

2484 5122 2629 5185 quae
2674 5110 2885 5165 tamen
2942 5101 3221 5183 aliquam
3272 5101 3823 5182 imperfectionem
3880 5104 3976 5165 in-

2484 5203 2751 5267 cludunt
2796 5220 2869 5265 66
2917 5200 3196 5263 innuunt
3242 5200 3308 5262 in
3350 5218 3425 5264 eo
3466 5200 3569 5263 cui
3618 5201 3975 5264 attribuun-

2479 5310 2607 5364 tur.
2642 5300 2761 5364 Sed
2802 5301 2953 5363 dum
2987 5298 3136 5361 talia
3162 5300 3241 5363 ad
3270 5298 3469 5379 Deum
3498 5299 3967 5381 transferimus»,
