4300 6259
93 811 280 855 Manli.

47 889 159 924 nvi,
183 877 260 916 50.

77 938 200 980 laid.
218 941 292 980 ⁵8.

93 1296 293 1340 Ibidem.

69 1895 226 1936 Marc.
241 1907 268 1934 x

57 1959 98 1998 5¹
111 1987 122 1998 .

84 2197 208 2240 laid.
231 2199 306 2241 54.

159 3256 230 3311 16

165 4154 232 4208 ¹7

1094 529 1446 578 nummulo
1489 529 1552 576 m
1595 529 1732 577 cAP.
1779 527 1929 574 xvm
1971 528 2248 576 JOANMS.
2295 550 2374 562 —
2416 531 2557 578 ΛΒΤ.
2606 531 2755 578 XLIII

3352 511 3468 576 581

364 696 594 760 Iesus?
646 697 930 764 Forsitan
989 700 1154 776 ideo,
1205 701 1359 782 quia
1417 719 1590 762 nunc
1650 696 2096 762 recitatAUbi
2156 700 2352 775 enim,
2403 719 2441 763 o
2498 700 2697 776 Petre,
2759 702 2868 764 ubi
2927 701 3059 782 jam
3117 701 3311 766 verba
3364 708 3473 764 tua

366 793 612 858 factum
651 798 718 860 in
758 818 889 881 quo
927 798 1281 862 infideliter
1318 799 1466 880 egit,
1509 799 1739 880 primo,
1775 797 1872 860 fu-

364 895 602 976 giendo
644 917 682 958 a
721 897 992 972 Christo,
1026 898 1257 961 deinde
1299 917 1337 960 a
1379 898 1564 979 longe
1606 915 1871 978 sequen-

368 994 450 1056 do
485 1013 498 1056 :
537 1002 874 1078 propterea
915 1005 1166 1078 reputat
1201 1015 1270 1058 se
1308 997 1644 1077 indignum
1683 996 1868 1060 solito

367 1092 580 1156 titulo.
643 1093 720 1157 Hi
777 1113 927 1176 ergo
985 1115 1117 1177 prae
1175 1095 1400 1158 ceteris
1461 1094 1662 1156 secuti
1721 1100 1870 1156 sunt

369 1189 720 1267 Christum,
760 1193 914 1275 quia
961 1193 1028 1255 in
1077 1193 1217 1275 ejus
1265 1211 1481 1256 amore
1523 1192 1722 1273 magis
1771 1210 1872 1254 ar-

365 1298 613 1364 serunt,
647 1293 1242 1374 concupieruntque
1280 1293 1494 1357 videre
1531 1309 1724 1373 quem
1763 1309 1872 1352 ex-

366 1387 532 1450 itum
599 1407 700 1451 res
757 1390 897 1472 ipsa
951 1389 1235 1452 haberet.
1296 1389 1594 1463 Quamvis
1654 1389 1870 1470 itaque

369 1486 582 1567 primo
621 1506 768 1549 cum
801 1488 944 1550 aliis
979 1487 1296 1570 Apostolis
1332 1486 1752 1568 aufugissent,
1788 1495 1871 1548 ta-

365 1603 518 1646 men
558 1594 885 1668 assumpta
922 1587 1196 1668 quadam
1238 1586 1265 1647 f
1269 1586 1496 1662 iducia‚
1533 1604 1753 1648 rursus
1785 1603 1874 1648 se-

367 1685 500 1746 cuti
563 1692 714 1746 sunt
765 1686 1000 1748 Jesum.
1051 1685 1293 1748 Marcus
1353 1684 1738 1766 evangelista
1795 1686 1872 1747 de

367 1782 636 1863 sequela
681 1783 937 1847 Joannis
987 1785 1078 1846 nil
1131 1782 1346 1859 refert,
1399 1785 1508 1846 sed
1556 1783 1644 1845 ait
1699 1784 1870 1864 quod

367 1986 557 2041 cutus
616 1979 700 2040 sit
755 1979 1096 2067 Christum.
1151 1979 1348 2053 Quem
1404 1979 1869 2042 adolescentem

367 2077 571 2158 aliqui
625 2085 918 2140 asserunt
974 2077 1174 2140 fuisse
1220 2078 1521 2141 Joannem
1575 2096 1588 2140 :
1645 2097 1872 2159 quam-

369 2176 468 2238 vis
529 2185 748 2258 postea
803 2177 882 2238 de
937 2176 1073 2240 solo
1131 2176 1311 2239 Petro
1366 2177 1554 2248 dicat,
1605 2177 1776 2258 quod
1833 2196 1870 2239 a

366 2274 558 2355 longe
595 2283 853 2337 secutus
899 2275 983 2337 sit
1025 2293 1196 2336 eum.
1230 2277 1610 2354 Discipulus
1651 2285 1868 2336 autem

365 2374 482 2432 ille
527 2381 671 2434 erat
721 2382 912 2434 notus
943 2375 1270 2451 pontifici.
1315 2372 1578 2435 Causam
1629 2372 1869 2436 notitiae

365 2470 604 2534 diversi
673 2470 1122 2542 diversimode,
1169 2471 1426 2533 tradunt
1495 2488 1508 2533 ε
1579 2471 1863 2552 quidam,

361 2570 538 2648 quod
597 2567 970 2651 frequenter
1027 2569 1302 2651 portavit
1362 2567 1568 2651 pisces
1624 2570 1703 2631 ad
1762 2569 1871 2632 do-

365 2685 545 2730 mum
591 2667 830 2748 Annae3
875 2667 1008 2742 alii,
1053 2667 1226 2748 quod
1270 2673 1531 2750 propter
1575 2666 1870 2730 nobilita-

361 2773 496 2827 tem
545 2784 678 2828 suae
726 2766 1040 2848 prosapiae
1086 2764 1297 2827 fuerat
1344 2765 1405 2827 ei
1454 2772 1663 2841 notus,
1716 2765 1870 2847 quia

364 2864 446 2926 de
484 2863 660 2925 tribu
697 2863 854 2927 Iuda
899 2872 961 2927 et
1006 2865 1249 2927 semine
1287 2864 1500 2927 David.
1545 2867 1630 2926 E't
1667 2867 1870 2926 intro-

368 2965 494 3024 ivit
543 2982 694 3022 cum
730 2966 880 3024 Jesu
937 2965 1012 3023 in
1067 2965 1317 3024 atrium
1355 2964 1708 3041 pontifici-5.
1742 2963 1872 3026 An-

1978 815 2123 878 quae
2164 799 2353 880 paulo
2391 806 2537 862 ante
2580 805 2705 862 tam
2752 818 2972 862 secure
3015 799 3233 862 dixisti
3268 818 3282 862 :
3316 798 3476 871 Qua·
3500 813 3767 866 Joanmm.

1979 914 2047 958 re
2095 915 2219 960 non
2275 916 2533 980 possum
2585 904 2647 960 te
2686 899 2866 979 sequi
2907 900 3139 962 modo?
3178 897 3473 960 Animam
3502 879 3570 919 ³⁷·

1979 1013 2188 1056 meam
2229 1015 2343 1078 pro
2390 1004 2452 1058 te
2495 1015 2747 1079 ponam.
2781 996 2911 1059 Etsi
2950 1015 3171 1060 omnes
3214 997 3475 1058 scanda-
3555 1009 3725 1054 uana.

1977 1093 2146 1156 lizati
2185 1092 2441 1168 fuerint,
2472 1113 2588 1176 ego
2616 1115 2946 1176 nunquam
2986 1095 3470 1158 scandalizabor.
3499 1085 3614 1122 ¹¹⁷¹·
3640 1075 3711 1117 ³³·

1979 1191 2265 1274 Itemque
2299 1212 2313 1255 ε
2347 1192 2601 1255 Paratus
2652 1213 2794 1256 sum
2844 1200 3054 1256 tecum
3102 1201 3165 1256 et
3202 1193 3266 1256 in
3308 1212 3477 1257 mor·
3537 1205 3639 1249 Luc.
3666 1219 3767 1256 nu.

1979 1297 2106 1351 tem
2147 1299 2210 1353 et
2249 1291 2313 1353 in
2359 1309 2675 1354 carcerem
2716 1292 2831 1354 ire.
2866 1292 2941 1355 Et
2978 1310 3125 1355 ecce
3163 1311 3289 1355 una
3321 1311 3475 1356 voce
3502 1280 3570 1320 ³³·

1977 1389 2225 1452 ancillae
2261 1389 2543 1470 dejectus
2582 1396 2679 1452 est
2722 1389 2918 1454 Nemo
2957 1409 3106 1472 ergo
3154 1409 3223 1453 se
3257 1389 3471 1471 iactet,

1979 1486 2196 1548 nullus
2241 1494 2601 1569 praesumat,
2643 1488 2859 1550 nullus
2908 1489 3185 1571 propriis
3229 1487 3474 1552 viribus

1982 1583 2311 1646 innitatur.
2356 1587 2631 1647 Stabant
2681 1597 2901 1648 autem
2953 1588 3126 1648 servi
3171 1597 3231 1648 et
3278 1588 3476 1648 mini-

1979 1684 2122 1743 stri.
2144 1682 2271 1746 Hoc
2301 1681 2564 1746 forsitan
2607 1684 2781 1758 dicit,
2806 1685 2959 1766 quia
2999 1692 3061 1746 et
3098 1685 3359 1767 quidam
3397 1685 3475 1747 de

1981 1781 2182 1844 servis
2214 1782 2456 1844 tribuni
2490 1781 2853 1857 adfuerunt,
2886 1790 2950 1845 et
2977 1783 3141 1847 forte
3170 1801 3317 1846 cum
3349 1801 3479 1845 ser-

3611 1593 3681 1650 18

275 1907 334 1942 nv.
365 1881 742 1943 adolescens
798 1883 1060 1962 quidam
1125 1883 1394 1945 amictus
1453 1881 1720 1944 sindone
1777 1898 1872 1942 se-
1907 1880 1955 1943 B
1984 1878 2078 1941 vis
2115 1879 2473 1943 Judaeorum
2518 1888 2851 1943 steterunt.
2876 1884 2985 1943 Ad
3010 1901 3291 1960 prunas,
3316 1883 3477 1962 quia

1977 1979 2199 2055 friyus
2244 1989 2407 2050 erat,
2459 1981 3003 2060 quemadmodum
3052 1998 3221 2062 saepe
3267 1987 3366 2042 est
3410 1979 3476 2041 in

1980 2076 2224 2138 vernali
2282 2077 2686 2158 aequinoctio,
2749 2088 2809 2138 et
2867 2079 3334 2155 calefaciebant
3388 2097 3475 2149 se,

1981 2175 2133 2256 quia
2167 2183 2307 2258 post
2338 2176 2612 2239 mediam
2654 2183 2902 2240 noctem
2944 2185 3199 2259 tempus
3227 2183 3322 2238 θεῖ
3353 2196 3483 2239 ma-

1978 2273 2076 2354 gis
2120 2272 2451 2354 frigidum.
2492 2278 2654 2338 Erat
2692 2286 2911 2337 autem
2951 2296 3101 2336 cum
3139 2278 3232 2336 eis
3270 2285 3329 2336 et
3358 2278 3481 2338 Pe-

1983 2382 2122 2433 trus
2158 2381 2336 2433 stans
2374 2383 2433 2434 et
2470 2376 2859 2452 calefaciens
2894 2395 2959 2434 se
2998 2395 3021 2434 .·
3062 2373 3165 2436 cui
3214 2374 3481 2438 interior

1979 2469 2145 2550 ignis
2205 2477 2437 2534 sanctae
2502 2471 2862 2534 dilectionis
2930 2472 3472 2553 exstinguebatur.

1977 2568 2161 2632 Stetit
2207 2576 2417 2631 autem
2468 2569 2634 2632 inter
2684 2570 3009 2634 ministros
3059 2571 3241 2652 quasi
3290 2571 3477 2634 auda-

1979 2674 2131 2742 cter,
2168 2685 2247 2729 ne
2292 2675 2637 2730 notaretur.

2074 2767 2391 2846 Pontifeoe
2444 2786 2594 2846 erqo
2653 2769 3081 2845 interroqavit
3126 2771 3343 2829 Jesum
3394 2771 3475 2830 de

1975 2865 2323 2943 discipulis
2350 2867 2511 2934 suis,
2546 2885 2660 2928 cur
2700 2866 2800 2928 vel
2842 2866 3161 2947 quomodo
3198 2883 3305 2929 eos
3346 2867 3475 2929 col-

1979 2963 2256 3043 legisset,
2310 2972 2373 3024 et
2430 2963 2541 3026 ubi
2590 2963 2722 3045 jam
2782 2965 3188 3039 mansissent,
3240 2964 3352 3046 qui
3412 2972 3475 3026 et

3613 2779 3681 2834 ¹9

369 3079 518 3122 nam
549 3067 730 3125 vocat
761 3059 1156 3142 pontificem,
1191 3078 1318 3123 non
1348 3060 1499 3143 quia
1530 3067 1682 3123 tunc
1711 3067 1863 3135 erat,
1906 3067 1949 3130 C
1982 3059 2204 3142 quales
2254 3068 2485 3136 essent,
2532 3072 2591 3124 et
2638 3065 2718 3122 de
2762 3062 3062 3123 doctrina
3110 3063 3273 3141 ejus.
3324 3060 3477 3124 Exa-

370 3160 481 3221 sed
525 3158 828 3240 quoniam
875 3166 938 3221 et
979 3167 1124 3220 ante
1165 3166 1227 3220 et
1273 3167 1489 3240 postea
1530 3158 1674 3220 fuit.

449 3261 692 3320 Petrus
746 3267 962 3318 autem
1018 3260 1228 3318 stabat
1284 3261 1372 3318 ad
1427 3259 1663 3318 ostium
1721 3257 1865 3319 atrii

365 3359 559 3434 foris,
593 3374 720 3418 non
763 3357 1028 3430 audenS,
1064 3355 1164 3418 vel
1206 3375 1330 3419 non
1378 3355 1728 3438 permissus
1771 3356 1868 3418 in-

367 3463 558 3518 trare.
614 3455 852 3514 Eoeivic
901 3471 1048 3531 erqo
1097 3455 1211 3512 ille
1267 3454 1631 3531 discipulus
1689 3454 1866 3514 alius

363 3556 484 3634 qui
533 3561 677 3612 erat
725 3560 914 3612 notus
955 3551 1286 3628 pontifici,
1332 3561 1393 3611 et
1443 3552 1620 3610 dimit
1674 3553 1866 3611 ostia-

364 3655 504 3724 riae,
544 3669 772 3731 rogans
814 3666 953 3711 eam
995 3658 1061 3712 ut
1093 3649 1542 3714 intromitteret
1573 3648 1860 3729 Petrum3

361 3762 422 3812 et
463 3750 840 3812 introduoeit
879 3751 1177 3818 Petrum,
1205 3755 1527 3810 annuente
1565 3746 1863 3829 precibus

365 3849 500 3912 suis
549 3846 828 3911 ostiaria.
872 3845 1233 3927 Discipulus
1283 3846 1421 3920 iste,
1465 3846 1719 3927 quando
1769 3846 1865 3907 in-

367 3947 560 4010 travit
607 3965 754 4009 cum
803 3945 968 4019 aliis,
1017 3943 1264 4026 putavit
1309 3945 1481 4026 quod
1530 3943 1746 4006 Petrus
1795 3962 1864 4006 se

369 4051 748 4127 sequeretur
789 4062 803 4106 :
846 4060 1040 4125 quem
1084 4061 1284 4124 quum
1330 4042 1572 4104 videret
1621 4043 1858 4117 deesse,

369 4162 664 4225 egressus
711 4148 808 4204 est
856 4150 924 4204 ut
973 4141 1400 4204 introduceret
1452 4160 1621 4203 eum.
1675 4143 1863 4202 Dioeic

1978 3159 2248 3222 minavit
2297 3159 2511 3240 itaque
2553 3161 2766 3222 Annas
2806 3161 3021 3223 Iesum
3071 3162 3148 3223 de
3199 3160 3471 3236 duobuS,

1978 3257 2278 3321 videlicet
2325 3258 2403 3320 de
2445 3258 2781 3342 discipulis
2821 3259 2976 3334 suiS‚
3017 3278 3091 3322 ac
3134 3260 3477 3322 documen-

1976 3355 2079 3430 tis,
2116 3363 2187 3416 ut
2214 3355 2457 3437 aliquid
2491 3357 2825 3420 calumniae
2856 3357 3173 3419 inveniret
3203 3357 3267 3419 in
3300 3356 3478 3420 Chri-

1977 3455 2056 3516 sti
2097 3454 2443 3536 responsis.
2480 3455 2811 3528 Quaerebat
2846 3455 3039 3536 igitur
3064 3456 3275 3518 Iesum
3316 3456 3474 3537 quid

1976 3552 2317 3615 docuisset.

2063 3650 2421 3727 Respondit
2449 3653 2511 3710 ei
2538 3654 2719 3712 Jesus
2748 3672 2773 3711 .·
2807 3653 2942 3728 E'90
2963 3656 3193 3728 palam
3226 3655 3473 3714 locutus

1973 3769 2117 3809 sum
2158 3751 2423 3809 munde.
2466 3749 2560 3810 Ad
2600 3748 2872 3829 primam
2914 3749 3333 3829 quaestionem
3376 3750 3473 3812 ni-

1977 3846 2067 3908 hil
2119 3846 2465 3927 respondit,
2516 3846 2669 3928 quia
2725 3846 3026 3928 discipuli
3084 3847 3225 3928 ejus
3284 3848 3471 3910 laude

1977 3962 2092 4027 pro
2135 3963 2309 4006 nunc
2353 3943 2527 4025 digni
2572 3963 2699 4008 non
2744 3952 2945 4007 erant.
2988 3944 3081 4008 Ad
3125 3948 3469 4010 secundam

1976 4061 2126 4106 vero
2166 4044 2505 4124 respondet
2538 4062 2553 4107 ε
2596 4042 2723 4124 Ego
2763 4044 2991 4125 palam,
3036 4043 3100 4106 id
3145 4052 3239 4106 est
3280 4044 3344 4106 in
3385 4045 3471 4108 lo-

1975 4142 2066 4204 cis
2110 4140 2410 4223 publiciS,
2455 4159 2609 4205 voce
2654 4159 2973 4224 expressa,
3027 4142 3092 4205 in
3144 4145 3465 4206 communi

367 4262 518 4320 erqo
549 4244 742 4303 Petro
782 4242 1030 4300 ancilla
1069 4241 1394 4300 ostiaria:
1427 4242 1770 4320 Numquid
1803 4249 1862 4300 et
1897 4245 1942 4306 D
1971 4241 2295 4304 audientia
2350 4240 2598 4303 locutus
2656 4259 2797 4302 sum
2860 4242 3118 4316 mundo,
3173 4243 3473 4306 videlicet

371 4351 444 4402 tu
490 4361 572 4400 em
617 4339 964 4415 discipulis
1005 4356 1070 4397 es
1111 4337 1392 4398 hominis
1434 4339 1624 4397 iscius
1654 4341 1685 4397 ?
1735 4336 1863 4399 Hoc
1971 4340 2159 4402 bonis
2197 4347 2259 4401 et
2300 4338 2505 4413 maliS,
2541 4338 2740 4402 doctis
2777 4345 2969 4420 atque
3009 4339 3299 4402 indoctis.
3332 4341 3465 4404 Non

371 4438 608 4502 mulier
665 4433 1131 4517 suspicabatur,
1184 4435 1485 4516 quoniam
1543 4435 1701 4497 vidit
1755 4433 1864 4496 Pe-

369 4544 545 4599 trum
604 4535 827 4597 timide
883 4534 1312 4595 introeuntem
1371 4551 1386 4595 t
1447 4541 1510 4595 et
1567 4531 1728 4596 forte
1785 4551 1862 4595 ex

369 4633 790 4716 dispositione
834 4631 1090 4694 habitus
1134 4631 1232 4692 sui
1276 4632 1515 4695 notavit
1556 4634 1728 4714 quod
1775 4651 1865 4695 es-

369 4741 468 4796 set
505 4734 583 4794 de
621 4731 938 4794 consortio
974 4729 1142 4791 Jesu.
1178 4728 1441 4791 Videtur
1474 4739 1684 4793 autem
1730 4731 1864 4795 haec

369 4831 608 4896 mulier
643 4829 826 4910 quasi
866 4828 1264 4910 compassive
1302 4827 1529 4904 locuta,
1572 4830 1860 4904 dicendo,

370 4928 664 4993 Hominis
701 4926 886 4989 istius
921 4945 935 4989 :
968 4926 1142 5007 quod
1187 4925 1390 4989 nihilo
1430 4927 1644 4990 minus
1684 4927 1868 4989 intel-

374 5029 484 5110 ligi
537 5034 744 5110 potest
791 5024 974 5106 quasi
1026 5024 1394 5105 despective
1440 5025 1702 5088 dictum.
1751 5028 1867 5085 Di-

371 5129 462 5188 cit
505 5130 620 5187 ille
649 5147 674 5187 .·
706 5126 854 5188 Non
889 5143 1054 5184 sum.
1095 5122 1164 5184 In
1209 5140 1340 5203 quo
1384 5131 1554 5205 patet
1593 5122 1868 5186 infirmi-

375 5233 471 5288 tas
529 5223 718 5304 Petri,
776 5230 840 5285 et
894 5239 1118 5285 verum
1185 5239 1324 5283 esse
1389 5222 1558 5303 quod
1629 5223 1869 5285 dixerat

379 5322 668 5387 Christus
710 5342 724 5386 :
774 5321 922 5384 Sine
971 5339 1074 5382 me
1120 5319 1281 5382 nihil
1330 5321 1591 5403 potestis
1638 5321 1866 5384 facere.

1975 4446 2184 4500 tamen
2252 4437 2633 4521 loquebatur
2691 4437 2976 4500 Christus
3046 4455 3299 4521 semper
3362 4459 3471 4522 pa-

1975 4537 2124 4610 lam,
2179 4537 2244 4599 id
2292 4544 2387 4598 est
2435 4536 2621 4618 plane
2677 4537 2751 4598 ad
2801 4535 3287 4617 intelligendum
3335 4546 3471 4600 tur-

1975 4636 2094 4710 bis,
2143 4635 2683 4717 quemadmodum
2728 4635 2815 4696 ait
2859 4634 3192 4717 discipulis
3228 4654 3241 4698 z
3275 4635 3466 4699 Vobis
3499 4653 3761 4770 “stapha

1974 4735 2192 4796 datum
2250 4741 2345 4794 est
2402 4751 2587 4795 nosse
2644 4733 3017 4814 mysterium
3077 4735 3253 4816 regni
3311 4733 3419 4797 Dei
3448 4755 3465 4818 ;
3498 4786 3671 4836 v·==.¹⁰-

1975 4832 2201 4894 ceteris
2251 4839 2461 4893 autem
2521 4830 2587 4893 in
2646 4830 2962 4913 parabolis
3010 4834 3225 4896 omnia
3275 4832 3465 4912 fiunt,

1976 4937 2046 4991 ut
2084 4930 2370 4992 videntes
2413 4947 2539 4992 non
2580 4929 2856 5004 videant,
2890 4937 2953 4991 et
2981 4930 3308 4994 audientes
3339 4952 3465 4997 non

1975 5026 2356 5106 intelligant.

2075 5127 2214 5200 Eyo
2260 5143 2507 5201 semper
2552 5126 2746 5186 docui
2793 5127 2866 5186 in
2914 5145 3245 5204 synayoya
3290 5139 3349 5190 et
3394 5131 3468 5190 in

1980 5227 2233 5302 temple,
2266 5241 2390 5302 quo
2420 5241 2635 5284 omnes
2659 5224 2878 5285 Judoei
2915 5227 3327 5287 conveniunt.
3362 5225 3469 5290 nis

1981 5322 2233 5386 videtur
2276 5319 2661 5385 contrarium
2706 5322 2878 5403 quod
2922 5324 3274 5387 secundum
3314 5325 3469 5389 alios
