4300 6259
610 3267 739 3312 Rom.
750 3269 849 3318 vm,

638 3854 808 3899 naeth.

590 3931 731 3969 xxvm,
760 3921 826 3964 1⁹.

1650 519 2001 567 mutuno
2043 519 2107 566 m
2148 519 2288 567 cAr.
2333 519 2404 566 m
2442 520 2720 600 scamus.
2765 539 2846 551 —
2887 521 3030 568 m.
3073 521 3182 568 Vm

870 699 1157 751 ventrem
1196 691 1427 752 matris
1452 711 1587 752 suoe
1615 692 1843 752 iterato
1882 692 2160 754 introire
2185 698 2246 750 et
2271 709 2370 751 re·
2396 687 2448 750 A
2479 698 2766 771 possunt.
2817 689 3028 755 Primo
3075 691 3169 754 sic
3200 709 3216 754 ε
3251 694 3434 762 Quod
3479 700 3712 752 natum
3755 699 3846 750 est
3883 709 3968 749 em
4099 699 4134 753 6

870 789 1053 848 nasci
1072 789 1103 847 2
1152 788 1505 870 prasertim
1554 807 1759 870 quum
1804 796 2037 851 matres
2085 806 2372 851 commu-

872 885 1040 946 niter
1076 893 1343 949 mortuae
1386 886 1516 948 sint
1554 893 1841 968 tempore
1878 887 2224 949 senectutis
2263 904 2372 948 na-

872 989 1107 1046 torum.

972 1084 1327 1158 Respondit
1376 1087 1581 1156 Iesus,
1642 1084 1945 1148 solvendo
2005 1083 2370 1146 instantiam

874 1179 1221 1256 Nicodemi,
1254 1189 1317 1243 et
1344 1183 1721 1262 exponendo
1750 1183 1945 1246 verba
1980 1201 2125 1266 quae
2159 1182 2319 1244 dixit
2352 1200 2366 1244 ε

874 1280 1111 1348 Amen,
1146 1299 1337 1340 amen
1372 1280 1517 1340 dico
1569 1282 1713 1348 tibi,
1744 1282 1879 1342 nisi
1922 1283 2069 1360 quis
2106 1289 2374 1341 renatus

873 1377 1105 1455 suerit,
1138 1375 1203 1438 id
1243 1384 1338 1438 θεῖ
1386 1377 1805 1460 spiritualiter
1852 1385 2256 1459 regeneratus
2305 1376 2370 1438 in

874 1471 1051 1537 fonte
1096 1473 1520 1558 BaptismatiS,
1552 1496 1635 1536 ex
1680 1496 1881 1555 aqua,
1920 1495 2065 1557 quae
2100 1485 2198 1538 est
2245 1493 2375 1537 ma-

876 1571 1095 1634 teriale
1142 1574 1531 1636 elementum
1580 1593 1811 1658 corpus
1863 1575 2103 1649 lavanS,
2144 1583 2208 1636 et
2247 1574 2375 1636 dis-

876 1670 1149 1752 positive
1178 1689 1579 1752 regenerans,
1596 1683 1657 1734 et
1684 1675 1948 1750 Spiritu
1978 1677 2238 1742 Sancto,
2260 1673 2373 1754 qui

872 1776 971 1830 est
1026 1769 1372 1834 invisibilis
1419 1778 1595 1834 actor
1652 1771 1825 1833 intus
1868 1780 2149 1834 mentem
2201 1771 2376 1853 puri-

2474 808 2688 857 carne,
2729 789 2790 851 id
2841 797 2936 852 est
2983 809 3216 872 corpus
3262 790 3386 852 filii
3435 796 3846 872 propagatum
3893 806 3968 849 ac

2479 892 2698 948 natum
2726 905 2806 949 ex
2835 888 3080 950 semine
3111 887 3330 970 patriS,
3361 907 3510 949 caro
3537 896 3676 958 een
3715 894 3775 944 et
3801 887 3970 965 quod

2475 993 2710 1046 natum
2725 995 2815 1046 est
2831 1005 2914 1046 eoe
2930 986 3268 1064 spiritu,id
3295 994 3390 1048 est
3412 985 3626 1048 anima
3647 982 3970 1046 rationalis

2479 1090 2686 1145 creata
2723 1103 2762 1145 a
2799 1083 2946 1158 Deo,
2977 1085 3090 1166 qui
3133 1085 3396 1166 spiritus
3431 1083 3814 1166 appellatur,
3841 1083 3970 1158 spi-
4024 1097 4236 1146 lanam.

2477 1181 2648 1241 ritus
2674 1192 2788 1252 est,
2822 1181 2886 1244 id
2915 1190 3011 1244 est
3049 1182 3398 1264 spiritualis
3437 1180 3812 1244 substantia.
3843 1179 3972 1242 lloc
3997 1167 4064 1208 ²⁶·

2479 1287 2690 1343 tamen
2723 1301 2848 1345 non
2881 1289 2978 1344 est
3005 1282 3097 1345 sic
3124 1282 3592 1364 accipiendum,
3625 1279 3811 1362 quasi
3837 1297 3974 1341 cor·

2481 1378 2722 1459 poralia
2761 1399 2887 1443 non
2933 1381 3062 1442 sint
3099 1379 3462 1443 immediate
3499 1386 3706 1442 creata
3741 1396 3779 1440 a
3815 1376 3972 1455 Deo;

2481 1477 2591 1538 sed
2635 1478 2700 1540 in
2751 1479 3013 1542 homine
3052 1487 3204 1540 sunt
3240 1479 3384 1541 duae
3429 1485 3661 1560 partes»,
3702 1493 3974 1558 quarum

2481 1592 2609 1637 una
2655 1584 2749 1638 est
2805 1595 2972 1650 caro,
3023 1595 3060 1639 a
3108 1585 3286 1658 patre
3345 1575 3579 1638 carnali
3633 1581 3972 1646 contracta,

2478 1673 2600 1735 alia
2641 1681 2738 1735 θεῖ
2777 1674 3061 1756 spirituS,
3097 1693 3136 1736 a
3173 1682 3352 1756 patre
3389 1673 3706 1756 spirituali
3746 1672 3980 1755 produ-

2483 1779 2604 1835 cta.
2651 1771 2836 1834 Juxta
2889 1773 3061 1835 hunc
3117 1789 3378 1835 sensum
3434 1773 3592 1834 dicit
3635 1768 3978 1853 Apostolus

872 1865 1077 1931 ficans
1125 1875 1188 1930 et
1241 1868 1601 1932 efficienter
1658 1887 2057 1951 regeneranS‚
2104 1869 2372 1951 gratiam
2409 1871 2455 1932 B
2482 1872 2560 1933 ad
2607 1870 2898 1934 Hebraeos
2933 1890 2948 1934 ε
2984 1870 3190 1934 Patres
3235 1871 3442 1934 carnis
3481 1877 3711 1934 nostrae
3751 1867 3979 1931 habui·
4005 1882 4236 1931 fletam.

872 1964 1228 2043 influendo,
1260 1986 1405 2049 quae
1434 1974 1531 2031 est
1560 1986 1659 2030 res
1688 1968 2065 2032 sacramenti
2096 1975 2160 2030 et
2187 1986 2377 2030 causa

874 2063 1157 2127 formalis
1202 2065 1549 2130 intrinseca
1596 2066 1791 2147 hujus
1837 2066 2371 2148 regenerationis3

875 2183 1005 2224 non
1042 2175 1245 2242 potest
1285 2167 1560 2226 introire
1598 2167 1669 2227 in
1710 2186 1985 2244 reynum
2024 2169 2171 2234 Dei,
2202 2165 2373 2247 quod

875 2268 973 2323 est
1019 2261 1423 2344 triumphans
1466 2262 1768 2336 Ecclesia,
1802 2263 1931 2327 vita
1972 2272 2228 2338 aeterna,
2261 2281 2375 2326 seu

876 2359 1079 2441 patria
1116 2360 1483 2424 electorum.
1516 2361 1693 2435 Quod
1730 2362 2216 2443 intelligendum
2254 2370 2370 2436 est,

876 2457 1221 2522 dummodo
1256 2459 1420 2521 adsit
1465 2458 1731 2523 facultas
1772 2461 2121 2543 recipiendi
2171 2480 2378 2524 sacra-

874 2565 1163 2618 mentum
1208 2556 1510 2640 Baptismi
1548 2577 1563 2621 ε
1596 2558 1752 2621 alias
1799 2557 2130 2622 sufficeret
2170 2559 2376 2642 bapti-

874 2674 1051 2718 smus
1100 2654 1423 2732 FlaminiS,
1478 2657 1542 2719 id
1591 2666 1688 2721 est
1734 2657 1998 2721 interior
2046 2659 2376 2723 mundatio

872 2751 1083 2816 Sancti
1140 2753 1438 2836 SpirituS,
1493 2763 1557 2818 et
1613 2755 1969 2838 baptismus
2019 2757 2370 2838 sanguiniS,

875 2860 1029 2934 puta
1072 2853 1471 2936 martyrium,
1514 2873 1663 2916 cum
1702 2862 1847 2918 voto
1896 2873 2009 2916 seu
2060 2855 2376 2918 desiderio

874 2949 1177 3032 baptismi
1242 2951 1557 3015 fluminis.
1618 2953 1688 3015 In
1750 2951 2071 3035 Baptismo
2131 2955 2376 3037 quippe

2483 1989 2626 2031 mus
2665 1969 3038 2044 eruditores,
3071 1975 3134 2030 et
3174 1968 3621 2031 reverebamur
3655 1985 3764 2031 eos
3797 1985 3812 2030 ε
3847 1985 3976 2030 non

2483 2067 2685 2130 multo
2742 2067 2943 2148 magis
2999 2066 3582 2148 obtemperabimus
3627 2065 3794 2140 Rati-i
3849 2065 3980 2146 spi-

2483 2165 2748 2238 rituum,
2772 2175 2834 2228 et
2863 2167 3189 2229 vivemus?
3211 2201 3288 2212 —
3318 2165 3608 2228 Secundo
3635 2163 3768 2226 sic:
3794 2167 3980 2234 Quod

2483 2276 2714 2326 natum
2749 2275 2839 2327 est
2877 2286 2960 2326 ew
2993 2285 3210 2334 carne,
3251 2265 3317 2328 id
3365 2272 3461 2328 est
3501 2283 3540 2326 a
3581 2263 3819 2326 carnali
3871 2281 3982 2345 pa-

2485 2370 2684 2434 rente,
2734 2383 2882 2424 caro
2928 2374 3040 2434 est,
3091 2363 3154 2425 id
3201 2371 3298 2426 est
3356 2381 3456 2426 res
3505 2362 3796 2437 carnalis,
3849 2379 3982 2424 non

2485 2461 2724 2524 habens
2766 2463 2890 2524 nisi
2931 2480 3070 2524 esse
3111 2462 3360 2525 carnale
3397 2481 3470 2524 ac
3513 2461 3820 2534 naturale,
3853 2461 3986 2522 vir-

2484 2567 2618 2622 tute
2655 2561 3084 2641 generationis
3131 2561 3401 2623 carnalis
3435 2578 3450 2623 z
3487 2561 3653 2622 unde
3695 2567 3769 2621 ut
3807 2558 3982 2638 talis,

2485 2677 2612 2721 non
2655 2666 2860 2740 potest
2899 2658 3168 2739 salvari3
3207 2669 3267 2720 et
3303 2662 3475 2740 quod
3511 2668 3741 2720 natum
3770 2667 3864 2718 est
3899 2677 3986 2717 ex

2483 2758 2748 2834 spiritu,
2799 2757 2863 2820 id
2913 2765 3010 2820 est
3065 2757 3482 2839 spiritualiter
3539 2763 3984 2837 regeneratum

2484 2873 2559 2917 ac
2597 2856 2876 2936 positum
2917 2856 2984 2918 in
3020 2873 3161 2918 esse
3194 2854 3508 2938 spirituali
3548 2855 3806 2935 vitaque
3839 2870 3986 2933 gra-

2486 2953 2609 3028 tiae,
2653 2970 2731 3015 ex
2767 2973 2934 3035 aqua
2975 2962 3039 3015 et
3082 2952 3322 3037 Spiritu
3371 2952 3618 3026 Sancto,
3661 2953 3730 3014 in
3775 2951 3990 3032 Bapti-

874 3047 1350 3113 conformamur
1386 3050 1633 3115 Christo
1670 3060 1734 3113 et
1770 3051 1828 3114 ei
1870 3051 2372 3135 incorporamur,
2415 3052 2458 3114 C
2487 3051 2706 3114 smatis
2759 3052 3030 3128 lavacro,
3061 3055 3337 3130 spiritus
3375 3063 3488 3121 est,
3529 3052 3594 3114 id
3639 3058 3756 3122 est,
3791 3050 3989 3133 spiri-

877 3148 1415 3231 quemadmodum
1453 3150 1533 3212 ad
1570 3149 1882 3214 Romanos
1918 3157 2185 3213 testatur
2211 3152 2380 3233 Apo-

878 3247 1079 3311 stolus
1140 3265 1155 3310 :
1216 3246 1611 3331 Quicumque
1671 3248 1971 3331 baptizati
2030 3267 2254 3311 sumus
2309 3247 2376 3309 in

879 3345 1129 3410 Christo
1150 3345 1320 3420 Jesu,
1356 3346 1421 3408 in
1454 3355 1655 3410 morte
1694 3347 1897 3429 ipsius
1936 3347 2237 3430 baptizati
2275 3365 2380 3408 su-

880 3462 1025 3506 mus
1077 3462 1092 3507 :
1145 3444 1502 3526 consepulti
1560 3445 1733 3508 enim
1782 3464 2006 3507 sumus
2064 3463 2212 3508 cum
2269 3445 2379 3507 illo

880 3561 994 3625 per
1040 3541 1435 3625 Baptismum
1488 3543 1555 3606 in
1604 3551 1896 3618 mortem,
1942 3553 2014 3606 ut
2058 3544 2378 3625 quomodo

878 3642 1228 3704 resurrexit
1266 3642 1551 3706 Christus
1581 3662 1620 3704 a
1648 3642 1916 3705 mortuis
1957 3659 2073 3725 per
2108 3641 2375 3723 gloriam

879 3739 1099 3816 Patria,
1142 3740 1229 3803 ita
1266 3748 1331 3803 et
1369 3759 1483 3804 nos
1530 3741 1597 3803 in
1648 3741 1927 3805 novitate
1966 3741 2111 3804 vitae
2158 3739 2382 3803 ambu-

881 3838 1110 3901 lemus.
1142 3837 1263 3902 Sed
1301 3858 1503 3920 quum
1533 3839 1892 3922 Baptismus
1930 3840 2117 3901 detur
2153 3839 2218 3904 in
2271 3858 2384 3902 no-

882 3937 1057 4000 mine
1096 3945 1327 4002 sanctae
1364 3937 1709 4012 TrinitatiS,
1741 3956 1779 4000 a
1815 3957 1943 4019 qua
1974 3945 2073 4000 est
2108 3936 2380 4000 effectus

884 4034 1187 4118 Baptismi
1226 4055 1337 4098 seu
1364 4037 1567 4117 gratia
1596 4036 2089 4110 sacramentaliS,
2123 4054 2238 4098 cur
2280 4055 2384 4117 po-

883 4134 1011 4196 tius
1060 4134 1217 4198 dicit
1262 4134 1562 4208 Salvator,
1606 4134 1737 4196 Nisi
1785 4134 1931 4216 quis
1982 4143 2238 4197 renatus
2281 4133 2382 4196 fu-

2485 3150 2658 3212 tuale
2703 3149 3007 3227 efficitur,
3051 3151 3294 3214 scilicet
3339 3150 3529 3214 homo
3569 3147 3987 3213 invisibiliter

2487 3247 2660 3310 intus
2690 3258 2946 3311 renatus
2975 3258 3040 3311 et
3069 3249 3196 3312 Deo
3221 3248 3623 3329 conjunctus,
3655 3266 3804 3310 cum
3832 3265 3986 3329 quc,

2487 3347 2840 3409 secundum
2883 3347 3279 3430 Apostolum,
3331 3366 3497 3408 unus
3547 3353 3642 3408 cst
3687 3345 4242 3427 spiritus.1c0r.n.17.

2489 3443 2576 3505 Ex
2625 3463 2757 3525 quo
2803 3452 2994 3526 patet,
3036 3445 3206 3526 quod
3259 3443 3378 3506 ista
3423 3443 3813 3524 regeneratio
3853 3460 3988 3505 non

2491 3543 2573 3604 sit
2615 3542 3054 3624 impossibilis,
3098 3544 3207 3606 sed
3251 3542 3625 3616 necessaria,
3666 3550 3731 3604 et
3769 3560 3807 3604 a
3853 3559 3991 3604 car-

2489 3640 2618 3703 nali
2661 3642 3069 3723 generatione
3111 3641 3422 3704 distincta.
3455 3640 3542 3702 De
3585 3659 3715 3722 qua
3752 3641 3842 3702 ait
3887 3641 3994 3704 Jo-

2487 3757 2684 3802 annes
2714 3739 2782 3802 in
2813 3759 2928 3802 sua
2955 3739 3268 3803 Canonica
3293 3758 3308 3803 ε
3335 3738 3534 3802 Omne
3561 3739 3734 3820 quod
3763 3745 3992 3801 natum
4047 3759 4192 3803 um
4211 3769 4238 3799 ι.

2489 3847 2585 3902 θεῖ
2631 3857 2710 3900 ex
2755 3838 2894 3914 Dee,
2947 3839 3148 3903 vincit
3193 3839 3520 3902 mundum.
3564 3837 3726 3901 Hinc
3769 3837 3992 3901 subdit
4020 3826 4060 3867 ⁴·

2488 3935 2772 4000 Salvator
2813 3956 2828 4000 ε

2575 4038 2722 4100 Non
2774 4036 3032 4096 mireris
3089 4053 3164 4098 eo
3219 4035 3406 4099 modo
3461 4053 3592 4117 quo
3647 4035 3990 4117 hucusque
4123 4037 4152 4090 7

2491 4133 2756 4195 miratus
2785 4151 2874 4204 es,
2909 4133 3205 4197 videlicet
3241 4133 3658 4196 admiratione
3691 4133 3993 4195 incredu-

883 4232 1007 4295 erit
1051 4250 1129 4295 ex
1174 4251 1341 4315 aqua
1386 4242 1450 4296 et
1496 4232 1760 4316 Spiritu,
1812 4251 2029 4315 quam,
2078 4231 2168 4294 Ex
2213 4252 2382 4315 aqua
2412 4234 2461 4295 D
2490 4231 2706 4306 litatis,
2739 4232 2949 4296 velex
2986 4232 3154 4296 malo
3193 4229 3519 4294 intellectu
3559 4231 3988 4312 procedentis,

882 4339 946 4394 et
1002 4329 1202 4405 Patre,
1255 4331 1377 4406 vel,
1426 4331 1517 4395 Ex
1572 4351 1741 4413 aqua
1795 4339 1858 4392 et
1914 4331 2116 4394 Filio?
2159 4329 2382 4393 Dicen-

884 4431 1058 4504 dum,
1099 4430 1271 4511 quod
1308 4429 1665 4513 Baptismus
1709 4437 1805 4492 est
1841 4428 2111 4491 effectus
2162 4430 2384 4511 praeci-

882 4547 1026 4612 puae
1054 4527 1447 4592 liberalitatis
1475 4547 1548 4591 ac
1579 4528 1833 4610 pietatis
1863 4527 2112 4590 divinae.
2133 4528 2382 4590 Libera-

880 4627 1025 4690 litas
1058 4645 1207 4691 vero
1245 4635 1309 4690 et
1346 4628 1546 4710 pietas
1584 4628 2081 4710 appropriantur
2110 4627 2377 4710 Spiritui

880 4725 1129 4804 Sancto,
1180 4727 1717 4809 quemadmodum
1764 4745 1943 4790 amor
1990 4736 2055 4789 et
2101 4725 2374 4790 bonitas.

958 4823 1195 4888 Deinde
1226 4823 1511 4888 Christus
1548 4825 1826 4889 ostendit
1861 4825 2152 4888 ordinem
2191 4825 2380 4906 spiri-

879 4923 1069 4986 tualis
1098 4922 1615 5004 regenerationiS‚
1648 4942 1918 5006 eamque
1946 4943 1985 4987 a
2013 4922 2250 4986 carnali
2279 4941 2382 5005 ge-

882 5021 1207 5085 neratione
1254 5020 1608 5102 distinguit.
1654 5025 1835 5091 Quod
1878 5033 2112 5084 natum
2159 5031 2250 5083 est
2296 5043 2378 5083 ex

878 5140 1097 5188 carne,
1146 5139 1295 5180 caro
1351 5128 1489 5191 esm-
1542 5129 1601 5181 ec
1646 5123 1818 5198 quod
1874 5129 2103 5181 natum
2157 5131 2250 5182 est
2296 5141 2378 5181 ex

2490 4329 2590 4393 vel
2621 4331 2906 4393 animum
2939 4330 3360 4413 opprimentis
3387 4348 3461 4392 ac
3488 4329 3674 4392 taedio
3702 4329 3996 4393 afficien-

2487 4428 2592 4491 tis.
2626 4428 2729 4491 Sic
2766 4429 2938 4491 enim
2981 4429 3330 4491 mirabatur
3365 4427 3766 4502 Nicodemus,
3799 4428 3990 4509 quasi

2487 4545 2696 4590 sermo
2726 4527 2955 4591 Christi
2996 4527 3573 4609 impossibilitatem
3611 4526 3986 4590 contineret-

2486 4624 2694 4689 Potest
2751 4633 2962 4687 tamen
3022 4627 3100 4688 de
3154 4625 3438 4689 doctrina
3495 4623 3726 4688 Christi
3781 4624 3986 4688 admi·

2487 4725 2646 4788 ratio
2682 4723 2968 4787 ordinata
3003 4725 3244 4798 haberi,
3279 4742 3478 4806 quum
3521 4723 3688 4786 dicat
3724 4721 3987 4786 Psalmi-

2485 4831 2580 4884 sta
2632 4841 2646 4884 :
2697 4821 3006 4884 mirabilia
3051 4822 3415 4886 testimonia
3467 4829 3594 4883 tua.
3643 4819 3780 4884 Non
3829 4840 3985 4904 ergo
4040 4847 4236 4888 aava

2484 4920 2841 4984 inordinate
2879 4919 3155 4996 mireris,
3189 4922 3347 5001 quia
3384 4921 3538 4981 dimi
3577 4919 3700 4980 tibi
3727 4937 3752 4980 :
3783 4923 3986 4996 Opor-
4015 4911 4102 4951 ¹²⁹·

2486 5029 2570 5080 tet
2609 5019 2980 5082 necessitate
3015 5019 3461 5094 conditionata,
3498 5037 3624 5082 non
3661 5017 3980 5094 absoluta,

2484 5118 2800 5192 videlicet,
2863 5118 2916 5180 si
2976 5118 3257 5181 debeatis
3315 5116 3568 5190 salvari,
3629 5137 3735 5177 vos
3795 5122 3986 5180 nasci

876 5217 1141 5295 spiritu,
1180 5218 1455 5296 spiritus
1495 5225 1608 5278 est.
1649 5216 1855 5279 Verba
1901 5216 2036 5281 haec
2082 5217 2378 5280 intricata
2480 5219 2692 5278 denuo
2736 5236 2760 5276 .·
2808 5217 3159 5279 secundum
3211 5215 3472 5279 modum
3522 5232 3696 5276 nunc
3741 5233 3984 5297 praeos-

880 5321 943 5377 et
979 5312 1274 5377 difficilia
1308 5321 1478 5389 sunt,
1519 5321 1583 5376 et
1620 5314 2062 5397 multipliciter
2100 5314 2372 5396 intelligi
2481 5321 2757 5378 tensum.
