4300 6259
60 789 177 893 ἐξ.
196 803 365 832 nnn

62 1284 365 1330 &adfatu
376 1318 391 1338 ,

102 2862 123 2905 1
154 2861 281 2904 Cor.
306 2874 385 2912 ιιι,

68 2930 127 2968 ³1
138 2959 155 2970 .

76 3367 95 3410 Ι
112 3367 257 3410 Petr.
272 3367 384 3414 nst.

190 3547 267 3604 u

174 5129 247 5184 15

1247 503 1595 550 mammo
1638 503 1699 548 m
1740 502 1878 548 car.
1924 503 1985 548 iv
2024 502 2302 552 solima.
2349 525 2430 538 --
2468 508 2610 554 aar.
2657 509 2722 556 xi
3409 493 3530 557 349

422 691 595 750 eam,
628 675 795 739 sicut
823 696 1041 741 semen
1080 679 1363 742 continet
1399 677 1712 742 arborem.
1743 677 1927 739 Juxta
1952 675 2005 738 A
2034 678 2109 737 ln·
2148 681 2317 741 hanc
2353 701 2593 762 aquam
2636 702 2782 765 quae
2824 704 3078 748 omnem
3129 685 3300 747 sitim
3351 692 3531 747 aeter-

372 823 391 842 .
422 792 625 855 quem
671 795 929 839 sensum
973 778 1063 840 ait
1106 776 1435 840 Psalmista
1470 795 1483 839 ε
1527 776 1769 838 Timete
1811 775 1926 838 Do-
2033 777 2262 839 naliter
2317 780 2544 856 aufert,
2598 783 2894 846 videlicet
2949 803 3180 866 aquam
3239 803 3530 866 corpora-

422 873 703 950 minum,
750 894 971 940 omnes
1018 876 1220 938 sancti
1271 876 1433 957 ejuS,
1481 875 1784 957 quoniam
1829 875 1926 937 ni·
2034 876 2182 950 lem,
2235 877 2312 940 de
2370 898 2497 961 qua
2552 888 2616 943 te
2675 881 2850 965 loqui
2908 884 3225 958 existimo,
3275 893 3350 945 uc
3397 904 3523 944 non

423 972 521 1034 hil
567 974 743 1036 deest
786 975 1160 1038 timentibus
1204 994 1375 1038 eum.

510 1070 631 1134 Sed
682 1073 783 1136 his
832 1073 1093 1138 obviare
1152 1075 1427 1148 videtur,
1474 1074 1644 1155 quod
1698 1073 1764 1135 in
1814 1072 1927 1135 Ec-

423 1170 785 1236 clesiastico
842 1172 1129 1235 Christus
1190 1172 1297 1234 Dei
1354 1172 1668 1255 sapientia
1719 1172 1926 1252 loqui-

425 1276 535 1331 tur
582 1289 597 1332 :
649 1269 765 1343 Qui
816 1273 1017 1334 edunt
1064 1290 1188 1346 me,
1238 1272 1448 1334 adhuc
1496 1271 1817 1350 esurient3
1864 1276 1927 1332 et

419 1369 539 1450 qui
585 1368 820 1432 bibunt
865 1388 990 1446 me,
1023 1371 1230 1432 adhuc
1278 1369 1515 1432 sitient.
1550 1369 1919 1443 Dicendum,

418 1468 597 1548 quod
628 1469 983 1531 secundum
1019 1469 1291 1550 primam
1324 1467 1809 1550 expositionem,
1834 1467 1921 1529 is-

2029 976 2256 1036 siciam
2285 979 2706 1060 corporaliter,
2725 1001 2928 1060 neque
2951 983 3208 1044 veniam
3232 985 3357 1043 huc
3375 985 3532 1044 hau-

2032 1076 2187 1133 rire.
2220 1073 2480 1158 Propter
2509 1078 2744 1161 duplex
2783 1082 3187 1144 commodum
3229 1081 3413 1162 petiit
3441 1080 3533 1143 fe-

2034 1171 2209 1233 mina
2263 1191 2491 1255 aquam
2553 1176 2742 1240 talem
2795 1197 2809 1240 :
2863 1179 3091 1260 primo,
3143 1186 3214 1240 ut
3259 1197 3296 1241 a
3346 1197 3535 1261 poena

2033 1269 2171 1332 sitis
2230 1271 2430 1334 libera
2487 1282 2692 1350 esset;
2743 1278 3044 1351 secundo,
3098 1283 3168 1338 ut
3225 1296 3262 1339 a
3316 1276 3532 1341 labore

2032 1367 2367 1432 hauriendi
2418 1372 2794 1454 eriperetur.
2828 1373 2930 1438 Sic
2970 1381 3034 1436 et
3070 1394 3185 1439 nos
3231 1375 3531 1458 spiritua-

2032 1465 2158 1528 lem
2199 1467 2361 1530 hanc
2398 1489 2630 1551 aquam
2669 1491 2704 1533 a
2743 1471 2991 1536 Christo
3031 1472 3393 1536 cordialiter
3432 1474 3530 1555 ju-

418 1567 538 1627 tud
568 1583 979 1648 nequaquam
1022 1566 1305 1630 dissonat
1342 1585 1377 1628 a
1423 1566 1776 1648 praedictis;
1810 1566 1921 1628 sed
2026 1565 2318 1647 giterque
2377 1576 2688 1649 petamuS,
2753 1576 2823 1631 ut
2876 1589 3004 1633 non
3059 1571 3349 1633 sitiamus
3409 1571 3530 1634 ista

416 1673 737 1746 quantum
766 1666 844 1728 ad
876 1666 1221 1728 secundam
1253 1665 1923 1747 expositionem,vide-
2029 1670 2300 1740 terrena,
2330 1685 2474 1746 quae
2509 1667 2863 1748 appetitum
2909 1669 3238 1750 nequeunt
3277 1671 3522 1744 satiare,

416 1771 529 1825 tur
556 1765 978 1846 repugnantia
1015 1765 1330 1846 quaedam.
1364 1763 1704 1826 Sciendum
1744 1782 1913 1845 ergo,
2028 1763 2138 1824 sed
2175 1782 2305 1844 quo
2343 1781 2562 1827 eorum
2602 1783 2815 1829 amore
2859 1775 2922 1828 et
2963 1768 3378 1849 occupatione
3418 1769 3529 1832 ho—

415 1863 593 1944 quod
645 1863 786 1924 sitis
832 1863 897 1924 in
939 1861 1285 1945 Scripturis
1334 1862 1673 1945 tripliciter
1721 1863 1921 1925 sumi-
1953 1861 1999 1924 B
2029 1879 2131 1923 mo
2163 1862 2361 1943 magis
2403 1863 2772 1940 involvitur,
2807 1883 2882 1928 eo
2909 1884 2944 1927 a
2975 1865 3334 1930 divinorum
3381 1887 3525 1931 con-

416 1969 525 2022 tur
559 1979 573 2024 :
608 1961 841 2037 Primo,
877 1980 995 2044 pro
1027 1961 1345 2024 desiderio
1385 1962 1473 2023 rei
1514 1979 1911 2043 nequaquam
2029 1959 2460 2041 templatione,
2504 1961 2862 2037 dilectione,
2897 1971 2961 2026 et
3003 1982 3150 2026 vera
3193 1965 3408 2046 quiete
3453 1985 3527 2028 ac

412 2061 665 2142 adeptae
717 2078 733 2124 :
792 2060 1018 2142 sicque
1070 2059 1410 2142 acquisitio
1468 2060 1917 2142 temporalium

414 2177 633 2222 rerum
680 2167 942 2240 generat
987 2159 1159 2222 sitim
1205 2159 1471 2221 aliarum
1522 2167 1584 2222 et
1631 2159 1915 2241 plurium

414 2258 811 2334 divitiarum,
874 2260 1163 2339 augendo
1204 2257 1639 2340 cupiditatem.
1687 2258 1916 2321 Secun-

412 2358 519 2433 de,
584 2375 699 2440 pro
756 2357 1074 2420 desiderio
1125 2356 1213 2418 rei
1258 2358 1521 2439 adeptae,
1568 2364 1636 2418 ut
1686 2356 1915 2420 habea-

416 2463 524 2517 tur
570 2455 771 2537 magis
822 2454 1104 2538 perfecte
1142 2473 1156 2518 t
1191 2455 1415 2536 sicque
1454 2455 1589 2517 sitit
1624 2454 1737 2537 qui
1775 2473 1915 2537 gra-

414 2555 572 2617 tiam
604 2554 857 2637 recipit,
890 2554 1191 2637 quoniam
1224 2553 1419 2616 Deum
1460 2562 1524 2616 et
1566 2554 1730 2617 dona
1772 2554 1913 2634 ejus

414 2672 565 2735 quae
628 2652 821 2716 hahet
882 2652 1279 2735 imperfecte,
1340 2652 1655 2715 desiderat
1708 2654 1915 2735 perfe-

416 2753 587 2815 ctius
650 2751 995 2834 possidere,
1052 2751 1469 2833 pertingendo
1527 2752 1605 2813 de
1662 2750 1793 2813 fide
1850 2759 1913 2814 et

418 2851 523 2914 via
578 2852 659 2914 ad
720 2851 1005 2932 speciem
1072 2858 1134 2911 et
1194 2848 1483 2931 patriam,
1553 2850 1911 2914 aemulando

413 2967 670 3033 quoque
726 2949 1106 3012 charismata
1152 2947 1417 3011 meliora
1472 2948 1537 3010 in
1590 2951 1907 3031 praesenti,

410 3049 769 3112 secundum
800 3047 1152 3111 doctrinam
1190 3046 1496 3128 Apostoli.
1531 3046 1760 3118 Tertio,
1798 3068 1913 3131 pro
1947 3048 1991 3112 C
2022 3063 2164 3106 nus.
2219 3043 2384 3106 Talis
2433 3045 2607 3107 enim
2656 3065 2987 3128 nunquam
3035 3046 3318 3111 efficitur
3366 3068 3514 3114 vere
3542 3039 3582 3082 ⁹·

408 3165 627 3211 amore
666 3145 757 3208 rei
805 3144 1155 3228 praesentis,
1208 3163 1356 3206 cum
1406 3143 1773 3208 exclusione
1820 3145 1913 3208 fa-

412 3246 585 3309 stidii
623 3265 638 3308 :
686 3246 780 3308 sic
820 3243 1034 3307 Sancti
1076 3243 1143 3306 in
1186 3242 1390 3325 patria
1426 3243 1652 3306 sitiunt
1688 3243 1904 3320 Deum,

412 3345 954 3428 quemadmodum
1000 3343 1220 3405 Petrus
1256 3343 1347 3404 ait
1388 3343 1468 3406 de
1506 3342 1753 3407 Christo
1790 3361 1803 3406 :
1837 3343 1907 3405 ln

410 3462 605 3525 quem
657 3441 1021 3505 desiderant
1064 3440 1272 3521 angeli
1319 3441 1706 3523 prospicere.

492 3545 624 3604 Sed
651 3561 849 3622 aqua,
886 3539 949 3602 id
978 3547 1076 3602 est
1101 3539 1303 3619 gratia
1341 3545 1592 3619 gratum
1638 3538 1902 3616 facienS,

405 3661 607 3722 quam
634 3659 746 3718 eqo
775 3641 938 3700 dabo
966 3640 1052 3708 ei,
1083 3641 1194 3716 fiet
1224 3639 1293 3699 in
1333 3658 1403 3699 eo
1430 3639 1580 3716 fons
1606 3659 1814 3718 aquoe,
1842 3639 1906 3702 id

402 3748 501 3802 est
547 3738 749 3819 origo,
782 3735 1050 3801 formale
1092 3736 1485 3819 principium
1533 3745 1726 3818 atque
1774 3755 1907 3800 me-

402 3837 625 3901 ritoria
656 3836 815 3899 ratio
847 3835 1145 3899 virtuosae
1173 3835 1463 3910 actionis,
1499 3843 1729 3898 sanctae
1758 3855 1905 3900 con-

400 3934 861 4018 templationiS,
904 3933 1184 3996 ardentis
1226 3933 1550 4008 desiderii,
1581 3935 1903 4006 salientia,

400 4033 465 4098 id
510 4042 629 4108 est,
662 4033 943 4095 animam
989 4032 1109 4094 ista
1150 4038 1397 4093 terrena
1446 4032 1768 4094 transilire
1808 4032 1900 4095 fa-

400 4132 653 4206 cientiS,
708 4130 1127 4212 pertingendo
1186 4131 1259 4190 in
1320 4132 1525 4190 vitam
1566 4139 1895 4192 oeternam.

2027 2056 2316 2121 libertate
2353 2059 2630 2142 amplius
2669 2061 3020 2144 impeditur
3046 2081 3120 2126 ac
3153 2064 3522 2146 elongatur3

2028 2174 2238 2237 neque
2286 2158 2616 2220 veniamus
2665 2159 2793 2221 huc
2850 2161 3127 2236 haurire,
3180 2162 3243 2225 id
3303 2170 3399 2224 est
3455 2163 3521 2224 in

2026 2255 2447 2318 exterioribus
2495 2265 2686 2338 atque
2740 2258 3098 2322 carnalibus
3151 2260 3526 2325 consolatio-

2026 2371 2137 2415 nes
2197 2353 2358 2416 viles
2417 2355 2766 2437 requirere,
2821 2358 2929 2421 sed
2988 2357 3054 2420 in
3113 2357 3378 2422 Domino
3438 2360 3522 2421 sit

2024 2458 2152 2515 tota
2195 2453 2528 2517 delectatio
2569 2462 2803 2530 nostra,
2837 2461 2900 2518 et
2937 2474 3085 2519 cum
3123 2457 3395 2520 Ieremia
3429 2458 3523 2520 di-

2024 2568 2168 2612 cere
2211 2569 2569 2614 mereamur
2605 2570 2619 2615 :
2658 2551 2836 2615 Diem
2880 2553 3157 2618 hominis
3201 2573 3327 2620 non
3374 2575 3522 2620 con-
3547 2581 3811 2634 naman.

2024 2649 2265 2731 cupivi,
2315 2657 2383 2712 tu
2439 2650 2585 2714 scis.
2638 2650 2752 2724 Qui
2811 2652 2984 2714 enim
3035 2672 3144 2716 cor
3200 2673 3386 2717 suum
3440 2657 3518 2718 ad

2022 2747 2334 2811 exteriora
2375 2749 2674 2824 effundit,
2716 2751 2826 2832 qui
2873 2752 3182 2815 humanas
3227 2760 3288 2815 et
3331 2773 3520 2818 saecu-

2022 2846 2184 2908 lares
2245 2847 2692 2913 delectationes
2751 2850 3047 2925 admittit,
3109 2869 3512 2934 nequaquam

2020 2944 2251 3025 dignus
2289 2955 2385 3008 est
2418 2955 2673 3027 gustare
2709 2966 2902 3028 quam
2938 2949 3142 3012 dulcis
3174 2958 3270 3012 est
3306 2950 3515 3014 Domi·
3557 2973 3794 3030 Panna.

2020 3142 2394 3225 spiritualiS,
2430 3142 2737 3220 internus,
2771 3152 2835 3207 et
2865 3144 2988 3210 Deo
3027 3165 3143 3210 suo
3182 3146 3514 3212 familiaris

2018 3248 2210 3321 atque
2252 3240 2644 3304 carissimus.

2125 3338 2430 3421 Denique,
2492 3339 2795 3422 quoniam
2854 3340 3088 3403 mulier
3145 3341 3264 3404 ista
3323 3344 3516 3406 verba

2017 3436 2250 3499 Christi
2297 3455 2522 3518 capere
2571 3456 2698 3500 non
2749 3437 3019 3514 valebat,
3065 3439 3293 3522 incipit
3340 3441 3516 3504 Chri-

2016 3543 2152 3597 stus
2200 3554 2338 3598 eam
2397 3536 2700 3597 inducere
2757 3537 2835 3598 ad
2887 3540 3391 3617 cognoscendum
3445 3559 3512 3604 se

2010 3632 2252 3715 ipsum,
2310 3640 2381 3695 ut
2437 3632 2688 3713 cognito
2745 3632 2886 3714 ipso
2944 3633 3266 3716 loquente,
3320 3637 3512 3701 verba

2014 3731 2155 3813 ejus
2213 3731 2494 3794 sciantur
2545 3748 2682 3792 esse
2741 3731 3100 3813 spiritualia
3143 3752 3217 3796 ac
3266 3735 3502 3799 divina.

2010 3832 2190 3892 Dicit
2238 3833 2301 3889 ei
2337 3832 2519 3890 Jesus
2550 3847 2574 3891 .·
2595 3831 2788 3900 Vade,
2829 3849 2980 3890 voca
3031 3833 3248 3893 virum
3296 3843 3508 3906 tuum,

2009 3938 2069 3989 et
2099 3930 2250 3988 veni
2277 3931 2403 3989 huc
2432 3927 2624 3989 simul
2657 3945 2802 3990 cum
2836 3927 2966 3991 illo.
3000 3926 3322 4000 Quomodo
3353 3928 3508 3995 dicit

2012 4026 2131 4089 hoc
2183 4026 2492 4102 Christus.
2546 4027 2660 4108 qui
2711 4036 2807 4089 est
2855 4027 3214 4092 infallibilis
3273 4033 3505 4095 veritas
3546 4055 3798 4111 mmm.

2010 4133 2072 4188 et
2119 4125 2432 4208 sapientia
2477 4126 2736 4188 Patris?
2783 4126 3055 4190 Noverat
3111 4129 3282 4192 enim
3332 4133 3504 4212 quod
3534 4121 3798 4234 far-¹34·

399 4229 949 4304 Quemadmodum
980 4228 1153 4290 enim
1194 4234 1418 4290 natura
1468 4237 1563 4291 est
1606 4229 1671 4290 in
1714 4229 1898 4293 nohis
1934 4231 1979 4294 D
2009 4225 2242 4287 mulier
2281 4224 2401 4287 ista
2442 4224 2652 4287 virum
2698 4227 2955 4307 proprie
3000 4227 3263 4304 dictum,
3309 4229 3371 4292 id
3410 4238 3506 4293 est

398 4327 799 4411 principium
838 4327 1127 4390 omnium
1166 4325 1553 4388 naturalium
1584 4328 1899 4409 operatio-

396 4447 581 4502 num,
628 4427 721 4488 sic
766 4426 969 4507 gratia
1021 4432 1272 4505 gratum
1321 4424 1561 4486 faciens
1611 4433 1709 4487 est
1754 4425 1895 4489 fons

392 4524 787 4587 intrinsecus
820 4531 1011 4604 atque
1052 4522 1445 4604 principium
1476 4523 1763 4586 omnium
1795 4543 1899 4586 ac-

392 4623 645 4688 tionum
708 4621 1200 4696 meritoriarum,
1252 4620 1493 4683 faciens
1542 4621 1747 4704 ipsam
1796 4641 1893 4684 es-

390 4721 669 4784 sentiam
698 4721 1023 4786 rationalis
1052 4727 1357 4783 creaturae
1393 4719 1518 4784 Deo
1546 4729 1892 4802 acceptam,

392 4821 798 4896 deiformem,
848 4819 974 4883 Deo
1022 4818 1588 4901 supernaturaliter
1643 4820 1900 4901 copula-

392 4927 551 4992 tam,
585 4928 652 4982 et
686 4921 765 4983 ad
806 4919 1299 5002 promerendum
1348 4918 1894 5000 supernaturalem

392 5017 769 5082 felicitatem
814 5018 1130 5080 idoneam.

478 5119 659 5179 Dicit
706 5119 795 5178 ad
840 5137 986 5178 eum
1036 5117 1294 5188 mulier,
1348 5114 1539 5178 verba
1586 5115 1720 5178 haec
1769 5135 1899 5199 my-

392 5215 557 5278 stica
594 5215 932 5278 carnaliter
962 5213 1326 5294 intelligens
1356 5216 1511 5294 (non
1552 5213 1723 5274 enim
1764 5221 1898 5276 erat

392 5314 585 5378 solita
610 5313 845 5377 audire
863 5311 1262 5394 hujusmodi)
1294 5330 1307 5374 :
1340 5313 1640 5382 Domine,
1668 5313 1756 5372 da
1786 5313 1900 5372 mi-

2009 4323 2219 4387 virum
2266 4323 2646 4405 legitimum,
2699 4343 2826 4388 non
2875 4325 3156 4388 haberet.
3208 4325 3327 4390 Sed
3385 4329 3505 4393 hoc

2006 4422 2194 4486 facile
2233 4422 2521 4498 solvitur,
2557 4430 2628 4486 ut
2665 4423 2748 4485 sit
2785 4443 3008 4486 sensus
3042 4443 3057 4488 ε
3091 4425 3256 4489 Voca
3293 4427 3502 4491 virum

2006 4529 2214 4596 tuum,
2263 4521 2327 4583 id
2374 4529 2472 4584 est
2517 4539 2664 4583 eum
2713 4523 2827 4604 qui
2882 4530 3141 4604 putatur
3187 4542 3326 4588 esse
3375 4545 3506 4589 ma-

2008 4620 2168 4683 ritus
2209 4626 2354 4682 tuus
2398 4618 2742 4700 legitimuS,
2776 4622 3069 4702 quamvis
3109 4623 3192 4684 sit
3229 4624 3497 4686 adulter.

2006 4719 2126 4782 Sed
2167 4718 2480 4800 numquid
2525 4718 2794 4782 intentio
2833 4719 3064 4783 Christi
3101 4721 3225 4784 fuit
3255 4730 3324 4784 ut
3361 4743 3503 4786 mu-

2006 4819 2123 4880 lier
2182 4818 2302 4880 ista
2358 4817 2568 4880 virum
2631 4837 2816 4881 suum
2880 4820 3280 4884 adduceret?
3320 4821 3500 4895 Quid

2004 4917 2178 4979 enim
2219 4916 2328 4978 ille
2365 4915 2622 4978 fecisset
2661 4916 3013 4979 adductus?
3043 4917 3106 4980 Si
3150 4927 3362 4982 autem
3407 4922 3502 4984 di-

2005 5023 2183 5078 catur
2232 5014 2402 5096 quod
2451 5014 2653 5078 voluit
2709 5013 2993 5077 Christus
3042 5017 3254 5079 virum
3301 5020 3500 5081 addu-

2005 5114 2085 5188 ci,
2136 5121 2450 5194 quatenus
2508 5130 2652 5174 eum
2715 5113 3056 5176 instrueret
3111 5123 3301 5196 atque
3354 5135 3500 5180 con-

2006 5218 2300 5286 verteret,
2352 5230 2477 5275 non
2531 5210 2880 5274 infideliter
2928 5213 3180 5275 dicitur.
3234 5213 3298 5276 Si
3347 5234 3497 5279 vero

2006 5310 2251 5374 dicatur
2288 5310 2460 5392 quod
2503 5309 2622 5374 hoc
2665 5327 2792 5374 non
2833 5307 2960 5372 fuit
3007 5310 3275 5377 intentio
3320 5314 3499 5378 Chri-

3646 3843 3714 3898 46
