4300 6259
573 717 737 761 Joann.
749 730 819 769 xv,

552 782 623 833 2⁶,
642 782 711 823 27.

847 508 969 575 260

1681 528 2031 576 mutuno
2072 528 2138 575 m
2179 527 2317 575 CAP-
2363 527 2512 575 XXIV
2553 527 2741 575 LUCAE.
2787 547 2868 558 —
2909 528 3051 575 Am.
3097 529 3132 574 1.

846 696 1051 771 Quum
1102 699 1349 764 venerit
1386 698 1759 775 ParacletuS,
1793 718 1987 782 quem
2038 718 2154 781 ego
2202 698 2348 761 mit-
2375 698 2426 759 A
2453 698 2664 779 paruit
2696 717 2710 761 ε
2744 706 3080 780 propterea
3117 698 3350 761 dieitur
3387 716 3494 760 eos
3533 697 3832 759 eduxisse
3885 696 3954 759 iu

848 804 976 859 tam
1015 799 1195 861 vobis
1235 819 1272 862 a
1310 798 1506 873 Patre,
1541 799 1850 881 Spiritum
1890 799 2196 873 veritatiS‚
2231 798 2344 880 qui

844 915 881 958 a
909 896 1086 960 Patre
1116 898 1421 980 procedit,
1447 898 1557 960 ille
1586 897 2021 961 testimonium
2054 897 2346 979 perhibe-

844 993 941 1056 bit
970 996 1048 1057 de
1077 1014 1214 1076 me;
1250 1003 1314 1057 et
1349 1015 1458 1059 vos
1499 995 1936 1059 testimonium
1980 994 2345 1078 perhibebi-

744 1144 753 1157 ,
843 1091 948 1167 tis,
975 1094 1127 1176 quia
1152 1094 1233 1155 ab
1263 1094 1447 1158 initio
1479 1112 1729 1156 mecum
1758 1095 1932 1157 estis.
1959 1093 2343 1175 Certumque

845 1199 941 1253 est
1006 1194 1177 1274 quod
1243 1192 1492 1257 Christo
1552 1211 1957 1275 nequaquam
2020 1200 2340 1274 compete-

844 1297 941 1351 ret
967 1290 1307 1353 auctoritas
1345 1292 1637 1353 mittendi
1670 1292 1989 1373 dandique
2032 1289 2340 1373 Spiritum

843 1386 1165 1464 Sanctum,
1201 1390 1320 1451 nisi
1362 1389 1442 1452 ab
1477 1389 1619 1471 ipso
1657 1391 2025 1472 procederet
2065 1389 2340 1472 Spiritus

842 1484 1130 1562 Sanctus,
1176 1496 1239 1549 et
1281 1506 1467 1551 verus
1513 1488 1886 1553 consisteret
1927 1488 2111 1549 Deus.

940 1586 1055 1646 Vos
1082 1596 1299 1648 autem
1326 1589 1531 1647 sedete
1570 1588 1643 1647 in
1672 1587 1935 1646 civitate
1965 1586 2335 1660 Jerusalem,

843 1681 909 1743 in
952 1681 1089 1745 loco
1127 1702 1256 1765 quo
1297 1684 1524 1766 loquor
1561 1684 1697 1746 haec
1739 1684 1941 1757 vobis,
1977 1684 2087 1745 ubi
2129 1684 2341 1747 vobis-

842 1798 989 1842 cum
1022 1781 1310 1844 ultimam
1339 1781 1463 1845 feci
1495 1782 1773 1857 Coenam,
1798 1786 2213 1863 quoadusque
2242 1785 2337 1843 in-

2453 796 2837 872 Bethaniam,
2872 798 3166 879 quamvis
3215 796 3626 879 corporaliter
3665 814 3812 857 cum
3857 796 3956 855 eis

2453 914 2579 957 non
2626 896 2793 970 ierit,
2837 904 2900 957 et
2946 896 3098 978 quia
3146 915 3330 959 mons
3377 894 3698 957 Olivarum
3751 911 3958 976 prope

2451 991 2813 1056 Bethaniam
2854 1002 2970 1056 est.
3005 994 3238 1075 Sicque
3263 993 3446 1055 duxit
3479 1012 3586 1055 eos
3627 992 3694 1054 in
3737 991 3962 1053 Betha-

2452 1091 2646 1165 niam,
2695 1091 2758 1153 id
2805 1101 2904 1154 est
2954 1092 3015 1154 in
3068 1093 3235 1157 viam
3283 1090 3650 1153 Bethaniam
3701 1108 3952 1163 versus,

2453 1207 2657 1271 usque
2699 1191 2778 1252 ad
2817 1198 3096 1254 montem
3140 1190 3535 1272 praedictum.
3570 1192 3656 1251 Ει
3683 1190 3956 1249 elevatis

2451 1291 2752 1350 manibus
2795 1291 2954 1363 suis,
2998 1290 3328 1350 benedixit
3373 1289 3464 1349 eis
3494 1286 3812 1350 :forsitan
3867 1288 3956 1349 si-

2446 1404 2643 1467 gnum
2684 1387 2891 1449 crucis
2931 1406 3124 1470 super
3163 1406 3269 1451 eos
3319 1385 3670 1461 formando,
3706 1395 3772 1448 et
3807 1405 3955 1449 ver-

2449 1484 2530 1546 ba
2573 1484 3038 1548 benedictionis
3077 1485 3294 1568 aliqua
3331 1483 3732 1566 proferende,
3767 1491 3838 1546 ut
3887 1490 3953 1545 et

2449 1582 2574 1665 ipsi
2623 1584 2714 1645 sic
2755 1583 3038 1645 facerent
3079 1583 3223 1645 aliis
3260 1602 3274 1645 ε
3310 1600 3454 1645 nam
3508 1590 3572 1645 et
3619 1580 3861 1665 praelati
3915 1601 3954 1644 a

2449 1682 2581 1743 suis
2611 1682 2882 1745 subditis
2917 1684 3290 1756 recedend0,
3325 1682 3418 1744 sic
3446 1681 3655 1744 faeere
3686 1680 3947 1743 debent.

2447 1779 2578 1843 lmo
2626 1800 2826 1861 quum
2869 1780 3076 1843 activa
3122 1780 3479 1843 benedictio
3519 1779 3651 1854 Dei,
3697 1779 3781 1841 sit
3821 1778 3955 1841 col-

841 1880 1150 1941 duamim'
1180 1882 1422 1941 virtute
1452 1902 1534 1940 em
1562 1885 1713 1953 alto,
1751 1880 1813 1942 id
1862 1887 1957 1942 est
2007 1899 2212 1962 usque
2258 1882 2336 1943 ad
2377 1880 2422 1942 B
2450 1879 2600 1941 latio
2627 1898 2965 1941 munerum
2995 1880 3214 1960 gratiae
3253 1879 3415 1960 ejus,
3459 1886 3520 1939 et
3557 1876 3954 1959 multiplica—

842 1975 1065 2039 horam
1112 1996 1241 2059 qua
1281 1978 1607 2060 accipietis
1649 1978 1959 2060 Spiritum
2008 1978 2332 2053 Sanctum,

841 2074 955 2155 qui
1005 2077 1193 2139 corda
1230 2083 1437 2139 vestra
1482 2076 1705 2139 induet
1743 2095 1998 2139 omnem
2044 2076 2339 2159 perfecti-

808 2204 813 2208 ·
840 2190 1026 2235 onem
1064 2173 1281 2254 gratiae
1316 2192 1389 2236 ac
1419 2174 1748 2249 virtutum,
1782 2193 1860 2237 ex
1890 2176 2119 2237 throno
2149 2175 2337 2238 coele-

572 2965 678 3010 Aee.
694 2979 724 3018 ι,
740 2969 782 3011 8.

557 3763 808 3816 Ιοανυωιι,

556 4444 661 4490 Aet.
681 4460 710 4497 ι,
730 4449 771 4490 4.

630 4924 704 4981 50

841 2271 921 2333 sti
949 2290 1023 2333 ac
1051 2273 1302 2335 decreto
1340 2272 1535 2335 Patris
1566 2272 1807 2349 aeterni,
1840 2273 2062 2355 sicque
2094 2272 2338 2336 efficiet

843 2386 953 2432 vos
1002 2369 1260 2433 idoneos
1308 2371 1387 2431 ad
1447 2370 1923 2452 praedicandum
1980 2390 2053 2433 ac
2108 2369 2336 2433 testifi-

840 2468 1113 2529 candum
1162 2469 1239 2531 de
1287 2486 1411 2543 me,
1448 2469 1655 2531 dando
1700 2470 1879 2533 vobis
1930 2470 2330 2551 sapientiam,

838 2566 1256 2629 constantiam
1287 2574 1350 2629 et
1389 2565 1727 2641 fervorem,
1762 2568 2048 2631 omnium
2090 2568 2335 2649 lingua-

839 2682 983 2726 rum
1032 2665 1342 2740 notitiam,
1378 2665 1569 2728 totius
1620 2663 1961 2747 Scripturae
2012 2667 2329 2747 peritiam,

837 2763 1345 2837 ardentissimam
1385 2764 1729 2839 caritatem,
1764 2765 2198 2847 insuperabile
2239 2784 2337 2828 ro-

839 2859 963 2922 bur
991 2860 1381 2923 fortitudinis
1413 2861 1951 2943 spiritualiS.Hinc
1980 2863 2045 2924 in
2076 2863 2332 2925 Actibus

838 2958 1070 3039 legitur
1116 2959 1399 3022 Christus
1449 2960 1684 3022 dixisse
1732 2961 2064 3043 discipulis
2109 2962 2334 3024 :Acci-

2448 1978 2536 2040 tio
2584 1980 2975 2052 eorumdem,
3023 1977 3310 2041 Christus
3371 1977 3722 2039 seeundum
3771 1978 3952 2057 quod

2447 2075 2658 2150 homo,
2729 2095 2954 2137 manus
3022 2076 3290 2139 levando
3352 2074 3952 2156 benedictionisque

2449 2175 2642 2237 verba
2705 2174 3047 2257 loquendo,
3119 2174 3470 2236 secundum
3539 2174 3713 2254 quod
3779 2173 3950 2235 Deus

2447 2274 2837 2336 incrementa
2882 2274 3099 2354 gratiae
3153 2291 3226 2335 ac
3276 2273 3582 2335 virtutum
3641 2272 3950 2335 cordibus

2447 2371 2683 2434 infudit
2724 2390 2968 2435 eorum.
3003 2374 3088 2433 Et
3125 2373 3377 2449 factum
3417 2382 3527 2444 est,
3560 2374 3722 2431 dum
3764 2374 3952 2432 bene-

2443 2472 2684 2531 diceret
2717 2472 2877 2541 illis,
2909 2472 3161 2530 recessit
3189 2472 3270 2530 ab
3295 2471 3413 2542 eis,
3445 2469 3509 2531 id
3549 2476 3667 2543 est,
3701 2469 3946 2532 elevari

2447 2570 2640 2651 coepit
2688 2569 3101 2650 corporaliter
3147 2568 3211 2630 in
3263 2586 3430 2642 aere,
3479 2578 3538 2629 et
3581 2570 3951 2645 ferebatur,

2448 2668 2511 2729 id
2540 2675 2655 2742 est,
2692 2668 2948 2749 propria
2979 2667 3212 2730 virtute
3241 2667 3543 2740 ascendit,
3567 2668 3642 2726 in.
3669 2671 3950 2728 coelum:

2447 2767 2617 2848 quod
2661 2766 2878 2828 divina
2912 2766 3145 2828 virtute
3193 2763 3631 2846 principaliter
3668 2762 3842 2839 fecit,
3881 2772 3952 2827 et

2448 2864 2598 2925 item
2631 2882 2746 2945 per
2773 2865 2982 2927 dotem
3012 2863 3329 2945 agilitatis,
3364 2863 3536 2925 Unde
3567 2862 3634 2924 in
3675 2862 3946 2925 Actibus

2448 2963 2715 3025 habetur
2757 2982 2770 3025 :
2811 2962 3014 3035 Quum
3067 2964 3200 3025 haec
3247 2962 3527 3035 dixisset,
3571 2961 3944 3024 videntibus

836 3057 1027 3139 pietis
1062 3058 1362 3120 virtutem
1400 3057 1673 3139 Spiritus
1713 3058 1922 3121 Sancti
1962 3060 2335 3141 superveni·
2370 3061 2570 3132 Cillis
2618 3061 2899 3125 elevatus
2947 3069 3062 3135 est,
3097 3068 3160 3122 et
3207 3061 3410 3123 nubes
3460 3060 3740 3142 suscepit
3783 3078 3944 3123 eum

837 3156 1001 3218 entis
1040 3156 1107 3217 in
1149 3175 1281 3231 vOS,
1314 3164 1377 3218 et
1412 3157 1590 3219 eritis
1630 3158 1789 3219 mihi
1829 3166 2018 3221 testes
2050 3160 2114 3221 in
2157 3160 2329 3224 omni

832 3253 1046 3317 Judaea
1091 3260 1154 3316 et
1200 3252 1499 3329 Samaria,
1543 3263 1605 3316 et
1654 3274 1858 3337 usque
1902 3257 1980 3317 ad
2030 3256 2330 3319 ultimum

835 3359 1033 3415 terrae.
1058 3352 1501 3415 Verumtamen
1535 3372 1659 3416 non
1694 3361 1787 3416 est
1818 3355 2326 3436 intelligendum,

834 3451 1007 3532 quod
1053 3450 1338 3514 Christus
1395 3452 1697 3534 praecepit
1749 3453 2081 3535 discipulis
2132 3455 2332 3518 conti-

837 3566 962 3611 nue
1010 3548 1077 3611 in
1134 3548 1389 3612 civitate
1446 3551 1687 3625 sedere,
1740 3551 1893 3632 quia
1950 3561 2090 3633 post
2138 3554 2332 3617 verba

836 3646 971 3709 haec
999 3646 1323 3709 interdum
1358 3648 1651 3710 exierunt
1692 3667 1806 3730 pro
1848 3650 2332 3715 rationabilibus

836 3745 1065 3820 causiS,
1100 3746 1343 3807 scilicet
1388 3747 1467 3809 ad
1508 3747 1922 3829 piscandum;
1970 3750 2079 3811 sed
2128 3750 2334 3813 inten-

836 3843 926 3906 tio
965 3843 1197 3906 Christi
1234 3841 1378 3918 fuit,
1414 3852 1484 3905 ut
1522 3863 1649 3907 non
1689 3843 1875 3927 longe
1909 3846 2327 3924 discederent,

839 3960 956 4004 nec
995 3941 1103 4003 diu
1150 3941 1464 4016 abessent,
1500 3944 1609 4004 sed
1649 3942 2019 4025 frequenter
2058 3964 2170 4007 seu
2220 3966 2335 4029 op-

838 4039 1129 4121 portunis
1188 4039 1359 4102 horis
1419 4038 1507 4101 ibi
1567 4052 1916 4115 manerent,
1978 4046 2330 4124 praesertim

839 4145 982 4220 post
1035 4136 1491 4212 ascensionem,
1550 4147 1614 4200 et
1670 4158 1784 4221 per
1838 4142 2175 4215 orationeS,
2236 4143 2330 4224 je-

2441 3160 2520 3222 ab
2564 3160 2766 3223 oculis
2809 3178 3050 3223 eorum.

2521 3262 2607 3321 Et
2654 3261 2784 3337 ipsi
2827 3261 3171 3319 adorantes
3218 3256 3539 3320 Christum
3591 3266 3658 3320 ut
3706 3274 3941 3320 verum

2443 3358 2662 3430 Deum,
2696 3357 2860 3419 sicut
2898 3364 2959 3418 et
2989 3355 3259 3418 Thomas
3302 3355 3617 3418 evidentia
3649 3355 3940 3418 veritatis

4081 2370 4140 2423 5¹

4001 2980 4100 3025 Act.
4117 2994 4142 3031 ι,
4159 2981 4192 3019 ⁴3⁴.
4263 2990 4265 3110 1

4073 3269 4138 3323 52

4261 3328 4263 3428 4

2443 3456 2792 3529 convictuS,
2827 3454 2986 3517 dixit
3020 3472 3032 3515 :
3069 3453 3371 3515 Dominus
3418 3471 3619 3527 meuS,
3656 3462 3719 3516 et
3765 3452 3939 3515 Deus
3985 3466 4202 3510 Ιοωω.

2440 3652 2944 3733 naculum,quod
2969 3649 2995 3711 s
2999 3657 3174 3712 uerat
3204 3668 3403 3732 prope
3431 3649 3759 3731 templum,
3781 3670 3936 3713 eum

2433 3753 2680 3828 gaudio
2725 3768 2982 3827 mayno,
3032 3756 3161 3811 tam
3212 3749 3289 3810 de
3339 3748 3570 3811 Christi
3619 3748 3717 3811 sui
3773 3768 3943 3830 prae-

2442 3850 2655 3911 dilecti
2700 3848 2983 3929 magistri
3030 3855 3224 3929 atque
3274 3846 3627 3909 dulcissimi
3679 3846 3938 3909 Domini

2439 3948 2712 4029 gloriosa
2767 3947 3156 4021 ascensione,
3219 3944 3520 4007 felicitate
3579 3952 3644 4007 et
3703 3946 3934 4026 gloria,

2441 4065 2634 4129 quam
2673 4046 2750 4107 de
2788 4043 3122 4106 beneficiis
3172 4043 3277 4105 Dci
3320 4044 3412 4105 eis
3457 4044 3615 4105 datis
3657 4061 3730 4105 ac
3779 4044 3940 4107 dan-

2443 4144 2562 4219 dis,
2599 4162 2670 4206 ac
2700 4143 2892 4205 totius
2933 4141 3154 4203 mundi
3197 4141 3609 4204 conversione
3644 4142 3720 4203 ad
3751 4141 3936 4204 Chri-

834 4234 1017 4317 junia
1068 4254 1141 4297 ac
1196 4235 1319 4297 alia
1368 4236 1719 4299 devotionis
1771 4240 2090 4313 exercitia,
2140 4259 2208 4303 se
2253 4244 2330 4303 ad
2365 4245 2412 4306 D
2441 4250 2608 4305 stum
2659 4242 2954 4303 instante.
3005 4239 3159 4301 Nam
3204 4245 3266 4301 et
3316 4240 3440 4302 duo
3495 4239 3700 4319 angeli
3751 4239 3936 4303 Chri-

836 4332 1109 4415 Spiritus
1139 4332 1348 4395 Sancti
1381 4343 1674 4415 pararent
1704 4337 2171 4419 susceptionem
2207 4340 2332 4421 ple·

837 4430 1101 4494 nariam.
1152 4431 1307 4494 Hinc
1353 4432 1654 4495 scribitur
1702 4433 1765 4495 in
1816 4435 2077 4497 Actibus
2121 4455 2135 4499 ε
2175 4437 2331 4500 Con-

836 4548 1099 4594 vescens
1146 4532 1447 4613 praecepit
1494 4532 1607 4607 eiS,
1657 4533 1737 4594 ab
1782 4533 2186 4616 lerosolymis
2249 4556 2328 4599 ne

836 4629 1253 4704 discederent,
1304 4632 1416 4692 sed
1465 4639 1907 4712 exspectarent
1963 4634 2328 4714 promissio-

835 4745 981 4789 nem
1038 4726 1254 4802 Patris,
1312 4748 1505 4810 quam
1562 4730 1828 4792 audistis
1888 4731 2158 4813 (inquit)
2214 4752 2328 4814 per

834 4845 905 4890 os
946 4844 1183 4888 meum.
1228 4826 1405 4889 Unde
1448 4847 1622 4890 nunc
1664 4828 1961 4890 subditur
2008 4848 2021 4893 :

914 4926 1169 4985 Eduxit
1207 4936 1423 4987 autem
1460 4946 1560 4986 eos
1585 4929 1766 5005 foras
1808 4930 1877 4988 in
1910 4931 2322 4991 Bethaniam.

833 5022 901 5083 In
932 5023 1035 5085 die
1062 5024 1305 5105 quippe
1334 5026 1723 5088 ascensionis
1752 5025 1850 5087 bis
1880 5026 1972 5088 eis
2000 5029 2323 5109 apparuit:

836 5120 1063 5202 primo,
1108 5122 1173 5183 in
1220 5122 1602 5203 Jerusalem3
1646 5130 1707 5185 et
1753 5131 1907 5187 tunc
1956 5126 2046 5187 eis
2097 5145 2329 5208 praece-

836 5218 931 5300 pit
974 5226 1043 5280 ut
1092 5219 1257 5282 irent
1308 5220 1371 5282 in
1422 5228 1704 5284 montem
1755 5221 2005 5301 Oliveti,
2060 5224 2174 5305 qui
2234 5233 2329 5287 est

836 5336 1034 5403 prope
1078 5316 1466 5394 Bethaniam,
1515 5320 1579 5381 in
1629 5340 1760 5402 quo
1810 5340 2029 5384 rursus
2078 5322 2171 5383 eis
2220 5343 2330 5405 ap-

2441 4350 2535 4403 sto
2573 4340 2951 4403 ascendente
2989 4345 3421 4420 apparuerunt
3450 4337 3564 4412 eiS,
3599 4337 3882 4400 dicentes
3911 4358 3926 4402 ε

2439 4439 2568 4501 Viri
2625 4438 2884 4513 Galilaei‚
2935 4438 3091 4519 quid
3147 4436 3323 4499 statis
3379 4436 3799 4518 adspicientes
3859 4438 3928 4500 in

2438 4538 2714 4601 eoelumi
2762 4546 2881 4598 etc.
3203 4524 3210 4529 ’

2517 4640 2604 4698 Et
2630 4645 2818 4696 erant
2845 4655 3092 4713 semper
3117 4637 3190 4694 in
3225 4637 3478 4713 templo,
3510 4633 3576 4696 id
3612 4639 3709 4696 est
3747 4634 3928 4697 omni

2436 4744 2720 4817 tempore
2744 4741 3124 4816 opportuno,
3160 4733 3510 4815 praesertim
3547 4741 3689 4814 post
3715 4752 3932 4796 susee—

2436 4835 2717 4916 ptionem
2746 4832 3020 4914 Spiritus
3049 4831 3256 4893 Sancti
3288 4850 3302 4895 t
3331 4832 3484 4913 quia
3515 4850 3718 4913 usque
3745 4833 3824 4894 ad
3855 4832 3930 4895 il-

2436 4933 2544 4995 lud
2577 4941 2828 5014 tempus
2861 4932 3058 5013 magis
3090 4931 3368 4992 latebant
3398 4931 3461 4991 in
3494 4932 3699 5005 domo,
3731 4950 3928 5012 quam

2438 5050 2505 5093 se
2554 5031 3042 5093 manifestabant
3093 5030 3157 5092 in
3208 5028 3467 5111 templo,
3508 5036 3723 5111 utpote
3773 5048 3931 5093 non-

2436 5132 2588 5194 dum
2641 5130 2828 5211 plene
2870 5131 3145 5211 desuper
3183 5127 3554 5207 confortati3
3587 5130 3933 5189 laudantes

2435 5236 2496 5287 et
2534 5228 2962 5287 benedicentes
2993 5230 3223 5295 Deum,
3253 5242 3399 5286 eum
3440 5225 3517 5286 de
3565 5224 3698 5285 suis
3736 5223 3934 5286 bene-

2437 5323 2607 5387 ficiis
2663 5344 2735 5387 ae
2795 5325 3124 5407 promissis
3173 5324 3505 5398 laudando,
3556 5330 3619 5384 et
3667 5328 3932 5409 propter

2441 3572 2658 3633 meus3
2691 3555 2961 3631 reyressi
2997 3561 3150 3613 sunt
3187 3553 3264 3613 in
3289 3555 3673 3623 Jerusalem,
3703 3551 3768 3613 in
3811 3571 3942 3617 eoe-
3965 3531 4036 3574 ’δ’

3975 4454 4076 4498 Aet.
4093 4467 4122 4503 ι,
4139 4455 4188 4492 11.

4062 4642 4125 4696 53
4254 4624 4255 4704 l
