4300 6259
851 493 972 558 570

851 683 1244 746 nerationem
1303 689 1598 744 aeternam

849 782 1052 843 mansi
1105 782 1170 843 in
1221 789 1281 843 te
1332 800 1444 864 per
1493 781 1861 844 substantiae
1910 782 2343 860 identitatem3

846 891 906 941 et
935 883 1354 941 crediderunt
1391 879 1524 942 fide
1563 879 1832 943 formata
1871 899 1944 942 ac
1987 881 2149 954 viva,
2186 882 2345 959 quia

852 989 921 1040 tu
971 1000 1068 1040 me
1119 981 1355 1040 misisti
1405 980 1481 1040 de
1531 979 1692 1042 coelo
1748 980 1825 1041 ad
1878 979 2171 1042 homines
2231 997 2345 1061 per

848 1078 1300 1142 incarnationis
1342 1079 1738 1160 mysterium.

943 1181 1076 1255 Eyo
1117 1198 1240 1256 pro
1286 1180 1378 1238 eis
1436 1186 1738 1259 tanquam
1797 1177 2143 1240 carissimis
2191 1197 2343 1255 royo

847 1282 1019 1337 tuam
1054 1285 1378 1358 paternam
1411 1276 1782 1350 bonitatem,
1817 1277 2100 1340 oratione
2129 1295 2208 1338 ex
2238 1277 2345 1338 de-

846 1375 1112 1436 liberata
1167 1376 1407 1438 ratione
1471 1376 1869 1457 procedente,
1921 1394 2114 1457 quam
2174 1393 2342 1436 sem-

845 1491 960 1554 per
989 1474 1250 1536 exaudis
1279 1491 1356 1535 ex
1388 1492 1490 1536 me
1524 1493 1538 1536 :
1574 1475 1740 1536 sicut
1775 1473 2070 1556 superius
2100 1474 2341 1535 dictum

605 1597 632 1626 ο
665 1598 692 1626 n
757 1599 814 1636 xl,
845 1580 960 1646 est,
993 1572 1121 1652 Ego
1160 1573 1438 1634 sciebam
1477 1573 1779 1655 quoniam
1819 1590 2072 1655 semper
2101 1590 2205 1634 me
2234 1591 2345 1633 au-

845 1672 964 1734 dis.
1003 1673 1144 1735 Non
1172 1692 1292 1749 pro
1325 1675 1588 1744 mundo,
1624 1673 1688 1734 id
1727 1679 1822 1734 est
1853 1672 2140 1754 reprobis
2178 1691 2344 1734 ama-

845 1771 1089 1833 toribus
1135 1771 1327 1851 hujus
1373 1771 1609 1844 saeculi,
1645 1791 1817 1848 royo.
1855 1771 1938 1832 De
1985 1790 2114 1852 quo
2162 1789 2345 1832 mun-

1611 511 1960 589 mannum
2003 509 2067 556 m
2109 509 2249 558 GAP.
2296 511 2423 558 xvn
2463 511 2741 559 mamma.
2787 531 2869 542 —
2909 514 3054 560 ΛΒΤ.
3100 513 3199 560 xm

1661 701 1674 745 :
1733 681 1825 744 sic
1882 689 2115 756 tamen,
2177 682 2348 763 quod
2378 681 2424 742 A
2457 680 2523 744 in
2574 683 2858 765 speciali,
2914 684 3080 747 sicut
3131 692 3193 748 et
3247 685 3463 767 aliquo
3518 687 3708 750 modo
3746 685 3959 749 voluit

2456 799 2563 845 eos
2612 783 2862 858 salvari,
2897 785 3157 847 hortans
3194 803 3301 848 eos
3338 787 3417 848 ad
3457 786 3895 867 poenitentiam
3932 805 3951 847 :

2454 883 2995 963 quemadmodum
3063 901 3138 945 ex
3200 883 3469 946 naturali
3526 903 3599 946 ac
3662 883 3951 946 inferiori

2453 981 2764 1062 appetitu,
2806 1001 2935 1063 quo
2985 982 3337 1064 refugiebat
3385 990 3677 1062 mortem,
3718 984 3948 1056 oravit,

2455 1079 2755 1142 Transeat
2792 1100 2829 1142 a
2868 1099 2970 1142 me
3008 1082 3171 1144 calix
3212 1082 3350 1144 iste.
3390 1081 3460 1145 Et
3499 1099 3613 1164 per
3652 1081 3813 1144 hanc
3854 1083 3955 1144 di-
4038 1097 4183 1140 Masei.

2454 1178 2883 1253 stinctioncm,
2919 1178 3191 1242 faciliter
3238 1181 3636 1243 solverentur
3678 1181 3955 1244 auctori-

2454 1283 2609 1338 tates
2651 1278 3085 1359 praeallegatae.
3119 1278 3267 1352 Quae
3292 1286 3355 1340 et
3391 1279 3573 1340 aliter
3612 1279 3771 1341 solvi
3806 1297 3955 1361 pos-

2454 1383 2625 1436 sunt.
2658 1375 2813 1438 Nam
2860 1377 3061 1439 oratio
3109 1377 3249 1457 ejus
3296 1375 3439 1439 fusa
3482 1377 3547 1438 in
3586 1395 3798 1450 cruce,
3834 1397 3957 1460 pro

2452 1473 2837 1555 quibusdam
2896 1475 3289 1538 occisoribus
3340 1476 3472 1538 suis
3522 1493 3637 1557 per
3682 1494 3955 1538 consen-

2452 1593 2595 1635 sum
2634 1573 2918 1636 creditur
2958 1574 3286 1654 exaudita3
3320 1576 3429 1637 sed
3468 1574 3562 1636 illi
3606 1593 3732 1638 non
3772 1585 3959 1637 erant

2451 1671 2734 1734 finaliter
2783 1673 3175 1755 pertinentes
3232 1674 3308 1735 ad
3370 1674 3681 1735 mundum
3741 1674 3956 1755 perdi-

2454 1770 2665 1834 tionis,
2709 1769 3016 1833 Similiter
3064 1772 3379 1835 orationes
3424 1772 3563 1852 ejus
3614 1781 3764 1834 ante
3813 1791 3957 1854 pas-

549 1879 815 1930 Jae00=v.4.
844 1871 924 1932 do
990 1869 1145 1931 dicit
1202 1870 1469 1932 Jacobus
1532 1889 1546 1932 :
1605 1869 2002 1951 Quicumque
2067 1869 2341 1933 voluerit
2378 1869 2423 1930 B
2452 1869 2697 1933 sionem
2746 1889 2863 1951 pro
2898 1869 3129 1932 Judaeis
3173 1869 3353 1943 fusae,
3388 1870 3452 1932 in
3500 1869 3827 1951 aliquibus
3882 1871 3957 1932 il-

842 1968 1087 2030 amicus
1139 1967 1330 2049 hujus
1384 1969 1608 2031 mundi
1659 1967 1828 2042 fieri,
1879 1968 2181 2030 inimicus
2231 1968 2337 2030 Dei

845 2067 1286 2129 constituetur.

923 2163 985 2226 Si
1019 2165 1306 2229 Christus
1337 2185 1462 2229 non
1503 2166 1707 2229 oravit
1738 2185 1854 2247 pro
1894 2166 2155 2241 mundo,
2188 2183 2341 2247 quo-

843 2265 1032 2326 modo
1090 2264 1248 2326 dixit
1306 2265 1371 2326 in
1427 2282 1614 2326 cruce
1674 2284 1787 2347 pro
1847 2263 2339 2327 crucifixoribus

617 2379 641 2408 υ
675 2380 812 2419 -mu,
844 2363 997 2437 suiS,
1049 2362 1247 2438 Pater,
1312 2363 1565 2444 ignosce
1624 2363 1773 2438 illis,
1825 2371 1886 2425 et
1945 2363 2008 2425 in
2067 2362 2333 2436 Psalm0‚

647 2507 756 2545 m„
801 2526 810 2536 ,
843 2460 958 2524 Pro
997 2479 1072 2524 eo
1112 2469 1181 2524 ut
1221 2481 1322 2524 me
1360 2462 1717 2543 diligerent,
1762 2462 2177 2525 detrahebant
2224 2462 2341 2524 mi-

843 2560 933 2634 hi,
979 2578 1094 2641 ego
1142 2568 1354 2623 autem
1405 2560 1706 2624 orabam?
1749 2561 2034 2642 Itemque
2079 2560 2341 2622 Ieremi—

701 2688 812 2726 ιιι-ιιι,
841 2679 910 2722 as
963 2679 975 2722 :
1029 2659 1396 2736 Recordare,
1441 2660 1672 2742 inquit,
1714 2661 1886 2742 quod
1934 2660 2215 2722 steterim
2272 2659 2336 2722 in

843 2767 1186 2841 conspectu
1245 2767 1376 2834 tuo,
1436 2769 1504 2822 ut
1560 2760 1856 2841 loquerer
1915 2779 2028 2841 pro
2081 2761 2173 2822 eis
2230 2761 2341 2824 bo-

843 2876 1021 2932 num,
1081 2866 1144 2919 et
1198 2866 1550 2922 averterem
1608 2858 2108 2938 indignationem
2167 2866 2339 2921 tuam

841 2957 923 3019 ab
961 2958 1075 3019 eis.
1109 2957 1282 3031 Quod
1320 2958 1490 3040 apud
1539 2957 1761 3018 lsaiam
1800 2957 2030 3038 legitur
2068 2958 2343 3040 prophe-

2449 1966 2659 2031 lorum
2690 1968 2927 2032 sortitae
2967 1976 3116 2044 sunt
3154 1967 3478 2044 effectum,
3512 1970 3769 2050 quando
3812 1977 3955 2051 post

2452 2068 2981 2130 resurrectionem
3014 2067 3305 2131 nonnulli
3337 2067 3619 2131 conversi
3654 2075 3821 2138 sunt,
3840 2069 3951 2148 qui

2450 2183 2655 2246 usque
2692 2168 2771 2229 ad
2810 2166 3041 2229 Christi
3083 2174 3353 2229 mortem
3392 2175 3611 2230 contra
3654 2185 3803 2229 eum
3846 2185 3955 2228 sae-

2451 2264 2725 2326 vierunt.
2763 2264 3053 2347 Insuper,
3087 2266 3255 2346 quod
3296 2265 3386 2326 ait
3421 2265 3688 2328 Joannes
3730 2265 3795 2327 in
3839 2284 3955 2327 sua

2448 2363 2735 2444 epistola,
2785 2381 3010 2425 verum
3062 2371 3157 2426 est
3202 2365 3373 2445 quod
3415 2364 3699 2428 Christus
3752 2383 3957 2445 quan—

2450 2470 2585 2524 tum
2636 2461 2701 2523 in
2755 2479 2821 2523 se
2874 2470 2991 2537 est,
3026 2471 3123 2525 est
3174 2463 3539 2545 propitiatio
3589 2481 3703 2545 pro
3756 2463 3951 2526 totius

2454 2561 2671 2623 mundi
2732 2561 3003 2634 delictiS,
3060 2563 3355 2643 quamvis
3414 2563 3476 2624 in
3538 2562 3757 2624 multis
3818 2582 3943 2624 non

2449 2659 2838 2740 adipiscatur
2868 2659 3189 2736 effectum,
3213 2660 3514 2742 quoniam
3548 2668 3793 2743 ponunt
3822 2661 3949 2724 obi·

2453 2777 2592 2820 cem
2630 2758 2847 2838 gratiae
2890 2757 3254 2822 SalvatoriS.

2530 2859 2661 2918 Sed
2694 2877 2813 2934 pro
2842 2859 2943 2918 his
2973 2877 3128 2937 quos
3164 2859 3404 2918 dedisci
3442 2859 3630 2930 mihi,
3665 2857 3787 2921 hoc
3826 2867 3941 2930 est,

2450 2973 2613 3036 quos
2669 2973 2783 3036 per
2842 2973 2944 3017 me
3002 2955 3244 3018 salvare
3302 2956 3695 3038 disposuisti,
3756 2964 3947 3040 atque

647 3085 710 3112 ιιι
805 3063 1044 3118 .tatum
1099 3076 1112 3120 :
1165 3057 1304 3139 Ipse
1363 3066 1618 3139 peccata
1670 3057 2018 3142 multorum
2058 3057 2227 3132 tulit,
2280 3067 2341 3120 et
2375 3061 2417 3124 C
2451 3071 2564 3135 per
2608 3043 2897 3134 gratiam'
2928 3054 3295 3118 convertisti
3342 3056 3420 3117 ad
3468 3073 3590 3128 me,
3634 3057 3797 3136 quia
3848 3060 3949 3118 tui

563 3265 756 3310 lloann.
770 3282 814 3318 ιι,

846 3174 961 3237 pro
990 3156 1554 3236 transgressoribus
1587 3155 1840 3236 rogavit.
1857 3155 2122 3218 loannes
2152 3156 2340 3218 etiam

848 3253 1184 3335 profitetur
1234 3255 1298 3316 in
1351 3255 1556 3337 prima
1604 3273 1718 3317 sua
1765 3253 2077 3318 Canonica
2131 3273 2144 3317 :
2198 3254 2338 3337 lpse

844 3363 939 3415 est
989 3353 1354 3436 propitiatio
1405 3373 1518 3434 pro
1570 3353 1844 3435 peccatis
1893 3354 2162 3434 nostris3
2212 3373 2335 3416 non

849 3472 965 3535 pro
991 3452 1223 3515 nostris
1255 3460 1524 3526 tantum,
1559 3453 1668 3514 sed
1700 3460 1762 3513 et
1794 3471 1908 3534 pro
1937 3453 2129 3515 totius
2162 3472 2342 3514 mun-

843 3553 931 3615 di.
974 3588 1056 3597 —
1100 3552 1472 3624 Dicendum,
1515 3552 1686 3632 quod
1737 3549 2021 3613 Christus
2073 3569 2200 3613 non
2246 3570 2343 3614 so-

844 3651 976 3712 lum
1011 3657 1081 3712 ut
1113 3649 1272 3712 Deus
1314 3668 1428 3731 per
1458 3649 1788 3712 scientiam
1831 3649 2196 3722 increatam,
2230 3651 2339 3712 sed

844 3749 996 3811 item
1039 3757 1107 3810 ut
1146 3749 1336 3812 homo
1379 3766 1491 3830 per
1533 3747 1861 3810 scientiam
1907 3747 2198 3822 inditam,
2232 3766 2343 3811 no-

846 3848 935 3911 vit
977 3848 1272 3910 distincte
1319 3855 1381 3909 et
1428 3846 1614 3929 plene
1651 3847 1762 3928 qui
1815 3855 1877 3909 et
1925 3855 2084 3928 quot
2130 3855 2344 3910 essent

845 3947 1151 4020 salvandi,
1185 3946 1298 4028 qui
1349 3946 1538 4007 etiam
1591 3953 1653 4007 et
1701 3952 1858 4027 quot
1909 3955 2122 4008 essent
2171 3948 2345 4008 dam-

847 4045 1060 4108 nandi.
1115 4045 1374 4118 RursuS,
1428 4045 1732 4126 quoniam
1783 4043 2069 4107 Christus
2118 4053 2189 4108 ut
2236 4046 2345 4108 ho-

845 4160 970 4211 mo,
1006 4140 1500 4222 comprehensor
1536 4138 1658 4202 fuit
1699 4140 1907 4221 quoad
1947 4141 2340 4222 superiorem

2452 3163 2630 3222 sunt,
2661 3153 2724 3214 id
2756 3160 2851 3214 est
2878 3171 2915 3222 a
2954 3160 3015 3214 te
3042 3152 3121 3214 ab
3162 3159 3397 3216 aeterno
3436 3153 3650 3216 dilecti
3689 3173 3765 3216 ac
3796 3175 3949 3237 prae-

3982 1177 4094 1207 xxvi,
4118 1167 4174 1203 ³9.

4251 1130 4252 1178 l

4250 1181 4252 1232 ⁴

2454 3251 2775 3313 destinati.
2809 3251 2894 3312 De
2942 3251 3179 3332 quibus
3218 3251 3308 3313 ait
3344 3251 3681 3333 Apostolus
3715 3272 3730 3316 ε
3762 3253 3947 3316 Novit
4014 3271 4203 3314 urim.
4256 3257 4258 3340 ξ

2455 3349 2758 3412 Dominus
2806 3349 2919 3430 qui
2971 3356 3121 3411 sunt
3160 3349 3323 3430 ejus.
3356 3349 3476 3412 Sed
3524 3350 3577 3412 si
3627 3359 3807 3413 erant
3856 3353 3946 3414 sic

2453 3448 2672 3522 PatriS,
2706 3457 2768 3510 et
2799 3468 2836 3510 a
2875 3448 3053 3510 Patre
3090 3448 3252 3512 Filio
3291 3449 3439 3523 dati,
3474 3449 3561 3511 ita
3595 3452 3769 3532 quod
3811 3470 3951 3533 per-

2454 3549 2545 3610 ire
2586 3568 2713 3612 non
2763 3555 3075 3630 poterant,
3110 3548 3267 3630 quid
3308 3566 3563 3610 necesse
3602 3549 3729 3612 fuit
3770 3569 3949 3614 orare

2455 3666 2569 3729 pro
2600 3648 2727 3709 eis?
2760 3647 2831 3708 Et
2864 3648 3397 3728 respondendum,
3432 3649 3603 3729 quod
3634 3648 3773 3711 sine
3804 3669 3953 3731 prae·

2454 3745 2575 3807 viis
2619 3745 2861 3807 meritis
2901 3753 3082 3807 erant
3121 3746 3571 3827 praedestinati,
3606 3746 3700 3809 sic
3742 3755 3947 3810 tamen

2454 3847 2623 3926 quod
2675 3844 3245 3927 praedestinationis
3285 3844 3588 3908 effectum
3634 3845 3776 3908 sine
3826 3865 3953 3909 me-

2454 3943 2593 4005 ritis
2635 3944 2863 4007 Christi
2906 3951 2969 4004 et
3005 3943 3305 4024 precibus
3344 3943 3633 4007 obtinere
3672 3964 3800 4008 non
3850 3947 3953 4008 de-

2454 4041 2753 4103 buerunt.
2801 4041 3272 4104 Praedestinatio
3332 4061 3605 4123 namque
3656 4044 3951 4106 universa

2455 4141 2724 4202 includit
2751 4160 2896 4222 quae
2923 4141 3001 4203 ad
3034 4140 3307 4202 salutem
3345 4142 3771 4223 praedestinati
3804 4161 3949 4206 con-

843 4240 1072 4302 animae
1122 4245 1386 4321 partem,
1431 4239 1722 4302 voluntas
1771 4239 2000 4301 animae
2048 4239 2189 4319 ejus
2239 4259 2345 4301 su-
2376 4245 2427 4306 D
2454 4247 2741 4308 currunt,
2778 4241 2919 4304 ideo
2949 4239 3435 4321 comprehendit
3462 4247 3526 4302 et
3554 4259 3775 4321 preces
3804 4261 3947 4324 quae

845 4339 1078 4420 perior,
1131 4345 1264 4400 erat
1314 4337 1622 4400 voluntati
1676 4337 1909 4400 divinae
1957 4336 2345 4419 perfectissi-

844 4455 948 4498 me
986 4435 1398 4500 conformata.
1433 4435 1976 4508 Quemadmodum
2018 4454 2166 4517 ergo
2195 4435 2344 4499 San-

845 4536 926 4598 cti
987 4536 1052 4598 in
1113 4535 1316 4617 patria
1375 4553 1501 4597 non
1560 4541 1744 4597 orant
1803 4534 2183 4615 simpliciter
2232 4554 2345 4616 pro

844 4654 1064 4699 eorum
1116 4633 1318 4695 salute
1367 4652 1528 4714 quos
1583 4632 1705 4696 Deo
1762 4633 2081 4696 revelante
2132 4634 2347 4696 sciunt

846 4733 1190 4814 praescitOS,
1226 4731 1354 4794 imo
1398 4749 1512 4792 nec
1551 4730 1840 4794 absolute
1879 4738 2070 4812 atque
2104 4731 2347 4814 simpli-

843 4833 1000 4892 citer
1037 4829 1400 4893 desiderant
1438 4847 1659 4892 eorum
1701 4829 2006 4907 salutem3
2041 4829 2134 4892 sic
2172 4830 2347 4892 Chri-

845 4937 980 4991 stus
1020 4948 1146 4992 non
1186 4927 1390 4990 oravit
1427 4927 1711 4990 oratione
1748 4945 1824 4989 ex
1865 4928 2211 4990 deliberata
2252 4946 2348 4989 ra-

843 5029 1016 5090 tione
1050 5028 1419 5108 prodeunte,
1449 5045 1563 5108 pro
1594 5025 1905 5108 reprobis.
1934 5026 2104 5088 Fecit
2135 5034 2343 5088 tamen

847 5145 960 5208 pro
1007 5126 1098 5188 eis
1157 5126 1329 5207 quod
1381 5125 1444 5186 in
1495 5143 1564 5186 se
1620 5124 1764 5198 fuit,
1817 5133 1879 5187 et
1937 5143 2014 5186 ex
2073 5127 2350 5188 naturali

847 5244 1081 5300 amore,
1146 5225 1380 5306 pietate
1439 5224 1539 5287 vel
1598 5222 1960 5298 affectione,
2023 5225 2124 5286 vel
2186 5223 2350 5289 forte

849 5322 976 5385 alio
1017 5323 1226 5396 modo,
1260 5323 1463 5385 oravit
1503 5340 1619 5403 pro
1658 5321 1750 5383 eis
1799 5321 1864 5383 in
1906 5322 2213 5404 generali,
2247 5323 2347 5386 vel

2456 4357 2575 4421 pro
2618 4339 3079 4421 praedestinatis
3123 4337 3507 4402 funduntur.

2534 4439 2618 4498 E'c
2649 4437 2782 4499 haec
2813 4458 2952 4498 mea
2982 4438 3204 4498 omnia
3238 4447 3351 4498 tua
3380 4446 3555 4508 sunt,
3572 4446 3630 4497 et
3662 4447 3777 4498 tua
3808 4457 3945 4498 mea

2452 4546 2625 4597 sum.
2660 4535 2785 4599 Hoc
2832 4535 3175 4617 dupliciter
3221 4535 3485 4617 intelligi
3533 4542 3741 4618 potest
3776 4553 3790 4598 :
3824 4535 3948 4598 Pri-

2454 4653 2578 4706 mo,
2614 4636 2691 4696 de
2732 4633 3028 4696 increatis
3063 4641 3124 4696 et
3163 4632 3437 4696 infinitis
3478 4634 3717 4697 divitiis
3754 4633 3947 4696 Patris

2453 4741 2516 4795 et
2553 4732 2717 4794 Filii.
2752 4731 2931 4794 Pater
2961 4731 3133 4794 enim
3174 4750 3242 4794 se
3279 4739 3481 4794 totum
3524 4733 3950 4795 communicat

2455 4830 2633 4905 Filio,
2670 4831 2825 4893 dans
2875 4831 2934 4892 ei
2981 4847 3094 4913 per
3129 4830 3603 4911 generationem
3652 4839 3947 4894 aeternam

2455 4928 2806 4992 divinitatis
2857 4928 3349 5010 plenitudinem.
3392 4927 3499 4991 Est
3547 4929 3761 5010 itaque
3810 4947 3950 4992 sen-

2455 5047 2564 5090 sus
2599 5046 2611 5090 :
2647 5026 2871 5089 Omnia
2915 5045 3076 5101 mea,
3109 5027 3229 5089 hoc
3279 5035 3373 5090 est
3411 5028 3722 5109 quidquid
3773 5028 3949 5090 abso-

2456 5126 2605 5189 lutae
2663 5125 3093 5207 perfectioniS,
3146 5125 3461 5207 quidquid
3514 5125 3941 5199 beatitudiniS,

2456 5224 2750 5287 essentiae
2778 5232 2840 5286 et
2870 5223 3215 5305 majestatis
3258 5224 3323 5287 in
3356 5243 3457 5286 me
3498 5233 3615 5298 est,
3650 5225 3749 5287 vel
3782 5244 3945 5288 com-

2461 5323 2622 5406 petit
2672 5322 2855 5398 mihi,
2898 5329 2995 5384 est
3050 5321 3113 5383 in
3172 5329 3257 5396 te,
3304 5329 3365 5384 et
3422 5322 3722 5386 convenit
3773 5322 3940 5385 tibi:

3976 3337 4039 3377 1⁹.

4062 4441 4127 4498 ¹0
