4300 6259
818 458 940 527 296
1668 484 2019 533 numano
2060 486 2125 532 m
2166 486 2305 534 ω.
2350 487 2372 533 1
2412 484 2688 535 somma.
2729 508 2812 519 -
2850 489 2992 535 ΑΜ.
3038 490 3078 535 v

820 662 915 715 est
976 654 1386 718 materialiter
1450 657 1956 738 intelligendum,
2020 661 2127 721 sed
2200 677 2312 741 per
2341 658 2391 719 A
2421 657 2493 721 Et
2536 662 3068 743 respondendum,
3103 663 3273 743 quod
3306 661 3525 734 Judaei‚
3553 660 3918 742 baptizante

820 752 1055 828 sinum,
1099 754 1476 836 intelligitur
1519 775 1626 819 cor
1672 765 2027 839 paternum,
2070 760 2137 820 in
2181 779 2311 842 quo
2415 759 2672 835 Joanne,
2727 780 3018 843 magnam
3067 762 3547 825 aestimationem
3597 762 3917 824 habebant

817 851 1095 915 Verbum
1144 855 1524 917 aeternaliter
1581 864 1811 918 manet.
1860 856 2172 939 Loquitur
2228 866 2312 921 ta-

818 968 964 1013 men
1008 949 1401 1033 Evangelista
1440 972 1617 1016 more
1653 955 1953 1030 humano,
1994 966 2310 1038 quatenus

821 1068 936 1132 per
983 1052 1413 1115 exsistentiam
1464 1053 1603 1115 Filii
1652 1055 1717 1117 in
1758 1056 1902 1117 sinu
1956 1055 2172 1131 Patris,
2216 1058 2312 1119 in-

818 1148 1029 1211 sinuet
1073 1152 1518 1232 superdulcem
1562 1153 1887 1227 affectum,
1920 1157 2312 1219 amorosissi-

820 1265 1119 1329 mamque
1178 1250 1478 1312 unionem
1535 1250 1733 1313 Patris
1790 1272 1863 1314 ac
1920 1253 2084 1328 Filii,
2146 1254 2312 1317 sicut

818 1347 988 1426 apud
1032 1365 1145 1409 nos
1190 1354 1480 1429 parentes
1525 1358 1771 1431 ponunt
1815 1350 1984 1413 filios
2028 1353 2306 1429 in-sinu,
2353 1337 2360 1343 ’

819 1462 896 1507 ex
940 1464 1167 1527 magno
1207 1446 1466 1510 affectu.

900 1544 1207 1616 Quoniam
1246 1565 1393 1627 ergo
1429 1546 1593 1610 fides
1628 1556 1687 1610 et
1722 1548 1822 1611 lex
1854 1550 2199 1612 christiana
2233 1550 2312 1613 ab

821 1644 1148 1724 unigenito
1204 1645 1363 1710 Filio
1411 1646 1517 1708 Dei
1582 1648 1988 1730 pronuntiata
2042 1668 2115 1712 ac
2174 1651 2315 1712 data

819 1749 915 1804 est
952 1743 1157 1818 nobiS,
1194 1744 1431 1810 idcirco
1467 1746 1723 1826 gravius
1754 1754 1859 1811 est
1890 1766 2013 1810 non
2057 1750 2314 1811 credere

2418 859 2591 940 quod
2619 859 2870 922 Messias
2901 861 3180 924 venisset
3207 861 3274 921 in
3305 862 3637 934 mundum,
3661 878 3737 922 ex
3769 879 3918 922 cau-

2419 958 2506 1020 sis
2565 958 2857 1034 diversiS,
2910 959 3206 1022 videlicet
3257 978 3270 1022 :
3324 966 3584 1042 propter
3637 958 3918 1021 testimo-
3958 978 4196 1026 Lumen,
4256 1030 4257 1047 χ

2421 1057 2600 1117 nium
2633 1066 2972 1138 pastorum,
3004 1057 3197 1120 Annae
3227 1057 3642 1140 prophetissae
3669 1065 3729 1119 et
3755 1056 3914 1137 justi
3943 1043 4094 1082 ²⁵⁴⁸·

2420 1154 2754 1231 Simeonis,
2787 1157 2980 1219 trium
3013 1174 3270 1239 quoque
3307 1156 3648 1237 Magorum,
3680 1163 3742 1218 et
3774 1175 3918 1238 pro-
3973 1174 4198 1219 natea-1.

2423 1263 2562 1336 pter
2609 1256 2990 1319 occisionem
3042 1256 3384 1318 infantium
3435 1274 3448 1317 :
3502 1274 3776 1337 quorum
3825 1264 3916 1317 te-
3947 1241 4126 1287 ¹'⁶‘¹⁶·

2420 1354 2865 1417 stimoniorum
2929 1355 3234 1418 memoria
3293 1354 3500 1416 adhuc
3561 1354 3624 1416 in
3683 1354 3916 1416 Judaeis

2423 1453 2791 1535 permansit.
2845 1454 3020 1529 Item,
3072 1453 3226 1535 quia
3282 1454 3578 1516 viderunt
3634 1452 3758 1514 sibi
3820 1470 3918 1514 re—

2419 1570 2618 1631 gnum
2678 1551 2981 1626 ablatum,
3041 1560 3104 1614 et
3161 1552 3530 1633 alienigenae
3585 1552 3912 1625 traditum,

2422 1652 2593 1731 quod
2634 1651 2821 1713 Jacob
2869 1652 3041 1713 dedit
3083 1652 3175 1713 eis
3221 1670 3335 1733 pro
3383 1651 3564 1731 signo
3605 1652 3916 1713 adventus
3969 1667 4200 1709 omnm.

2422 1748 2691 1829 Christi;
2725 1756 2787 1811 et
2815 1749 2968 1830 quia
2998 1749 3294 1811 viderunt
3323 1748 3744 1811 hebdomadas
3776 1748 3917 1810 illas
3947 1733 4017 1771 ¹⁰·

820 1849 883 1903 et
910 1841 1169 1905 obedire
1212 1842 1568 1925 Evangelio,
1603 1865 1796 1927 quam
1835 1846 1986 1909 olim
2028 1846 2152 1909 ruit
2187 1867 2311 1911 non
2351 1853 2396 1913 B
2424 1847 2738 1929 impletas.
2784 1849 2860 1909 de
2909 1847 3146 1929 quibus
3197 1847 3428 1910 cecinit
3474 1846 3692 1909 Daniel
3744 1847 3916 1927 quod
3947 1862 4204 1910 Damn-

820 1943 1077 2004 credere
1130 1961 1203 2004 ac
1262 1962 1483 2025 parere
1544 1943 1965 2009 Pentateucho
2023 1955 2085 2009 et
2144 1946 2313 2009 Scri·

736 2074 741 2081 ·
821 2041 1025 2123 pturis
1074 2041 1305 2103 veteris
1352 2042 1756 2105 Testamenti.
1799 2045 1891 2106 Ad
1941 2046 2111 2125 quod
2164 2045 2317 2107 insi-

554 2160 697 2204 θεὸν.
716 2174 789 2213 xn,

546 2852 609 2896 12.
632 2864 712 2903 m,
738 2854 775 2895 ί.

620 3240 687 3297 19

821 2141 1146 2202 nuandum
1187 2140 1339 2203 dicit
1378 2142 1713 2223 Apostolus
1757 2145 1835 2206 ad
1874 2143 2166 2208 Hebraeos
2202 2164 2215 2207 :
2251 2144 2313 2207 Si

822 2239 915 2301 illi
972 2241 1156 2321 (puta
1212 2239 1437 2319 Judaei)
1495 2261 1619 2304 non
1684 2240 2069 2323 effugerunt,
2130 2262 2313 2306 recu-

820 2346 1029 2400 santes
1071 2356 1219 2399 eum
1265 2339 1375 2419 qui
1423 2357 1617 2421 super
1658 2347 1887 2402 terram
1938 2342 2316 2423 loquebatur

818 2438 1001 2518 (puta
1047 2437 1345 2520 Moysen),
1399 2439 1600 2503 multo
1650 2440 1848 2521 magis
1907 2459 2021 2504 nos
2070 2443 2182 2523 qui
2237 2442 2315 2503 de

821 2536 999 2599 coelis
1040 2536 1405 2618 loquentem
1446 2537 1629 2599 nobis
1668 2539 2036 2614 avertimuS,
2072 2540 2316 2603 scilicet

819 2633 1050 2696 Filium
1108 2634 1241 2707 Dei,
1288 2653 1413 2697 non
1468 2633 1874 2715 effugiemus.
1927 2674 2009 2683 -
2056 2638 2141 2699 De
2199 2638 2316 2701 hac

821 2752 936 2795 sua
973 2733 1369 2796 enarratione
1401 2733 1685 2796 Christus
1716 2734 1803 2796 ait
1832 2737 2000 2817 apud
2038 2736 2258 2799 isaiam
2296 2756 2309 2800 :

819 2832 911 2894 Ad
949 2832 1455 2895 annuntiandum
1502 2834 1848 2895 mansuetis
1891 2835 2066 2897 misit
2106 2855 2230 2897 me.

901 2930 1135 2994 Deinde
1172 2930 1568 3012 Evangelista
1608 2934 2016 3015 prosequitur
2060 2934 2313 3016 plenius

2422 1946 2588 2008 intra
2629 1946 2770 2008 illas
2811 1944 3094 2009 Christus
3139 1945 3402 2010 veniret.
3435 1944 3605 2007 Istud
3645 1945 3723 2007 de
3766 1945 3922 2007 heb-
3947 1928 4020 1969 ²⁷·

2422 2044 2796 2108 domadibus
2842 2043 2996 2106 dicit
3037 2044 3323 2125 quidam,
3369 2045 3538 2125 quod
3583 2063 3710 2107 non
3751 2043 3925 2107 vide-

2425 2152 2528 2205 tur
2575 2151 2841 2218 certum,
2895 2143 2994 2205 vel
3045 2144 3317 2205 multum
3367 2142 3718 2225 probabile,
3769 2142 3926 2224 quia

2424 2244 2593 2325 apud
2633 2242 2986 2306 Matthaeum
3018 2242 3303 2305 Christus
3344 2242 3732 2323 improperat
3769 2241 3927 2303 Pha-

2425 2342 2645 2416 risaeiS,
2691 2341 2860 2423 quod
2904 2360 2982 2403 ex
3027 2340 3331 2404 vaticinio
3374 2339 3648 2403 Danielis
3699 2342 3927 2422 praedi-

2423 2449 2536 2517 ct0,
2562 2459 2686 2503 non
2719 2440 3125 2502 adverterunt
3155 2447 3407 2521 tempus
3435 2440 3743 2503 adventus
3775 2438 3926 2501 Mes-

2425 2540 2533 2604 siae
2566 2540 2800 2601 instare
2835 2556 2848 2600 :
2887 2537 3132 2600 Faciem
3163 2538 3432 2619 (inquit)
3461 2538 3604 2601 coeli
3631 2537 3925 2617 judicare
3951 2554 4200 2599 aalma.

2425 2638 2647 2712 nostiS,
2700 2638 2878 2717 signa
2933 2644 3144 2698 autem
3201 2644 3561 2718 temporum
3621 2656 3744 2698 non
3807 2620 3996 2718 po—⁴·
4262 2710 4263 2727 ἦ

2425 2738 2646 2799 testis?
2688 2735 2765 2797 Et
2809 2736 2875 2797 in
2925 2735 3094 2798 Luca
3140 2735 3392 2817 planius
3435 2735 3522 2797 ait
3565 2754 3579 2797 :
3621 2735 3924 2817 Hypocri-
3953 2752 4198 2798 manse.

2425 2845 2524 2911 tae,
2568 2835 2795 2899 faciem
2845 2835 2987 2899 coeli
3037 2841 3101 2897 et
3149 2844 3330 2897 terrae
3379 2834 3576 2897 nostis
3627 2834 3922 2915 probare,

2426 2936 2545 2999 hoc
2590 2944 2801 2997 autem
2855 2942 3104 3015 tempus
3153 2934 3471 3014 quomodo
3521 2952 3645 2995 non
3699 2933 3930 3015 proba-

819 3030 1331 3094 testificationem
1372 3031 1627 3094 Joannis
1676 3033 1754 3094 de
1798 3032 2064 3107 Christo,
2108 3042 2316 3098 osten·
2353 3040 2396 3104 C
2425 3035 2547 3097 tis?
2595 3034 2901 3107 Quoniam
2955 3033 3171 3113 itaque
3218 3031 3616 3095 aestimabant
3663 3039 3926 3113 tempus

822 3131 977 3193 dens
1008 3130 1220 3193 locum
1249 3137 1311 3191 et
1340 3137 1615 3211 tempuS,
1654 3130 1760 3193 ubi
1792 3140 1854 3193 et
1882 3134 2137 3214 quando
2171 3152 2312 3214 per-

822 3229 1033 3292 hibuit
1070 3229 1503 3291 testimonium
1546 3229 1813 3292 Christe.
1848 3234 1935 3293 Ec
1962 3234 2076 3291 hoc
2102 3242 2192 3292 est
2234 3242 2316 3293 te-

816 3330 1199 3390 stimonium
1235 3331 1531 3400 Ιοαηηίε,
1564 3329 1628 3391 id
1672 3337 1789 3403 est,
1825 3329 2017 3392 verba
2056 3330 2312 3393 Joannis

816 3426 1109 3510 Baptistae
1156 3426 1286 3508 jam
1336 3428 1715 3502 introducta,
1759 3436 1907 3490 sunt
1948 3448 2091 3509 quae
2138 3430 2314 3492 testi-

815 3526 1069 3589 ficando
1117 3524 1278 3588 dixit
1324 3526 1401 3588 de
1450 3526 1716 3589 Christo.
1762 3526 1973 3608 Aliqui
2029 3528 2314 3590 referunt

816 3626 937 3688 hoc
983 3626 1063 3687 ad
1113 3624 1307 3687 verba
1354 3625 1705 3706 sequentia,
1750 3626 1813 3687 in
1866 3626 2103 3707 quibus
2153 3627 2314 3690 Prae-

815 3742 1037 3789 cursor
1064 3731 1323 3787 testatur
1354 3724 1682 3787 veritatem
1713 3726 1790 3786 de
1821 3724 2080 3789 Christo.
2104 3729 2312 3795 Quan-

813 3828 894 3885 do
940 3826 1256 3885 miserunt
1289 3824 1506 3884 Judaei
1547 3826 1628 3883 ab
1661 3826 2098 3901 Jerosolymis,
2155 3824 2310 3886 urbe

816 3921 1187 3984 sacerdotali
1243 3940 1316 3983 ac
1373 3921 1543 4001 regia
1598 3929 1790 4002 atque
1849 3922 2184 4003 metropoli
2245 3923 2309 3984 in

813 4021 1045 4095 Judaea,
1101 4020 1166 4081 in
1217 4039 1343 4101 qua
1392 4020 1674 4081 studium
1728 4019 2186 4101 Prophetarum
2239 4040 2312 4084 ac

814 4118 970 4203 legis
1003 4118 1273 4199 vigebat,
1309 4116 1622 4179 sacrificia
1656 4137 1914 4199 quoque
1953 4118 2216 4195 fiebant,
2250 4128 2312 4181 et

2422 3133 2660 3195 Messiae
2697 3134 2938 3207 adesse,
2973 3131 3214 3213 opinati
3258 3138 3407 3193 sunt
3441 3131 3745 3193 Joannem
3782 3148 3926 3192 esse

2423 3232 2765 3307 Christum,
2818 3239 3078 3313 propter
3128 3229 3574 3293 miraculosam
3623 3230 3762 3310 ejus
3813 3250 3928 3291 na·
4264 3282 4265 3313 ἐ

2421 3331 2754 3405 tivitatem,
2798 3349 2942 3411 quae
2986 3347 3180 3411 super
3225 3328 3438 3392 omnia
3479 3336 3779 3390 montana
3817 3328 3926 3390 Ju-
3953 3348 4200 3397 manes.

2422 3431 2570 3493 daeae
2600 3429 3081 3510 divulgabatur3
3117 3427 3290 3502 item,
3327 3434 3586 3508 propter
3615 3426 3762 3489 vitae
3791 3444 3926 3489 suae

2419 3529 2931 3602 abstractionem,
2963 3528 3237 3608 rigorem
3267 3544 3341 3588 ac
3371 3525 3789 3599 sanctitatem,
3821 3543 3927 3605 ge-

2421 3627 2722 3707 nealogiae
2770 3625 3188 3688 nobilitatem.
3241 3623 3444 3696 Quum
3496 3622 3669 3685 enim
3726 3622 3924 3684 suerit

2421 3734 2604 3789 natus
2656 3728 2733 3788 de
2781 3725 2953 3788 tribu
3006 3723 3399 3797 sacerdotali,
3447 3722 3776 3804 probabile
3825 3730 3926 3784 est
3951 3740 4204 3791 maan.

2419 3826 2591 3908 quod
2637 3825 2824 3887 etiam
2867 3824 2990 3885 fuit
3028 3824 3106 3885 de
3148 3822 3322 3885 tribu
3365 3821 3557 3903 regali
3601 3820 3702 3883 vel
3737 3821 3918 3893 Juda,

2419 3924 2722 4007 quoniam
2754 3924 2850 3985 hae
2883 3924 3024 3985 duae
3053 3922 3262 3984 tribus
3295 3940 3457 4004 pene
3487 3938 3741 4002 semper
3769 3940 3926 3984 con-

2417 4032 2748 4085 traxerunt
2795 4022 2870 4083 ad
2928 4021 3228 4085 invicem.
3279 4020 3625 4092 Quaerendo
3681 4026 3918 4093 autem,

2399 4123 2509 4184 ·Tu
2552 4122 2666 4203 qui
2708 4124 2820 4183 es?
2853 4139 2980 4183 non
3022 4118 3437 4182 intendebant
3477 4117 3785 4181 sciscitari
3819 4117 3921 4181 vel

816 4218 1141 4301 principes
1177 4216 1533 4279 Judaeorum
1577 4217 2080 4291 demorabantur,
2112 4240 2314 4280 sacer·
2343 4222 2394 4284 D
2421 4219 2758 4283 certificari
2791 4220 2868 4281 de
2900 4218 3158 4281 nomine
3187 4225 3247 4279 et
3276 4215 3542 4297 origine,
3577 4215 3712 4278 haec
3745 4216 3920 4278 enim

812 4321 987 4379 doces
1022 4326 1083 4376 et
1120 4317 1400 4387 LevitaS,
1452 4316 1747 4378 videlicet
1797 4317 2055 4380 nuntios
2105 4316 2312 4380 solen-

814 4434 926 4479 nes
966 4422 1028 4477 et
1066 4414 1369 4489 eruditOS,
1404 4415 1515 4496 qui
1558 4415 1755 4496 magis
1798 4415 2178 4478 videbantur
2217 4436 2314 4479 ze-

815 4516 945 4579 lare
987 4533 1105 4597 pro
1146 4514 1284 4595 lege
1326 4532 1398 4576 ac
1442 4513 1660 4577 divino
1708 4514 1969 4589 honore,
2014 4519 2101 4576 ad
2137 4537 2309 4586 eum,

814 4623 887 4675 uc
927 4615 1402 4690 interroyarent
1438 4634 1585 4675 eum
1616 4634 1639 4673 .·
1678 4618 1769 4675 Pa
1808 4616 1957 4693 quis
1993 4634 2079 4682 38,
2115 4614 2180 4675 id
2219 4621 2315 4675 est

814 4729 958 4793 quae
988 4710 1087 4775 vel
1126 4710 1337 4792 qualis
1378 4728 1667 4791 persona,
1703 4710 1887 4792 cujus
1921 4710 2312 4774 auctoritatis

816 4816 926 4873 aut
967 4809 1290 4891 dignitatis
1320 4812 1345 4870 ³

895 4908 1070 4971 Unde
1125 4908 1279 4971 moti
1328 4906 1591 4969 fuerunt
1636 4906 1830 4969 Judaei
1880 4907 1957 4968 ad
2008 4906 2172 4969 hanc
2225 4908 2316 4969 le-

812 5007 1130 5088 gationem
1162 5013 1224 5069 et
1260 5004 1817 5085 interrogationem
1845 5004 2147 5067 Ioannis?
2180 5005 2310 5067 Nisi

812 5107 985 5171 enim
1045 5112 1373 5188 putassent
1431 5123 1579 5166 eum
1640 5122 1777 5167 esse
1834 5105 2112 5185 aliquem
2177 5125 2308 5167 ma-

808 5225 1029 5290 gnum,
1075 5224 1199 5268 non
1250 5204 1573 5267 misissent
1620 5205 1698 5266 ad
1747 5222 1895 5266 eum
1945 5204 2101 5267 tales
2153 5206 2314 5285 lega-

810 5312 929 5379 tOS,
992 5322 1109 5366 nec
1168 5312 1295 5365 tam
1349 5320 1575 5383 magna
1636 5303 1945 5385 petissent
2002 5303 2082 5365 ab
2142 5304 2306 5386 ipso.

2421 4318 2746 4392 sciebant;
2798 4318 2908 4379 sed
2952 4318 3028 4379 de
3071 4316 3376 4397 dignitate
3417 4322 3480 4377 et
3520 4314 3742 4396 gratia.

2509 4422 2588 4480 Et
2616 4418 2936 4495 confessus
2963 4425 3053 4476 est
3088 4415 3357 4478 Joannes
3399 4414 3751 4488 veritatem,
3787 4422 3924 4475 tan-
4055 4422 4124 4476 2⁰

2422 4535 2615 4597 quam
2645 4514 2938 4577 Veritatis
2974 4532 3199 4595 praeco,
3224 4512 3466 4574 amicus
3497 4519 3559 4573 et
3588 4530 3923 4593 paranym-

2425 4614 2612 4697 phus,
2645 4624 2703 4674 et
2744 4634 2872 4675 non
2914 4613 3177 4690 neyavit
3217 4628 3378 4672 eam.
3411 4608 3490 4671 Os
3531 4608 3701 4671 enim
3745 4610 3916 4690 quod
3967 4626 4186 4681 smum.

2424 4713 2750 4787 mentitur,
2813 4711 3044 4775 occidit
3101 4710 3400 4772 animam.
3463 4706 3539 4770 Et
3594 4707 3922 4770 Psalmista

2422 4811 2510 4873 ait
2569 4811 2692 4873 Deo
2755 4829 2768 4873 :
2831 4809 3057 4871 Perdes
3118 4826 3336 4871 omnes
3394 4806 3505 4887 qui
3567 4806 3922 4887 loquuntur
3981 4824 4166 4873 Pus.

2423 4908 2848 4972 mendacium.
2883 4906 3182 4979 Quamvis
3224 4924 3500 4987 namque
3530 4922 3698 4986 saepe
3729 4904 3814 4967 sit
3846 4905 3924 4968 li-

2423 5009 2620 5071 citum
2665 5008 2994 5071 veritatem
3045 5006 3254 5079 silere,
3303 5012 3563 5087 propter
3609 5003 3924 5066 audienti-

2423 5126 2530 5168 um
2581 5106 3076 5188 improbitatem,
3133 5105 3232 5167 vel
3286 5103 3606 5186 propriam
3671 5120 3916 5184 pacem,

2421 5224 2534 5268 seu
2577 5206 2765 5267 aliam
2814 5205 2982 5287 piam
3023 5223 3136 5267 seu
3179 5202 3618 5267 rationabilem
3660 5220 3919 5263 causam
3949 5262 4010 5303 Ρ.
4041 5271 4190 5302 m

2416 5303 2623 5385 (juxta
2664 5304 2822 5366 illud
2853 5303 3200 5366 Psalmistae
3233 5322 3246 5365 ε
3282 5300 3466 5365 Posui
3497 5300 3591 5363 ori
3633 5317 3776 5363 meo
3809 5318 3919 5363 cu-
3947 5326 3986 5374 ε,
4007 5292 4046 5365 ἑ.
