4300 6259
802 469 881 534 70
1576 487 1925 534 meamne
1966 488 2029 533 tx
2070 487 2212 533 ω.
2257 487 2346 533 xu
2389 487 2581 532 mccx.
2625 507 2708 516 —
2747 489 2892 532 Ant.
2937 488 3130 534 xxxiv

798 661 979 740 quasi
1030 662 1195 722 dicat
1246 681 1262 724 :
1313 660 1661 722 Praehabita
1718 660 2013 742 parabola
2068 678 2290 722 omnes
2321 659 2368 718 A
2401 658 2694 721 officium
2723 669 3240 741 prosequentem,
3273 667 3338 720 et
3367 679 3494 722 non
3525 659 3736 722 verbis
3765 668 3900 721 tan-

796 759 1155 826 concernit:
1188 761 1297 820 sed
1330 761 1451 821 ista
1476 761 1553 820 ad
1579 779 1697 822 sos
1736 779 1909 820 meos
1940 758 2292 840 discipulos
2401 764 2562 830 tum,
2593 759 2700 818 sed
2749 767 2812 819 et
2851 758 3156 839 operibus
3195 759 3495 820 virtuosis
3543 759 3894 820 docentem.

798 858 1157 938 specialiter
1204 861 1499 940 pertinet,
1540 879 1701 940 quos
1749 878 1921 921 meos
1970 860 2294 940 dispensa·
2403 855 2714 919 Peccatori
2753 856 2926 918 enim
2957 857 3116 917 dixit
3147 857 3308 918 Deus
3343 876 3358 918 :
3391 856 3592 928 Quare
3621 866 3688 917 tu
3721 875 3902 918 enar·
3983 879 4080 920 ps.
4107 894 4218 925 mx.

797 964 963 1018 tores
1002 957 1239 1030 efficio,
1274 961 1425 1020 dum
1468 979 1577 1022 vos
1614 958 1757 1020 aliis
1796 958 1875 1018 ad
1918 959 2288 1037 regendum,
2403 974 2502 1015 ras
2557 955 2838 1034 justitias
2891 973 3086 1019 meas,
3135 963 3200 1016 et
3245 955 3520 1016 assumis
3567 963 3901 1017 testamen·
3935 945 4012 990 ¹⁶*
4045 945 4118 982 ¹⁷·

798 1063 861 1115 et
897 1055 973 1116 ad
1016 1058 1401 1135 erogandum
1442 1058 1533 1117 eis
1571 1057 1949 1118 documenta
1976 1075 2049 1117 ac
2092 1075 2294 1117 sacra-
2405 1060 2538 1114 tum
2586 1071 2800 1114 meum
2843 1072 2956 1134 per
2991 1072 3064 1116 os
3113 1056 3342 1114 tuum?
3382 1052 3472 1114 Tu
3519 1071 3670 1115 vero
3709 1053 3896 1116 odisti

796 1161 1009 1214 menta
1038 1153 1259 1214 salutis
1300 1154 1603 1235 praefieio.
1640 1155 1780 1216 ldeo
1816 1173 2035 1234 quaero
2066 1172 2081 1215 :
2114 1153 2288 1225 Quis,
2403 1151 2834 1234 disciplinam,
2875 1161 2940 1213 et
2983 1151 3306 1234 projecisti
3357 1170 3680 1213 sermones
3723 1169 3896 1214 meos

798 1258 1005 1330 putaS,
1038 1259 1155 1324 est,
1196 1255 1367 1312 etc?
1402 1251 1541 1315 Non
1588 1252 1771 1333 quasi
1820 1252 1967 1333 quis
2018 1253 2101 1314 sit
2148 1253 2292 1313 talis
2403 1258 2774 1314 retrorsum.

798 1349 1117 1428 ignorans„
1150 1351 1259 1412 sed
1300 1351 1574 1412 innuens
1612 1369 1807 1432 quam
1838 1350 2192 1412 difficulter
2217 1369 2291 1412 ac
2505 1352 2652 1410 Vere
2679 1351 2824 1408 dico
2857 1350 3054 1420 vobis,
3089 1352 3250 1427 quia
3277 1369 3474 1426 super
3501 1350 3720 1408 omnia
3755 1369 3900 1427 qua»
4055 1363 4138 1418 μ

800 1466 941 1510 raro
967 1448 1362 1530 dispensator
1397 1448 1767 1529 hujusmodi
1810 1450 2184 1530 reperiatur,
2216 1468 2292 1510 eo
2394 1450 2702 1524 possidet,
2741 1450 3082 1507 constituet
3123 1450 3342 1514 illum,
3381 1447 3502 1509 boc
3549 1455 3664 1520 est,
3707 1463 3900 1527 super

524 1561 771 1616 emim-n.
800 1546 969 1627 quod
1010 1564 1231 1608 omnes
1272 1566 1418 1628 quae
1456 1567 1571 1608 sua
1610 1556 1759 1608 sunt
1788 1554 2097 1628 quaerant,
2140 1566 2292 1628 pau-
2401 1546 2692 1626 quaedam
2729 1545 3018 1608 omnium
3059 1545 3370 1607 bonorum
3413 1565 3558 1626 quae
3596 1544 3896 1626 possidet,

504 1625 575 1666 ²¹·
799 1645 1169 1725 cissimique
1224 1646 1591 1718 consistant,
1646 1646 1761 1726 qui
1814 1647 2075 1718 directe,
2131 1665 2292 1726 pure
2401 1643 2688 1706 Christus
2743 1651 2934 1725 ponet
2991 1644 3358 1724 hujusmodi
3419 1663 3696 1717 servum,
3745 1643 3902 1724 quia

798 1751 861 1804 et
904 1741 1195 1803 irreflexe
1236 1743 1315 1804 ad
1358 1741 1553 1804 Deum
1601 1743 1891 1804 conversi
1932 1744 2081 1813 sint,
2116 1743 2290 1806 illius
2403 1742 2470 1803 in
2511 1761 2704 1822 regno
2742 1742 2986 1804 coelesti
3025 1760 3172 1804 eum
3213 1742 3394 1804 valde
3435 1742 3789 1804 eminenter
3823 1760 3900 1804 ac

800 1840 1101 1903 honorem
1144 1848 1411 1914 tantum,
1454 1860 1579 1904 non
1632 1842 1961 1923 proprium
2014 1861 2292 1904 commo-
2329 1840 2810 1920 Bsingulariter
2855 1840 3172 1908 elevabit:
3221 1849 3284 1903 et
3341 1859 3468 1903 non
3518 1840 3722 1902 solum
3782 1859 3899 1921 pro

794 1941 949 2001 dum
988 1940 1419 2020 exquirentes.
1454 1939 1709 2020 ltaque:
1748 1943 1921 2009 Quis,
1946 1952 2172 2017 putas,
2199 1953 2290 2001 est
2401 1938 2536 1999 suis
2575 1939 2984 2000 coronabitur
3014 1939 3280 2011 meritis,
3313 1939 3424 2000 sed
3463 1946 3526 2000 et
3559 1957 3673 2020 pro
3709 1938 3900 1999 meri-

788 2041 1003 2114 fidelis
1030 2041 1433 2114 dispensator
1458 2049 1519 2098 et
1542 2042 1861 2114 prudens,
1890 2039 2011 2101 boc
2046 2047 2137 2100 est
2177 2039 2293 2101 ali·
2401 2038 2482 2098 tis
2529 2038 2974 2098 universorum
3025 2037 3138 2117 qui
3187 2055 3304 2098 sua
3351 2036 3698 2100 directione
3743 2055 3898 2098 con-

790 2153 971 2197 orum
1004 2136 1399 2216 praedicator,
1430 2143 1634 2198 rector
1664 2138 1800 2198 sive
1832 2137 2152 2218 praelatuS,
2174 2138 2289 2219 qui
2401 2135 2564 2198 versi
2609 2135 2851 2196 fuerint
2877 2155 2952 2196 ae
2981 2135 3203 2196 salvati
3237 2155 3254 2198 ε
3289 2135 3374 2197 ita
3403 2136 3574 2216 quod
3612 2155 3726 2217 pro
3763 2136 3898 2196 suis

788 2233 1095 2295 fidelitate
1149 2233 1413 2313 justitiae
1458 2253 1533 2296 ac
1579 2225 1959 2298 discretione
2018 2237 2290 2318 pruden-
2399 2234 2644 2295 meritis
2687 2234 3034 2314 adepturus
3075 2243 3170 2294 est
3213 2252 3491 2305 auream,
3533 2240 3598 2294 et
3641 2251 3756 2315 pro
3793 2252 3900 2294 ac-

788 2332 893 2394 tiae
934 2332 1019 2393 sit
1058 2339 1339 2406 ornatus,
1374 2353 1563 2412 quem
1591 2336 1927 2394 constituit
1954 2337 2284 2406 domium,
2396 2332 2745 2413 quisitionc
2787 2333 3082 2401 aliorum,
3119 2332 3464 2394 aureolam.
3497 2331 3672 2394 Unde
3713 2331 3902 2393 Thes-

786 2429 951 2492 Deus
1008 2431 1433 2512 omnipotens,
1488 2449 1599 2492 seu
1650 2431 1937 2494 Christus
1994 2452 2287 2496 summus
2396 2430 2906 2492 salonicensibus
2945 2429 3170 2491 scribit
3197 2430 3536 2511 Apostolus
3569 2448 3585 2492 :
3618 2429 3765 2501 Quae
3801 2438 3902 2492 est
3951 2452 4228 2497 iri-am.

787 2527 1083 2591 Ecclesiae
1130 2528 1437 2610 pontifex,
1468 2551 1665 2606 super
1696 2531 2037 2607 familiam
2070 2553 2285 2600 suam,
2397 2548 2542 2611 spes
2581 2538 2814 2597 nostra,
2847 2536 2958 2590 aut
2993 2529 3322 2608 gaudium,
3355 2537 3465 2590 aut
3501 2548 3732 2592 corona
3765 2529 3902 2609 glo-
3933 2519 4016 2556 ¹⁹·

786 2626 907 2688 boc
955 2637 1053 2688 est
1096 2645 1351 2707 gregem
1402 2626 1718 2701 fidelium,
1756 2637 1831 2687 ut
1878 2632 1983 2688 dec
2032 2632 2169 2688 illis
2213 2632 2286 2690 in
2398 2629 2552 2689 riae?
2595 2627 2816 2690 Nonne
2865 2646 2978 2688 vos
3025 2635 3172 2688 ante
3221 2626 3558 2689 Dominum
3609 2634 3896 2690 nostrum

788 2735 1087 2802 tempore,
1140 2727 1201 2787 id
1248 2734 1345 2787 est
1392 2744 1671 2806 congruo
1718 2734 2025 2809 tempore,
2080 2731 2290 2788 tritici
2393 2725 2608 2788 Jesum
2659 2725 3035 2789 Christum?
3076 2725 3466 2806 Augustinus
3514 2744 3772 2807 quoque
3809 2733 3900 2787 te-

790 2845 1185 2892 mensuram,
1230 2825 1350 2887 boc
1399 2831 1495 2884 est
1551 2824 1949 2906 spiritualem
1996 2827 2292 2890 alimoni—
2397 2833 2598 2886 statur
2631 2844 2645 2887 :
2678 2825 2864 2906 Apud
2895 2823 3094 2885 Deum
3136 2823 3295 2886 nihil
3329 2823 3574 2886 beatius
3613 2824 3896 2906 episcopi

784 2941 905 2998 am,
922 2922 1215 2984 videlicet
1246 2923 1709 3004 praedicationis
1742 2924 2015 2994 verbum,
2036 2927 2288 2988 virtutis
2397 2931 2460 2983 et
2491 2922 2843 3005 presbyteri
2884 2931 2996 2984 aut
3025 2923 3274 2984 diaconi
3305 2921 3546 2989 officio,
3581 2923 3634 2984 si
3665 2940 3740 2984 eo
3769 2941 3900 2984 mo-

786 3021 1176 3103 exemplum,
1220 3030 1611 3083 sacramenta
1647 3023 1889 3097 saluti3‚
1934 3026 2287 3087 secundum
2323 3020 2368 3084 C
2398 3022 2477 3083 do
2525 3020 2838 3082 militetur
2885 3040 3016 3102 quo
3077 3029 3290 3083 noster
3347 3019 3648 3102 praecepit
3700 3020 3900 3101 Impe-

784 3119 1157 3199 dignitatem
1192 3129 1255 3181 et
1292 3120 1703 3201 capacitatem
1744 3121 2039 3184 illorum?
2070 3122 2288 3204 ltaque
2398 3129 2582 3190 rator,
2618 3119 2740 3181 boe
2783 3127 2900 3192 est,
2933 3119 2986 3180 si
3026 3118 3142 3181 fiat
3183 3127 3246 3179 et
3295 3117 3634 3200 impleatur
3675 3136 3899 3200 quem-

784 3219 1332 3300 dispensatoribus
1372 3218 1629 3298 Christi,
1665 3227 1817 3300 puta
1854 3222 2288 3284 sacerdotibus
2395 3217 2736 3279 admodum
2781 3217 3069 3280 Christus
3107 3215 3312 3295 jubet.

781 3325 847 3379 et
897 3316 1171 3398 praelatis
1228 3336 1301 3380 ac
1356 3318 1874 3400 praedicatoribus
1924 3320 2101 3381 verbi
2150 3320 2283 3391 Dei,
2479 3314 2785 3395 Denique,
2827 3315 2980 3396 quia
3021 3313 3312 3396 opposita
3357 3312 3536 3393 juxta
3579 3332 3648 3375 se
3693 3313 3898 3396 posita

784 3415 1109 3497 praecipue
1162 3415 1531 3477 necessaria?
1580 3423 1731 3476 sunt
1776 3415 2053 3478 fidelitas
2094 3425 2286 3498 atque
2397 3412 2628 3474 clarius
2680 3413 3106 3486 innotescunt,
3153 3412 3322 3474 dicto
3370 3412 3448 3472 de
3493 3412 3694 3492 gloria
3741 3411 3892 3474 boni

788 3512 1147 3594 prudentia,
1170 3521 1239 3574 nt
1265 3511 1493 3574 fideles
1525 3513 1652 3575 sint
1683 3512 1943 3586 Christo,
1966 3515 2290 3577 intenden·
2397 3510 2874 3592 dispensatoris,
2903 3512 2980 3572 de
3023 3510 3174 3571 mali
3213 3509 3664 3592 dispensatoris
3707 3529 3896 3592 poena

784 3611 863 3674 do
894 3619 959 3672 et
987 3612 1331 3692 quaerendo
1360 3611 1501 3690 ejus
1530 3611 1837 3674 honorem
1866 3611 1931 3672 in
1960 3613 2282 3689 omnibus,
2397 3609 2831 3690 subjungitur.
2869 3611 3046 3678 Quod
3095 3611 3156 3668 si
3199 3611 3449 3668 dixerit
3495 3629 3714 3669 servus
3753 3609 3896 3679 ille,
4063 3630 4148 3684 ⁴5

783 3727 859 3771 ac
902 3709 1119 3770 divina
1170 3709 1424 3790 populis
1472 3708 1753 3770 fideliter
1794 3711 2129 3789 erogandO,
2173 3730 2286 3774 seu
2395 3727 2434 3768 a
2461 3707 2727 3770 Domino
2757 3726 2950 3788 super
2979 3707 3120 3787 ejus
3148 3705 3458 3768 familiam
3489 3708 3894 3780 constitutuS,

787 3826 977 3869 suum
1034 3805 1327 3870 officium
1387 3804 1739 3868 efficaciter
1798 3807 2207 3889 adimplendo
2268 3829 2282 3873 ε
2396 3806 2518 3870 hoc
2557 3814 2652 3868 est
2699 3806 2841 3868 aliis
2893 3805 3188 3887 praelatus
3223 3824 3236 3867 :
3274 3807 3529 3866 Moram
3577 3807 3740 3885 facit
3781 3809 3900 3866 do-

786 3906 957 3985 quod
996 3912 1195 3967 totum
1233 3922 1380 3966 cum
1418 3904 1816 3968 discretionis
1854 3906 2288 3970 moderamine
2397 3909 2618 3965 minus
2668 3925 2844 3964 meus
2891 3906 3132 3974 venire,
3176 3903 3297 3966 hoc
3347 3911 3462 3974 est,
3507 3903 3713 3965 adhuc
3763 3904 3899 3966 lon-

788 4002 1003 4066 debito
1042 4011 1139 4064 est
1184 4003 1521 4083 agendum.
1562 4003 1723 4066 Hinc
1768 4003 1857 4064 ait
1894 4004 2232 4086 Apostolus
2267 4025 2281 4069 ε
2394 4021 2546 4084 gum
2594 4013 2690 4064 est
2737 4012 2990 4084 tempus
3039 4021 3168 4084 quo
3206 4001 3512 4065 visitahor
3547 4021 3584 4063 a
3621 4001 3890 4076 Christo,

498 4119 756 4170 icor-‚ma
786 4101 901 4165 Hic
946 4101 1077 4182 jam
1124 4101 1433 4182 quaeritur
1482 4101 1646 4162 inter
1682 4102 2173 4183 dispensatoreS,
2217 4114 2288 4166 ut
2396 4120 2511 4183 per
2561 4101 2939 4182 particulare
2983 4101 3300 4181 judicium
3351 4118 3564 4161 meum
3610 4107 3894 4182 tempore

785 4198 999 4261 fidelis
1040 4200 1189 4282 quis
1232 4199 1614 4263 inveniatur.
2315 4203 2366 4264 D
2395 4201 2616 4262 mortis
2649 4219 2826 4273 meae,
2861 4200 2960 4262 vel
2995 4200 3061 4260 in
3091 4199 3194 4260 die
3223 4198 3440 4260 finalis
3469 4197 3718 4277 judicii.
3751 4198 3894 4261 Haee

579 4307 651 4363 43
864 4301 1107 4359 Beatus
1135 4299 1251 4357 ille
1276 4317 1501 4357 servus
1528 4305 1626 4359 est
1648 4297 1779 4377 jam
1812 4297 1877 4361 in
1909 4317 2044 4380 spe,
2078 4308 2141 4361 et
2173 4318 2286 4380 per
2393 4309 2488 4360 est
2535 4317 2696 4362 vana
2744 4306 2806 4359 et
2853 4298 3044 4359 stulta
3093 4296 3452 4378 promissio,
3496 4314 3624 4378 qua
3671 4315 3896 4377 sugge-

786 4395 1011 4457 merita
1038 4395 1277 4477 quibus
1304 4394 1698 4457 beatitudine
1728 4397 2113 4478 sempiterna
2145 4417 2286 4460 con·
2395 4406 2570 4458 rente
2600 4396 2872 4464 diabolo,
2907 4396 3090 4458 multi
3123 4394 3355 4457 fallunt
3389 4412 3456 4455 se
3487 4395 3680 4476 ipSOS,
3711 4395 3894 4475 juxta

785 4494 1015 4574 dignus
1064 4502 1161 4556 est
1206 4513 1221 4556 ε
1270 4512 1514 4567 servuS,
1567 4494 1851 4574 inquam,
1900 4515 2023 4558 non
2070 4516 2107 4557 a
2156 4515 2286 4558 ser·
2393 4495 2552 4558 illud
2609 4494 3032 4557 Ecclesiastici
3087 4513 3100 4556 ε
3155 4493 3584 4574 Repromissio
3635 4494 3888 4574 nequis·
3922 4517 4236 4568 Rectam„

788 4592 987 4654 vitute
1034 4591 1283 4655 timoris
1332 4590 1583 4654 servilis
1618 4593 1726 4672 (de
1763 4611 1893 4673 quo
1940 4593 2003 4655 in
2046 4593 2283 4658 Ioanne
2393 4595 2554 4655 sima
2594 4594 2868 4675 perdidit
2906 4592 3164 4656 multos.
3195 4595 3278 4654 Ec
3315 4594 3574 4668 coeperit
3603 4603 3894 4669 per-cuc&
3921 4581 4010 4623 ²⁴·

500 4708 755 4760 amanam,
786 4689 1071 4771 loquitur
1119 4689 1405 4752 Christus
1448 4708 1464 4752 ε
1506 4688 1739 4753 Servus
1790 4709 1913 4753 non
1954 4701 2168 4754 manet
2214 4694 2280 4755 in
2391 4714 2460 4752 re
2479 4713 2714 4770 pueros
2741 4703 2802 4754 et
2829 4695 3130 4762 ancillae,
3163 4691 3285 4754 hoc
3314 4699 3411 4753 est
3439 4691 3724 4754 subditos
3765 4691 3888 4754 sibi

490 4771 559 4813 ³⁵·
786 4789 973 4851 domo
1012 4788 1077 4849 in
1116 4787 1473 4868 aeternum),
1507 4789 1617 4850 sed
1648 4807 1685 4850 a
1722 4789 2025 4850 servitute
2062 4789 2280 4852 filialis
2391 4791 2787 4866 commiSSOS,
2846 4789 3199 4872 praesertim
3259 4789 3550 4870 pusiIIOS,
3602 4790 3716 4871 qui
3777 4810 3894 4871 per

784 4885 1053 4960 timoriS,
1116 4905 1228 4947 seu
1292 4885 1676 4950 obeditionis
1739 4895 1801 4947 et
1861 4887 2282 4951 observantiae
2390 4908 2623 4970 pueros
2655 4897 2718 4950 et
2745 4888 3006 4950 ancillas
3038 4905 3314 4968 congrue
3344 4888 3765 4968 designantur.
3785 4888 3894 4950 Ta-

782 4991 1271 5066 praceptorum,
1312 5004 1503 5063 quem
1552 5005 1753 5064 quum
1798 4986 2041 5046 venerit
2078 4988 2280 5047 domi·
2390 4988 2480 5049 les
2509 4995 2722 5049 autem
2756 4996 2966 5068 pastor
2997 5005 3108 5047 seu
3138 4985 3536 5065 dispensator
3567 4986 3886 5066 indignus,

778 5103 907 5144 nus
940 5083 1019 5146 ad
1064 5081 1381 5162 judicium
1422 5082 1561 5162 ejus
1603 5083 2003 5164 particulare,
2050 5083 2150 5146 vel
2199 5085 2275 5145 ad
2389 5085 2664 5165 percutit
2703 5084 2907 5145 tribus
2949 5083 3173 5156 modi3‚
3209 5083 3452 5146 scilicet
3483 5102 3498 5146 ε
3533 5084 3747 5146 verbis
3791 5084 3892 5146 in-

776 5179 1093 5262 judicium
1146 5179 1462 5261 generale,
1515 5182 1839 5241 invenerit
1885 5181 1980 5241 ita
2028 5185 2278 5262 facien-
2383 5182 2666 5262 juriosis,
2727 5182 2908 5262 juxta
2966 5181 3125 5243 illud
3177 5179 3486 5254 Jeremiae,
3543 5179 3764 5243 Venite
3819 5191 3886 5244 et
3943 5200 4226 5254 aer-,nnn

782 5289 931 5349 tem,
967 5279 1087 5342 boc
1130 5286 1225 5340 est
1268 5278 1543 5342 fideliter
1582 5297 1656 5341 ac
1693 5278 2041 5359 prudenter
2084 5299 2270 5342 suum
2385 5281 2816 5362 percutiamus
2855 5298 2998 5342 eum
3042 5279 3290 5359 lingua:
3324 5278 3508 5342 malis
3541 5278 3880 5361 exempliS,
3919 5263 4001 5306 ¹⁸·
