4300 6259
473 1165 721 1216 Malthmv,

547 1454 618 1509 39

462 1862 594 1905 Pron.
610 1877 723 1915 xxiv,

461 1927 525 1968 12.

549 3331 621 3385 40

487 3412 592 3455 Act.
613 3423 642 3461 1,
667 3414 702 3453 Ι.

493 3536 661 3580 Manli.
687 3552 728 3589 v,

461 3601 528 3641 22.

469 4814 733 4863 Galamnd.

495 5008 602 5051 Luc.
625 5022 735 5057 xxiv,

469 5074 536 5113 25.

752 472 832 537 44

1569 497 1920 546 muliano
1961 498 2026 545 IN
2067 498 2206 546 cu.
2253 499 2319 545 ΧΙ
2360 498 2549 547 LUGAE.
2593 519 2675 531 --·
2712 500 2855 547 ΛΒΤ.
2900 500 3051 546 ml

753 680 872 725 nec
903 682 1040 726 eam
1071 666 1190 731 hac
1220 668 1361 732 vice
1401 670 1698 744 servavit,
1733 678 1804 732 ut
1841 670 1951 733 tali
1986 670 2261 734 occasio-
2289 668 2337 729 A
2366 670 2570 734 Israel.
2593 675 2822 734 Nonne
2845 673 2960 751 qui
2982 672 3134 748 fecit
3161 675 3328 751 quod
3349 671 3596 748 deforis
3623 668 3873 736 esc,hoc

754 780 834 823 ne
883 762 1488 831 ad'saluberrimam
1540 769 1999 832 Pharisaeorum
2053 770 2260 832 incre-

755 861 1074 942 pationem
1105 884 1178 926 ac
1210 866 1696 930 instructionem
1729 868 1995 930 veniret.
2021 867 2138 931 Pro
2169 886 2261 929 ca-

753 961 896 1022 dem
930 963 1118 1025 etiam
1149 984 1338 1027 causa
1367 966 1668 1047 discipuli
1695 966 1925 1029 Christi
1955 988 1992 1029 a
2021 966 2260 1030 Scribis

753 1066 814 1120 et
851 1059 1176 1125 Pharisaeis
1220 1064 1528 1145 increpati
1570 1066 1868 1145 leguntur
1905 1068 2074 1147 apud
2113 1066 2262 1128 Mat-

753 1158 1012 1233 thaeum‚
1049 1162 1156 1223 ubi
1210 1163 1479 1225 habetur
1515 1182 1526 1225 :
1562 1164 1763 1236 Quare
1812 1165 2113 1247 discipuli
2168 1166 2257 1227 tui

753 1260 1308 1338 transgrediuntur
1336 1262 1706 1323 traditiones
1739 1264 2097 1325 seniorum?
2122 1263 2257 1326 Non

754 1355 928 1416 enim
954 1357 1167 1419 lavant
1198 1378 1424 1421 manus
1456 1380 1601 1433 suas
1627 1380 1828 1441 quum
1860 1364 2259 1424 manducant.

836 1458 920 1515 Et
946 1458 1044 1516 ait
1073 1459 1396 1518 Dominus
1423 1458 1601 1520 ,133113
1635 1462 1724 1519 aot
1753 1461 1969 1521 illum.
2003 1459 2138 1523 Non
2180 1460 2258 1521 ad

755 1554 948 1615 verba
987 1555 1228 1617 vocalia
1269 1557 1378 1617 sed
1418 1556 1716 1619 mentalia
1754 1556 2047 1620 Pharisaei
2081 1558 2260 1621 Chri-

754 1659 888 1712 stus
937 1653 1287 1734 respondit,
1332 1656 1670 1717 ostendens
1722 1674 1789 1717 se
1833 1656 2120 1719 cordium
2164 1657 2261 1717 in-

755 1759 1135 1831 spectorem,
1171 1754 1248 1813 (le
1287 1772 1416 1834 quo
1458 1754 1524 1815 in
1563 1753 1922 1816 Proverbiis
1963 1753 2257 1817 Salomon

755 1848 1041 1929 loquitur
1089 1869 1102 1912 :

756 2045 954 2107 fallet.
1007 2050 1203 2109 Nunc
1251 2069 1357 2109 vos
1397 2050 1751 2119 Pharisoei,
1798 2052 1968 2129 quod
2014 2051 2261 2129 deforis

754 2154 843 2204 est
871 2147 1096 2205 calicis
1124 2155 1184 2205 et
1213 2148 1424 2207 catini
1465 2148 1823 2219 mundalia,
1859 2147 1922 2209 id
1960 2154 2076 2221 cst,
2113 2166 2263 2209 vasa

755 2243 1068 2305 exteriora
1106 2260 1184 2304 ex
1222 2244 1461 2325 quibus
1499 2244 1722 2307 bibitis
1756 2253 1948 2327 atque
1989 2245 2263 2307 comedi-

754 2341 859 2414 tis,
914 2341 1183 2404 lavando
1235 2344 1566 2424 purgatis;
1608 2347 1780 2423 quod
1817 2352 2034 2403 autem
2081 2346 2262 2403 intus

756 2449 844 2500 esc
876 2450 1183 2513 vestrum,
1207 2441 1271 2502 id
1303 2449 1398 2503 est
1428 2460 1609 2503 mens
1641 2460 1754 2503 seu
1784 2442 1996 2503 anima
2027 2448 2259 2515 vestra,

749 2542 1023 2619 plenum
1053 2548 1143 2598 esc
1173 2541 1440 2616 rapina,
1474 2540 1538 2601 id
1569 2547 1665 2601 est
1708 2547 1962 2621 peccato
1992 2545 2054 2600 et
2091 2558 2263 2601 amo-

755 2656 824 2697 re
873 2636 1135 2717 rapinae‚
1169 2648 1228 2698 et
1269 2639 1621 2717 iniquitate
1659 2638 1725 2700 in
1778 2637 1972 2699 Deum
2024 2637 2263 2700 directe

755 2735 1115 2809 commissa,
1152 2736 1238 2797 ita
1275 2737 1448 2817 quod
1491 2736 1663 2818 pleni
1705 2736 1857 2798 estis
1898 2735 2070 2797 vitiis
2118 2754 2266 2797 con-

757 2840 852 2894 tra
881 2833 1081 2894 Deum
1113 2841 1177 2895 et
1216 2834 1602 2915 proximum.
1639 2833 1798 2896 Ecce
1828 2841 2106 2914 quantus
2141 2832 2265 2894 fuit

756 2932 821 2994 in
864 2932 1114 2995 Christo
1155 2933 1328 2994 zelus
1370 2932 1656 3013 justitiae,
1689 2932 1842 3013 quia
1882 2932 2126 2995 homini
2169 2931 2259 3013 ip-

2367 777 2462 831 est
2512 789 2741 852 corpus
2794 771 3145 832 humanum
3194 770 3365 850 quod
3406 768 3601 831 vultis
3651 768 3871 829 lavan-

2366 869 2447 931 do
2491 869 2807 942 mundari,
2846 887 2919 929 ac
2966 868 3317 950 corporalia
3366 867 3635 948 reliqua,
3674 867 3873 925 etiam

2368 970 2442 1029 id
2469 970 2640 1047 quod
2668 970 2930 1028 deintus
2958 976 3070 1038 est,
3096 974 3314 1049 utpote
3343 966 3643 1039 animam,
3674 982 3871 1045 quam

2367 1086 2403 1127 a
2433 1066 2605 1128 vitiis
2638 1085 2761 1129 non
2796 1066 3101 1147 purgatis,
3120 1066 3277 1145 fec-it
3306 1083 3421 1147 per
3450 1063 3872 1126 creationem?

2366 1164 2499 1237 Quo
2545 1172 2806 1237 constat,
2841 1165 3009 1245 quod
3052 1165 3385 1245 utriusque
3426 1171 3668 1225 naturae
3705 1160 3871 1222 Deus

2368 1264 2653 1344 requirat
2690 1262 3093 1335 munditiam,
3128 1270 3317 1344 prout
3358 1268 3577 1325 monet
3603 1260 3872 1341 Aposto-

2367 1362 2468 1423 lus
2500 1380 2515 1423 :
2546 1360 2919 1423 Mundemus
2952 1380 3063 1424 nos
3092 1361 3172 1423 ab
3203 1360 3377 1424 omni
3418 1359 3873 1441 inquinamen-
3926 1378 4197 1427 neema,

2368 1468 2430 1523 to
2470 1459 2701 1521 mentis
2740 1467 2803 1520 et
2846 1458 3151 1540 corporis,
3186 1457 3597 1540 perficientes
3636 1456 3873 1518 sancti-
3900 1444 3942 1483 ¹·

2367 1557 2731 1621 ficationem
2770 1559 2835 1619 in
2875 1557 3104 1620 timore
3136 1557 3265 1618 Dei.
3301 1557 3453 1631 lmo,
3487 1575 3618 1638 quo
3656 1554 3874 1617 anima

2369 1674 2633 1738 corpore
2662 1664 2864 1718 exstat
2894 1655 3397 1737 praestantior,co
3427 1654 3573 1736 plus
3604 1654 3877 1716 internae

2372 1754 2629 1836 puritati
2674 1754 3059 1816 studendum
3101 1762 3218 1815 est.

1151 1848 1265 1922 Qui
1320 1852 1642 1933 inspector
1690 1860 1784 1914 est
1836 1853 2064 1927 cordiS,
2121 1852 2260 1935 ipse
2298 1850 2343 1911 B
2452 1853 2774 1925 Praeterea,
2811 1854 2928 1915 hac
2957 1852 3187 1915 Christi
3227 1850 3622 1925 auctoritate,
3658 1848 3881 1911 claris-

755 1947 1096 2028 intelligit3
1138 1956 1202 2010 et
1241 1958 1626 2013 servatorem
1666 1951 1896 2013 animae
1933 1960 2058 2012 tuae
2096 1943 2287 2012 nihil‘

2370 1952 2530 2013 sime
2562 1950 2873 2013 refutatur
2905 1951 3163 2013 haeresis
3198 1949 3488 2029 sacrilegi
3520 1947 3874 2021 Manichaei,

2371 2051 2497 2112 duo
2529 2049 2823 2130 ponentis
2865 2048 3185 2130 principia
3224 2066 3460 2121 rerum,
3496 2054 3559 2108 et
3589 2062 3881 2107 asseren-

2368 2148 2451 2208 tis
2511 2166 2741 2228 corpus
2800 2147 3152 2208 humanum
3204 2164 3241 2207 a
3292 2144 3545 2208 diabolo
3602 2142 3873 2215 factum,

2371 2245 2649 2308 animam
2680 2262 2831 2307 vero
2859 2264 2895 2306 a
2925 2244 3050 2306 Deo
3080 2244 3263 2305 lucis.
3300 2241 3474 2315 Quod
3506 2242 3700 2304 etiam
3731 2260 3881 2303 con-

2372 2352 2469 2407 tra
2498 2345 2848 2405 naturalem
2891 2351 2985 2405 est
3024 2342 3519 2425 philosophiam,
3553 2360 3759 2422 quum
3798 2340 3880 2401 de

2373 2462 2625 2505 summo
2674 2442 2798 2505 Deo
2846 2441 3213 2504 Aristoteles
3260 2448 3501 2503 asserat
3545 2459 3559 2501 :
3608 2439 3704 2501 Ab
3757 2439 3881 2501 hoc

2374 2548 2518 2602 ente
2557 2539 2855 2603 omnibus
2896 2539 3252 2601 derivatum
3293 2546 3389 2601 est
3426 2556 3567 2600 esse
3604 2545 3669 2599 et
3702 2536 3884 2599 vive-

2374 2657 2465 2712 re,
2500 2639 2599 2701 his
2631 2638 2893 2719 quidem
2927 2637 3181 2711 clariuS,
3216 2636 3317 2700 his
3346 2644 3557 2698 autem
3591 2634 3887 2699 obscuri-

2377 2756 2473 2797 113.
2494 2735 2669 2809 Quod
2700 2735 2869 2799 Plato
2900 2743 3091 2816 atque
3120 2733 3423 2798 Platonici
3456 2732 3884 2795 subtilissime

2376 2835 2826 2915 probaverunt,
2884 2834 3237 2916 praesertim
3294 2831 3555 2896 Proclus
3604 2830 3887 2893 Platoni—

2374 2951 2486 2995 cus
2538 2931 2605 2993 in
2656 2930 3156 2993 Elementatione
3205 2950 3320 2992 3113
3376 2930 3755 3010 theologica,
3812 2928 3881 2990 in

756 3049 902 3091 sum
957 3029 1278 3102 invitanti,
1331 3048 1368 3090 a
1416 3036 1543 3090 tam
1593 3036 1777 3091 acuta
1829 3028 2265 3111 increpatione
2302 3026 2501 3111 Cqua
2550 3037 2610 3091 et
2661 3029 2865 3111 ipsam
2927 3029 3197 3111 primam
3258 3028 3589 3090 materiam
3648 3028 3884 3110 probat

757 3147 883 3190 non
917 3128 1226 3209 pepercit.
1260 3127 1361 3189 Nil
1384 3128 1565 3189 ’enim
1607 3127 1822 3209 ipsum
1857 3127 1936 3189 ab
1969 3127 2265 3209 aequitate

758 3225 970 3309 quivit
1012 3233 1320 3288 avertere.

839 3326 1070 3385 Stulti.
1104 3323 1428 3395 Quomodo
1460 3322 1769 3396 ChristuS,
1805 3322 1914 3403 qui
1951 3322 2146 3403 coepit
2178 3322 2267 3384 fa-

760 3440 902 3484 cere
950 3430 1012 3483 et
1063 3423 1310 3493 docere,
1345 3420 1691 3483 Pharisaeos
1737 3421 1853 3483 hos
1893 3420 2118 3481 stultos
2158 3439 2266 3501 ap—

761 3520 976 3602 pellat,
1030 3538 1233 3600 quum
1289 3519 1559 3600 ipsemet
1619 3519 1806 3591 dicat,
1859 3517 1975 3590 Qui
2034 3518 2265 3579 dixerit

760 3618 939 3681 fratri
974 3636 1112 3693 suo,
1147 3617 1361 3689 Fatue,
1398 3634 1544 3677 reus
1575 3616 1695 3678 erit
1724 3616 2032 3696 gehennoe
2063 3616 2263 3695 ignis?

759 3718 832 3780 Et
873 3716 1416 3798 respondendum,
1451 3715 1622 3795 quod
1663 3732 1864 3795 quum
1907 3713 2100 3775 verba
2136 3714 2265 3776 oris

756 3816 886 3877 sint
925 3813 1295 3895 expressiva
1334 3812 1656 3874 interioris
1701 3811 2135 3891 conceptionis
2174 3809 2269 3871 af-

756 3912 1186 3992 fectionisque
1237 3910 1466 3983 301013,
1503 3910 1691 3991 culpa
1740 3916 1801 3970 et
1849 3909 2052 3971 virtus
2099 3908 2268 3989 judi-

758 4018 984 4074 cantur
1041 4027 1181 4070 esse
1240 4008 1304 4069 in
1369 4007 1581 4070 verbis
1640 4025 1716 4068 ex
1772 4006 2078 4088 qualitate
2137 4006 2265 4067 dis-

759 4108 1117 4194 positionis,
1164 4125 1276 4167 seu
1317 4106 1777 4187 conceptionis,
1825 4104 2267 4167 affectionisve

2374 3146 2489 3210 per
2532 3146 2599 3189 se
2639 3147 2676 3190 3
2719 3128 2887 3191 bono
2929 3134 3233 3190 exortam.

2453 3226 2761 3307 Deinceps
2801 3224 3086 3288 Christus
3132 3223 3493 3286 animarum
3539 3223 3885 3305 sapientis-

2373 3325 2574 3386 simus
2620 3324 2928 3397 11131113113,
2970 3330 3113 3404 post
3160 3322 3664 3403 increpationem
3714 3322 3887 3403 rigo-

2374 3440 2579 3485 rosam
2622 3421 2912 3501 adjungit
2951 3420 3467 3484 informationem
3504 3420 3883 3501 benignam,

2372 3528 2673 3602 tanquam
2708 3527 2850 3601 post
2880 3518 3103 3581 vinum
3146 3518 3532 3581 austeritatis
3564 3518 3887 3581 adhibens

2373 3619 2585 3680 oleum
2638 3616 2911 3699 pietatiS,
2950 3624 3012 3678 et
3059 3624 3204 3698 post
3240 3616 3525 3679 vulneris
3573 3616 3891 3680 ostensio-

2377 3734 2521 3777 nem
2568 3715 2896 3796 applicans
2939 3714 3346 3775 medicinam.
3400 3717 3889 3785 Verumtamen,

2377 3816 2548 3892 quod
2576 3821 2881 3889 superest,
2906 3812 2969 3873 id
3000 3818 3115 3885 est,
3148 3813 3321 3893 quod
3352 3819 3481 3873 tam
3513 3812 3720 3875 multo
3751 3830 3893 3875 see-

2377 3911 2508 3972 lere
2539 3908 2981 3973 contaminatis
3023 3927 3139 3990 pro
3170 3908 3454 3972 remedio
3484 3916 3701 3985 restat,
3734 3914 3895 3971 date

2374 4013 2859 4085 eleemosynam.
2902 4007 3036 4081 Vel,
3084 4006 3257 4079 Quod
3310 4016 3626 4090 superest,
3675 4008 3743 4070 id
3794 4017 3896 4071 est

2376 4107 2454 4167 de
2510 4105 2608 4166 his
2666 4124 2809 4185 quae
2864 4103 3279 4186 superfluunt
3326 4105 3531 4179 vohiS,
3587 4106 3899 4169 videlicet

758 4208 968 4272 cordis
1004 4225 1018 4268 ε
1056 4206 1296 4267 idcirco
1347 4222 1423 4265 ex
1467 4212 1836 4285 contemptu
1887 4211 1949 4265 et
1997 4203 2268 4265 elatione
2300 4203 2349 4265 D
2379 4203 2731 4265 necessario
2778 4202 2974 4265 victui
3024 4209 3215 4283 atque
3258 4202 3518 4265 vestitui
3564 4212 3781 4267 vestro
3820 4223 3899 4265 ac

759 4308 996 4377 dice-re,
1059 4303 1274 4372 Fatue,
1340 4321 1484 4363 cum
1543 4302 1757 4364 animo
1816 4300 2265 4383 exprobrandi,

761 4404 1143 4488 prohibetur
1180 4420 1217 4461 a
1257 4400 1544 4479 Christo:
1586 4418 1711 4461 non
1757 4407 1970 4460 autem
2012 4398 2062 4459 si
2104 4398 2273 4460 dica-

759 4512 866 4565 tur
905 4520 983 4563 ex
1023 4498 1304 4571 caritate,
1339 4497 1554 4559 animo
1593 4496 1974 4576 corrigendi,
2011 4514 2275 4577 praeser-

762 4602 880 4664 tim
911 4620 948 4661 a
979 4597 1312 4680 superiore
1351 4602 1412 4657 et
1444 4594 1680 4675 judice,
1717 4593 1902 4673 cujus
1943 4600 2038 4654 est
2075 4592 2272 4654 alium

761 4699 933 4780 juste
965 4705 1028 4758 et
1057 4693 1385 4758 caritative
1415 4709 1700 4772 arguere.
1724 4690 1828 4753 Sic
1859 4690 2092 4752 etenim
2127 4688 2277 4750 Pau-

764 4798 865 4859 lus
898 4794 1122 4857 scribit
1161 4792 1240 4854 ad
1274 4790 1516 4854 Galatas
1553 4808 1566 4851 ε
1601 4788 1648 4851 Ο
1679 4788 1980 4850 insensati
2023 4785 2272 4849 Galatae.

765 4896 842 4957 Et
881 4892 1171 4957 Christus
1225 4895 1366 4971 post
1408 4887 1937 4949 resurrectionem
1979 4884 2141 4947 dixit
2188 4884 2281 4945 di-

767 4992 1034 5074 scipulis
1082 5009 1095 5053 :
1142 4988 1189 5051 O
1230 4986 1408 5049 stulti
1460 4993 1521 5047 et
1568 4986 1727 5046 tardi
1782 4984 1971 5046 corde
2021 4983 2098 5043 ad
2149 5000 2281 5042 cre-

768 5092 1072 5155 dendum.
1094 5086 1381 5151 Christus
1415 5102 1566 5147 vero
1594 5082 1884 5145 omnium
1915 5078 2280 5141 Scribarum

769 5200 832 5253 ct
860 5189 1324 5252 Pharisaeorum
1362 5183 1581 5264 judex,
1618 5181 1943 5262 princepS‚
1977 5184 2038 5238 et
2077 5176 2284 5237 Domi-

770 5306 892 5350 nus
942 5286 1088 5361 fuit,
1131 5293 1438 5366 tanquam
1490 5298 1680 5344 verus
1729 5284 1792 5339 et
1841 5293 2130 5338 summus
2174 5292 2281 5335 rex

2379 4303 2603 4363 domus
2644 4308 2889 4373 vestrae,
2924 4299 3112 4361 facite
3150 4300 3647 4383 eleemosynam.
3687 4304 3771 4363 Et
3800 4324 3904 4361 ec-

2378 4419 2444 4459 ce
2485 4400 2706 4457 omnia
2759 4400 3003 4459 munda
3047 4407 3202 4458 sunt
3244 4400 3445 4469 vobis,
3486 4398 3550 4460 id
3600 4407 3721 4474 est,
3767 4400 3905 4463 vir-

2381 4504 2515 4557 tute
2568 4495 2982 4577 eleemosynae
3031 4514 3068 4555 a
3120 4495 3397 4576 peccatis
3441 4496 3747 4559 omnibus
3806 4498 3905 4559 ef—

2383 4590 2691 4654 ficiemini
2742 4592 2910 4673 puri.
2961 4590 3507 4663 Quemadmodum
3555 4601 3774 4656 autem
3831 4594 3901 4656 in

2385 4688 2567 4751 libris
2616 4690 2693 4750 de
2736 4688 2997 4751 Civitate
3043 4688 3154 4751 Dei
3206 4690 3430 4752 recitat
3465 4690 3898 4771 AugustinuS‚

2385 4785 2645 4867 quidam
2677 4786 2904 4848 horum
2944 4786 3275 4849 occasione
3313 4787 3684 4864 verborum,
3719 4788 3907 4851 dixe-

2388 4891 2538 4944 runt
2566 4900 2671 4945 303
2702 4884 2814 4964 qui
2853 4901 3044 4965 opera
3078 4884 3537 4948 misericordiae
3566 4896 3901 4961 exercent,

2392 4980 2455 5042 in
2500 4987 2805 5041 aeternum
2856 4999 2981 5043 non
3031 5000 3216 5062 posse
3264 4983 3575 5045 damnari.
3610 4983 3905 5057 Quorum

2390 5095 2565 5138 error
2596 5076 2865 5138 faciliter
2895 5077 3293 5159 reprobatur.
3328 5078 3620 5143 Christus
3656 5082 3905 5145 etenim

2392 5174 2677 5254 loquitur
2702 5176 2777 5235 de
2809 5173 3354 5257 eleemosynarum
3387 5176 3741 5257 largitione,
3764 5200 3913 5262 pro-

2399 5279 2469 5332 ut
2500 5279 2596 5333 est
2622 5279 2800 5334 actus
2840 5272 3293 5337 misericordiae
3325 5275 3405 5337 ad
3436 5276 3771 5340 caritatem
3806 5278 3911 5341 in-

4030 3722 4103 3776 ⁴1
