4300 6259
1204 505 1555 554 munuc
1598 507 1660 553 IN
1702 506 1841 553 CAP-
1888 506 1909 551 1
1949 504 2226 554 JOANMS.
2268 526 2350 539 --·
2390 508 2533 555 Am.
2576 510 2620 555 V

3337 491 3462 558 299

341 677 445 738 sic
473 676 747 740 Joannes
779 677 1102 742 Christum
1130 677 1429 741 ostendit.
1456 677 1685 753 Tertio,
1721 684 1857 760 pro-
1885 677 1936 739 Ἀ
1966 696 2130 740 eum.
2154 679 2245 741 Ad
2274 681 2445 761 quod
2475 680 2949 756 insinuandum,
2968 688 3260 743 asserunt
3290 701 3461 744 nunc

340 783 497 856 pter
554 776 913 839 efficaciam
972 796 1105 839 suae
1166 776 1654 859 praedicationiS,
1714 776 1855 839 altae

336 880 545 955 atque
601 875 859 950 tubaliS,
918 895 1047 957 qua
1110 874 1356 939 Christo
1418 874 1852 938 testimonium

339 973 753 1054 perhibebat.
786 973 963 1037 Unde
993 983 1254 1039 vocatur
1285 994 1410 1037 non
1450 975 1655 1038 solum
1697 992 1855 1055 prae-

338 1072 702 1147 nuntiator,
764 1074 873 1135 sed
936 1074 1129 1135 etiam
1188 1092 1309 1136 vox
1371 1073 1625 1147 Christi,
1690 1073 1855 1136 sicut

339 1171 427 1232 de
460 1170 724 1234 homine
754 1172 1029 1234 multum
1069 1172 1301 1235 dilecto
1331 1172 1627 1246 dicimuS,
1662 1172 1853 1233 Amor

340 1288 555 1331 meus.

426 1366 591 1439 Quid
630 1376 841 1430 autem
884 1368 1171 1431 Christus
1208 1367 1573 1431 clamaverit
1615 1386 1731 1449 per
1755 1368 1853 1431 Jo-

339 1484 607 1539 annem,
662 1466 1125 1547 subjungitur:
1161 1467 1449 1544 Diriqite
1498 1469 1677 1527 viam
1728 1472 1851 1527 Do-

343 1567 543 1637 mini,
581 1565 644 1627 id
684 1572 801 1640 est,
836 1573 1006 1627 recte
1046 1573 1108 1627 et
1148 1583 1296 1627 vere
1334 1573 1622 1628 exercete
1662 1584 1853 1648 opera

338 1662 537 1737 bona,
584 1671 646 1726 et
693 1672 911 1725 sancta
955 1664 1269 1726 desideria
1318 1664 1383 1725 in
1434 1664 1614 1727 vobis
1665 1664 1853 1727 habe-

338 1770 430 1835 te,
488 1780 605 1843 per
652 1780 797 1843 quae
844 1762 1008 1825 Deus
1066 1762 1422 1844 ingreditur
1471 1782 1579 1826 cor
1632 1764 1853 1827 huma-

1968 778 2204 839 dixisse
2256 777 2722 859 Evangelistam
2777 798 2792 843 :
2844 780 2920 842 Et
2967 780 3080 861 qui
3135 781 3312 844 missi
3361 781 3462 842 su-

1966 885 2166 951 erant,
2209 884 2388 939 erant
2430 897 2506 939 cx
2552 878 2898 943 Pharisaeis.
2943 879 3237 943 Pharisaei
3288 899 3463 941 nam-

1966 994 2113 1057 que,
2148 977 2442 1057 quamvis
2486 977 2641 1041 foris
2683 978 3077 1041 sanctitatem
3120 980 3464 1059 praetende-

1966 1084 2137 1148 runt,
2183 1076 2354 1137 intus
2403 1085 2612 1139 tamen
2660 1077 3070 1158 replebantur
3118 1077 3461 1160 hypocrisi,

1965 1174 2313 1238 ambitione
2372 1184 2562 1257 atque
2625 1176 2887 1239 invidia.
2950 1175 3249 1257 Origenes
3315 1195 3464 1240 vero

1966 1273 2141 1347 dicit,
2205 1275 2376 1355 quod
2437 1274 2714 1355 simplici
2776 1274 2990 1338 animo
3047 1275 3459 1356 quaesierunt,

1964 1379 2254 1455 optantes
2288 1372 2616 1434 veritatem
2645 1391 2984 1454 agnoscere
3010 1390 3023 1434 :
3049 1372 3280 1449 Primo,
3314 1393 3465 1455 quo-

1967 1470 2138 1532 niam
2189 1471 2427 1532 dictum
2477 1478 2571 1533 est
2621 1490 2812 1546 nunc,
2866 1472 3038 1553 quod
3088 1490 3163 1533 ex
3216 1471 3463 1534 dubita-

1965 1570 2137 1632 tione
2201 1570 2353 1633 moti
2417 1577 2565 1631 sunt
2619 1572 2698 1633 ad
2754 1570 3295 1651 interrogandum.
3357 1569 3463 1633 Se-

1965 1671 2195 1743 cundo,
2230 1669 2533 1750 quoniam
2573 1678 2700 1731 tam
2744 1669 3084 1751 magnifice
3127 1677 3463 1732 senserunt

1964 1768 2043 1829 de
2081 1768 2338 1841 Ioanne,
2382 1769 2552 1848 quod
2602 1768 3090 1850 suspicabantur
3133 1786 3280 1830 eum
3323 1786 3464 1830 esse

340 1878 503 1921 num
541 1878 557 1922 ε
592 1860 713 1923 hoc
742 1869 859 1933 est,
895 1861 1198 1924 vitiorum
1238 1861 1645 1943 obliquitates
1685 1862 1853 1944 fugi·
1890 1868 1937 1931 B
1965 1866 2308 1928 Christum.
2352 1865 2583 1942 Tertio,
2623 1867 2926 1948 quoniam
2979 1867 3316 1930 maximam
3368 1886 3464 1929 re-

340 1967 431 2031 te,
466 1978 580 2022 vos
621 1959 793 2040 ipsos
830 1960 908 2021 ad
946 1960 1215 2040 gratiam
1259 1968 1629 2043 praeparate,
1662 1970 1852 2043 atque

338 2057 423 2118 ad
470 2056 703 2119 Christi
755 2057 1271 2139 praedicationem
1315 2077 1387 2121 ac
1430 2057 1625 2120 sidem
1676 2078 1854 2133 men-

340 2162 441 2216 tes
474 2154 716 2218 ve‘stras
755 2156 1112 2238 disponite:
1140 2158 1311 2217 sicut
1338 2158 1537 2231 dimit,
1572 2158 1692 2221 hoc
1732 2166 1847 2231 est,

341 2254 425 2315 de
477 2272 583 2317 me
636 2255 1061 2336 prophetavit,
1106 2256 1319 2315 Isai‘as
1358 2258 1700 2333 propheta,
1738 2257 1851 2337 qui

108 2368 311 2417 {aaa
346 2353 647 2435 praedixit
684 2356 763 2416 de
807 2372 909 2416 me
957 2354 1129 2435 quod
1177 2371 1381 2416 essem
1430 2353 1683 2417 futurus
1730 2375 1850 2419 vox

56 2436 199 2486 “W
342 2452 707 2526 clamantiS,
761 2460 881 2514 etc.
935 2451 1449 2516 Praedicationem
1511 2454 1693 2515 istam
1748 2454 1849 2518 Jo-

342 2549 537 2611 annis
596 2550 914 2633 Baptistae,
965 2552 1351 2632 evangelista
1397 2552 1665 2615 Joannes
1722 2573 1848 2616 non

71 2665 229 2709 natta.
250 2680 312 2717 m,
344 2650 785 2731 prosequitur,
818 2655 1011 2732 quam
1050 2650 1373 2713 Matthaeus
1402 2660 1465 2713 et
1492 2650 1689 2713 Lucas
1724 2652 1853 2733 ple—

59 2732 157 2836 'bg‘
184 2742 313 2844 :5¹31
345 2748 495 2810 nius
544 2757 1043 2830 prosequuntur.

56 2862 197 2911 etseq.
428 2850 516 2907 Et
559 2848 681 2925 qui
731 2848 915 2907 missi
953 2848 1250 2923 fuerant,
1298 2846 1359 2908 id
1420 2854 1516 2908 est
1566 2849 1848 2929 praedicti

133 2920 203 2974 ²⁴
341 2946 707 3008 sacerdotes
748 2952 940 3025 atque
976 2945 1233 3018 Levitae,
1265 2955 1454 3006 erant
1490 2967 1571 3005 ex
1607 2949 1851 3009 Plzari-

1966 1965 2314 2027 verentiam
2365 1966 2422 2026 ei
2473 1965 2904 2027 exhibuerunt
2960 1966 3026 2027 in
3077 1966 3217 2047 ipso
3268 1966 3463 2029 inter-

1967 2063 2307 2145 rogationis
2367 2082 2691 2146 processu.
2744 2063 2996 2139 Quarto,
3057 2065 3209 2146 quia
3262 2064 3458 2128 Judaei

1964 2163 2390 2225 communiter
2446 2163 2656 2245 primo
2703 2163 2978 2225 multum
3037 2163 3200 2225 bene
3249 2182 3462 2227 sense-

1964 2270 2114 2325 runt
2164 2264 2240 2325 de
2287 2263 2541 2337 Joanne,
2590 2262 2861 2325 scientes
2909 2264 3268 2326 mirabilem
3318 2263 3458 2345 ejus

1964 2359 2372 2434 nativitatem,
2395 2369 2586 2442 atque
2617 2360 3078 2423 sanctissimam
3113 2361 3460 2425 vitam.Un-

1963 2460 2041 2521 de
2079 2468 2141 2521 et
2179 2460 2349 2541 apud
2393 2459 2666 2522 Marcum
2711 2460 3000 2535 habetur,
3035 2462 3205 2541 quod
3245 2461 3458 2524 exibat
3486 2473 3746 2523 Marc-w

1960 2559 2039 2620 ad
2088 2576 2234 2620 eum
2283 2558 2490 2621 omnis
2530 2559 2759 2621 Judaeae
2807 2558 2998 2639 regio,
3041 2566 3104 2621 et
3147 2559 3457 2643 lerosoly-

1961 2658 2131 2719 mitae
2189 2658 2494 2731 universi,
2556 2666 2618 2719 et
2678 2657 3160 2740 baptizabantur
3215 2659 3294 2722 ab
3354 2678 3448 2721 eo.

1961 2756 2080 2817 Sed
2138 2763 2201 2817 et
2256 2755 2323 2816 in
2381 2754 2664 2818 Matthaeo
2723 2754 2973 2835 legitur,
3037 2757 3207 2837 quod
3267 2757 3452 2819 multi
3510 2768 3752 2819 Marma..

1959 2854 2416 2917 Pharisaeorum
2448 2854 2788 2918 veniebant
2824 2856 2900 2916 ad
2941 2854 3329 2937 baptismum
3357 2856 3458 2919 Jo-
3486 2834 3527 2875 ⁷·
3557 2866 3562 2874 “

1960 2954 2166 3015 annis,
2201 2953 2540 3027 Postrem0,
2573 2953 2726 3034 quia
2760 2954 3028 3016 Joannes
3070 2953 3194 3015 ruit
3236 2955 3312 3016 de
3353 2972 3460 3035 ge-

336 3046 507 3111 soeis,
539 3043 659 3107 hoc
690 3050 785 3106 est
815 3045 893 3106 de
926 3063 1193 3107 numero
1222 3043 1696 3119 Pharisaeorum,
1721 3046 1849 3108 imo
1887 3062 1929 3125 C
1962 3070 2112 3113 nere
2160 3052 2554 3127 sacerdotali,
2607 3059 2669 3113 et
2717 3051 2928 3133 magni
2987 3054 3328 3117 sacerdotis
3377 3053 3458 3115 l'i-

336 3150 405 3204 et
462 3139 762 3205 Pharisaei
819 3162 833 3205 :
886 3161 973 3205 ex·
1022 3161 1153 3225 quo
1212 3150 1385 3224 patet
1440 3145 1612 3224 quod
1672 3154 1851 3207 erant

336 3240 783 3303 solennissimi
846 3240 1079 3303 nuntii.
1133 3240 1395 3323 Triplici
1445 3242 1689 3324 quippe
1738 3260 1848 3305 ex·

337 3339 612 3401 sistente
650 3348 821 3402 secta
861 3340 1027 3403 inter
1058 3340 1303 3404 Judaeos
1332 3340 1659 3420 (videlicet
1692 3359 1705 3404 :
1740 3340 1851 3404 Es-

337 3456 643 3512 saeorum,
706 3438 817 3520 qui
881 3438 1435 3519 rigorosissimam,
1497 3448 1730 3503 castam
1786 3449 1851 3503 et

334 3536 624 3600 sobriam
674 3538 867 3600 vitam
924 3539 1285 3614 duxerunt;
1335 3538 1844 3615 Sadducaeorum,

334 3637 453 3719 qui
494 3636 798 3698 dixerunt
835 3636 1078 3699 animas
1123 3637 1456 3700 hominum
1500 3656 1639 3700 esse
1684 3657 1849 3701 mor-

60 3744 303 3797 Act-mus-
336 3736 522 3813 taleS,
566 3743 631 3797 et
674 3752 791 3797 nec
834 3734 1154 3815 angelum,
1200 3753 1316 3797 nec
1365 3736 1685 3817 spiritum,
1730 3756 1848 3799 nec

336 3834 875 3898 resurrectionem
908 3852 1082 3913 esse3
1116 3854 1187 3897 ac
1221 3834 1697 3911 Pharisaeorum,
1732 3836 1843 3917 qui

93 3944 265 3990 Ibidem.
336 3941 699 4015 posuerunt
735 3932 979 3994 animas
1018 3933 1431 4007 immortaleS‚
1465 3941 1527 3996 et
1563 3933 1845 3997 futuram

333 4050 478 4095 esse
530 4030 1061 4094 resurrectionem
1114 4032 1561 4105 universalem,
1610 4040 1672 4095 et
1720 4034 1847 4115 spi-

333 4130 601 4193 rituales
646 4148 787 4192 esse
830 4128 1264 4209 substantias),
1304 4138 1473 4193 secta
1514 4130 1847 4195 Pharisaeo-

98 4242 203 4285 ma.
232 4248 271 4287 a.
336 4249 506 4302 rum,
543 4230 623 4292 de
666 4247 793 4310 qua
830 4236 893 4290 et
930 4227 1159 4291 Paulus
1204 4247 1272 4291 se
1312 4227 1509 4291 fuisse
1559 4236 1843 4311 testatur,

330 4336 471 4390 erat
506 4326 837 4391 famosior.
874 4326 1266 4389 Videbantur
1293 4328 1465 4390 enim
1505 4330 1845 4410 specialem

330 4426 545 4489 zelum
591 4426 752 4507 legis
796 4425 1054 4500 habere,
1088 4432 1151 4487 et
1189 4426 1483 4507 religiose
1528 4427 1842 4491 incedere.

326 4524 553 4607 Aliqui
597 4530 811 4586 autem
864 4525 1241 4599 sacerdotes,
1288 4524 1518 4588 Levitae
1566 4545 1639 4589 ac
1682 4526 1847 4589 Scri-

329 4623 451 4698 bae,
504 4622 765 4686 fuerant
821 4621 1142 4697 Pharisaei,
1206 4624 1371 4686 sicut
1430 4644 1601 4687 nunc
1657 4626 1843 4688 multi

328 4724 717 4798 sacerdotes,
760 4721 977 4784 clerici
1022 4729 1085 4784 et
1126 4723 1435 4799 doctoreS,
1479 4731 1627 4786 sunt
1676 4725 1846 4788 clau-

330 4822 560 4883 strales
604 4839 719 4883 seu
764 4820 1068 4901 religiosi.

412 4919 723 4982 Praeterea
759 4919 1245 4993 advertendum,
1279 4920 1448 5000 quod
1490 4922 1841 4983 secundum

332 5026 586 5081 sanctos
628 5018 917 5081 doctores
958 5017 1403 5093 communiter,
1445 5018 1837 5099 Gregorium,

330 5116 879 5199 Chrysostomum,
914 5114 1164 5188 Bedam,
1198 5123 1260 5178 et
1298 5116 1477 5188 alim,
1514 5118 1720 5180 nuntii
1759 5118 1844 5180 is-

1960 3150 2106 3225 lius,
2154 3169 2280 3213 non
2329 3158 2592 3232 apparet
2633 3152 2804 3231 quod
2848 3152 3204 3214 sacerdotes
3255 3152 3460 3233 prima

1960 3248 2123 3311 facie
2173 3248 2454 3311 insidiati
2515 3250 2644 3311 sint
2693 3250 2749 3311 ei
2806 3269 2819 3313 :
2875 3250 3025 3323 imo,
3080 3250 3134 3312 si
3190 3251 3458 3315 Joannes

1962 3346 2225 3409 dixisset
2267 3366 2335 3409 se
2377 3366 2514 3409 esse
2554 3348 2894 3421 Christum,
2937 3348 3111 3411 aliud
3163 3349 3322 3411 nihil
3371 3350 3462 3413 vi-

1963 3446 2147 3507 detur
2178 3445 2298 3508 nisi
2331 3447 2503 3527 quod
2535 3446 2952 3508 credidissent
2979 3448 3072 3510 sic
3101 3466 3256 3509 esse.
3285 3448 3458 3521 Quod

1961 3562 2109 3623 ergo
2145 3544 2234 3605 ait
2264 3544 2682 3625 Evangelista,
2716 3544 2792 3606 Et
2821 3544 2932 3625 qui
2964 3546 3140 3607 missi
3181 3544 3454 3620 fuerant,

1958 3643 2245 3705 additum
2293 3650 2390 3705 est
2434 3643 2510 3704 ad
2570 3642 2964 3706 innuendum
3015 3644 3453 3708 solennitatem

1958 3761 2030 3804 ac
2072 3741 2478 3804 idoneitatem
2524 3742 2918 3804 nuntiorum.

2059 3843 2143 3901 Ec
2190 3842 2757 3917 interrogaverunt
2811 3861 2982 3912 eum,
3031 3851 3092 3901 et
3137 3843 3453 3927 dt‘oeerunt
3588 3852 3660 3908 25
3765 3902 3772 3907 .

1953 3939 2019 3997 ei
2056 3960 2078 3998 .·
2124 3939 2296 4007 Quid
2341 3958 2486 4015 erqo
2536 3940 2846 4015 baptizas,
2889 3938 2952 4000 id
3003 3947 3118 4012 est,
3162 3940 3452 4003 homines

1959 4035 2023 4098 in
2064 4036 2250 4117 aquis
2278 4036 2565 4099 Jordanis
2605 4036 2797 4113 lavaS,
2828 4040 2889 4125 si
2921 4047 2990 4098 tu
3019 4057 3147 4098 non
3177 4059 3240 4098 es
3275 4040 3456 4099 Chri-

1955 4144 2116 4205 εἰπε,
2147 4155 2350 4215 neque
2376 4135 2588 4207 Εἰίαε,
2621 4156 2822 4216 neque
2843 4138 3158 4214 propheta
3177 4140 3207 4197 ἓ
3239 4136 3302 4199 id
3333 4146 3449 4209 est,

1877 4240 1928 4303 D
1958 4251 2073 4294 cur
2113 4251 2355 4295 novum
2405 4233 2598 4295 ritum
2649 4234 2983 4315 praesumis
3033 4233 3356 4310 inducere,
3400 4236 3453 4298 si

1957 4350 2082 4395 non
2134 4350 2201 4393 es
2249 4331 2483 4414 aliquis
2534 4332 2809 4395 horum?
2858 4332 3082 4395 Nullus
3125 4333 3294 4395 enim
3345 4353 3456 4396 an-

1955 4439 2017 4493 te
2054 4431 2357 4494 Ioannem
2397 4451 2590 4494 ausus
2632 4439 2728 4494 est
2768 4432 3108 4515 baptizare.
3144 4433 3316 4496 Unde
3350 4434 3457 4495 Ju-

1957 4530 2073 4592 daei
2135 4530 2420 4593 videntes
2479 4530 2782 4593 Joannem
2843 4531 3084 4613 aliquid
3148 4532 3294 4595 novi
3357 4532 3455 4593 in-

1956 4629 2210 4703 ducere,
2271 4628 2613 4692 voluerunt
2675 4629 2838 4691 scire
2895 4649 3022 4711 qua
3081 4629 3451 4692 auctoritate

1954 4727 2075 4790 hoc
2123 4726 2358 4789 faceret
2399 4744 2414 4789 :
2457 4735 2518 4789 et
2567 4745 2758 4802 nunc,
2804 4728 2958 4810 quia
3005 4746 3073 4790 se
3114 4727 3272 4789 dixit
3322 4748 3448 4792 non

1954 4844 2091 4888 esse
2140 4825 2485 4900 Christum,
2531 4843 2738 4909 neque
2785 4825 3008 4902 Eliam,
3051 4846 3260 4909 neque
3308 4848 3451 4911 pro-

1955 4923 2233 5005 phetam,
2281 4921 2600 5003 incipiunt
2645 4941 2792 4985 eum
2834 4924 2911 4986 de
2950 4925 3448 5006 praesumptione

1953 5029 2192 5085 notare.

2032 5120 2385 5197 Respondit
2421 5121 2514 5178 eis
2541 5122 2820 5181 Joannes
2857 5122 3075 5181 dicens
3106 5140 3130 5183 .·
3160 5122 3300 5198 Eyo
3341 5125 3448 5183 ba·
3581 5128 3653 5183 26

332 5215 377 5276 ti
408 5214 792 5277 insidianter
830 5232 903 5275 ac
936 5213 1250 5277 malitiose
1290 5214 1843 5296 interrogaverunt
1944 5221 2126 5297 ptizo
2171 5220 2238 5277 in
2283 5238 2481 5296 aqua,
2524 5216 2587 5279 id
2635 5224 2750 5292 est,
2793 5218 3070 5280 exterius
3119 5219 3260 5283 lavo
3309 5239 3446 5283 cor-

326 5312 659 5387 Joannem,
695 5320 1053 5393 quaerentes
1096 5312 1494 5376 occasionem
1532 5316 1838 5379 adversus

1954 5336 2107 5399 pora
2146 5322 2373 5391 vestra,
2409 5334 2536 5379 non
2572 5316 2744 5379 intus
2785 5335 2988 5400 purgo
3015 5338 3054 5380 a
3083 5318 3294 5401 culpa,
3327 5338 3444 5383 nec
