4300 6259
567 3042 735 3086 Mauh.
751 3058 806 3093 vi,

545 3111 569 3149 5
592 3112 634 3149 et
658 3120 749 3161 aeq.

844 480 925 546 26
1659 504 2008 554 zumulo
2050 507 2114 553 m
2157 507 2295 555 cn.
2341 508 2407 554 11
2448 508 2637 555 zum.
2686 528 2765 538 —
2806 508 2949 555 Am.
2994 509 3148 555 xxix

846 672 1132 753 designat
1172 676 1458 738 eamdem
1499 674 1869 751 Ecclesiam,
1905 679 2015 740 sed
2055 678 2122 740 in
2165 676 2339 740 futu·
2368 678 2419 739 A
2448 679 2792 741 mulierum
2824 679 3247 761 perfectiones
3288 680 3548 759 sectari3
3580 686 3643 741 et
3670 678 3941 761 quilibet

845 790 935 843 ro,
996 770 1106 832 ubi
1161 790 1412 835 cessans
1468 774 1547 836 ab
1605 792 1796 856 opere
1855 776 2339 858 ministerioque

843 870 1287 950 indigentium,
1323 872 1455 933 sola
1493 873 1801 955 sapientia
1841 874 2225 955 perfruetur.
2262 912 2337 922 —

845 967 1158 1031 Conemur
1185 987 1332 1050 ergo
1363 978 1425 1031 et
1465 990 1577 1033 nos
1618 971 1842 1033 barum
1875 972 2338 1037 venerabilium

2449 784 2737 840 nostrum
2788 777 2977 857 digne
3015 779 3375 841 conversari
3424 779 3683 851 nitatur,
3719 795 3942 839 secun-

2448 877 2603 938 dum
2660 876 3040 958 exigentiam
3100 878 3445 941 vocationis
3501 897 3628 960 qua
3684 884 3938 941 vocatus
3966 888 4205 1005 οὲρὲἶὴνέ.

3965 1028 4017 1065 w,
4038 1017 4077 1057 t.

2447 981 2563 1049 est,
2612 982 2801 1057 prout
2842 983 3057 1039 monet
3098 977 3458 1057 Apostolus.

1881 1409 2534 1495 ARTICULUS
2612 1412 2892 1495 XXIX

921 1678 1273 1726 ELucmATlo
1315 1680 1590 1727 CAPITULI
1634 1682 1922 1728 nNnEclm
1967 1684 1980 1727 :
2032 1684 2102 1727 ΕΤ
2145 1681 2390 1729 FAC'rm!
2432 1684 2562 1743 EST,
2606 1684 2771 1739 Qum!
2818 1686 2999 1731 essm·
3042 1684 3107 1731 IN
3149 1685 3403 1740 Quonam
3444 1685 3591 1732 Loco
3634 1684 3859 1732 oms,

959 1948 1326 2012 ALVATOR
1365 1950 1428 2012 in
1461 1951 1652 2033 hujus
1687 1952 1911 2034 capitis
1947 1953 2208 2015 exordio
2238 1954 2336 2015 do-
2372 1950 2419 2011 B
2446 1954 2631 2017 nobis
2666 1975 2680 2018 :
2714 1956 3010 2037 quamvis
3058 1974 3225 2038 saepe
3272 1956 3548 2019 oraverit
3588 1974 3703 2037 pro
3741 1974 3809 2017 se
3849 1954 3945 2036 ip-

980 2055 1078 2108 cet
1126 2049 1426 2111 orationis
1479 2050 1748 2113 sormam
1802 2059 1993 2132 atque
2047 2052 2337 2113 instanti-

839 2164 962 2219 am,
997 2147 1102 2208 dat
1137 2166 1395 2229 quoque
1439 2148 1819 2230 impetrandi
1858 2150 2185 2212 fiduciam.
2220 2150 2336 2212 lta-

839 2263 964 2325 que
1011 2244 1209 2307 Lucas
1261 2246 1668 2309 historialiter
1715 2249 2041 2323 inchoanS,
2077 2249 2166 2311 ait
2200 2269 2215 2312 ι
2250 2252 2335 2309 Ec

836 2346 1086 2420 factam
1136 2355 1250 2413 est,
1299 2366 1501 2424 quum
1550 2356 1702 2407 esset
1753 2352 1824 2407 in
1874 2350 2155 2427 quodam
2204 2352 2333 2407 loco

836 2462 1052 2513 οναηε,
1085 2452 1159 2503 ut
1186 2446 1452 2505 cessavit
1482 2464 1682 2519 orare,
1713 2448 1892 2507 dixit
1925 2467 2096 2507 unus
2123 2468 2207 2507 eoe
2232 2448 2330 2506 di-

835 2541 1105 2618 scipulis
1131 2542 1272 2618 ejus
1301 2546 1388 2603 ad
1417 2564 1583 2603 eum.
1617 2542 1749 2615 Quo
1781 2545 1918 2607 loco
1952 2552 2062 2605 aut
2093 2552 2336 2626 tempo-

838 2656 906 2699 re
944 2639 1277 2720 contigerit
1316 2641 1507 2716 istud,
1545 2642 1938 2724 Evangelista
1977 2644 2094 2705 iste
2131 2645 2337 2705 deter-

835 2737 1072 2799 minate
1104 2757 1230 2801 non
1262 2740 1584 2822 exprimit.
1618 2741 1821 2815 Porr0,
1854 2750 1922 2805 ut
1953 2743 2017 2804 in
2051 2742 2334 2806 Matthaeo

837 2835 1127 2911 habetur,
1163 2838 1313 2899 dum
1351 2839 1530 2901 Jesus
1581 2840 1644 2902 in
1687 2850 1902 2904 monte
1947 2860 2159 2903 coram
2200 2842 2333 2903 suis

839 2934 1208 3015 praedicaret
1236 2937 1583 3018 discipulis,
1617 2939 2046 3021 evangelicam
2076 2941 2333 3002 tradens

839 3032 1055 3113 legem,
1093 3034 1257 3096 inter
1287 3044 1494 3098 cetera
1523 3038 1781 3099 modum
1814 3040 2030 3101 orandi
2065 3039 2329 3109 edocuit,

2445 2072 2535 2123 so,
2568 2054 2860 2116 videlicet
2892 2074 3007 2135 pro
3038 2055 3137 2115 sui
3170 2056 3451 2136 corporis
3480 2053 3941 2135 glorificatione

2444 2152 2945 2233 accidentalique
3000 2154 3281 2235 praemio,
3332 2153 3511 2234 juxta
3558 2153 3717 2215 illud
3760 2152 3941 2214 Joan-
3965 2168 4209 2209 amam,

2446 2250 2545 2310 nis
2590 2269 2602 2312 :
2647 2250 2847 2325 Pater,
2896 2251 3179 2313 clarifica
3222 2269 3344 2313 me.

2524 2348 2847 2421 Praeterea,
2886 2368 2997 2431 per
3026 2350 3145 2413 hoc
3175 2351 3345 2431 quod
3378 2349 3731 2432 discipulus
3762 2349 3938 2413 Chri-

2444 2448 2521 2509 sti
2557 2467 2681 2511 non
2718 2449 2901 2530 petiit
2932 2446 3203 2511 sormam
3234 2449 3451 2512 orandi
3484 2468 3521 2511 a
3544 2448 3811 2521 Christo,
3846 2448 3941 2509 ni-

2444 2546 2493 2606 si
2542 2554 2877 2627 postquam
2920 2546 3191 2609 cessavit
3228 2565 3428 2620 orare,
3473 2548 3774 2609 docemur
3813 2566 3937 2609 non

2443 2644 2912 2727 interrumpere
2970 2644 3320 2708 orationem
3378 2653 3441 2707 et
3499 2644 3937 2727 psalmodiam,

2444 2760 2555 2802 seu
2586 2741 2893 2804 Horarum
2925 2742 3423 2824 persolutionem
3457 2760 3780 2806 servorum
3810 2741 3937 2804 Dei.

2442 2837 2615 2911 Quod
2646 2839 2797 2921 quia
2828 2840 3121 2903 nonnulli
3152 2841 3344 2903 nimis
3375 2841 3647 2903 faciliter
3673 2840 3937 2909 faciunt.

2440 2940 2717 3020 graviter
2748 2948 3025 3022 peccant,
3050 2960 3173 3005 non
3208 2948 3543 3023 pensantes
3574 2942 3739 3022 quod
3769 2960 3943 3004 oran-

2444 3046 2536 3099 tes
2594 3048 2786 3120 atque
2846 3040 3209 3122 psallenteS,
3262 3060 3407 3103 cum
3458 3040 3582 3103 Deo
3632 3039 3942 3103 altissimo

835 3139 1026 3213 atque
1083 3132 1580 3215 subsequentem
1640 3134 1996 3199 Orationem
2059 3138 2333 3200 domini·
2370 3135 2413 3198 C
2443 3138 2573 3200 sint
2611 3138 2965 3219 loquentes.
3010 3140 3283 3220 Ideoque
3324 3140 3672 3220 praesertim
3715 3138 3796 3201 ob
3834 3138 3944 3200 Dei

837 3249 974 3291 cam
1021 3231 1264 3313 primus
1308 3233 1584 3295 instituit
1621 3254 1693 3296 ac
1733 3236 2132 3318 deprompsit
2168 3255 2181 3297 :
2218 3256 2335 3297 un-

837 3330 914 3391 de
951 3338 1213 3411 apparet
1258 3332 1430 3412 quod
1468 3332 1666 3395 Lucas
1708 3334 1828 3396 hoc
1869 3334 2006 3397 loco
2042 3336 2331 3397 ordinem

836 3445 962 3489 non
1005 3427 1298 3491 observet
1339 3428 1735 3493 historicum.

915 3525 1400 3607 Difficultasque
1446 3528 1668 3601 oritur,
1703 3531 2022 3610 quomodo
2070 3548 2142 3592 ea
2191 3550 2335 3611 quae

839 3624 943 3685 hic
973 3624 1289 3703 leguntur,
1325 3625 1424 3687 his
1456 3645 1598 3707 quae
1629 3628 1693 3689 in
1723 3626 2008 3689 Matthaeo
2044 3628 2337 3690 scribun-

836 3730 939 3784 tur
997 3725 1398 3785 concordent.
1459 3724 1550 3785 Ibi
1613 3726 1856 3807 quippe
1917 3746 2042 3789 non
2102 3727 2335 3807 legitur

838 3822 1122 3884 Christus
1170 3830 1315 3884 ante
1359 3823 1552 3903 hujus
1596 3824 2062 3888 institutionem
2105 3826 2337 3889 oratio-

839 3920 936 3981 nis
981 3939 1212 3996 orasse,
1248 3940 1366 3983 nec
1414 3922 1742 3985 occasione
1789 3923 2190 3987 allocutionis
2243 3926 2337 3986 di-

837 4018 1068 4100 scipuli
1099 4020 1444 4082 orationem
1477 4022 1640 4083 hanc
1671 4022 1976 4097 docuisse,
2009 4024 2118 4085 sed
2150 4023 2334 4103 quasi

839 4117 1097 4199 proprio
1130 4125 1300 4179 motu
1333 4136 1472 4180 eam
1504 4138 1618 4182 suo
1649 4120 1996 4183 inseruisse
2029 4121 2331 4184 sermoni.

838 4214 956 4277 Sed
987 4216 1065 4277 ad
1095 4216 1228 4278 haec
1259 4218 1720 4299 respondendo,
1755 4228 2001 4281 certum
2031 4226 2095 4280 et
2123 4227 2335 4281 tutum

2444 3238 2863 3299 reverentiam
2914 3237 2994 3299 ab
3054 3237 3193 3318 ejus
3244 3238 3562 3319 colloquio
3610 3257 3735 3300 non
3796 3244 3945 3299 sunt

2441 3334 2716 3397 faciliter
2754 3335 3184 3411 abstrahendi,
3218 3336 3571 3418 praesertim
3613 3354 3815 3416 quum
3856 3335 3943 3398 lo-

2441 3441 2743 3515 quentem
2778 3452 2923 3495 cum
2957 3452 3103 3515 rege
3132 3442 3384 3495 terreno
3416 3434 3521 3497 vix
3552 3433 3783 3514 aliquis
3812 3433 3944 3495 abs·

2442 3549 2569 3613 que
2629 3532 3003 3594 necessitate
3060 3533 3289 3595 audeat
3344 3550 3629 3605 avocare,
3684 3540 3943 3614 propter

2443 3631 2863 3692 reverentiam
2910 3630 3098 3711 regis.

2526 3730 2823 3796 Domine,
2856 3732 3002 3789 doce
3044 3749 3158 3789 nos
3194 3748 3403 3800 orare,
3439 3730 3606 3789 sicut
3640 3732 3941 3801 JoanneS,

2444 3826 2687 3888 scilicet
2744 3826 3041 3908 Baptista,
3092 3828 3313 3887 docuit
3370 3828 3721 3903 discipulos
3774 3846 3940 3886 suos.

2443 3924 2889 3986 Verumtamen
2931 3925 3207 4005 qualiter
3233 3925 3502 3987 Joannes
3540 3925 3825 3987 docuerit
3854 3925 3947 3986 di-

2444 4022 2726 4104 scipulos
2776 4041 2923 4085 suos
2973 4041 3173 4093 orare,
3218 4028 3279 4084 et
3320 4022 3453 4097 ubi,
3486 4030 3550 4084 et
3586 4041 3775 4103 quam
3818 4021 3946 4085 for-

2445 4139 2611 4182 mam
2644 4120 2863 4183 orandi
2898 4120 2989 4182 eis
3022 4119 3391 4202 praefixerit,
3416 4140 3542 4183 non
3574 4122 3752 4184 docet
3780 4119 3945 4183 Scri-

2446 4228 2631 4301 ptura
2680 4220 3002 4282 canonica.
3050 4220 3337 4301 Insuper,
3384 4219 3677 4301 quamvis
3726 4219 3942 4283 multae

837 4321 933 4375 est
989 4313 1219 4387 dicere,
1273 4314 1425 4396 quia
1472 4314 1842 4397 frequenter
1902 4317 2214 4397 contingit
2267 4319 2415 4380 utD
2445 4317 2759 4380 orationes
2814 4318 2880 4379 in
2938 4318 3130 4380 veteri
3184 4318 3581 4379 Testamento
3631 4318 3939 4397 legantur,

837 4413 1009 4492 quod
1043 4432 1204 4473 unus
1235 4413 1634 4495 Evangelista
1663 4416 1898 4489 omisit,
1927 4416 2225 4497 suppleat
2252 4417 2337 4478 al-

839 4519 934 4572 ter
968 4530 980 4573 :
1016 4512 1551 4592 quemadmodum
1585 4514 1648 4575 in
1681 4514 1800 4577 isto
1833 4513 2136 4595 capitulo,
2173 4515 2337 4577 mul-

843 4617 900 4670 ta
952 4628 988 4670 a
1041 4607 1286 4672 Christo
1339 4611 1416 4672 de
1470 4610 1754 4674 oratione
1815 4611 2058 4692 prolata
2118 4613 2337 4675 recitat

837 4707 1057 4782 LucaS,
1107 4708 1183 4769 de
1220 4707 1458 4789 quibus
1498 4708 1822 4771 Matthaeus
1873 4728 2000 4771 non
2051 4711 2331 4792 scripsit.

842 4806 1018 4869 Forte
1068 4806 1258 4868 etiam
1317 4808 1602 4869 eamdem
1653 4808 1999 4870 orationem
2055 4806 2339 4873 Salvator

839 4904 939 4966 bis
989 4904 1203 4967 docuit
1253 4904 1583 4967 occasione
1637 4904 1906 4979 diversa,
1960 4913 2022 4968 et
2079 4916 2340 4988 propter

843 5004 1147 5077 divers05,
1188 5023 1315 5066 uno
1364 5011 1695 5085 praesente,
1729 5023 1932 5085 quum
1980 5005 2185 5068 defuit
2228 5006 2343 5068 ali-

843 5120 938 5163 us.
973 5102 1190 5182 Itaque
1220 5101 1506 5164 Christus
1537 5102 1740 5165 oravit
1780 5105 2134 5166 secundum
2169 5106 2341 5185 quod

843 5199 1055 5273 homo,
1093 5202 1169 5261 ad
1221 5208 1503 5263 nostram
1552 5200 2058 5274 instructionem,
2097 5210 2161 5264 et
2202 5222 2344 5284 pro-

847 5306 987 5382 pter
1019 5298 1429 5379 indigentiam
1468 5305 1768 5373 nostram,
1802 5298 1955 5379 quia
1992 5299 2196 5363 oravit
2226 5320 2342 5383 pro

2447 4415 2801 4498 discipulus
2841 4423 3051 4478 tamen
3086 4416 3314 4478 Christi
3354 4416 3635 4497 aliquam
3670 4416 3947 4496 singula-

2446 4532 2580 4576 rem
2630 4522 2819 4595 atque
2881 4514 3267 4595 praecipuam
3314 4514 3618 4577 orationis
3674 4513 3945 4576 formam

2444 4613 2525 4675 ab
2557 4631 2629 4675 eo
2661 4613 2971 4695 poposcit,
3007 4621 3311 4693 tanquam
3340 4612 3420 4674 ab
3453 4629 3527 4676 eo
3562 4612 3628 4674 in
3659 4632 3787 4694 quo
3818 4621 3943 4675 tam

2447 4711 2861 4773 excellentem
2928 4711 3325 4773 sanctitatem
3390 4710 3739 4793 conspexit,
3802 4730 3945 4793 per-

2450 4811 2733 4891 pendens
2782 4810 2955 4891 quod
3002 4828 3038 4871 a
3084 4808 3456 4871 ferventiori
3507 4809 3947 4891 devotion-ique

2451 4909 2637 4970 corde
2667 4906 2993 4971 efficacior
3024 4907 3309 4989 prodiret
3336 4907 3553 4985 oratio,
3586 4926 3787 4988 quum
3817 4926 3951 4970 ora-

2450 5006 2537 5068 tio
2576 5006 2871 5068 desiderii
2914 5006 2997 5068 sit
3036 5006 3351 5087 interpres
3388 5024 3462 5068 ac
3502 5006 3785 5068 nuntius.
3830 5006 3951 5068 Un-

2450 5106 2527 5167 de
2557 5112 2620 5166 et
2649 5103 2801 5167 boni
2840 5104 2963 5167 filii
3002 5124 3075 5167 ac
3116 5104 3414 5186 discipuli
3449 5124 3486 5166 a
3520 5104 3945 5167 devotissimis

2452 5202 2738 5285 patribus
2770 5204 2903 5264 suis
2932 5202 3203 5265 formam
3236 5202 3537 5266 orationis
3571 5210 3781 5285 petere
3807 5222 3949 5266 con-

2450 5308 2814 5379 sueverunt,
2841 5309 3157 5383 quatenus
3187 5302 3411 5365 eodem
3440 5301 3791 5366 devotionis
3822 5302 3947 5385 spi—
