4300 6259
535 793 675 848 Sovh-
693 797 803 844 mm·
830 804 956 860 am,
1004 785 1313 870 Exspecta
1357 808 1483 864 me,
1531 789 1686 852 dicit
1731 792 2059 866 DominuS,
2109 791 2176 853 in
2226 791 2330 853 die

623 1773 694 1829 34

627 3047 698 3102 35

538 3272 802 3323 Mar-cami.

549 3460 716 3504 Mami.
732 3473 802 3510 xx,

539 3525 688 3568 29-34.

825 489 954 562 ‘154

1625 517 1974 564 manuue
2015 519 2077 564 IN
2119 519 2259 565 m.
2305 517 2457 566 xvm
2496 519 2688 568 LUGAE.
2730 537 2813 550 --
2853 519 2997 566 Am.
3042 517 3143 565 xm

832 687 987 749 duas
1037 688 1363 752 occidetur
1399 690 1721 773 Christus3
1753 699 1816 755 et
1865 710 1980 774 per
2021 690 2332 774 Sophoni-
2360 690 2411 751 A
2436 709 2545 752 sus
2584 693 2973 755 Nazarenus
3012 692 3345 761 transiret,
3384 689 3526 753 ideo
3562 688 3673 751 alii
3714 705 3931 750 secum

833 887 1314 950 resurrectionis
1357 906 1514 951 meae
1556 890 1621 951 in
1667 888 1978 952 futurum.

919 985 1134 1066 ltaque
1183 985 1468 1048 Christus
1529 988 1889 1069 passionem
1939 1007 2118 1051 suam
2170 1007 2331 1070 prae-

829 1082 1008 1156 dixit,
1045 1090 1114 1144 ut
1159 1101 1232 1145 ea
1280 1084 1563 1167 impleta,
1606 1104 1682 1148 ex
1729 1087 1841 1148 tali
1892 1085 2330 1168 praenuntiati-

827 1199 950 1244 one
1007 1181 1450 1245 roboraremur
1496 1185 1563 1246 in
1622 1184 1772 1258 tide,
1827 1185 2096 1248 scientes
2156 1185 2327 1267 quod

828 1281 1036 1342 sciens
1075 1288 1138 1342 et
1179 1289 1564 1362 spontaneus
1597 1284 1772 1346 venit
1809 1286 1887 1346 ad
1927 1284 2325 1365 passionem3

828 1378 1002 1452 item,
1052 1386 1122 1441 ut
1170 1380 1471 1462 discipuli
1523 1381 1622 1444 sui
1671 1389 1960 1465 tempore
2005 1401 2137 1446 suae
2187 1402 2330 1464 pas-

827 1478 1023 1540 sionis
1081 1478 1294 1542 minus
1353 1480 1766 1543 turbarentur
1821 1488 1884 1542 et
1940 1481 2327 1544 scandaliza-

828 1585 1066 1652 rentur,
1088 1587 1594 1642 resurrecturum
1627 1598 1886 1662 quoque
1916 1579 2329 1644 confiderent.

824 1676 1038 1739 Jacula
1079 1677 1248 1739 enim
1295 1677 1563 1758 praevisa
1607 1679 1819 1741 minus
1864 1679 2121 1742 laedunt.

922 1777 1002 1836 Εε
1051 1776 1182 1853 ipsi
1227 1777 1404 1836 nihil
1447 1777 1678 1838 horum
1729 1778 2218 1847 intellexerunt,
2266 1789 2327 1838 ec

2438 788 2803 851 transirent.

2516 890 2605 949 Et
2650 890 2984 959 clamavit,
3024 890 3247 948 dicens
3285 909 3307 948 .·
3338 891 3491 950 Jesu
3535 887 3643 964 fili
3694 886 3929 955 David,

2437 989 2735 1048 miserere
2762 987 2892 1046 mei
2899 1033 2912 1046 .
2936 985 3233 1058 Quamvis
3272 985 3445 1048 enim
3472 985 3685 1047 Jesum
3720 1001 3933 1066 corpo-

2438 1084 2650 1146 raliter
2681 1103 3001 1166 nunquam
3032 1084 3305 1156 vidisset.
3332 1091 3535 1147 tamen
3566 1101 3644 1146 ex
3670 1082 3933 1146 aliorum

2437 1182 2639 1244 relatu
2672 1189 2734 1244 et
2762 1181 2930 1246 sama
2960 1201 3105 1244 cum
3138 1184 3452 1264 cognovit,
3487 1182 3935 1262 Christumque

2438 1281 2727 1344 credidit.
2781 1281 2857 1344 Et
2908 1283 3212 1363 quoniam
3273 1289 3445 1345 tanta
3492 1299 3639 1344 eum
3693 1279 3937 1343 audivit

2439 1387 2837 1461 perpetrasse
2885 1379 3213 1454 miracula,
3249 1399 3395 1442 cum
3438 1378 3661 1460 grandi
3704 1378 3937 1440 clamo-

2438 1495 2527 1551 re,
2574 1496 2651 1540 ex
2699 1477 2945 1540 ardenti
2996 1477 3283 1540 sanitatis
3331 1477 3592 1550 affectu,
3640 1475 3937 1538 clamavit

2438 1583 2509 1637 ut
2546 1575 2669 1638 sibi
2711 1583 3130 1638 succurreret.
3164 1575 3397 1638 Filium
3444 1592 3703 1656 quoque
3742 1573 3931 1636 David

2437 1676 2706 1750 vocavit,
2740 1673 3045 1757 quoniam
3094 1675 3264 1756 apud
3311 1675 3557 1738 Judaeos
3606 1673 3929 1754 vulgatum

2435 1772 2580 1846 fuit,
2616 1781 2677 1836 et
2718 1790 2881 1855 pene
2910 1773 3209 1836 omnibus
3240 1773 3585 1854 cognitum,
3617 1772 3789 1854 quod
3824 1789 3933 1832 rex

824 1882 966 1932 erat
996 1876 1256 1934 verbum
1301 1876 1481 1935 istud
1517 1876 1963 1936 absconditum
1992 1879 2073 1936 ab
2109 1877 2227 1944 eis,
2260 1876 2323 1937 id
2362 1871 2407 1932 B
2435 1870 2686 1934 Messias
2734 1890 2814 1934 ex
2860 1871 3056 1935 David
3116 1871 3361 1933 semine
3412 1877 3797 1932 nasceretur.
3848 1871 3933 1931 Et

823 1977 920 2032 est
969 1971 1385 2052 incognitum,
1419 1981 1480 2032 et
1516 1992 1648 2033 non
1689 1975 2140 2050 intelligebant
2182 1994 2326 2052 quae

819 2072 1206 2130 dicebantur
1234 2088 1271 2131 a
1310 2069 1556 2133 Christo
1600 2071 1678 2132 de
1719 2090 1833 2132 sua
1873 2070 1990 2133 hac
2031 2071 2325 2153 passione

820 2175 883 2229 et
931 2169 1418 2232 resurrectione.
1471 2169 1540 2231 ln
1588 2188 1718 2250 quo
1770 2175 1943 2251 patet
1989 2187 2217 2250 magna
2262 2179 2325 2232 et

821 2265 985 2328 mira
1041 2284 1262 2330 eorum
1322 2267 1723 2349 simplicitas,
1779 2287 1980 2350 quum
2036 2268 2323 2332 Christus

819 2371 948 2426 tam
1008 2365 1486 2429 evidentissime
1548 2367 1938 2448 loqueretur.
1999 2367 2119 2431 Sed
2182 2367 2324 2449 ejus

821 2463 1225 2546 praesentiam
1269 2471 1516 2527 tantum
1559 2467 1879 2539 amabant,
1913 2467 2086 2547 quod
2131 2466 2327 2529 verba

821 2564 900 2625 de
953 2581 1068 2624 sua
1123 2561 1442 2626 ablatione
1490 2571 1554 2625 et
1599 2573 1803 2627 morte
1855 2564 2046 2628 corda
2101 2583 2324 2627 eorum

825 2679 950 2723 non
983 2661 1418 2738 intraverunt3
1451 2669 1514 2724 et
1545 2663 1775 2736 denuo,
1811 2662 2116 2744 quoniam
2147 2663 2323 2727 Chri-

827 2767 961 2820 stus
1008 2759 1100 2821 eis
1148 2759 1500 2841 saepissime
1539 2761 1604 2822 in
1657 2761 1977 2842 parabolis
2026 2761 2329 2843 loqueba-

827 2865 953 2928 tur,
1004 2857 1190 2919 etiam
1243 2875 1390 2920 eum
1442 2877 1614 2920 nunc
1671 2858 1916 2940 aliquid
1966 2859 2327 2940 parabolice

830 2954 1006 3036 loqui
1050 2954 1212 3018 forte
1258 2954 1584 3036 putabant.

2432 1973 2551 2051 qui
2578 1973 2905 2049 proeibant
2930 1970 3167 2044 Jesum,
3202 1971 3369 2032 sicut
3415 1987 3627 2051 regem
3668 1969 3931 2050 quidam

2435 2071 2793 2152 praecedere
2844 2069 3070 2138 solent,
3106 2070 3527 2147 increpabant
3552 2087 3703 2128 eum
3738 2077 3811 2128 ut
3840 2075 3933 2128 εα-

2432 2177 2623 2237 ceret,
2672 2167 2771 2230 vel
2830 2166 3129 2229 attaediati
3178 2165 3563 2229 clamoribus
3618 2163 3783 2245 ejuS‚
3832 2163 3931 2227 vel

2434 2271 2787 2327 metuentes
2820 2283 2899 2326 ne
2930 2264 3215 2328 Christus
3246 2263 3386 2344 ejus
3427 2262 3815 2326 clamoribus
3843 2261 3937 2324 of-

2434 2364 2822 2438 fenderetur,
2874 2363 2975 2426 vel
3024 2363 3177 2445 quia
3225 2361 3525 2426 nolebant
3576 2360 3696 2422 iter
3746 2379 3933 2423 suum

2434 2482 2581 2526 cum
2639 2461 2887 2525 Christo
2950 2461 3277 2524 retardari.
3328 2463 3475 2538 Ipse
3530 2480 3677 2520 vero
3734 2463 3935 2520 multo

2434 2563 2645 2638 mayis
2700 2562 3023 2622 clamabat
3078 2580 3101 2619 .·
3152 2561 3294 2622 Fili
3340 2561 3583 2630 David,
3642 2559 3935 2618 miserere

2434 2661 2575 2721 mei.
2612 2659 2809 2722 Tanto
2838 2657 3137 2740 equidem
3175 2656 3317 2737 ejus
3356 2655 3613 2720 affectio
3643 2655 3707 2718 in
3746 2673 3815 2717 se
3849 2655 3937 2736 ip-

2436 2777 2505 2820 sa
2549 2756 3027 2830 incendebatur,
3070 2762 3134 2818 et
3171 2755 3395 2819 fortior
3428 2754 3821 2836 calidiorque
3858 2753 3937 2816 ri-

2436 2855 2603 2930 ebat,
2635 2863 2827 2937 atque
2865 2855 2931 2917 in
2966 2854 3377 2917 valentiorem
3418 2851 3931 2916 vociferationem

2438 2955 2672 3036 erupit,
2742 2962 2981 3035 quanto
3056 2951 3360 3033 majorem
3429 2951 3933 3015 contrarietatem

917 3057 1184 3113 Factum
1213 3063 1303 3114 est
1331 3063 1571 3122 autem,
1603 3073 1803 3134 quum
1841 3056 2331 3134 appropinqua-
2366 3047 2410 3112 C
2436 3072 2510 3116 ac
2542 3053 2966 3116 resistentiam
3006 3051 3318 3115 sentiebat
3350 3069 3364 3113 :
3399 3051 3935 3132 quemadmodum

831 3160 928 3211 ret
963 3149 1142 3212 Jesus
1185 3151 1439 3212 Jericko
1483 3150 1746 3225 civitati,
1781 3172 1981 3214 coecus
2028 3154 2326 3231 quidam,

832 3249 944 3330 qui
995 3267 1030 3309 a
1076 3247 1277 3310 Marco
1324 3247 1713 3324 BartimaeuS,
1750 3249 1814 3312 id
1861 3257 1959 3311 est
2005 3249 2181 3312 filius
2230 3251 2331 3312 'l'i-

831 3346 975 3408 maei
1024 3353 1304 3414 vocatur,
1337 3349 1589 3408 sedebat
1625 3367 1802 3407 secus
1847 3349 2048 3418 viam,
2083 3351 2333 3410 mendi-

831 3465 1005 3505 cans.
1066 3442 1134 3505 In
1191 3443 1476 3507 Mattbaeo
1538 3443 1768 3525 legitur
1827 3443 2111 3508 Christus
2171 3445 2329 3509 duos

834 3559 1030 3605 caecos
1061 3541 1479 3612 illuminasse,
1513 3561 1713 3623 quum
1746 3542 1950 3604 abiret
1979 3562 2016 3605 a
2041 3542 2328 3624 Jerich03

539 3657 808 3708 Man-caste-
834 3648 898 3702 et
923 3639 1163 3702 Marcus
1203 3639 1426 3702 scribit
1466 3659 1666 3702 unum
1697 3659 1934 3702 caecum
1976 3641 2332 3704 illuminas-

539 3721 607 3762 52.

630 4237 702 4293 36

639 5317 710 5372 37

835 3757 923 3812 se,
957 3757 1157 3820 quum
1189 3758 1226 3800 a
1258 3737 1515 3820 praefata
1554 3738 1712 3801 urbe
1751 3739 2103 3802 discederet
2137 3759 2150 3803 :
2188 3741 2330 3804 ideo

831 3837 1093 3918 quidam
1137 3837 1359 3900 dicunt
1407 3837 1576 3918 quod
1628 3838 1746 3899 iste
1790 3857 1994 3901 caecus
2037 3839 2118 3900 sit
2165 3839 2329 3901 alius

831 3936 912 3999 ab
961 3934 1134 4014 inis3
1186 3934 1294 3996 alii
1344 3935 1567 3998 dicunt
1615 3936 1787 4016 quod
1835 3935 1918 3998 sit
1975 3955 2142 4000 unus
2194 3937 2333 4000 illo-

833 4052 1000 4108 rum,
1033 4039 1095 4094 et
1124 4033 1294 4114 quod
1325 4032 1580 4108 dicitur,
1613 4032 1819 4106 Quum
1857 4035 2333 4117 appropinqua-

835 4139 950 4205 ret,
984 4139 1333 4213 exponunt,
1367 4131 1590 4194 Adhuc
1621 4151 1746 4195 non
1779 4133 1964 4214 longe
1997 4140 2185 4208 esset,
2219 4152 2332 4196 seu

2438 3153 2729 3233 quaedam
2760 3149 3118 3233 qualitates„
3155 3157 3224 3211 ut
3264 3148 3467 3230 frigus
3505 3155 3570 3211 et
3598 3149 3791 3224 calor,
3826 3165 3939 3230 per

2438 3249 2957 3333 antiperistasim,
3012 3249 3131 3312 hoc
3179 3256 3277 3310 est
3322 3246 3419 3310 sui
3470 3247 3935 3330 appositionem

2440 3349 2761 3423 contrarii,
2797 3347 3237 3411 intenduntur.
3270 3345 3607 3428 Propterea
3634 3347 3725 3408 ait
3752 3345 3940 3428 Chry-

2440 3455 2751 3512 sostomus
2787 3466 2802 3510 :
2835 3446 3001 3508 Talis
3041 3453 3137 3507 est
3165 3452 3389 3507 natura
3429 3443 3605 3519 fidei,
3640 3453 3713 3506 ut
3739 3463 3941 3526 quan·—

2438 3555 2503 3610 to
2553 3545 2752 3627 magis
2800 3552 3068 3618 vetatur,
3121 3562 3197 3608 eo
3252 3543 3451 3624 magis
3498 3541 3867 3606 accenditur
3918 3561 3935 3604 :

2442 3650 2701 3728 propter
2728 3644 2901 3725 quod
2940 3643 3107 3706 servi
3136 3641 3247 3704 Dei
3287 3643 3353 3705 in
3386 3641 3939 3724 persecutionibus

2440 3763 2565 3807 non
2598 3743 2980 3822 vincuntur3
3014 3740 3347 3822 virtusque
3388 3739 3542 3802 fidei
3582 3738 3647 3800 in
3691 3739 3943 3821 pericu-

2440 3841 2519 3904 lis
2568 3849 2663 3902 est
2709 3857 2951 3914 secura,
2992 3839 3057 3901 in
3108 3838 3447 3901 securitate
3491 3855 3641 3901 vero
3689 3837 3943 3920 pericli-

2440 3948 2629 4002 tatur.
2663 3939 2881 4020 Itaque
2925 3938 3215 4011 dicendo,
3252 3937 3366 3999 Fili
3413 3937 3631 4009 David,
3666 3953 3943 3998 comme-

2442 4046 2646 4102 morat
2679 4037 2929 4118 generis
2962 4036 3357 4118 dignitatem,
3393 4043 3462 4097 ut
3490 4041 3701 4116 captet
3738 4033 3941 4116 ipsius

2441 4135 2974 4210 benevolentiam,
3012 4143 3073 4197 et
3123 4135 3212 4216 pii
3259 4153 3335 4197 ac
3385 4135 3667 4197 liberalis
3718 4132 3935 4216 patris,

837 4247 1036 4312 prope
1094 4229 1446 4292 exsisteret.
1498 4231 1583 4291 Ec
1631 4251 1830 4310 quum
1879 4233 2142 4292 audiret
2194 4242 2330 4292 tur·
2364 4235 2414 4297 D
2442 4235 2688 4298 scilicet
2744 4233 2944 4297 sancti
3005 4232 3223 4307 David,
3290 4233 3585 4316 exemplo
3642 4239 3943 4315 provocet

836 4331 980 4389 bam
1024 4337 1538 4407 praetereuntem.
1589 4327 1764 4390 Multi
1827 4347 2106 4410 namque
2157 4328 2334 4392 ibant

837 4444 983 4488 cum
1026 4425 1194 4497 Jesu,
1229 4424 1460 4487 diversi
1505 4425 1786 4488 diversas
1833 4426 1915 4488 ob
1964 4445 2209 4501 causaS,
2244 4427 2335 4488 vi—

837 4523 1067 4586 delicet
1113 4522 1414 4585 aviditate
1463 4523 1718 4586 videndi
1777 4525 2106 4600 miracula,
2158 4526 2337 4589 audi-

837 4622 985 4684 endi
1024 4621 1548 4703 eloquentissima
1585 4629 1648 4684 et
1685 4623 2155 4704 sapientissima
2194 4625 2335 4706 ejus

839 4721 1052 4794 verba,
1087 4718 1479 4801 suscipiendi
1513 4721 1862 4801 corporalia
1889 4722 2209 4798 alimenta,
2246 4742 2337 4786 re-

839 4820 1119 4902 cipiendi
1178 4818 1672 4883 consolationem
1735 4837 1810 4882 ex
1875 4821 2015 4902 ejus
2073 4823 2332 4896 intuitu,

840 4925 902 4980 et
959 4916 1444 4981 aedificationem
1505 4935 1584 4979 ex
1639 4917 1780 4998 ejus
1841 4919 1969 4981 vita
2024 4928 2088 4983 et
2147 4921 2339 4984 mori-

840 5015 1008 5093 bus3
1061 5016 1322 5097 quidam
1373 5034 1544 5091 vero,
1601 5022 1668 5077 ut
1725 5015 2136 5081 observarent
2190 5037 2339 5080 eum

842 5123 906 5176 et
953 5122 1343 5177 accusarent.
1391 5119 1844 5194 Interroyabat
1890 5119 2054 5197 quid
2096 5118 2212 5176 hoc
2250 5137 2342 5176 es-

842 5223 959 5282 set,
991 5212 1053 5274 id
1092 5221 1210 5287 est,
1255 5233 1371 5276 cur
1408 5221 1620 5277 tantus
1662 5215 1750 5278 ibi
1796 5215 2072 5297 populus
2105 5214 2246 5288 iret,
2280 5223 2344 5276 et

2443 4352 2588 4396 eum
2634 4333 2711 4394 ad
2754 4331 3183 4394 clementiam.

2532 4436 2731 4495 Stans
2756 4441 2972 4492 autem
3000 4434 3202 4502 Jesus,
3219 4431 3427 4506 jussit
3466 4431 3659 4490 illum
3697 4431 3942 4491 adduci

2446 4535 2534 4592 ad
2560 4551 2644 4591 se.
2678 4529 2923 4593 Poterat
2954 4528 3176 4610 utique
3215 4547 3341 4591 non
3380 4527 3724 4590 adductum
3754 4534 3817 4589 et
3846 4545 3942 4589 re-

2447 4636 2615 4692 mote
2664 4627 2986 4690 sedentem
3037 4624 3424 4698 illuminare,
3472 4625 3581 4686 sed
3629 4625 3707 4687 ad
3752 4624 3945 4706 glori-

2447 4747 2546 4792 am
2595 4726 2702 4788 Dei
2741 4724 3361 4806 aedificationemque
3410 4723 3656 4805 populi,
3689 4724 3767 4786 ad
3814 4741 3945 4786 suae

2447 4826 2638 4889 etiam
2682 4823 3233 4888 confirmationem
3282 4821 3604 4895 doctrinae,
3640 4829 3701 4884 et
3739 4839 3947 4885 corro-

2448 4922 2843 4987 borationem
2888 4919 3044 4982 fidei
3089 4926 3340 4992 nostrae,
3373 4918 3579 4981 voluit
3618 4919 3785 4981 istud
3832 4917 3951 4980 mi-

2450 5021 2738 5085 raculum
2780 5017 3117 5081 manifeste
3155 5025 3349 5097 atque
3390 5016 3738 5078 solenniter
3774 5015 3953 5078 exhi-

2451 5119 2624 5182 bere.
2658 5153 2737 5164 —-
2768 5116 3055 5198 Denique
3094 5115 3213 5178 hoc
3253 5133 3415 5195 opus
3455 5113 3685 5177 Christi
3726 5113 3947 5176 sectari

2454 5216 2761 5280 deberent
2800 5213 3066 5297 praelati,
3103 5211 3428 5295 principes
3469 5220 3532 5274 et
3566 5211 3813 5292 judices
3844 5229 3955 5274 no—

848 5311 962 5392 qui
1005 5317 1238 5374 essent.
1278 5313 1609 5374 Dioeerunt
1646 5321 1864 5374 autem
1903 5315 1992 5382 ei,
2030 5315 2205 5392 quod
2242 5315 2346 5374 Je-
2456 5315 2595 5389 stri,
2632 5321 2852 5396 utpote
2891 5319 3077 5387 stare,
3111 5329 3312 5393 quum
3352 5310 3646 5373 audirent
3676 5318 3787 5371 aut
3820 5327 3954 5372 cer-

4086 4437 4166 4493 ⁴0
