4300 6259
531 1563 664 1605 hu.
682 1576 778 1605 υτ.

515 1628 584 1667 3*

517 2556 596 2599 Pn.
616 2570 705 2597 ιω
743 2558 780 2599 ὅ,

517 2948 686 3003 ana.

531 3144 654 3187 lta-d,
673 3147 712 3187 ἱ.
728 3148 770 3186 9.

587 5110 736 5153 [52:th.

531 5186 674 5221 unu,
703 5176 766 5217 w.

808 470 888 535 12
1627 492 3109 541 mmmmm.xr.tc1.—m.xxm

809 662 896 722 ita
935 666 1320 745 eompiatmit
1363 667 1696 728 voluntati.
1727 666 1862 738 Quo
1911 674 2102 748 patet.
2133 666 2307 746 quod
2336 664 2389 725 A
2498 665 2647 727 ldeo
2674 665 3099 726 humiliemur
3126 664 3247 725 sub
3280 664 3521 746 potenti
3560 682 3753 724 mnu
3782 663 3911 737 Dei,
3942 681 4201 731 metans.

807 762 888 821 de
918 763 1132 823 dixin:
1175 766 1724 845 praedestinatione
1761 785 1836 826 ac
1865 765 2309 846 reprobatione

807 880 954 921 cnm
997 864 1170 923 ‘sumi
1217 866 1591 927 reverentia.
1637 866 1946 925 timorate.
1981 884 2056 925 ac
2097 863 2309 925 sobrie

809 960 982 1039 loq-:i
1017 962 1344 1022 debemus.
1365 982 1484 1024 nec
1513 983 1778 1024 summae·
1809 964 2038 1024 mentis
2067 963 2309 1040 judicia

811 1072 1316 1141 praevnnphi-‘rse
1359 1064 1648 1123 scrutari.
1689 1072 1798 1122 aut
1837 1062 2173 1123 temerarie
2206 1062 2311 1140 ju-

807 1158 1062 1219 eiurare:
1097 1162 1446 1239 praesertim
1479 1181 1680 1241 quum
1715 1162 2074 1221 intellectus
2109 1160 2306 1220 nostri

809 1257 1142 1335 sagmata-z.
1175 1277 1212 1318 a
1249 1260 1450 1319 divini
1495 1260 1854 1321 intellectus
1891 1259 2311 1339 comprehen-

809 1355 986 1415 {3258
1029 1366 1090 1416 et
1131 1358 1506 1417 excellentia
1547 1358 1826 1418 deficiat.
1869 1368 1932 1418 et
1973 1358 2309 1419 occumbat

811 1454 1064 1532 penitus
1105 1454 1380 1515 infinite.
1413 1457 1556 1517 lde-3
1591 1458 1654 1517 in
1691 1456 2050 1517 Proverbiis
2087 1456 2311 1516 asseri-

809 1560 914 1609 tur
943 1570 960 1613 ε
991 1553 1165 1613 Sic-11
1207 1554 1320 1634 qui
1361 1555 1486 1615 mel
1529 1556 1802 1617 comedit
1844 1556 2144 1615 multum.
2180 1574 2307 1615 non

807 1660 902 1710 est
957 1652 1014 1711 ei
1079 1651 1370 1717 imnum:
1425 1655 1518 1714 sic
1567 1655 1680 1734 qni
1740 1660 2169 1734 perscrutator
2212 1662 2309 1713 est

809 1748 1174 1826 majestatis.
1207 1752 1610 1832 opprimetur
1645 1771 1684 1812 a
1723 1752 1948 1831 gloria-

2416 772 2479 824 et
2538 766 2713 844 quod
2781 766 2849 824 in
2912 763 3357 824 Patelesiastiffl
3420 764 3731 843 seriptum
3796 770 3911 830 est,

2418 865 2867 944 unusquisque
2916 874 3203 925 nostrum
3246 872 3479 943 satagat
3516 862 3911 943 adimplere:

2414 964 2655 1024 Altiora
2694 972 2757 1023 te
2796 981 2879 1022 ne
2922 964 3279 1042 quaesieris.
3318 972 3379 1022 et
3428 962 3687 1023 fortiora
3732 968 3797 1021 te
3838 978 3915 1022 ne
3988 975 4201 1020 Bccli.m.

2416 1070 2735 1121 scrutatus
2794 1061 3019 1121 fueris,
3070 1063 3181 1121 sed
3238 1080 3385 1141 qua*
3444 1060 3739 1141 pracepit
3796 1039 4009 1119 tibin·

2416 1158 2581 1219 Deus
2614 1160 2723 1219 illa
2752 1160 2957 1238 ‹st-gina
2998 1178 3273 1240 semper.
3304 1162 3593 1218 Attamen
3628 1175 3917 1217 reveren-

2416 1258 2585 1317 tialis
2614 1278 2689 1319 ac
2720 1260 3039 1319 moderata
3072 1258 3495 1319 consideratio
3527 1256 3915 1317 mirabilium

2416 1355 2523 1416 Dei
2572 1358 3159 1436 m5steriorumque
3216 1356 3395 1416 fidei.
3446 1355 3619 1415 licita
3664 1362 3759 1416 oet
3816 1354 3915 1414 his

2414 1475 2691 1535 quorum
2744 1464 3051 1537 purgatus
3092 1464 3153 1515 et
3198 1455 3595 1515 illuminatus
3640 1461 3735 1513 est
3782 1452 3919 1513 ani-

2418 1573 2585 1614 mus,
2636 1554 2802 1614 sicut
2848 1555 2935 1613 ait
2984 1553 3315 1614 psalmista
3358 1571 3375 1613 :
3428 1551 3655 1613 Revela
3698 1551 3915 1613 oculos
3972 1567 4201 1613 Pamm.
4253 1526 4254 1605 J

2416 1672 2615 1713 meos.
2676 1662 2737 1713 et
2796 1652 3215 1713 considerabo
3270 1651 3593 1712 mirabilia
3646 1651 3725 1710 de
3780 1650 3916 1729 lege
3944 1632 4011 1671 ¹⁸*

2416 1758 2565 1815 tua:
2610 1770 2961 1831 rursusque
2994 1770 3011 1811 :
3046 1750 3351 1811 lis-abilin
3388 1748 3749 1811 testimonia
3786 1756 3911 1822 tua,
3960 1763 4187 1805 neam.

917 1847 1154 1928 ltaque.
1211 1851 1384 1929 quo-l
1445 1849 1608 1909 Deus
1667 1870 1866 1910 unum
1925 1849 2188 1929 elegerit
2244 1856 2309 1909 et
2344 1851 2393 1911 B
2418 1848 2723 1913 Domine:
2768 1851 2911 1911 ideo
2946 1858 3223 1910 scrutata
3260 1856 3355 1909 est
3392 1866 3467 1908 ea
3500 1848 3713 1908 anima
3754 1864 3913 1907 mea.

805 1946 1004 2024 gratia
1047 1948 1458 2008 decoraverit.
1499 1948 1698 2009 alium
1743 1947 2179 2029 reprobaverit
2218 1956 2311 2007 at-

805 2064 936 2124 que
965 2046 1316 2125 reliquerit.
1349 2065 1540 2107 causa
1579 2046 1786 2127 prima
1813 2054 1876 2106 et
1907 2064 2181 2109 summa.
2212 2056 2307 2106 est

809 2143 1280 2224 beneplacitum
1329 2163 1442 2205 seu
1493 2144 1784 2206 voluntas
1839 2145 2044 2226 ipsius
2095 2164 2112 2205 :
2164 2162 2309 2225 qua?

807 2261 1010 2321 quum
1053 2244 1132 2302 sit
1171 2242 1594 2303 essentialiter
1629 2243 1940 2325 sapientia
1977 2252 2173 2323 atque
2208 2242 2313 2320 ju-

811 2342 982 2401 stitia
1023 2342 1186 2419 ejus.
1223 2360 1338 2402 nec
1377 2342 1616 2420 injusta
1657 2360 1868 2422 neque
1909 2341 2313 2403 irrationabi-

811 2440 890 2499 lis·
937 2458 1076 2499 css-„e
1131 2448 1356 2521 potest.
1409 2440 1566 2502 Hinc
1613 2442 1694 2501 de
1741 2440 2028 2522 patribus
2074 2441 2309 2500 veteris

811 2536 1192 2599 Testamenti
1247 2539 1482 2600 fatetur
1528 2538 1858 2601 'psalmista
1917 2539 2042 2602 neo
2093 2558 2110 2601 :
2164 2538 2313 2599 Bra-

811 2636 1028 2697 chium
1067 2655 1288 2699 eorum
1333 2656 1458 2700 non
1503 2638 1768 2700 salvavit
1805 2656 1958 2703 eos:
2001 2639 2112 2699 sed
2162 2639 2313 2698 dex-

811 2744 944 2797 tera
975 2745 1102 2797 tua.
1133 2744 1199 2797 et
1227 2736 1558 2798 brachium
1593 2744 1800 2800 tuum.
1833 2747 1896 2798 et
1927 2737 2311 2799 illuminatio

815 2834 1028 2895 vultus
1073 2836 1191 2895 tui.
1233 2836 1538 2915 quoniam
1587 2836 2030 2917 complacuisti
2074 2836 2140 2898 in
2190 2837 2307 2896 eis,

697 2934 1020 3013 1.’5.Alq¹le
1064 2933 1402 3015 Apostolus
1449 2935 1527 2995 ad
1579 2934 1886 3016 Ephesios
1925 2956 1944 2998 τ
1987 2935 2313 2997 Praedesti-

2418 1982 2497 1992 —-
2528 1948 2871 2011 Postremo.
2904 1949 3073 2009 circa
3102 1948 3239 2009 haec
3274 1948 3361 2007 ait
3392 1946 3727 2026 Gregorius
3757 1964 3775 2007 z
3810 1944 3917 2005 uis

2416 2045 2650 2107 Christi
2698 2046 2937 2107 verbis.
2978 2046 3345 2127 exemplum
3396 2044 3773 2105 humilitatis
3815 2062 3919 2104 ac—

2416 2146 2721 2226 cipimus.
2746 2164 2827 2206 ne
2856 2154 3095 2206 temere
3124 2146 3443 2205 discutere
3472 2161 3749 2225 superna
3774 2160 3921 2204 con-

2418 2243 2561 2304 silia
2608 2245 2688 2304 de
2732 2243 3005 2305 aliorum
3054 2244 3407 2305 vocatione.
3452 2241 3721 2303 aliorum
3770 2258 3919 2302 vero

2420 2344 2789 2423 repulsione
2838 2360 3299 2423 praesumamus
3350 2360 3367 2401 :
3420 2340 3733 2420 injustum
3781 2356 3919 2399 esse

2420 2460 2547 2503 non
2590 2450 2819 2523 potest.
2850 2442 3023 2521 quod
3062 2439 3303 2522 placuit
3340 2438 3535 2518 justo.
3568 2438 3637 2499 ln
3676 2437 3917 2499 cunctis

2418 2559 2569 2620 ergo
2597 2560 2745 2621 quae
2769 2540 3051 2601 exterius
3080 2540 3529 2620 disponuntur,
3542 2546 3759 2619 aperta
3786 2556 3921 2599 eau-

2420 2659 2489 2700 sa
2528 2639 2791 2701 rationis
2828 2648 2923 2699 est
2962 2639 3229 2700 occulta!
3268 2637 3516 2716 justitia
3556 2635 3917 2698 voluntatis,

2502 2742 2739 2801 Omm'a
2778 2740 2947 2798 milei
2986 2740 3233 2797 tradita
3270 2747 3427 2795 sunt
3454 2758 3493 2795 a
3524 2738 3726 2797 Patre
3762 2754 3917 2795 meo.

2419 2836 2549 2898 Hoc
2594 2837 2674 2896 de
2716 2835 2965 2898 Christo
3006 2835 3359 2896 secundum
3410 2842 3745 2913 utramque
3780 2832 3919 2911 ejus

2424 2944 2715 2996 naturam
2752 2933 3147 3015 exponitur:
3180 2932 3334 3013 quia
3372 2931 3723 2993 secundum
3762 2930 3923 2991 divi-

813 3032 986 3093 navit
1035 3051 1170 3095 nos.
1223 3032 1456 3112 inquit.
1507 3034 1858 3095 secundum
1911 3034 2311 3115 propositum
2347 3035 2393 3097 C
2422 3053 2571 3094 nam
2606 3052 2785 3093 suam
2817 3041 3133 3096 naturam,
3166 3030 3380 3095 omnia
3408 3030 3537 3091 eia
3561 3028 3739 3090 Patre
3774 3036 3921 3089 sunt

815 3128 1156 3191 voluntatis
1191 3150 1356 3193 suae:
1387 3140 1453 3191 et
1483 3132 1632 3192 item
1661 3152 1678 3194 :
1710 3130 1919 3193 Gratia
1947 3132 2058 3193 Dei
2089 3151 2315 3213 super-

809 3228 1156 3289 abundavit
1197 3229 1260 3290 in
1305 3230 1512 3303 nobiS,
1549 3230 1612 3291 in
1653 3231 1828 3292 omni
1873 3231 2207 3313 sapientia.
2250 3238 2317 3291 et

815 3326 1172 3409 prudentia.
1215 3334 1284 3387 ut
1329 3337 1548 3389 notum
1597 3328 1833 3389 faceret
1875 3328 2062 3391 nobis
2109 3348 2315 3390 sacra-

813 3431 1098 3487 mentum
1141 3426 1482 3487 voluntatis
1529 3445 1682 3499 suae,
1721 3427 2076 3488 secundum
2123 3426 2317 3489 bene-

817 3524 1122 3605 placitum
1171 3523 1336 3604 ejus.
1378 3560 1455 3570 —
1493 3524 1942 3586 Verumtamen
1991 3526 2140 3607 quis
2186 3545 2311 3588 non

818 3622 1048 3693 videat,
1081 3640 1276 3703 quam
1321 3622 1502 3704 pium
1541 3628 1606 3683 et
1639 3622 1886 3701 justum
1927 3642 2002 3685 ac
2043 3624 2319 3685 rationa-

817 3720 948 3782 bile
975 3722 1058 3781 sit
1095 3721 1238 3793 hoc,
1270 3722 1442 3801 quod
1487 3720 1650 3782 Deus
1689 3722 2036 3801 majestatis
2071 3742 2148 3784 ac
2182 3723 2317 3803 glo-

819 3818 928 3881 riae
959 3818 1250 3893 infinitae,
1283 3820 1448 3881 dona
1483 3838 1616 3882 suae
1651 3820 2010 3883 elementiae
2039 3821 2317 3902 gratiosa

821 3918 1030 3999 potius
1069 3917 1424 3979 humilibus
1461 3937 1654 3998 quam
1695 3918 1992 3999 superbis
2031 3938 2319 3982 commu-

819 4016 1042 4078 nicet!
1091 4016 1426 4077 Humilitas
1485 4034 1762 4098 namque
1815 4019 1894 4079 ad
1951 4018 2317 4081 divinorum

819 4116 1286 4197 susceptionem
1317 4116 1770 4178 charismatum
1805 4125 2082 4179 mentem
2115 4119 2321 4200 dispo-

2422 3132 2673 3196 tradita.
2714 3150 2793 3194 eo
2838 3131 3013 3212 quod
3062 3148 3179 3212 per
3224 3128 3697 3209 generationem
3744 3135 3922 3189 aeter-

2422 3251 2569 3293 nam
2610 3230 2856 3312 aceepit
2884 3250 2921 3293 a
2950 3229 3131 3290 Patre
3168 3236 3363 3291 totam
3396 3226 3595 3288 Patris
3632 3224 3921 3287 substan-

2424 3330 2601 3396 tiam,
2642 3337 2704 3391 et
2745 3328 3067 3411 quidquid
3110 3326 3525 3399 excellentiae,
3554 3324 3916 3407 opulentiae,

2422 3448 2497 3491 ac
2546 3427 2959 3511 perfectionis
3010 3426 3075 3489 in
3120 3445 3195 3488 ea
3250 3434 3369 3494 est.
3418 3425 3555 3487 sive
3606 3424 3671 3485 in
3717 3422 3915 3484 Patre.

2424 3527 2687 3609 Propter
2713 3528 2889 3608 quod
2920 3527 2983 3588 in
3011 3525 3251 3588 Ioanne
3286 3523 3623 3607 profitetur
3654 3541 3669 3584 :
3700 3520 3921 3583 Omnia
3946 3540 4197 3643 {gan-‚m
4253 3494 4254 3497 Ἴ

2424 3644 2849 3708 quaecumque
2878 3624 3070 3687 habet
3100 3624 3299 3690 Pater.
3324 3641 3465 3684 mea
3492 3628 3662 3683 sunt.
3686 3619 3758 3681 Et
3787 3639 3925 3681 rur-

2426 3745 2535 3787 sus
2576 3725 2909 3806 alloquens
2950 3723 3195 3785 Patrem
3230 3721 3521 3788 :Omnia‚
3552 3720 3783 3801 inquit,
3815 3726 3923 3780 tua
3978 3734 4201 3779 mam.

2428 3842 2569 3886 mea
2614 3831 2789 3897 sunt,
2841 3831 2903 3885 et
2950 3840 3093 3883 mea
3150 3830 3259 3883 tua
3304 3828 3476 3881 sunt.
3526 3818 3669 3881 Haec
3712 3826 3921 3879 autem
3952 3802 4019 3842 ¹⁰·

2426 3923 2682 3984 traditio
2720 3929 2816 3983 est
2864 3939 2981 4003 per
3024 3920 3283 3982 modum
3334 3916 3637 3979 naturalis
3678 3934 3927 3977 emana-

2429 4021 2645 4095 tioniS,
2696 4021 2776 4082 de
2823 4038 2955 4101 qua
3003 4018 3237 4080 iterum
3286 4016 3513 4078 asserit
3556 4013 3921 4095 Unigenitus

2430 4119 2539 4181 Dei
2574 4138 2591 4181 :
2624 4118 2806 4179 Pater
2842 4118 3017 4199 quod
3056 4116 3227 4178 dedit
3266 4114 3449 4193 mihi,
3482 4114 3689 4194 majus
3724 4111 3925 4175 omni-
3951 4132 4199 4179 maana.

819 4212 912 4274 nit
971 4222 1266 4285 creatam,
1317 4214 1622 4294 quoniam
1681 4214 1956 4276 Creatori
2013 4235 2130 4279 suo
2177 4235 2315 4279 eam
2352 4219 2401 4280 D
2428 4217 2549 4280 bus
2592 4226 2709 4279 est.
2742 4217 3033 4298 Insuper,
3066 4215 3315 4278 Christo
3354 4213 3703 4275 secundum
3746 4229 3921 4272 suam

819 4312 1176 4393 supponit;
1225 4310 1524 4394 superbia
1573 4330 1722 4373 vero
1769 4312 2136 4394 incapacem
2182 4332 2323 4395 gra·

821 4410 926 4471 tiae
967 4408 1171 4472 efficit
1213 4428 1376 4485 eam,
1417 4420 1482 4472 et
1519 4410 1792 4473 Creatori
1841 4411 2167 4475 rebellem.
2199 4413 2319 4476 Sed

823 4508 942 4571 hoc
993 4508 1202 4589 potius
1263 4508 1816 4590 imperscrutabile
1865 4518 1982 4583 est,
2035 4530 2153 4573 cur
2196 4512 2323 4575 Deo

821 4606 1155 4669 ordinante
1191 4624 1266 4667 ac
1305 4614 1704 4687 cooperante,
1735 4626 1900 4668 nnus
1936 4609 2015 4669 ad
2055 4610 2325 4692 disposi-

823 4704 1060 4767 tionem
1089 4704 1306 4784 gratiae
1333 4705 1760 4785 susceptivam
1791 4706 1991 4786 magis
2023 4708 2325 4789 pertingit

823 4822 1016 4884 quam
1061 4802 1244 4875 alter,
1287 4810 1351 4863 et
1397 4820 1514 4864 cur
1561 4821 1726 4865 unus
1775 4804 1986 4885 potius
2033 4808 2329 4887 praeordi-

829 4909 1012 4961 natus
1061 4908 1155 4961 est
1214 4900 1282 4961 in
1333 4918 1442 4961 vas
1495 4900 1944 4964 misericordiae
1997 4924 2191 4985 quam
2240 4906 2329 4967 al-

829 5007 944 5059 ter.
981 4998 1138 5060 Hinc
1177 5005 1430 5059 sanctus
1460 5017 1532 5059 ac
1565 4998 2124 5079 supet-liberrimus
2164 5003 2327 5065 Deus

2430 4316 2915 4387 humanitatem,
2958 4314 3185 4376 tradita
3224 4320 3375 4375 sunt
3409 4310 3643 4383 omnia,
3676 4311 3795 4372 hoc
3830 4315 3925 4370 est

2432 4415 2737 4497 praelatio,
2792 4412 3219 4495 praesidentia,
3274 4428 3386 4472 seu
3437 4408 3787 4472 dominium
3836 4414 3927 4468 to-

2432 4513 2559 4574 tius
2592 4512 2759 4574 entis
2788 4511 3009 4585 creati,
3044 4512 3131 4572 ita
3158 4510 3331 4591 quod
3360 4507 3575 4571 omnia
3612 4513 3760 4568 sunt
3786 4504 3925 4585 ejus

2431 4610 2810 4673 humanitati
2840 4610 3129 4690 subjecta
3156 4608 3237 4669 ab
3275 4604 3722 4668 incarnationis
3750 4621 3926 4666 exor—

2433 4711 2561 4772 dio.
2602 4708 2865 4792 Propter
2911 4708 3085 4790 quod
3134 4707 3223 4769 ait
3268 4704 3603 4787 Apostolus
3648 4722 3665 4765 :
3707 4701 3927 4764 Omnia
3966 4720 4148 4767 Heba-1,
4165 4718 4199 4759 s.

2434 4807 2765 4888 subiecisti
2796 4807 2917 4868 sub
2958 4805 3227 4888 pedibus
3258 4804 3441 4885 ejus:
3472 4810 3537 4864 et
3572 4802 3779 4864 denuo
3812 4816 3827 4861 t
3857 4799 3923 4860 In
3994 4818 4169 4864 [bidem.

2433 4924 2511 4969 eo
2557 4906 2729 4987 quod
2781 4905 2957 4978 dicit,
3006 4903 3253 4976 Omnia,
3304 4901 3468 4964 nihil
3515 4898 3755 4962 dimisit
3801 4915 3923 4959 non

2436 5004 2797 5083 subjectum
2848 5004 2931 5065 ei.
2974 5001 3165 5067 Porro
3214 5001 3561 5063 secundum
3611 4995 3929 5059 Athanasi-

831 5096 1000 5157 clare
1038 5104 1100 5157 ct
1139 5096 1374 5177 inclyte
1415 5104 1794 5176 protestatur
1833 5098 1896 5159 in
1929 5098 2140 5163 Exodo
2172 5120 2187 5163 :
2220 5102 2333 5163 Mi-
2440 5122 2569 5175 um,
2614 5103 2829 5165 omnia
2874 5101 3123 5165 Christo
3160 5108 3310 5162 sunt
3356 5098 3581 5160 tradita
3616 5097 3693 5157 ad
3739 5094 3931 5157 refor-

833 5192 1092 5255 serebor
1149 5194 1253 5255 cui
1315 5194 1598 5267 voluerO,
1649 5203 1713 5257 ct
1767 5196 2048 5259 clemens
2097 5217 2207 5262 ero
2264 5200 2329 5262 in
2442 5201 2769 5273 mandum,
2806 5208 2875 5261 ut
2913 5200 3081 5261 sicut
3120 5216 3235 5281 per
3274 5196 3547 5258 Verbum
3587 5194 3747 5256 facta
3782 5199 3930 5253 sunt

837 5308 1032 5373 quem
1079 5290 1236 5353 mihi
1283 5290 1614 5374 placuerit.

2442 5301 2681 5375 omnia,
2734 5300 2829 5361 sie
2886 5317 3001 5381 per
3058 5297 3335 5359 Verbum
3392 5312 3643 5358 carnem
3691 5290 3925 5353 factum
