4300 6259
852 479 931 543 94
1612 501 1964 548 mannum
2006 501 2071 546 m
2113 498 2254 548 car.
2301 499 2408 548 x1v
2451 501 2638 549 Luca.
2685 519 2766 532 —-
2805 504 2948 550 aar.
2995 503 3209 550 xxxvii

570 687 821 744 mamm,
851 675 941 729 tet
990 669 1055 730 in
1107 669 1289 732 libris
1326 669 1567 752 Regum
1616 672 1694 733 de
1732 671 1949 735 Nabal.
1984 671 2238 746 Octav0,
2274 688 2350 733 ex
2383 671 2432 731 A
2462 679 2764 753 tanquam
2815 672 3104 735 alludens
3156 673 3368 737 verbis
3417 673 3620 754 ipsius
3663 691 3678 735 ε
3720 675 3958 734 Beatus

556 754 625 795 ³⁶·
852 766 1221 842 ambitione,
1276 775 1345 830 ut
1394 768 1635 832 faciunt
1693 770 1981 834 canonici
2042 769 2354 832 electione
2463 779 2558 832 est
2592 770 2722 850 jam
2755 771 2820 832 in
2861 790 2975 854 spe
3005 772 3162 834 etin
3195 771 3744 853 praedestinatione
3782 778 3958 832 aeter-

555 885 639 990 2ἑιι
656 885 766 939 1209.
791 896 820 932 ι,
854 864 1150 939 instante,
1203 867 1424 949 sicque
1474 866 1627 931 fecit
1675 869 1970 933 Adonias.
2023 869 2222 943 Non0,
2274 887 2352 930 ex
2463 888 2564 939 na,
2599 873 2717 948 qui
2754 872 3176 932 manducabit
3209 889 3473 946 panem,
3515 870 3577 932 id
3621 876 3736 942 est,
3775 869 3955 950 spiri·

569 979 822 1065 naemu..
853 963 1243 1044 malignitate
1286 972 1349 1027 et
1388 966 1813 1040 simulatione,
1861 975 1927 1028 ut
1969 966 2267 1029 Absalon.

556 1077 627 1118 27.

936 1061 1253 1126 Postremo
1310 1063 1792 1147 chrysostomus
1840 1066 1928 1128 ait
1978 1085 1993 1128 z
2043 1064 2179 1128 Non
2231 1065 2350 1126 sub

853 1159 970 1222 hac
999 1179 1113 1242 spe
1140 1161 1282 1223 aliis
1320 1161 1638 1225 beneficia
1676 1162 2100 1244 conferamuS,
2135 1171 2205 1225 ut
2243 1182 2355 1226 no-

851 1258 951 1321 bis
1000 1259 1353 1323 retribuant
1393 1281 1407 1324 ε
1451 1262 1587 1324 haic
1630 1264 1801 1324 enim
1845 1262 2077 1343 frigida
2116 1272 2212 1325 est
2255 1263 2353 1325 in-

845 1357 1065 1430 tentio,
1099 1365 1162 1420 et
1189 1357 1332 1421 talis
1361 1359 1639 1422 amicitia
1668 1361 1958 1422 celeriter
1989 1369 2344 1423 evanescet.

846 1451 910 1514 Si
952 1471 1102 1517 vero
1152 1473 1495 1537 pauperem
1548 1457 1893 1532 vocaveriS,
1936 1457 2135 1519 Deum
2187 1476 2350 1518 nun-

843 1570 1037 1633 quam
1094 1553 1579 1616 obliviscentem
1639 1555 1904 1618 habebis
1967 1555 2342 1618 debitorem.

841 1647 1083 1722 Quanto
1113 1651 1284 1713 enim
1326 1652 1533 1715 minor
1564 1661 1659 1714 est
1690 1653 1905 1728 frater,
1937 1661 2113 1716 tanto
2144 1653 2345 1733 magis

844 1746 1130 1811 Christus
1180 1768 1295 1832 per
1336 1768 1482 1812 eum
1532 1752 1775 1814 accedit
1817 1759 1879 1814 et
1918 1752 2154 1814 visitat.
2188 1751 2344 1812 Nam

2459 968 2716 1030 tualiter
2773 968 3098 1030 reficietur
3146 969 3316 1030 clara
3361 976 3422 1030 et
3473 967 3735 1030 fruitiva
3791 967 3957 1030 Divi-

2461 1066 2676 1128 nitatis
2727 1066 2992 1140 visione,
3044 1085 3190 1148 quae
3244 1072 3340 1128 est
3398 1065 3601 1148 panis,
3655 1064 3956 1128 fortitudo

2458 1172 2652 1245 atque
2701 1164 2962 1228 refectio
3003 1165 3292 1228 omnium
3341 1163 3684 1227 electorum
3733 1164 3800 1226 in
3851 1183 3958 1245 pa·

2460 1262 2601 1336 tria,
2645 1271 2799 1344 puta
2839 1265 2910 1324 in
2954 1282 3150 1341 rayno
3187 1265 3329 1334 Dei,
3371 1263 3541 1344 quod
3589 1269 3683 1324 est
3731 1262 3957 1323 trium-

2460 1362 2664 1443 phans
2726 1361 3024 1435 Ecclesia,
3088 1379 3199 1423 seu
3270 1359 3584 1424 beatificae
3645 1360 3821 1423 locus
3883 1379 3956 1422 ac

2457 1461 2704 1524 mansio
2745 1460 3032 1524 visionis,
3067 1459 3372 1522 Praeterea
3409 1459 3631 1521 dicunt
3668 1457 3951 1540 quidam,

2455 1560 2624 1639 quod
2655 1559 2772 1621 iste
2802 1558 2992 1620 fuerit
3023 1558 3100 1620 de
3129 1557 3432 1640 opinione
3460 1556 3950 1630 Sadducaeorum,

2456 1657 2568 1738 qui
2612 1657 2806 1720 vitam
2846 1657 3126 1718 futuram
3172 1662 3398 1738 putant
3436 1673 3574 1718 esse
3615 1655 3950 1728 carnalem,

2455 1761 2516 1816 et
2559 1756 2730 1837 quod
2780 1755 2996 1818 cibum
3045 1755 3502 1817 manducarent
3550 1771 3950 1834 corporeum.

842 1847 955 1928 qui
1007 1866 1309 1928 magnum
1368 1850 1656 1932 suscipit,
1711 1868 1879 1932 saepe
1926 1859 2189 1932 propter
2239 1869 2346 1912 va-
2380 1850 2427 1912 Β
2456 1851 2575 1916 Sed
2617 1853 2783 1915 istud
2817 1871 2943 1916 non
2973 1860 3069 1914 est
3103 1852 3307 1934 perite
3345 1852 3602 1914 dictum.
3629 1851 3952 1914 Sadducaei

842 1962 989 2007 nam
1025 1945 1291 2026 gloriam
1332 1946 1485 2010 facit
1516 1947 1675 2027 hoc;
1718 1950 1827 2011 sed
1856 1957 1919 2011 et
1950 1949 2190 2010 utilitas
2230 1967 2345 2010 εω-

844 2045 989 2125 pius
1023 2046 1354 2127 quaeritur,
1391 2057 1460 2110 ut
1499 2065 1612 2129 per
1643 2048 1825 2110 illum
1866 2057 2337 2130 promoveatur.

842 2142 963 2206 Sed
1007 2144 1167 2206 dicis
1202 2164 1216 2208 ε
1251 2145 1622 2208 Immundus
1666 2155 1761 2209 est
1811 2166 2055 2230 pauper
2098 2155 2162 2210 θῖ
2211 2167 2344 2210 sor-

843 2241 1052 2303 didus.
1094 2241 1259 2304 Lava
1302 2262 1470 2318 eum,
1514 2252 1576 2306 et
1614 2244 1714 2308 fac
1756 2255 1967 2309 tecum
2011 2247 2077 2308 in
2120 2264 2344 2308 mensa

844 2340 1085 2402 sedere.
1118 2339 1181 2402 Si
1215 2351 1419 2405 vestes
1460 2344 1741 2406 sordidas
1780 2345 1990 2419 habet,
2028 2346 2342 2407 mundum

844 2438 1287 2503 indumentum
1356 2441 1675 2504 exhibeas.
1747 2443 2032 2506 Christus
2099 2443 2344 2507 accedit

844 2555 959 2619 per
1007 2556 1176 2612 eum,
1230 2545 1293 2599 et
1340 2547 1407 2601 tu
1455 2537 1686 2602 frivola
1731 2541 2066 2623 loqueris?
2115 2540 2346 2622 Grego-

845 2635 977 2697 rius
1014 2654 1273 2718 quoque
1310 2635 1627 2720 Nyssenus
1671 2639 1958 2702 hortatur
2001 2659 2015 2702 z
2058 2639 2194 2703 Non
2235 2658 2342 2701 ne-

840 2733 1039 2815 gligas
1074 2734 1375 2814 jacenteS,
1410 2737 1592 2818 quasi
1632 2738 1810 2801 nullo
1843 2739 1972 2801 sint
2011 2738 2186 2819 digni
2228 2738 2342 2801 ho-

845 2850 1020 2895 nore.
1071 2831 1285 2913 Gogita
1340 2835 1499 2915 quid
1556 2835 1705 2910 sint,
1756 2842 1820 2898 et
1879 2837 2339 2919 pretiositatem

842 2949 1063 2994 eorum
1112 2931 1398 2994 invenies
1442 2951 1456 2996 t
1500 2934 1563 2996 id
1607 2943 1723 3008 est,
1765 2934 2104 2999 Salvatoris
2158 2936 2342 2998 indu-

844 3036 1033 3090 erunt
1077 3028 1439 3109 imaginem,
1471 3028 1832 3094 futurorum
1872 3030 2188 3095 bonorum
2234 3033 2342 3096 he-
2378 3039 2421 3102 C
2452 3033 2698 3115 paravit
2727 3032 2968 3106 electiS,
2996 3031 3072 3093 de
3101 3049 3230 3112 qua
3257 3030 3344 3092 ait
3373 3029 3709 3112 Apostolus
3743 3048 3757 3092 :
3791 3029 3951 3092 Ocu·
3989 3054 4240 3107 moras.

846 3127 1025 3188 redes
1086 3134 1253 3200 sunt,
1316 3135 1378 3189 θῖ
1439 3129 1615 3209 regni
1676 3129 1951 3193 coelestis
2012 3131 2334 3212 clavigeri,

841 3232 1235 3287 accusatores
1270 3233 1333 3287 et
1368 3236 1767 3291 excusatores
1807 3229 2041 3303 idonei,
2081 3249 2209 3293 non
2249 3230 2341 3293 lo-

2457 1969 2732 2033 namque
2772 1969 3031 2032 prorsus
3070 1949 3383 2030 negabant
3424 1949 3950 2012 resurrectionem
3977 1969 4246 2012 Acamas.
4277 2023 4279 2046 ⁴

2453 2049 2748 2124 suturam,
2783 2048 3065 2111 dicentes
3103 2048 3382 2110 animam
3421 2065 3558 2110 esse
3602 2047 3947 2119 mortalem,

2454 2155 2516 2209 et
2558 2165 2676 2210 nec
2717 2147 3015 2228 angelum
3057 2163 3196 2208 esse
3239 2163 3357 2208 nec
3399 2144 3722 2226 spiritum,
3764 2152 3954 2226 prout

2455 2245 2519 2308 in
2564 2244 2826 2308 Actibus
2870 2242 3316 2327 Apostolorum
3361 2242 3649 2306 habetur.

2531 2343 2841 2425 Deinceps
2870 2341 3153 2406 Salvator
3192 2359 3308 2424 per
3344 2340 3708 2423 parabolam
3748 2341 3946 2414 docet,

2454 2461 2646 2524 quam
2699 2441 2884 2503 multi
2936 2459 3050 2523 per
3088 2441 3339 2505 diversa
3385 2438 3712 2503 obstacula
3747 2439 3953 2522 impe-

2455 2541 2710 2604 diantur
2747 2559 2784 2602 a
2826 2539 3289 2602 resurrectione
3328 2538 3530 2601 beata.
3564 2541 3769 2600 Homo
3807 2541 3952 2619 qui-

2453 2643 2608 2700 dam
2667 2641 2822 2719 fecit
2879 2659 3126 2700 coenam
3189 2656 3518 2714 maynam,
3581 2645 3642 2696 et
3699 2639 3954 2698 vocavit

2459 2742 2711 2799 multos.
2774 2736 2890 2798 Per
2949 2737 3122 2799 hunc
3183 2735 3508 2798 hominem
3572 2733 3954 2816 intelligitur

2455 2836 2762 2910 Christus,
2806 2836 2918 2917 qui
2971 2835 3124 2897 fecit
3171 2851 3439 2908 coenam,
3485 2833 3548 2895 id
3597 2840 3714 2914 est,
3757 2833 3954 2896 beati-

2452 2933 2644 2996 ficam
2673 2942 2922 2996 aeternae
2949 2932 3166 3013 gloriae
3193 2930 3606 2994 refectionem
3637 2931 3768 2993 suis
3800 2950 3952 3012 prae-

2450 3131 2550 3192 lus
2601 3149 2727 3194 non
2777 3130 2959 3204 vidit,
3013 3147 3131 3191 nec
3177 3127 3348 3190 auris
3395 3128 3660 3202 audivit,
3715 3145 3832 3190 nec
3877 3128 3947 3191 in

2450 3248 2558 3292 cor
2588 3229 2867 3292 hominis
2904 3227 3349 3301 ascenderunt,
3382 3244 3529 3307 quae
3568 3226 3949 3308 praeparavit

4096 2553 4162 2606 16

843 3330 1127 3403 quenteS,
1170 3324 1280 3385 sed
1324 3325 1593 3407 inspecti
1636 3345 1672 3388 a
1712 3326 1951 3390 Judice.
1986 3328 2224 3410 ltaque,
2271 3337 2341 3391 ut

842 3421 931 3483 ait
968 3420 1468 3503 ChrysostomuS,
1502 3424 1681 3486 decet
1723 3443 1829 3488 eos
1869 3426 1934 3488 in
1976 3427 2206 3490 solario
2245 3447 2342 3489 re-

844 3527 1135 3582 verenter
1190 3519 1405 3583 locari.
1458 3520 1577 3584 Sed
1638 3523 1689 3584 si
1749 3525 1869 3587 hoc
1927 3543 2053 3588 non
2108 3526 2335 3607 placet,

846 3617 1067 3678 saltem
1127 3619 1441 3693 deorsum,
1498 3620 1606 3682 ubi
1667 3629 1814 3682 sunt
1871 3623 2232 3705 subjugalia
2278 3633 2342 3686 et

846 3714 1145 3790 ministri,
1180 3716 1499 3780 Christum
1544 3719 1851 3801 suscipias
1898 3739 1911 3783 :
1954 3720 2072 3783 fiat
2114 3722 2338 3784 saltem

846 3831 1089 3895 pauper
1117 3815 1405 3890 inditum,
1428 3817 1491 3878 id
1523 3824 1617 3880 θεῖ
1646 3819 2044 3898 domesticus,
2070 3829 2250 3900 tuus3
2277 3829 2341 3883 et

846 3911 899 3972 si
942 3929 1067 3974 non
1107 3930 1323 3974 secum
1362 3916 1721 3990 consedeaS,
1756 3917 1937 3979 mitte
1966 3918 2057 3980 eis
2097 3917 2341 3980 fercula

846 4010 924 4071 de
974 4016 1081 4071 tua
1129 4028 1366 4073 mensa.
1411 4011 1684 4094 Mystice,
1733 4016 2083 4078 secundum
2131 4016 2340 4099 Orige-
2450 4038 2594 4080 rum
2641 4017 2908 4080 chorum
2958 4034 3069 4078 seu
3116 4015 3430 4079 ordinem.
3483 4013 3661 4095 Saepe
3708 4015 3944 4076 etenim

846 4124 1015 4181 nem,
1056 4107 1169 4187 qui
1221 4127 1442 4171 vanam
1490 4111 1757 4190 gloriam
1807 4113 1981 4186 vitat,
2025 4123 2208 4176 vocat
2261 4116 2337 4177 ad
2451 4117 2513 4179 in
2548 4115 2892 4198 Scripturis
2930 4113 3010 4177 fit
3039 4131 3248 4176 sermo
3286 4114 3364 4174 de
3396 4121 3526 4176 tota
3562 4113 3776 4194 aliqua
3815 4113 3946 4195 ple-

846 4205 1176 4287 spirituale
1214 4208 1580 4270 convivium
1622 4228 1954 4293 pauperes,
1992 4212 2054 4273 id
2091 4220 2187 4274 est
2225 4213 2341 4274 im·
2371 4215 2420 4277 D
2449 4216 2529 4277 be
2563 4233 2674 4277 seu
2707 4213 3117 4275 multitudine
3156 4211 3338 4292 quasi
3371 4211 3448 4272 de
3485 4230 3610 4273 una
3649 4229 3940 4293 persona,

848 4303 1106 4384 peritoS,
1150 4312 1219 4366 ut
1260 4323 1366 4368 eos
1405 4306 1601 4386 ditet3
1646 4307 1906 4382 debileS,
1950 4310 2012 4371 id
2058 4319 2153 4373 est
2195 4330 2342 4374 con·
2451 4315 2615 4375 sicut
2665 4312 2727 4375 in
2779 4311 2990 4374 Exodo
3041 4310 3201 4372 Deus
3251 4310 3534 4390 loquitur
3583 4308 3882 4372 Pharaoni
3925 4329 3940 4373 :

846 4400 1176 4463 scientiam
1225 4402 1435 4465 laesam
1486 4403 1811 4482 habenteS,
1856 4414 1925 4468 ut
1964 4425 2069 4470 eos
2119 4417 2337 4490 sanet:
2452 4411 2588 4474 Dixi
2647 4410 2787 4486 tibi,
2849 4409 3107 4472 Dimitte
3165 4407 3377 4469 silium
3438 4425 3674 4481 meum,
3730 4408 3791 4468 id
3849 4416 3945 4471 est
4013 4426 4240 4476 anan,

847 4498 1125 4574 claudoS,
1178 4499 1240 4562 id
1287 4508 1383 4563 est
1438 4502 1826 4566 declinantes
1874 4525 1910 4567 a
1958 4506 2219 4582 ratione,
2272 4517 2341 4570 ut
2451 4509 2760 4592 populum
2805 4507 3233 4569 Hebraeorum.
3269 4507 3449 4566 Hora
3489 4525 3701 4577 coenoe,
3746 4505 3807 4566 id
3849 4513 3947 4567 θεῖ
3973 4490 4045 4532 ²²·

848 4603 1048 4658 rectas
1092 4597 1347 4660 semitas
1390 4597 1663 4676 faciant;
1714 4621 1931 4678 caecOS,
1968 4603 2029 4666 id
2076 4612 2192 4678 est,
2227 4606 2340 4687 qui
2452 4609 2516 4670 in
2555 4608 2671 4670 hac
2720 4607 2945 4669 ultima
2983 4605 3204 4667 mundi
3242 4611 3442 4678 aetate,
3478 4603 3542 4664 in
3585 4602 3770 4684 cujus
3811 4603 3945 4665 fine

848 4702 1064 4757 carent
1108 4697 1641 4778 contemplatione
1690 4699 1965 4775 virtutis,
2008 4710 2077 4763 ut
2128 4721 2336 4766 veram
2449 4725 2630 4769 coena
2658 4705 2778 4767 ista
2810 4703 3167 4766 exhibenda
3201 4708 3298 4764 est
3331 4700 3520 4783 plene
3545 4699 3791 4763 cunctis
3821 4701 3946 4762 ele-

852 4792 1106 4855 Videasst
1148 4792 1379 4855 lucem·
2448 4805 2566 4868 ctis
2611 4823 2624 4868 :
2669 4811 2731 4865 et
2773 4803 3028 4865 interim
3069 4821 3106 4863 a
3144 4809 3431 4882 tempore
3474 4799 3784 4881 passionis
3829 4817 3942 4861 seu

649 4903 715 4959 15
929 4893 1105 4959 Hoec,
1138 4891 1382 4954 scilicet
1408 4894 1578 4973 quod
1619 4894 1902 4958 Christus
1940 4897 2099 4960 dixit
2128 4899 2208 4961 de
2236 4899 2344 4962 be-
2452 4906 2793 4967 descensus
2833 4901 3064 4966 Christi
3093 4901 3169 4962 ad
3201 4898 3438 4962 inferos
3475 4906 3683 4980 coepta
3711 4906 3806 4960 est
3840 4899 3946 4960 da-

850 4987 1063 5050 atifica
1101 4988 1517 5054 retributione
1550 4992 1615 5053 in
1658 4996 2119 5059 resurrectione
2159 4997 2341 5060 finali
2453 5003 2528 5077 ri,
2561 5003 2866 5085 quoniam
2905 5000 3190 5064 Christus
3231 4997 3434 5080 pretio
3473 4997 3571 5058 sui
3616 4996 3942 5077 sanguinis

854 5088 1225 5169 praestanda,
1258 5108 1461 5168 quum
1503 5093 1787 5153 audisset
1832 5096 2105 5172 quidam
2142 5100 2223 5157 de
2257 5100 2346 5158 si·
2448 5101 2708 5183 januam
2741 5099 2916 5180 regni
2957 5097 3232 5162 coelestis
3261 5095 3533 5177 aperuit.
3570 5095 3654 5156 De
3685 5094 3802 5156 hac
3833 5095 3945 5158 ho-

850 5189 991 5246 mul
1009 5187 1569 5258 discumbentibus,
1588 5195 1789 5253 tactus
1820 5193 2133 5257 desiderio
2166 5197 2346 5258 retri-

851 5283 1131 5348 butionis
1176 5284 1369 5362 illius,
1400 5288 1578 5349 dimit
1618 5290 1747 5364 illi,
1790 5291 2032 5355 scilicet
2073 5281 2339 5373 Christo,

2450 3328 2613 3390 Deus
2644 3327 3056 3408 diligentibus
3087 3325 3279 3388 se.Ad
3310 3325 3474 3387 hanc
3503 3343 3748 3388 coenam
3777 3324 3948 3389 Chri·
4280 3399 4281 3404 γ

2451 3434 2586 3489 stus
2645 3426 2878 3489 multos
2927 3424 3194 3499 vocavit,
3246 3424 3516 3486 dicendo
3567 3441 3581 3484 ε
3632 3421 3948 3486 Poeniten-
3991 3443 4281 3496 umam}

2451 3525 2602 3587 tiam
2651 3525 2838 3606 agite,
2881 3521 3428 3606 appropinquabit
3467 3523 3639 3583 enim
3679 3539 3946 3602 regnum
3975 3514 4050 3555 ¹⁷·

2449 3624 2778 3687 coelorum.
2813 3623 2988 3686 Unde
3024 3621 3113 3683 ait
3161 3621 3226 3683 in
3275 3619 3521 3683 Psalmo
3554 3639 3568 3682 ε
3602 3620 3948 3682 Annuntia·
4003 3643 4242 3692 mma.

2449 3723 2536 3795 vi,
2579 3730 2642 3783 et
2689 3722 2938 3785 locutus
2988 3739 3153 3794 sum,
3197 3718 3604 3801 multiplicati
3654 3727 3803 3781 sunt
3845 3737 3948 3780 su·
3973 3707 4016 3748 ⁸·

2451 3838 2565 3902 per
2603 3838 2966 3882 numerum.
3001 3821 3085 3880 E't
3127 3819 3303 3879 misit
3337 3837 3595 3878 servum
3631 3837 3848 3885 suum,
3879 3817 3946 3879 id
4087 3832 4156 3888 17

2450 3927 2544 3981 est
2600 3918 3046 4000 Apostolorum
3101 3915 3524 3996 omniumque
3582 3915 3949 3997 praedicato-

2454 5219 2522 5262 ra
2570 5199 2877 5281 scriptum
2929 5205 3024 5258 est
3067 5215 3080 5259 ε
3124 5194 3352 5268 Filioli,
3396 5193 3739 5256 novissima
3788 5193 3944 5256 hora
3987 5208 4236 5262 υωιωι.

2453 5305 2570 5360 est.
2602 5297 2793 5360 Porro
2824 5295 3084 5358 refectio
3114 5293 3234 5356 ista
3261 5293 3462 5366 beata,
3497 5291 3730 5354 dicitur
3757 5309 3942 5354 coena
3971 5275 4042 5315 ¹⁸·
