4300 6259
1085 524 1436 572 ENARRATIO
1480 525 1542 571 IN
1584 524 1722 570 cAP.
1770 524 1882 571 xm
1922 523 2199 573 JOANNJS.
2245 546 2326 556 —
2365 528 2509 575 Am.
2557 529 2755 575 xxxin

3276 587 3295 602 Ι
3348 510 3467 575 517

91 706 328 755 effluxu.
364 690 740 755 hereditatis
799 712 956 758 meae
993 713 1011 776 ;
1072 695 1378 778 itemque,
1440 696 1602 759 Deus
1661 695 1868 760 cordis
1900 696 1948 756 A
1981 699 2171 770 lavet,
2215 699 2277 760 id
2322 705 2437 774 est,
2471 699 2551 761 ab
2595 699 2733 762 istis
2781 700 3047 763 terrenis
3092 698 3469 780 infimisque

365 789 519 861 mei,
555 799 618 852 et
657 811 804 873 pars
841 811 982 855 mea
1018 793 1182 856 Deus
1222 795 1288 856 in
1329 802 1659 858 aeternum.
1695 793 1870 858 Unde

49 903 200 946 Nm.
215 916 336 956 mn.
363 889 444 950 ad
497 887 748 972 Moysen
797 891 886 953 ait
933 892 1012 954 de
1057 893 1294 955 Levitis
1341 913 1354 956 :
1397 893 1526 975 Ego
1576 913 1721 976 pars
1771 911 1868 957 eo-

35 969 117 1008 20.

53 3789 206 3834 Jacob.
219 3792 330 3842 m‚2.

365 1006 537 1048 rum.
591 989 678 1050 De
735 991 1035 1071 praedicta
1083 1009 1234 1056 vero
1292 1001 1470 1074 parte
1521 993 1866 1056 electorum

364 1104 516 1148 cum
558 1086 828 1164 Christo,
864 1089 1018 1152 dicit
1054 1090 1394 1172 Apostolus
1430 1092 1509 1153 ad
1549 1090 1869 1155 Colossen-

45 1199 332 1304 ιξοιιιιιω,
363 1203 468 1247 εθε
521 1203 536 1248 :
589 1185 822 1266 Dignos
879 1207 994 1251 nos
1051 1188 1205 1251 fecit
1255 1189 1321 1251 in
1381 1197 1626 1271 partem
1681 1189 1866 1252 sortis

361 1281 744 1348 Sanctorum
789 1286 855 1349 in
898 1286 1165 1350 lumine.

173 1381 210 1435 9
445 1385 629 1444 Dicit
674 1385 738 1444 ei
783 1387 1014 1448 Simon
1066 1390 1300 1449 Petrus
1337 1409 1359 1446 .·
1399 1389 1692 1456 Domine,
1735 1407 1866 1448 non

365 1490 626 1543 tantum
657 1486 850 1560 pedes
887 1505 1053 1546 meos
1089 1503 1127 1547 a
1155 1492 1216 1547 te
1253 1485 1552 1549 lavandos
1591 1503 1862 1568 exponO,

359 1583 478 1640 sed
512 1589 574 1641 et
611 1602 870 1655 manus,
903 1592 962 1643 et
998 1594 1217 1661 caput,
1249 1583 1315 1646 id
1352 1591 1448 1646 est
1485 1591 1687 1648 totum
1731 1603 1869 1648 cor-

366 1697 513 1760 pus.
551 1679 778 1743 Totum
817 1681 989 1744 enim
1030 1682 1198 1746 malo
1237 1682 1434 1746 lavari
1465 1702 1500 1745 a
1531 1691 1612 1758 te,
1646 1702 1869 1765 quam-

363 1776 464 1838 vis
511 1796 774 1859 prorsus
821 1778 1118 1860 indignus
1163 1780 1308 1856 sim,
1350 1799 1542 1863 quam
1587 1783 1865 1864 separari

361 1895 402 1938 a
444 1883 530 1949 te,
579 1877 856 1939 maxime
900 1877 968 1940 in
1012 1878 1250 1942 futuro.

465 1976 647 2037 Dicit
691 1977 754 2035 ei
799 1978 978 2037 Jesus
1028 1998 1051 2037 .·
1102 1978 1230 2047 Qui
1279 1982 1443 2039 lotus
1486 1989 1600 2048 est,
1651 1979 1714 2040 id
1773 1986 1869 2042 est

363 2073 434 2135 in
495 2072 818 2155 Baptismo
879 2083 1206 2157 purgatus,
1259 2096 1390 2137 non
1437 2078 1688 2155 indiget
1734 2079 1870 2138 nisi

361 2181 440 2233 ut
471 2175 666 2249 pedes
706 2176 897 2246 lavet,
941 2173 1006 2235 id
1055 2182 1170 2250 est,
1221 2173 1592 2238 affectiones
1642 2176 1868 2258 purifi-

363 2281 488 2346 cet,
525 2291 606 2334 ne
644 2273 814 2336 circa
855 2283 1106 2336 terrena
1137 2282 1201 2337 et
1240 2277 1476 2338 caduca
1513 2275 1868 2339 inordinate

359 2370 733 2450 afficiatur3
773 2375 886 2433 sed
911 2383 1002 2434 est
1042 2378 1326 2435 mundus
1366 2383 1552 2436 totus.
1585 2374 1714 2438 Hoc
1753 2376 1869 2436 du-

363 2469 624 2552 pliciter
663 2470 868 2553 accipi
913 2479 1140 2554 potest.
1182 2471 1392 2535 Primo
1431 2472 1522 2535 sic
1557 2491 1571 2536 :
1614 2472 1735 2535 Sed
1773 2481 1868 2536 est

361 2570 648 2631 mundus
687 2575 880 2644 totuS,
914 2571 979 2633 id
1015 2579 1131 2646 est,
1167 2571 1233 2632 in
1271 2570 1590 2652 Baptismo
1630 2572 1708 2634 ab
1739 2591 1868 2636 om-

361 2667 430 2730 ni
493 2675 754 2748 peccato
809 2668 1126 2749 originali,
1187 2669 1442 2744 actuali,
1498 2671 1749 2734 mortali
1805 2678 1869 2734 et

360 2764 606 2828 veniali
662 2765 926 2828 omnino
987 2767 1353 2841 mundatur,
1414 2775 1727 2849 quantum
1787 2770 1868 2831 ad

359 2864 624 2946 culpam
673 2871 738 2925 et
783 2881 1060 2946 poenam,
1105 2865 1192 2926 ita
1241 2866 1411 2946 quod
1461 2866 1760 2942 evolaret,
1813 2869 1867 2930 si

359 2963 578 3025 statim
637 2961 1012 3024 discederet.
1065 2963 1322 3037 Tamen,
1377 2965 1430 3026 si
1478 2966 1555 3028 ad
1615 2972 1866 3048 tempus

147 1975 222 2031 10

1977 794 2318 858 affectibus
2377 815 2445 858 se
2500 799 2843 880 expediat3
2892 802 3003 860 sed
3048 808 3137 860 esc
3187 801 3471 860 mundus

1980 904 2169 964 totus,
2215 895 2281 958 id
2328 904 2443 970 est,
2486 897 2539 958 si
2589 897 2709 960 hoc
2757 897 3001 972 fecerit,
3049 897 3326 959 mundus
3375 903 3471 958 est

1978 994 2167 1056 corde
2224 1001 2285 1055 et
2342 1013 2627 1077 corpore,
2680 996 3031 1058 secundum
3088 995 3259 1076 quod
3317 994 3472 1056 dicit

1977 1091 2315 1173 Apostolus
2351 1111 2364 1156 :
2399 1093 2772 1156 Mundemus
2802 1113 2916 1158 nos
2945 1094 3025 1156 ab
3055 1095 3229 1158 omni
3259 1094 3472 1176 inqui-
3518 1118 3762 1169 neema,

1980 1198 2275 1254 namento
2318 1192 2525 1254 carnis
2568 1201 2631 1255 et
2672 1193 2957 1274 spiritus.
3503 1185 3541 1224 ¹·

2057 1291 2144 1349 Ει
2192 1309 2323 1359 υοε,
2363 1290 2664 1372 discipuli
2716 1292 2865 1365 mei,
2908 1292 3145 1353 mundi
3191 1291 3366 1360 εειίε,
3406 1289 3471 1351 id

1977 1394 2073 1448 est
2129 1406 2193 1479 ειρ
2223 1387 2363 1450 labe
2424 1389 2664 1470 peccati
2725 1389 3008 1453 mortalis
3062 1389 3193 1469 jam
3252 1384 3467 1463 alieni,

1977 1484 2281 1548 habentes
2346 1487 2704 1569 simplicem
2766 1488 3022 1550 oculum
3086 1487 3471 1551 ordinatam-

1977 1602 2103 1665 que
2135 1585 2541 1648 voluntatem.
2569 1585 3015 1649 Verumtamen
3048 1585 3314 1668 perfecti
3346 1603 3471 1648 non

1977 1690 2177 1756 erant,
2221 1701 2430 1765 neque
2478 1685 2545 1747 in
2596 1683 2999 1766 passionibus
3048 1684 3332 1766 plenarie
3379 1701 3475 1746 re-

1978 1779 2254 1856 formati,
2290 1782 2441 1863 quia
2479 1782 2544 1845 in
2588 1783 2726 1864 ipsa
2756 1782 2945 1846 Coena
2981 1782 3146 1845 facta
3176 1791 3271 1845 est
3307 1782 3474 1844 inter
3524 1803 3633 1847 Luc.
3660 1817 3762 1855 xm.

1903 1881 1950 1943 B
1978 1898 2083 1943 eos
2133 1881 2473 1956 contentio,
2520 1881 2667 1962 quis
2710 1899 2930 1944 eorum
2973 1882 3295 1944 videretur
3335 1899 3473 1943 esse
3500 1869 3570 1910 ²⁴·

1979 1978 2202 2059 major.
2228 1982 2357 2041 Sed
2384 1999 2513 2040 non
2544 2000 2783 2050 omnes,
2811 1980 2963 2061 quia
2994 1999 3159 2042 unus
3191 1987 3471 2044 vestrum

1977 2077 2503 2140 sceleratissimus
2562 2084 2676 2140 est.
2739 2077 2862 2141 Cur
2917 2086 3127 2140 autem
3188 2078 3472 2142 Christus

1977 2177 2418 2258 exceptionem
2460 2176 2623 2239 hanc
2662 2176 2907 2252 fecerit,
2950 2177 3266 2239 subditur.
3300 2178 3475 2239 Scie-

1980 2277 2086 2335 bat
2113 2277 2290 2336 enim
2326 2277 2632 2354 quisnam
2666 2285 2819 2336 esset
2846 2277 2965 2356 qui
2994 2279 3271 2336 traderet
3298 2295 3468 2336 eum.

1979 2372 2203 2435 Omnia
2259 2373 2431 2434 enim
2492 2373 2849 2454 praesentia,
2905 2373 3222 2456 praeterita
3268 2380 3331 2435 et
3381 2373 3486 2439 fu-.

1981 2479 2120 2533 tura
2163 2471 2459 2533 distincte
2498 2472 2793 2552 cognovit
2840 2473 3191 2534 secundum
3240 2479 3476 2534 utram-

1977 2587 2105 2650 que
2135 2588 2315 2631 suam
2348 2577 2658 2631 naturam.
2691 2572 3043 2647 Propterea
3068 2571 3247 2630 dimit
3274 2590 3298 2630 .·
3323 2573 3473 2633 Non

1977 2669 2124 2728 estis
2171 2669 2409 2728 mundi
2448 2688 2681 2728 omnes.

2057 2770 2413 2845 Postquam
2450 2786 2598 2843 erqo
2646 2768 2810 2827 lavit
2850 2770 3037 2844 pedes
3076 2787 3326 2838 eorum,
3372 2788 3475 2829 ac-

1976 2867 2166 2942 eepit,
2208 2865 2271 2925 id
2316 2872 2413 2926 est
2452 2864 2753 2939 reinduit,
2797 2867 3174 2926 vestimenta
3210 2886 3353 2927 sua.
3388 2868 3475 2927 Ec

1977 2983 2180 3041 quum
2234 2965 2618 3024 recubuisset
2660 2965 2921 3035 iterum,
2968 2963 3033 3025 id
3082 2971 3198 3033 est,
3242 2964 3473 3026 iterum

3612 2181 3675 2237 11

3613 2779 3679 2834 12

360 3059 648 3124 notabile
678 3060 1127 3142 supervixerit,
1165 3079 1290 3124 non
1323 3069 1532 3144 potest
1562 3081 1700 3125 esse
1730 3065 1867 3127 sine
1905 3061 1950 3127 G
1977 3061 2054 3122 ad
2106 3079 2391 3124 mensam
2450 3061 2737 3136 sedisset,
2789 3071 2851 3123 et
2897 3061 2976 3124 ab
3025 3060 3247 3125 officio
3295 3063 3477 3145 quie-

361 3157 750 3233 venialibuS‚
793 3177 938 3240 quae
985 3159 1282 3240 quamvis
1331 3160 1581 3241 singula
1623 3163 1870 3244 possint

359 3257 576 3332 vitari,
621 3275 750 3320 non
803 3265 1014 3320 tamen
1063 3257 1300 3338 omnia,
1343 3266 1603 3340 propter
1649 3278 1870 3322 sensu-

357 3355 598 3419 alitatis
637 3354 924 3418 fomitem
965 3362 1029 3417 et
1066 3363 1274 3418 cetera
1315 3356 1578 3418 vulnera
1614 3357 1863 3421 animae.

357 3455 704 3536 Propterea
751 3453 993 3534 indiget
1029 3454 1222 3535 pedes
1271 3454 1503 3531 lavare,
1548 3455 1612 3517 id
1661 3465 1758 3519 est
1800 3475 1866 3518 se

359 3553 444 3614 ab
503 3550 843 3614 affectibus
906 3551 1250 3614 venialium
1313 3555 1657 3616 emundare
1714 3573 1866 3636 quo-

55 3665 330 3740 ξωωιιν.
359 3651 543 3724 tidie,
578 3649 882 3731 quoniam
921 3648 1132 3730 justus
1173 3651 1408 3732 septies
1441 3652 1610 3714 cadit
1640 3652 1702 3714 in
1737 3653 1860 3728 die,

359 3757 427 3812 et
465 3749 532 3810 in
583 3747 802 3810 multis
849 3746 1242 3810 offendimus
1289 3751 1531 3812 omnes.
1575 3749 1864 3814 Secundo

361 3849 458 3910 sic
493 3865 506 3910 ε
544 3845 666 3909 Sed
710 3852 807 3908 est
849 3846 1128 3908 mundus
1169 3851 1362 3920 totuS,
1409 3847 1474 3909 id
1517 3855 1631 3922 est,
1681 3849 1733 3910 si
1778 3849 1864 3910 la-

361 3947 530 4008 verit
577 3944 772 4028 pedes
831 3961 978 4006 suos
1036 3945 1222 4007 modo
1275 3944 1407 4026 jam
1466 3945 1654 4020 dicto,
1710 3954 1863 4010 tunc

357 4051 459 4106 est
498 4042 579 4105 ab
619 4042 794 4106 omni
837 4041 1027 4124 culpa
1066 4041 1228 4104 liber
1265 4062 1338 4105 ac
1381 4063 1604 4125 puruS,
1639 4044 1859 4107 saltem

355 4141 756 4223 frequenter,
809 4146 873 4202 et
918 4140 995 4202 ad
1051 4141 1310 4222 aliquod
1366 4149 1642 4223 tempus,
1696 4143 1862 4205 Talis

355 4259 512 4322 ergo
555 4258 682 4303 non
727 4239 970 4320 indiget
1008 4239 1220 4301 lavare
1268 4248 1478 4321 caput,
1522 4240 1586 4302 id
1628 4247 1722 4303 est
1767 4261 1862 4303 ra-
1893 4245 1942 4307 D
1970 4243 2048 4304 ad
2087 4243 2409 4304 dexteram
2446 4240 2643 4302 Patris
2676 4259 2743 4303 se
2782 4241 3133 4316 collocavit,
3168 4260 3293 4305 non
3334 4260 3467 4303 am·-

355 4341 605 4402 tionem
636 4337 1054 4421 superiorem,
1089 4337 1391 4419 quoniam
1425 4338 1534 4400 illa
1563 4358 1690 4402 non
1723 4358 1863 4403 con-

1979 3158 2197 3221 visset.
2241 3195 2317 3204 —
2356 3158 2631 3243 Mystice‚
2684 3161 2939 3241 quando
2988 3159 3274 3223 Christus
3322 3159 3475 3223 lavit

1979 3275 2093 3319 nos
2141 3276 2179 3318 a
2229 3257 2503 3339 peccatis
2552 3258 2785 3321 nostris
2838 3276 2952 3340 per
3002 3258 3365 3339 passionem
3412 3266 3475 3320 et

1979 3355 2352 3436 sanguinem
2393 3375 2603 3430 suum,
2637 3357 2931 3438 deposuit
2970 3356 3365 3432 vestimenta,
3408 3356 3471 3420 id

1978 3462 2093 3530 est,
2137 3473 2368 3537 corpus
2419 3473 2606 3516 suum
2654 3454 3033 3517 adversariis
3081 3455 3357 3529 tradidit,
3403 3463 3472 3517 ut

1977 3571 2092 3634 per
2121 3560 2391 3616 mortem
2422 3559 2821 3636 separaretur
2849 3552 2929 3614 ab
2960 3553 3191 3615 anima.
3227 3552 3311 3616 De
3339 3572 3469 3635 quo

1975 3651 2042 3712 in
2099 3652 2254 3713 Isaia
2303 3652 2537 3714 dicitur
2590 3670 2603 3713 :
2655 3650 2856 3724 Quare
2914 3650 3181 3712 rubrum
3230 3659 3327 3714 est
3372 3652 3759 3727 in-1⁸.m..‚2.

1975 3751 2349 3813 dumentum
2393 3758 2598 3824 tuum,
2642 3758 2704 3812 et
2740 3750 3118 3813 vestimenta
3156 3757 3266 3812 tua
3306 3751 3504 3813 sicut·

1975 3849 2355 3912 calcantium
2416 3849 2481 3910 in
2541 3847 2885 3912 torculari?
2933 3848 3271 3931 Postquam
3318 3868 3469 3913 vero

1976 3949 2269 4030 passione
2308 3947 2621 4029 completa
2658 3966 2771 4010 nos
2821 3946 2996 4022 lavit,
3040 3947 3283 4029 recepit
3327 3967 3471 4030 pro-

1977 4047 2189 4129 prium
2234 4065 2487 4127 corpus,
2529 4045 2683 4127 quia
2726 4044 2943 4107 divina
2986 4052 3294 4129 potestate
3332 4066 3468 4108 sus-

1973 4144 2190 4208 citavit
2237 4161 2303 4206 se
2348 4143 2585 4226 ipsum.
2620 4143 2925 4224 Tuncque
2966 4143 3279 4220 recubuit,
3313 4145 3465 4226 quia
3494 4165 3757 4268 afmv'm

1972 4341 2141 4423 plius
2199 4339 2453 4402 visurus
2513 4339 3009 4421 corruptionem,
3060 4357 3179 4402 nec
3236 4358 3463 4422 exper-

356 4437 556 4502 sentit
606 4445 887 4519 peccato,
940 4437 1049 4499 sed
1099 4435 1366 4499 inhaeret
1415 4445 1718 4520 vacatque
1767 4439 1862 4500 di-
1969 4447 2152 4501 turus
2194 4437 2497 4500 laborem.

356 4535 592 4616 vinis3
654 4553 776 4597 nec
843 4553 1093 4609 manuS,
1164 4535 1229 4596 id
1297 4542 1394 4597 est
1457 4554 1650 4617 opera
1717 4537 1862 4600 vitae

353 4635 605 4709 activae,
656 4652 861 4715 quum
919 4632 1048 4695 sint
1094 4633 1375 4697 virtuosa
1419 4634 1486 4696 in
1535 4652 1625 4708 se,
1679 4637 1862 4698 dum·
1915 4717 1922 4722 q

354 4733 550 4797 modo
577 4730 952 4795 affectiones
985 4731 1194 4795 cordis
1224 4732 1353 4794 sint
1380 4732 1538 4795 lotae.
1563 4731 1682 4795 Sed
1713 4752 1862 4814 quo-

355 4831 534 4894 niam
578 4828 982 4911 corruptibili
1034 4829 1460 4892 circumdatus
1504 4839 1596 4892 est
1641 4849 1861 4912 corpo-

357 4947 450 5002 re,
486 4936 549 4990 et
587 4935 820 4990 terram
861 4927 1080 5002 calcat,
1114 4927 1356 5008 indiget
1394 4927 1629 5008 jugiter
1669 4931 1859 5011 pedes

358 5029 598 5091 lavare.
652 5025 738 5088 De
794 5024 1033 5106 quibus
1092 5025 1158 5087 in
1219 5024 1490 5088 Canticis
1549 5027 1783 5089 dicitur
1843 5046 1857 5091 :

79 5145 326 5198 cm.v,:›..
355 5125 512 5190 Lavi
564 5124 758 5206 pedes
808 5141 1006 5186 meos.
1049 5157 1124 5168 —
1164 5122 1275 5186 Vel
1325 5125 1417 5186 sic
1463 5143 1476 5187 :
1528 5126 1654 5194 Qui
1699 5129 1864 5188 lotus

359 5235 478 5294 esc,
521 5223 588 5286 id
631 5229 730 5285 est
778 5239 891 5305 per
937 5221 1156 5304 gratiae
1203 5221 1592 5286 infusionem
1637 5224 1868 5305 purifi-

363 5329 546 5386 catus
587 5341 624 5384 a
667 5321 941 5396 mortali,
975 5341 1102 5382 non
1135 5322 1388 5398 indiqet
1416 5323 1551 5382 nisi
1579 5332 1652 5383 ut
1679 5326 1866 5402 pedes

2053 4539 2244 4598 Discit
2276 4539 2369 4596 eis
2397 4557 2419 4596 .·
2449 4537 2649 4597 Scitis
2682 4537 2846 4616 quid
2872 4537 3135 4613 fecerim
3166 4538 3365 4607 vobi-5,
3399 4536 3464 4599 id

1972 4643 2087 4710 est,
2122 4635 2278 4717 quid
2322 4652 2435 4716 per
2464 4633 2648 4696 istam
2687 4633 2988 4696 lotionem
3030 4635 3263 4716 pedum
3306 4653 3465 4716 prze-

1971 4735 2206 4796 tendo?
2242 4732 2377 4796 Non
2427 4731 2655 4814 quaerit
2696 4750 2773 4793 ex
2821 4731 3192 4812 ignorantia,
3234 4733 3343 4794 sed
3394 4739 3464 4794 ut

1973 4831 2322 4913 discipulos
2362 4831 2583 4892 reddat
2621 4829 2916 4892 intentos
2942 4832 3055 4892 Vos
3086 4832 3326 4893 vocatis
3367 4851 3464 4892 me

1973 4932 2281 5007 mayister
2329 4934 2588 5010 propter
2643 4926 2993 4990 doctrinam
3045 4934 3109 4988 et
3163 4928 3465 5010 sapienti-

1972 5046 2096 5100 am,
2129 5038 2189 5088 ει
2217 5028 2491 5088 Domine
2520 5033 2780 5107 propter
2810 5031 3181 5107 potestatem
3216 5033 3280 5088 et
3309 5045 3467 5108 prae-

3601 4843 3668 4900 13

1975 5125 2319 5199 lationem;
2368 5134 2427 5185 et
2475 5126 2626 5184 bene
2672 5125 2914 5197 dicitis,
2966 5123 3119 5204 quia
3166 5123 3259 5186 sic
3306 5132 3401 5187 est
3447 5143 3461 5188 ε

1973 5245 2116 5286 sum
2170 5225 2427 5284 etenim.
2478 5221 2611 5285 Imo
2658 5220 2941 5284 Christus
3000 5229 3096 5284 est
3151 5241 3463 5299 summus,

1979 5323 2154 5386 solus
2195 5321 2555 5403 unicusque
2589 5319 2906 5401 magister,
2942 5322 3293 5384 secundum
3326 5340 3471 5404 per-
