4300 6259
458 817 468 828 .
576 782 678 825 Act.
695 795 754 833 m,
775 785 838 826 1³.

575 1076 640 1119 12.
666 1089 776 1127 xux.
798 1079 837 1120 5.

663 1259 735 1315 33

611 3358 722 3388 vm.
749 3347 813 3388 ¹⁰.

581 5009 771 5116 ¹1810anm
786 5024 842 5064 ιιι,

867 477 988 541 524

871 663 1051 727 dabis
1118 665 1418 730 Sanctum
1485 677 1666 732 tuum
1727 669 1944 732 videre
2011 667 2367 750 corruptio-
2395 667 2447 729 A
2474 687 2687 732 amare
2742 669 3048 747 ordinate,
3110 679 3329 754 utpote
3388 672 3468 733 ad
3532 669 3829 732 ultimum
3878 669 3947 732 fi-

871 781 1059 843 nem3
1101 773 1166 828 et
1203 767 1268 829 in
1307 767 1568 830 Actibus
1607 767 1824 830 Petrus
1861 787 1873 830 :
1910 767 2070 830 Deus
2099 767 2367 848 (inquit)

871 871 1124 942 patrum
1165 873 1524 929 nostrorum
1563 865 1949 947 glorificavit
1985 866 2217 929 Filium
2264 885 2366 927 su-

872 978 980 1023 um
1027 961 1260 1025 lesum.
1315 963 1429 1026 Per
1485 965 1705 1027 lsaiam
1763 983 2022 1047 quoque
2077 965 2363 1028 Christus

871 1066 1136 1121 testatur
1179 1080 1192 1124 :
1243 1060 1646 1133 Glorificatus
1690 1082 1832 1124 sum
1881 1063 1948 1125 in
1995 1064 2199 1126 oculis
2248 1063 2364 1126 Do-

870 1158 1053 1220 mini.
2302 1241 2309 1246 ‚

955 1261 1198 1319 Filioli.
1253 1259 1507 1324 Filiolos
1558 1268 1739 1324 vocat
1785 1260 2157 1343 discipuloS,
2210 1259 2363 1342 quia

868 1355 1076 1417 adhuc
1121 1357 1338 1438 pusilli
1383 1357 1642 1420 fuerunt
1687 1377 1797 1420 seu
1843 1357 2225 1441 imperfecti,
2260 1358 2362 1421 vel

868 1455 944 1515 ad
977 1455 1432 1519 insinuandum
1470 1457 1964 1520 teneritudinem
2004 1456 2361 1520 dilectionis

869 1571 1000 1615 suae
1037 1555 1115 1617 ad
1157 1572 1284 1617 eos.
1321 1558 1556 1617 Adhuc
1586 1559 1930 1628 modicum,
1966 1556 2029 1619 id
2069 1563 2165 1618 est
2215 1575 2363 1637 pau-

869 1670 942 1714 co
983 1659 1288 1733 tempore,
1323 1655 1645 1713 vobiscum
1687 1674 1834 1714 sum
1884 1672 1960 1716 eo
1998 1655 2185 1718 modo
2233 1672 2363 1735 quo

869 1769 1062 1824 nunc,
1101 1758 1253 1832 puta
1296 1751 1360 1812 in
1408 1770 1596 1813 earne
1644 1752 1957 1833 passibili,
2000 1760 2063 1814 et
2101 1770 2364 1815 conver-

1597 497 1948 544 mannum
1991 497 2052 543 IN
2097 497 2235 544 GAP.
2282 497 2393 544 xm
2431 497 2707 545 scamus.
2752 517 2833 528 --
2874 499 3019 546 Aur.
3064 500 3255 547 mlv

2475 785 2644 841 nem,
2687 767 2816 848 qui·
2847 776 2944 831 est
2988 778 3220 833 aeterna
3266 770 3560 844 felicitaS‚
3616 766 3949 830 efficaciter

2474 863 2911 930 subveniendo
2976 867 3033 929 ei
3092 868 3157 930 in
3226 868 3525 931 omnibus
3591 866 3949 928 necessariis

2472 971 2663 1045 atque
2695 963 2982 1041 utilibus,
3018 966 3367 1049 praesertim
3398 967 3465 1028 in
3496 964 3945 1048 spiritualibus,

2473 1061 2603 1126 imo
2641 1064 2936 1144 ponendo
2975 1064 3252 1126 animam
3296 1084 3475 1126 suam
3518 1082 3631 1146 pro
3672 1062 3950 1145 proximo
4225 1137 4226 1150 χ

2473 1179 2589 1224 suo
2645 1161 2711 1223 in
2769 1169 2942 1226 certo
2992 1182 3162 1236 casu,
3216 1171 3286 1224 ut
3332 1163 3573 1226 dictum
3620 1168 3757 1242 est;
3808 1161 3951 1222 item
4007 1187 4183 1233 ιοωω,

2472 1257 2814 1332 ferventer,
2850 1268 2919 1322 ut
2956 1278 3183 1344 magno
3220 1259 3455 1322 affectu
3487 1259 3803 1321 desideret
3830 1277 3955 1322 om·
3976 1252 4031 1292 ¹¹·

2473 1373 2553 1418 ne
2601 1356 2839 1420 bonum
2899 1357 3182 1420 alteriuS.
3234 1358 3541 1439 Denique,
3591 1358 3669 1420 ad
3720 1357 3956 1419 insinu-

2470 1455 2707 1517 andum
2750 1475 2942 1538 quam
2991 1456 3327 1538 diligenter
3368 1456 3451 1518 sit
3495 1455 3952 1519 observandum

2473 1553 2640 1617 istud
2682 1562 3093 1636 praeceptum,
3127 1555 3411 1618 Christus
3451 1553 3769 1636 repetivit,
3804 1565 3876 1614 uc
3902 1563 3955 1614 et

2474 1672 2578 1714 vos
2634 1655 2935 1730 diliyatis
2992 1656 3291 1715 invicem.
3352 1653 3514 1714 Hinc
3570 1651 3790 1714 Petrus
3854 1669 3955 1712 ex·
4225 1713 4226 1738 3

2473 1751 2806 1814 hortatur:
2843 1751 3001 1814 Ante
3049 1751 3262 1815 omnia
3308 1759 3593 1813 mutuam
3644 1750 3713 1813 in
3762 1749 4182 1813 vobis-leemas
4225 1771 4226 1782 ¹

871 1849 1113 1910 satione
1142 1857 1444 1912 consueta
1472 1868 1543 1912 ac
1569 1851 1862 1912 naturali.
1897 1850 1999 1913 Sic
2029 1851 2200 1912 enim
2235 1869 2359 1913 non
2399 1847 2447 1908 B
2474 1850 2762 1932 metipsis
2826 1851 3147 1912 caritatem
3206 1850 3575 1913 continuam
3632 1849 3951 1920 habenteS,

870 1946 993 2008 suit
1039 1967 1186 2009 cum
1245 1948 1336 2010 eis
1397 1948 1518 2010 nisi
1581 1967 1786 2030 usque
1840 1949 1916 2011 ad
1965 1950 2185 2013 horam
2234 1968 2365 2012 suae

871 2044 1183 2126 captionis
1215 2063 1326 2107 seu
1360 2046 1600 2109 mortis.
1635 2046 1996 2110 Secundum
2030 2047 2203 2109 hunc
2232 2065 2365 2110 mo-

875 2144 1024 2206 dum
1077 2143 1445 2218 exsistendi,
1493 2144 1652 2206 dixit
1701 2145 1986 2207 Christus
2036 2153 2178 2227 post
2227 2164 2367 2227 pas-

728 2272 752 2300 x
799 2272 840 2308 v,
871 2242 1116 2305 sionem
1169 2242 1502 2324 discipulis
1549 2261 1562 2305 :
1604 2242 1747 2306 Haec
1787 2252 1936 2306 sunt
1983 2243 2177 2306 verba
2222 2263 2366 2326 quae

871 2341 1119 2402 locutus
1177 2360 1318 2402 sum
1381 2341 1583 2412 vobis,
1637 2361 1839 2423 quum
1895 2342 2103 2404 adhuc
2160 2361 2364 2404 essem

871 2438 1224 2502 vobiscum.
1271 2438 1392 2502 Sed
1451 2440 1753 2521 quoniam
1814 2440 1880 2501 in
1938 2440 2201 2502 Actibus
2259 2441 2368 2502 ha-

869 2537 1077 2612 betur,
1109 2538 1279 2620 quod
1311 2538 1595 2601 Christus
1628 2547 1769 2621 post
1799 2539 2158 2621 passionem
2190 2557 2364 2601 suam

867 2635 1165 2716 apparuit
1221 2635 1354 2697 suis
1414 2654 1528 2717 per
1584 2635 1719 2698 dies
1775 2637 2213 2717 quadraginta,
2257 2655 2368 2718 po-

867 2741 988 2796 test
1019 2735 1110 2796 sic
1139 2733 1343 2816 accipi
1379 2753 1393 2797 ε
1427 2734 1651 2797 Adhuc
1686 2735 2031 2810 modicum,
2069 2736 2369 2800 videlicet

869 2851 1074 2914 usque
1113 2833 1190 2894 ad
1230 2833 1688 2906 ascensionem,
1725 2834 2055 2897 vobiscum
2095 2854 2239 2897 sum
2275 2834 2369 2898 vi-

871 2930 1164 3005 sibiliter,
1199 2931 1494 3012 quamvis
1526 2931 2026 3014 impassibiliter.
2057 2937 2367 3002 Quoerecis

871 3049 1017 3102 me,·
1051 3038 1111 3089 et
1155 3032 1322 3090 sicut
1371 3033 1523 3091 dimi
1557 3033 1826 3102 Judoeis,
1863 3052 1984 3112 quo
2028 3053 2137 3110 eqo
2178 3036 2364 3104 vad0,
2401 3031 2444 3095 C
2476 3037 2607 3093 tum
2638 3030 2715 3092 ad
2748 3037 3022 3111 tempuS,
3056 3030 3209 3111 quia
3238 3030 3303 3092 in
3338 3029 3535 3092 veteri
3566 3027 3955 3090 Testamento
3983 3049 4179 3096 amum
4225 3079 4226 3124 ἶ

872 3127 936 3189 id
977 3135 1072 3189 est
1109 3129 1188 3190 ad
1237 3127 1483 3190 Patrem
1533 3136 1594 3191 et
1633 3146 1899 3209 regnum
1945 3131 2223 3205 coeleste,
2260 3152 2364 3192 vos

871 3247 1002 3286 non
1024 3229 1286 3304 potestis
1317 3229 1561 3297 venire,
1592 3227 1884 3308 quamvis
1926 3228 2063 3291 sitis
2099 3229 2165 3290 in
2199 3237 2363 3291 statu

871 3325 1092 3387 salutis
1119 3324 1300 3407 (quia
1333 3345 1503 3387 nunc
1534 3326 1664 3388 dixi
1694 3328 1866 3408 quod
1907 3328 2127 3390 mundi
2162 3328 2361 3404 estis),

871 3423 994 3486 nisi
1049 3441 1164 3504 ego
1213 3423 1421 3505 primo
1471 3425 1809 3500 intravero,
1857 3433 1919 3487 et
1962 3425 2223 3506 januam
2273 3444 2369 3488 re-

869 3522 978 3603 gni
1029 3541 1359 3604 aperuero,
1403 3541 1515 3584 seu
1567 3524 1896 3586 moriendo
1945 3543 2054 3588 vos
2103 3543 2140 3586 a
2190 3533 2366 3586 reatu

870 3621 1196 3702 originalis
1237 3621 1478 3703 peccati
1519 3619 1729 3686 fecero
1767 3623 2022 3686 liberos.
2057 3623 2200 3685 Haec
2234 3641 2368 3686 ver-

870 3719 972 3794 ba,
1011 3719 1324 3794 videlicet,
1367 3719 1500 3792 Quo
1547 3737 1661 3800 ego
1711 3721 1870 3784 vado
1918 3739 2029 3784 vos
2081 3740 2207 3784 non
2257 3741 2367 3803 po-

873 3818 1050 3882 testis
1091 3818 1327 3893 venire,
1361 3818 1523 3881 dixit
1565 3817 1847 3882 Salvator
1890 3819 2120 3882 Judaeis
2165 3839 2178 3882 :
2223 3839 2367 3902 quae

873 3917 968 3980 illi
1019 3936 1145 3980 non
1196 3915 1644 3997 intelligenteS,
1689 3911 2007 3992 dixerunt,
2041 3917 2364 3999 Numquid

873 4016 938 4078 in
971 4015 1436 4097 dispersionem
1473 4015 1760 4095 gentium
1801 4016 2007 4077 iturus
2041 4019 2179 4078 est?
2210 4017 2365 4078 Item

756 4151 780 4179 v
871 4113 995 4177 alio
1052 4113 1212 4187 locO,
1273 4113 1529 4195 quando
1594 4114 1876 4194 perversi
1932 4113 2128 4176 Judaei
2189 4114 2365 4176 dixe-

875 4219 1024 4274 runt
1075 4230 1088 4274 ε
1142 4210 1462 4292 Numquid
1513 4210 1857 4273 interficiet
1903 4211 2363 4292 semetipsum?
2396 4213 2445 4275 D
2476 4211 2807 4274 cellentius
2854 4217 2918 4272 et
2965 4209 3151 4272 latius
3198 4229 3389 4291 quam
3440 4209 3505 4271 in
3554 4209 3751 4273 veteri
3800 4209 3957 4289 lege.

874 4313 958 4372 Ει
1008 4310 1180 4370 vobis
1227 4311 1370 4369 dico
1409 4310 1620 4379 modo,
1653 4326 1768 4390 pro
1816 4307 2076 4389 speciali
2124 4315 2189 4370 et
2236 4327 2368 4370 ma-

875 4406 1046 4471 ximo
1087 4407 1491 4469 documento.

954 4507 1340 4568 Mandatum
1391 4525 1656 4577 novum,
1709 4503 1774 4566 id
1830 4511 1926 4566 est
1971 4522 2008 4565 a
2055 4511 2368 4569 vetustate

873 4603 1114 4687 peccati
1173 4602 1454 4684 eripiens
1510 4602 1810 4676 animam,
1863 4620 2132 4684 eamque
2180 4604 2368 4685 spiri—

873 4703 1128 4765 tualiter
1184 4701 1518 4775 innovanS,
1569 4704 1650 4761 do
1696 4703 1891 4769 vobis,
1933 4700 2250 4776 videlicet,
2294 4712 2368 4763 ut

871 4801 1172 4878 diligatis
1221 4801 1498 4860 invicem
1544 4801 1711 4859 sicut
1751 4801 1962 4860 dileoei
2006 4820 2135 4870 voa,
2168 4800 2232 4863 id
2273 4808 2368 4862 est

873 4898 1310 4980 spiritualiter,
1344 4905 1559 4959 sancte
1597 4904 1660 4959 et
1697 4897 2022 4977 ordinate3
2067 4917 2195 4961 non
2236 4917 2369 4960 car-

875 4997 1122 5071 naliter,
1177 5015 1293 5059 nee
1350 4996 1568 5076 lingua
1624 4997 1968 5070 dumtaxat,
2017 4997 2126 5058 sed
2176 5015 2368 5078 opere

873 5104 936 5158 et
973 5095 1256 5158 veritate.
1291 5094 1576 5158 Christus
1615 5103 1827 5157 autem
1859 5095 2081 5157 dilexit
2121 5114 2237 5157 nos
2275 5114 2371 5157 or-

875 5195 1270 5258 dinatissime
1315 5202 1380 5257 et
1423 5193 1872 5256 efficacissime
1919 5212 1991 5255 ac
2034 5193 2371 5256 ferventis-

876 5292 1059 5356 sime.
1093 5291 1197 5355 Sic
1232 5311 1381 5374 ergo
1420 5311 1586 5355 unus
1627 5300 1916 5356 nostrum
1951 5291 2149 5354 alium
2184 5292 2373 5356 debet

2472 1949 2776 2030 quoniam
2815 1948 3040 2010 caritas
3078 1948 3285 2030 operit
3314 1947 3790 2010 multitudinem
3825 1965 3959 2028 pec·
4225 1937 4226 1982 l

2473 2054 2778 2109 catorum.
2812 2045 2898 2108 De
2937 2047 3056 2109 hoc
3095 2047 3372 2108 caritatis
3412 2053 3729 2128 praecepto
3768 2044 3957 2107 multa

2474 2143 2743 2226 pulchra
2790 2152 2981 2225 atque
3028 2144 3371 2225 magnifica
3428 2145 3653 2207 scribit
3698 2143 3956 2206 loannes
4225 2217 4226 2226 2

2474 2243 2540 2304 in
2592 2244 2799 2324 prima
2852 2262 2964 2304 sua
3011 2243 3343 2318 Canonica,
3396 2249 3467 2304 ut
3511 2250 3607 2304 est
3648 2262 3662 2305 :
3706 2241 3821 2314 Qui
3872 2241 3955 2303 di·
3986 2261 4177 2308 υωηη,
4225 2229 4226 2258 ³

2475 2341 2633 2422 ligit,
2688 2341 2751 2404 in
2796 2340 3042 2403 lumine
3086 2349 3455 2423 permanet3
3504 2339 3617 2421 qui
3666 2340 3799 2402 odit
3844 2329 4161 2430 fra-“Ean
4225 2365 4226 2402 ;

2474 2449 2635 2503 trem
2674 2460 2887 2521 suum,
2921 2441 2985 2502 in
3026 2438 3307 2502 tenebris
3346 2445 3462 2514 est,
3496 2446 3559 2501 et
3587 2438 3653 2501 in
3683 2437 3953 2500 tenebris

2474 2538 2777 2613 ambulat,
2818 2546 2881 2600 et
2927 2538 3129 2600 nescit
3174 2556 3304 2619 quo
3352 2545 3472 2611 eat,
3525 2535 3829 2619 quoniam
3876 2544 3955 2596 te-

2475 2636 2689 2699 nebrae
2718 2637 3198 2700 obcaecaverunt
3236 2635 3453 2699 oculos
3484 2635 3661 2717 ejus3
3693 2635 3802 2716 qui
3835 2653 3954 2696 non
3978 2654 4182 2704 mama.

2472 2735 2701 2816 diligit,
2734 2741 2950 2796 manet
2990 2735 3056 2796 in
3102 2743 3323 2798 morte.

2550 2834 2768 2915 Itaque
2817 2842 3205 2916 praeceptum
3254 2835 3333 2896 de
3374 2831 3713 2894 dilectione
3756 2831 3957 2913 proxi-

2472 2932 2561 2994 mi
2610 2950 2849 2995 novum
2895 2949 2933 2992 a
2982 2931 3229 2995 Christo
3272 2939 3553 3005 vocatur,
3588 2949 3715 2993 non
3765 2949 3957 3011 quan-

2472 3129 2773 3190 traditum
2820 3127 2963 3190 fuit.
3015 3127 3190 3190 Unde
3237 3147 3438 3210 quum
3495 3126 3714 3189 Scriba
3770 3127 3956 3190 inter-

2474 3235 2769 3308 rogasset,
2802 3225 2975 3298 Quod
3016 3234 3111 3288 est
3150 3227 3515 3289 mandatum
3555 3241 3855 3306 magnum
3892 3226 3951 3287 in
3981 3234 4180 3280 uatum

2472 3325 2654 3406 lege?
2704 3324 2990 3416 Christus
3048 3325 3395 3407 respondit,
3450 3325 3619 3406 quod
3679 3324 3954 3405 primum
3981 3302 4178 3408 {222OE

2472 3424 2954 3504 maximumque
2992 3424 3358 3486 mandatum
3401 3423 3557 3503 legis
3587 3421 3783 3484 fuerit
3816 3441 3830 3486 :
3862 3422 3959 3484 Di·
4225 3425 4226 3434 ’

2472 3521 2629 3603 liges
2661 3521 2997 3585 Dominum
3036 3521 3233 3584 Deum
3272 3529 3453 3584 tuum
3493 3539 3570 3583 ex
3608 3529 3738 3584 toto
3776 3522 3959 3584 corde

2472 3629 2604 3696 tuo,
2640 3629 2760 3684 etc.
2803 3620 3161 3683 Secundum
3202 3627 3436 3696 autem,
3477 3619 3708 3701 inquit,
3756 3618 3959 3681 simile
4006 3629 4161 3672 maa.
4225 3627 4226 3642 ι

2473 3727 2569 3782 est
2617 3721 2769 3782 huic
2821 3738 2835 3781 ε
2888 3718 3119 3800 Diliges
3168 3719 3530 3800 proximum
3578 3725 3758 3780 tuum
3801 3719 3961 3780 sicut
4225 3709 4226 3716 '

2471 3827 2535 3880 te
2594 3819 2828 3900 ipsum.
2881 3817 3002 3879 Sed
3059 3817 3293 3879 dicitur
3349 3835 3609 3890 novum,
3660 3817 3961 3898 quoniam

2474 3924 2737 3980 renovat
2772 3916 3241 3979 observantem.
3274 3914 3384 3978 Vel
3426 3914 3661 3977 dicitur
3702 3934 3957 3986 novum,

2472 4022 2785 4097 quantum
2824 4016 2902 4076 ad
2940 4015 3202 4078 modum
3234 4013 3544 4088 tradendi,
3577 4013 3731 4094 quia
3760 4013 3824 4075 in
3857 4032 3963 4076 no-

2474 4132 2553 4177 vo
2586 4113 2982 4175 Testamento
3014 4111 3383 4194 praecipitur
3413 4110 3836 4192 frequentiuS‚
3860 4129 3961 4172 ex-

2474 4309 2684 4373 Nihilo
2732 4309 2946 4371 minus
3003 4308 3289 4371 Christus
3346 4308 3457 4370 diu
3513 4315 3660 4393 ante
3706 4307 3957 4372 Coenam

2476 4409 2648 4471 dedit
2696 4407 2864 4470 istud
2915 4413 3327 4488 praeceptum,
3372 4405 3668 4469 videlicet
3714 4406 3783 4468 in
3832 4424 3957 4468 ser-

2476 4525 2661 4570 mone
2709 4523 2901 4587 quem
2950 4503 3101 4566 fecit
3148 4504 3213 4566 in
3263 4510 3499 4577 monte,
3553 4511 3622 4565 ut
3668 4512 3841 4585 patet
3897 4505 3957 4566 in
3982 4512 4173 4560 masat

2474 4605 2778 4667 Matthaeo.
2812 4602 2905 4664 lbi
2934 4603 3105 4664 enim
3140 4602 3442 4685 praecepit
3469 4601 3765 4665 inimicos
3794 4621 3956 4664 ama-

2476 4703 2553 4764 ri.
2579 4739 2655 4749 —-
2684 4701 3017 4782 Quaeritur,
3038 4720 3239 4782 quum
3281 4708 3669 4783 praeceptum
3708 4699 3961 4782 diligen-

2477 4801 2538 4863 di
2572 4800 2769 4862 Deum
2800 4800 2883 4862 sit
2911 4819 3256 4872 summum,
3290 4798 3572 4880 primum
3602 4806 3667 4861 et
3695 4798 3961 4861 maxime

2480 4898 2943 4978 renovativum,
2995 4896 3109 4959 cur
3162 4898 3242 4960 de
3299 4896 3636 4960 dilectione
3694 4894 3960 4979 proximi

2477 4997 2565 5060 ait
2612 4995 2895 5059 Salvator
2948 5015 2961 5058 :
3010 4994 3399 5076 Praeceptum
3450 5013 3687 5058 novum
3738 4996 3820 5058 do
3864 5011 3961 5056 vo-

2479 5095 2599 5168 bis,
2636 5102 2706 5157 ut
2745 5093 3022 5174 diligatis
3067 5092 3364 5156 invicem.
3406 5092 3755 5155 Dicendum
3798 5090 3959 5175 quod

2479 5193 2643 5267 ideo,
2678 5192 2981 5274 quoniam
3022 5190 3275 5254 dilectio
3314 5190 3423 5252 Dei
3464 5198 3527 5253 et
3560 5190 3833 5272 proximi
3872 5190 3959 5251 in-

2482 5290 2869 5374 separabiles
2926 5297 3098 5353 sunt.
3150 5289 3383 5352 Eadem
3438 5307 3671 5372 nempe
3718 5296 3817 5351 est
3866 5305 3957 5350 ca-
