<?xml version="1.0" encoding="UTF-8"?>
<!DOCTYPE html PUBLIC "-//W3C//DTD XHTML 1.0 Transitional//EN"
    "http://www.w3.org/TR/xhtml1/DTD/xhtml1-transitional.dtd">
<html xmlns="http://www.w3.org/1999/xhtml" xml:lang="en" lang="en">
 <head>
  <title>
</title>
<meta http-equiv="Content-Type" content="text/html;charset=utf-8" />
  <meta name='ocr-system' content='tesseract 3.04.00' />
  <meta name='ocr-capabilities' content='ocr_page ocr_carea ocr_par ocr_line ocrx_word'/>
</head>
<body>
  <div class='ocr_page' id='page_1' title='image "./doctorisecstati09unkngoog_0149.png"; bbox 0 0 4300 6259; ppageno 0'>
   <div class='ocr_carea' id='block_1_1' title="bbox 56 1284 297 1336">
    <p class='ocr_par' dir='ltr' id='par_1_1' title="bbox 56 1284 297 1336">
     <span class='ocr_line' id='line_1_1' title="bbox 56 1284 297 1336; baseline 0.004 -9"><span class='ocrx_word' id='word_1_1' title='bbox 56 1284 117 1328; x_wconf 69' lang='lat' dir='ltr'><strong>Pa.</strong></span> <span class='ocrx_word' id='word_1_2' title='bbox 130 1297 219 1336; x_wconf 78' lang='lat' dir='ltr'><strong>nu,</strong></span> <span class='ocrx_word' id='word_1_3' title='bbox 228 1286 297 1328; x_wconf 69' lang='lat' dir='ltr'><strong>w.</strong></span> 
     </span>
    </p>
   </div>
   <div class='ocr_carea' id='block_1_2' title="bbox 98 1579 283 1634">
    <p class='ocr_par' dir='ltr' id='par_1_2' title="bbox 98 1579 283 1634">
     <span class='ocr_line' id='line_1_2' title="bbox 98 1579 283 1634; baseline 0 -12"><span class='ocrx_word' id='word_1_4' title='bbox 98 1579 147 1622; x_wconf 85' lang='grc' dir='ltr'><strong>ιιι</strong></span> <span class='ocrx_word' id='word_1_5' title='bbox 174 1581 283 1634; x_wconf 66' lang='lat' dir='ltr'><strong>neq.</strong></span> 
     </span>
    </p>
   </div>
   <div class='ocr_carea' id='block_1_3' title="bbox 54 1645 233 1692">
    <p class='ocr_par' dir='ltr' id='par_1_3' title="bbox 54 1645 233 1692">
     <span class='ocr_line' id='line_1_3' title="bbox 54 1645 233 1692; baseline 0.011 -8"><span class='ocrx_word' id='word_1_6' title='bbox 54 1655 153 1692; x_wconf 77' lang='lat' dir='ltr'><strong>nm,</strong></span> <span class='ocrx_word' id='word_1_7' title='bbox 166 1645 233 1686; x_wconf 72' lang='lat'><strong>21.</strong></span> 
     </span>
    </p>
   </div>
   <div class='ocr_carea' id='block_1_4' title="bbox 1115 489 3452 562">
    <p class='ocr_par' dir='ltr' id='par_1_4' title="bbox 1115 489 3452 562">
     <span class='ocr_line' id='line_1_4' title="bbox 1115 489 3452 562; baseline 0.001 -2"><span class='ocrx_word' id='word_1_8' title='bbox 1115 511 1468 561; x_wconf 63' lang='lat' dir='ltr'><strong>mammo</strong></span> <span class='ocrx_word' id='word_1_9' title='bbox 1510 513 1574 560; x_wconf 82' lang='lat' dir='ltr'><strong>m</strong></span> <span class='ocrx_word' id='word_1_10' title='bbox 1615 513 1752 560; x_wconf 54' lang='lat' dir='ltr'><strong>car.</strong></span> <span class='ocrx_word' id='word_1_11' title='bbox 1800 509 1907 558; x_wconf 78' lang='lat' dir='ltr'><strong>xiv</strong></span> <span class='ocrx_word' id='word_1_12' title='bbox 1948 509 2134 558; x_wconf 58' lang='lat' dir='ltr'><strong>mcx.</strong></span> <span class='ocrx_word' id='word_1_13' title='bbox 2181 531 2262 542; x_wconf 92' lang='lat'>-</span> <span class='ocrx_word' id='word_1_14' title='bbox 2303 511 2445 559; x_wconf 69' lang='lat' dir='ltr'><strong>mr.</strong></span> <span class='ocrx_word' id='word_1_15' title='bbox 2492 508 2706 559; x_wconf 81' lang='lat' dir='ltr'><strong>xxxvn</strong></span> <span class='ocrx_word' id='word_1_16' title='bbox 3373 489 3452 562; x_wconf 77' lang='lat'><strong>97</strong></span> 
     </span>
    </p>
   </div>
   <div class='ocr_carea' id='block_1_5' title="bbox 332 682 3450 768">
    <p class='ocr_par' dir='ltr' id='par_1_5' title="bbox 332 682 3450 768">
     <span class='ocr_line' id='line_1_5' title="bbox 332 682 3450 768; baseline 0.001 -23"><span class='ocrx_word' id='word_1_17' title='bbox 332 701 441 745; x_wconf 89' lang='lat' dir='ltr'><strong>res</strong></span> <span class='ocrx_word' id='word_1_18' title='bbox 471 683 707 747; x_wconf 80' lang='lat' dir='ltr'><strong>animae</strong></span> <span class='ocrx_word' id='word_1_19' title='bbox 734 682 895 746; x_wconf 83' lang='lat' dir='ltr'><strong>fiant</strong></span> <span class='ocrx_word' id='word_1_20' title='bbox 921 685 1167 748; x_wconf 81' lang='lat' dir='ltr'><strong>debiles</strong></span> <span class='ocrx_word' id='word_1_21' title='bbox 1197 686 1274 747; x_wconf 93' lang='lat' dir='ltr'><strong>ad</strong></span> <span class='ocrx_word' id='word_1_22' title='bbox 1305 692 1483 748; x_wconf 93' lang='lat' dir='ltr'><strong>actus</strong></span> <span class='ocrx_word' id='word_1_23' title='bbox 1513 685 1847 748; x_wconf 81' lang='lat' dir='ltr'><strong>virtutum.</strong></span> <span class='ocrx_word' id='word_1_24' title='bbox 1882 683 1931 744; x_wconf 88' lang='lat' dir='ltr'>A</span> <span class='ocrx_word' id='word_1_25' title='bbox 1958 701 2174 764; x_wconf 80' lang='lat' dir='ltr'><strong>argue,</strong></span> <span class='ocrx_word' id='word_1_26' title='bbox 2198 683 2481 759; x_wconf 90' lang='lat' dir='ltr'><strong>obsecra,</strong></span> <span class='ocrx_word' id='word_1_27' title='bbox 2516 684 2777 768; x_wconf 88' lang='lat' dir='ltr'><strong>increpa</strong></span> <span class='ocrx_word' id='word_1_28' title='bbox 2813 684 2878 746; x_wconf 91' lang='lat' dir='ltr'><strong>in</strong></span> <span class='ocrx_word' id='word_1_29' title='bbox 2921 685 3096 748; x_wconf 90' lang='lat' dir='ltr'><strong>omni</strong></span> <span class='ocrx_word' id='word_1_30' title='bbox 3127 685 3450 768; x_wconf 88' lang='lat' dir='ltr'><strong>patientia.</strong></span> 
     </span>
    </p>
   </div>
   <div class='ocr_carea' id='block_1_6' title="bbox 326 783 1851 1846">
    <p class='ocr_par' dir='ltr' id='par_1_6' title="bbox 326 783 1851 1846">
     <span class='ocr_line' id='line_1_6' title="bbox 335 783 1847 863; baseline 0 -19"><span class='ocrx_word' id='word_1_31' title='bbox 335 786 572 852; x_wconf 81' lang='lat' dir='ltr'><strong>Coecos,</strong></span> <span class='ocrx_word' id='word_1_32' title='bbox 610 783 678 844; x_wconf 93' lang='lat' dir='ltr'><strong>id</strong></span> <span class='ocrx_word' id='word_1_33' title='bbox 724 790 820 845; x_wconf 86' lang='lat' dir='ltr'><strong>est</strong></span> <span class='ocrx_word' id='word_1_34' title='bbox 857 783 1143 846; x_wconf 88' lang='lat' dir='ltr'><strong>veritatis</strong></span> <span class='ocrx_word' id='word_1_35' title='bbox 1194 784 1417 847; x_wconf 89' lang='lat' dir='ltr'><strong>notitia</strong></span> <span class='ocrx_word' id='word_1_36' title='bbox 1465 784 1795 846; x_wconf 91' lang='lat' dir='ltr'><strong>destitutos</strong></span> <span class='ocrx_word' id='word_1_37' title='bbox 1830 801 1847 863; x_wconf 86' lang='lat'><em>3</em></span> 
     </span>
     <span class='ocr_line' id='line_1_7' title="bbox 326 881 1851 962; baseline 0.002 -23"><span class='ocrx_word' id='word_1_38' title='bbox 326 890 391 940; x_wconf 79' lang='lat' dir='ltr'><strong>et</strong></span> <span class='ocrx_word' id='word_1_39' title='bbox 452 884 746 952; x_wconf 80' lang='lat' dir='ltr'><strong>claudos,</strong></span> <span class='ocrx_word' id='word_1_40' title='bbox 803 881 866 942; x_wconf 91' lang='lat' dir='ltr'><strong>id</strong></span> <span class='ocrx_word' id='word_1_41' title='bbox 925 890 1023 943; x_wconf 90' lang='lat' dir='ltr'><strong>est</strong></span> <span class='ocrx_word' id='word_1_42' title='bbox 1080 883 1531 945; x_wconf 82' lang='lat' dir='ltr'>rectitudinem</span> <span class='ocrx_word' id='word_1_43' title='bbox 1586 881 1851 962; x_wconf 81' lang='lat' dir='ltr'><strong>justitiae</strong></span> 
     </span>
     <span class='ocr_line' id='line_1_8' title="bbox 330 979 1847 1062; baseline -0.001 -22"><span class='ocrx_word' id='word_1_44' title='bbox 330 997 467 1042; x_wconf 91' lang='lat' dir='ltr'><strong>non</strong></span> <span class='ocrx_word' id='word_1_45' title='bbox 512 987 861 1054; x_wconf 85' lang='lat' dir='ltr'><strong>servantes,</strong></span> <span class='ocrx_word' id='word_1_46' title='bbox 912 979 1047 1042; x_wconf 89' lang='lat' dir='ltr'><strong>sive</strong></span> <span class='ocrx_word' id='word_1_47' title='bbox 1094 980 1471 1043; x_wconf 90' lang='lat' dir='ltr'><strong>instabiles:</strong></span> <span class='ocrx_word' id='word_1_48' title='bbox 1507 981 1619 1062; x_wconf 92' lang='lat' dir='ltr'><strong>qui</strong></span> <span class='ocrx_word' id='word_1_49' title='bbox 1664 979 1847 1061; x_wconf 82' lang='lat' dir='ltr'><strong>quasi</strong></span> 
     </span>
     <span class='ocr_line' id='line_1_9' title="bbox 328 1076 1847 1160; baseline 0.001 -22"><span class='ocrx_word' id='word_1_50' title='bbox 328 1076 401 1138; x_wconf 91' lang='lat' dir='ltr'><strong>in</strong></span> <span class='ocrx_word' id='word_1_51' title='bbox 454 1085 799 1159; x_wconf 89' lang='lat' dir='ltr'><strong>utramque</strong></span> <span class='ocrx_word' id='word_1_52' title='bbox 849 1078 1211 1141; x_wconf 91' lang='lat' dir='ltr'><strong>claudicant</strong></span> <span class='ocrx_word' id='word_1_53' title='bbox 1260 1085 1526 1160; x_wconf 86' lang='lat' dir='ltr'><strong>partem,</strong></span> <span class='ocrx_word' id='word_1_54' title='bbox 1579 1080 1731 1140; x_wconf 92' lang='lat' dir='ltr'><strong>dum</strong></span> <span class='ocrx_word' id='word_1_55' title='bbox 1781 1078 1847 1139; x_wconf 91' lang='lat' dir='ltr'><strong>in</strong></span> 
     </span>
     <span class='ocr_line' id='line_1_10' title="bbox 328 1175 1851 1257; baseline 0.001 -21"><span class='ocrx_word' id='word_1_56' title='bbox 328 1175 519 1236; x_wconf 88' lang='lat' dir='ltr'><strong>nulla</strong></span> <span class='ocrx_word' id='word_1_57' title='bbox 547 1175 787 1238; x_wconf 91' lang='lat' dir='ltr'><strong>virtute</strong></span> <span class='ocrx_word' id='word_1_58' title='bbox 814 1183 1177 1239; x_wconf 79' lang='lat' dir='ltr'><strong>constantes</strong></span> <span class='ocrx_word' id='word_1_59' title='bbox 1208 1177 1544 1239; x_wconf 85' lang='lat' dir='ltr'><strong>exsistunt.</strong></span> <span class='ocrx_word' id='word_1_60' title='bbox 1577 1175 1663 1237; x_wconf 89' lang='lat' dir='ltr'><strong>De</strong></span> <span class='ocrx_word' id='word_1_61' title='bbox 1695 1195 1851 1257; x_wconf 91' lang='lat' dir='ltr'><strong>qua-</strong></span> 
     </span>
     <span class='ocr_line' id='line_1_11' title="bbox 330 1272 1849 1338; baseline 0.001 -4"><span class='ocrx_word' id='word_1_62' title='bbox 330 1273 510 1335; x_wconf 90' lang='lat' dir='ltr'><strong>libus</strong></span> <span class='ocrx_word' id='word_1_63' title='bbox 553 1272 762 1335; x_wconf 88' lang='lat' dir='ltr'><strong>fertur</strong></span> <span class='ocrx_word' id='word_1_64' title='bbox 803 1274 869 1336; x_wconf 91' lang='lat' dir='ltr'><strong>in</strong></span> <span class='ocrx_word' id='word_1_65' title='bbox 907 1273 1157 1338; x_wconf 84' lang='lat' dir='ltr'><strong>Psalmo</strong></span> <span class='ocrx_word' id='word_1_66' title='bbox 1202 1293 1216 1338; x_wconf 88' lang='lat'><strong>:</strong></span> <span class='ocrx_word' id='word_1_67' title='bbox 1260 1274 1401 1337; x_wconf 85' lang='lat' dir='ltr'><strong>Filii</strong></span> <span class='ocrx_word' id='word_1_68' title='bbox 1440 1274 1634 1338; x_wconf 90' lang='lat' dir='ltr'><strong>alieni</strong></span> <span class='ocrx_word' id='word_1_69' title='bbox 1673 1274 1849 1337; x_wconf 87' lang='lat' dir='ltr'><strong>inve-</strong></span> 
     </span>
     <span class='ocr_line' id='line_1_12' title="bbox 330 1371 1847 1446; baseline -0.001 -12"><span class='ocrx_word' id='word_1_70' title='bbox 330 1371 525 1434; x_wconf 87' lang='lat' dir='ltr'><strong>terati</strong></span> <span class='ocrx_word' id='word_1_71' title='bbox 586 1378 758 1446; x_wconf 88' lang='lat' dir='ltr'><strong>sunt,</strong></span> <span class='ocrx_word' id='word_1_72' title='bbox 816 1380 881 1433; x_wconf 92' lang='lat' dir='ltr'><strong>et</strong></span> <span class='ocrx_word' id='word_1_73' title='bbox 938 1372 1459 1436; x_wconf 85' lang='lat' dir='ltr'><strong>claudicaverunt</strong></span> <span class='ocrx_word' id='word_1_74' title='bbox 1513 1391 1550 1434; x_wconf 93' lang='lat' dir='ltr'><strong>a</strong></span> <span class='ocrx_word' id='word_1_75' title='bbox 1604 1372 1847 1434; x_wconf 91' lang='lat' dir='ltr'><strong>semitis</strong></span> 
     </span>
     <span class='ocr_line' id='line_1_13' title="bbox 329 1469 1850 1552; baseline 0.001 -22"><span class='ocrx_word' id='word_1_76' title='bbox 329 1470 497 1531; x_wconf 90' lang='lat' dir='ltr'><strong>suis.</strong></span> <span class='ocrx_word' id='word_1_77' title='bbox 550 1469 729 1532; x_wconf 88' lang='lat' dir='ltr'><strong>Unde</strong></span> <span class='ocrx_word' id='word_1_78' title='bbox 774 1476 837 1532; x_wconf 87' lang='lat' dir='ltr'><strong>et</strong></span> <span class='ocrx_word' id='word_1_79' title='bbox 884 1470 950 1531; x_wconf 91' lang='lat' dir='ltr'><strong>in</strong></span> <span class='ocrx_word' id='word_1_80' title='bbox 1003 1469 1189 1532; x_wconf 89' lang='lat' dir='ltr'><strong>libris</strong></span> <span class='ocrx_word' id='word_1_81' title='bbox 1242 1469 1481 1552; x_wconf 83' lang='lat' dir='ltr'><strong>Regum</strong></span> <span class='ocrx_word' id='word_1_82' title='bbox 1537 1470 1850 1533; x_wconf 86' lang='lat' dir='ltr'><strong>instabili-</strong></span> 
     </span>
     <span class='ocr_line' id='line_1_14' title="bbox 327 1565 1849 1650; baseline 0 -22"><span class='ocrx_word' id='word_1_83' title='bbox 327 1565 459 1628; x_wconf 89' lang='lat' dir='ltr'><strong>bus</strong></span> <span class='ocrx_word' id='word_1_84' title='bbox 501 1565 661 1629; x_wconf 84' lang='lat' dir='ltr'><strong>filiis</strong></span> <span class='ocrx_word' id='word_1_85' title='bbox 699 1566 888 1629; x_wconf 90' lang='lat' dir='ltr'><strong>lsrael</strong></span> <span class='ocrx_word' id='word_1_86' title='bbox 928 1567 1016 1629; x_wconf 86' lang='lat' dir='ltr'><strong>ait</strong></span> <span class='ocrx_word' id='word_1_87' title='bbox 1044 1566 1215 1630; x_wconf 84' lang='lat' dir='ltr'><strong>Elias</strong></span> <span class='ocrx_word' id='word_1_88' title='bbox 1249 1586 1263 1631; x_wconf 89' lang='lat'>:</span> <span class='ocrx_word' id='word_1_89' title='bbox 1297 1568 1641 1650; x_wconf 90' lang='lat' dir='ltr'><strong>Usquequo</strong></span> <span class='ocrx_word' id='word_1_90' title='bbox 1680 1567 1849 1630; x_wconf 89' lang='lat' dir='ltr'><strong>clau-</strong></span> 
     </span>
     <span class='ocr_line' id='line_1_15' title="bbox 328 1665 1846 1747; baseline 0.001 -20"><span class='ocrx_word' id='word_1_91' title='bbox 328 1665 567 1727; x_wconf 75' lang='lat' dir='ltr'><strong>dicatis</strong></span> <span class='ocrx_word' id='word_1_92' title='bbox 617 1665 685 1726; x_wconf 87' lang='lat' dir='ltr'><strong>in</strong></span> <span class='ocrx_word' id='word_1_93' title='bbox 732 1665 889 1728; x_wconf 85' lang='lat' dir='ltr'><strong>duas</strong></span> <span class='ocrx_word' id='word_1_94' title='bbox 939 1675 1173 1747; x_wconf 80' lang='lat' dir='ltr'><strong>partes·</strong></span> <span class='ocrx_word' id='word_1_95' title='bbox 1219 1668 1535 1728; x_wconf 78' lang='lat' dir='ltr'><strong>Introduc</strong></span> <span class='ocrx_word' id='word_1_96' title='bbox 1582 1667 1732 1736; x_wconf 75' lang='lat' dir='ltr'><strong>huc,</strong></span> <span class='ocrx_word' id='word_1_97' title='bbox 1782 1666 1846 1728; x_wconf 89' lang='lat' dir='ltr'><strong>id</strong></span> 
     </span>
     <span class='ocr_line' id='line_1_16' title="bbox 328 1763 1841 1846; baseline 0.001 -22"><span class='ocrx_word' id='word_1_98' title='bbox 328 1771 453 1837; x_wconf 88' lang='lat' dir='ltr'><strong>est,</strong></span> <span class='ocrx_word' id='word_1_99' title='bbox 498 1765 577 1826; x_wconf 92' lang='lat' dir='ltr'><strong>ad</strong></span> <span class='ocrx_word' id='word_1_100' title='bbox 622 1781 893 1844; x_wconf 87' lang='lat' dir='ltr'><strong>regnum</strong></span> <span class='ocrx_word' id='word_1_101' title='bbox 942 1763 1199 1827; x_wconf 86' lang='lat' dir='ltr'><strong>coeleste</strong></span> <span class='ocrx_word' id='word_1_102' title='bbox 1240 1765 1589 1846; x_wconf 92' lang='lat' dir='ltr'><strong>perducere</strong></span> <span class='ocrx_word' id='word_1_103' title='bbox 1638 1765 1841 1839; x_wconf 89' lang='lat' dir='ltr'><strong>stude,</strong></span> 
     </span>
    </p>
   </div>
   <div class='ocr_carea' id='block_1_7' title="bbox 1954 774 3746 1750">
    <p class='ocr_par' dir='ltr' id='par_1_7' title="bbox 1954 774 3746 1750">
     <span class='ocr_line' id='line_1_17' title="bbox 1956 774 3449 866; baseline 0.002 -22"><span class='ocrx_word' id='word_1_104' title='bbox 1956 781 2133 844; x_wconf 85' lang='lat' dir='ltr'><strong>Unde</strong></span> <span class='ocrx_word' id='word_1_105' title='bbox 2198 774 2312 864; x_wconf 78' lang='lat' dir='ltr'><strong>p&#39;er</strong></span> <span class='ocrx_word' id='word_1_106' title='bbox 2357 783 2693 846; x_wconf 81' lang='lat' dir='ltr'><strong>Ieremiam</strong></span> <span class='ocrx_word' id='word_1_107' title='bbox 2742 783 3048 846; x_wconf 90' lang='lat' dir='ltr'><strong>Dominus</strong></span> <span class='ocrx_word' id='word_1_108' title='bbox 3100 784 3384 866; x_wconf 90' lang='lat' dir='ltr'><strong>loquitur</strong></span> <span class='ocrx_word' id='word_1_109' title='bbox 3434 804 3449 848; x_wconf 90' lang='lat'>:</span> 
     </span>
     <span class='ocr_line' id='line_1_18' title="bbox 1956 879 3746 963; baseline 0 -22"><span class='ocrx_word' id='word_1_110' title='bbox 1956 879 2281 962; x_wconf 90' lang='lat' dir='ltr'><strong>Numquid</strong></span> <span class='ocrx_word' id='word_1_111' title='bbox 2312 901 2436 944; x_wconf 90' lang='lat' dir='ltr'><strong>non</strong></span> <span class='ocrx_word' id='word_1_112' title='bbox 2471 881 2664 944; x_wconf 87' lang='lat' dir='ltr'><strong>verba</strong></span> <span class='ocrx_word' id='word_1_113' title='bbox 2697 899 2838 944; x_wconf 89' lang='lat' dir='ltr'><strong>mea</strong></span> <span class='ocrx_word' id='word_1_114' title='bbox 2869 889 3018 943; x_wconf 93' lang='lat' dir='ltr'><strong>sunt</strong></span> <span class='ocrx_word' id='word_1_115' title='bbox 3046 883 3229 963; x_wconf 85' lang='lat' dir='ltr'><strong>quasi</strong></span> <span class='ocrx_word' id='word_1_116' title='bbox 3263 883 3449 963; x_wconf 81' lang='lat' dir='ltr'><strong>igniS,</strong></span> <span class='ocrx_word' id='word_1_117' title='bbox 3519 897 3746 950; x_wconf 65' lang='lat' dir='ltr'><strong>lenum,</strong></span> 
     </span>
     <span class='ocr_line' id='line_1_19' title="bbox 1956 962 3553 1062; baseline 0.003 -23"><span class='ocrx_word' id='word_1_118' title='bbox 1956 985 2019 1040; x_wconf 88' lang='lat' dir='ltr'><strong>ct</strong></span> <span class='ocrx_word' id='word_1_119' title='bbox 2048 980 2231 1059; x_wconf 87' lang='lat' dir='ltr'><strong>quasi</strong></span> <span class='ocrx_word' id='word_1_120' title='bbox 2263 978 2531 1040; x_wconf 88' lang='lat' dir='ltr'><strong>malleus</strong></span> <span class='ocrx_word' id='word_1_121' title='bbox 2563 987 2896 1042; x_wconf 91' lang='lat' dir='ltr'><strong>conterens</strong></span> <span class='ocrx_word' id='word_1_122' title='bbox 2929 984 3207 1061; x_wconf 70' lang='lat' dir='ltr'><strong>petram?</strong></span> <span class='ocrx_word' id='word_1_123' title='bbox 3237 981 3454 1062; x_wconf 85' lang='lat' dir='ltr'><strong>ltaque</strong></span> <span class='ocrx_word' id='word_1_124' title='bbox 3483 962 3553 1004; x_wconf 75' lang='lat'><strong>²⁹·</strong></span> 
     </span>
     <span class='ocr_line' id='line_1_20' title="bbox 1957 1076 3458 1159; baseline 0.003 -22"><span class='ocrx_word' id='word_1_125' title='bbox 1957 1077 2128 1157; x_wconf 93' lang='lat' dir='ltr'><strong>quod</strong></span> <span class='ocrx_word' id='word_1_126' title='bbox 2167 1076 2274 1152; x_wconf 87' lang='lat' dir='ltr'><strong>ait,</strong></span> <span class='ocrx_word' id='word_1_127' title='bbox 2319 1077 2640 1159; x_wconf 88' lang='lat' dir='ltr'><strong>Compelle</strong></span> <span class='ocrx_word' id='word_1_128' title='bbox 2680 1078 2938 1152; x_wconf 90' lang='lat' dir='ltr'><strong>intrare,</strong></span> <span class='ocrx_word' id='word_1_129' title='bbox 2985 1097 3110 1141; x_wconf 90' lang='lat' dir='ltr'><strong>non</strong></span> <span class='ocrx_word' id='word_1_130' title='bbox 3159 1078 3458 1158; x_wconf 89' lang='lat' dir='ltr'><strong>intelligi-</strong></span> 
     </span>
     <span class='ocr_line' id='line_1_21' title="bbox 1956 1175 3458 1258; baseline 0.004 -23"><span class='ocrx_word' id='word_1_131' title='bbox 1956 1182 2060 1235; x_wconf 88' lang='lat' dir='ltr'><strong>tur</strong></span> <span class='ocrx_word' id='word_1_132' title='bbox 2101 1176 2178 1236; x_wconf 93' lang='lat' dir='ltr'><strong>de</strong></span> <span class='ocrx_word' id='word_1_133' title='bbox 2224 1177 2546 1240; x_wconf 84' lang='lat' dir='ltr'><strong>coactione</strong></span> <span class='ocrx_word' id='word_1_134' title='bbox 2583 1175 2874 1239; x_wconf 86' lang='lat' dir='ltr'><strong>absoluta</strong></span> <span class='ocrx_word' id='word_1_135' title='bbox 2911 1183 3102 1258; x_wconf 89' lang='lat' dir='ltr'><strong>atque</strong></span> <span class='ocrx_word' id='word_1_136' title='bbox 3144 1178 3458 1241; x_wconf 90' lang='lat' dir='ltr'><strong>omnimo-</strong></span> 
     </span>
     <span class='ocr_line' id='line_1_22' title="bbox 1958 1273 3454 1356; baseline 0.003 -22"><span class='ocrx_word' id='word_1_137' title='bbox 1958 1274 2037 1334; x_wconf 90' lang='lat' dir='ltr'><strong>da</strong></span> <span class='ocrx_word' id='word_1_138' title='bbox 2069 1273 2252 1354; x_wconf 89' lang='lat' dir='ltr'><strong>(quia</strong></span> <span class='ocrx_word' id='word_1_139' title='bbox 2300 1274 2392 1336; x_wconf 90' lang='lat' dir='ltr'><strong>sic</strong></span> <span class='ocrx_word' id='word_1_140' title='bbox 2441 1273 2717 1336; x_wconf 88' lang='lat' dir='ltr'><strong>liberum</strong></span> <span class='ocrx_word' id='word_1_141' title='bbox 2767 1273 3105 1336; x_wconf 79' lang='lat' dir='ltr'><strong>arbitrium</strong></span> <span class='ocrx_word' id='word_1_142' title='bbox 3149 1275 3286 1356; x_wconf 85' lang='lat' dir='ltr'><strong>cogi</strong></span> <span class='ocrx_word' id='word_1_143' title='bbox 3327 1294 3454 1338; x_wconf 91' lang='lat' dir='ltr'><strong>non</strong></span> 
     </span>
     <span class='ocr_line' id='line_1_23' title="bbox 1957 1371 3458 1453; baseline 0 -19"><span class='ocrx_word' id='word_1_144' title='bbox 1957 1379 2184 1453; x_wconf 89' lang='lat' dir='ltr'><strong>potest,</strong></span> <span class='ocrx_word' id='word_1_145' title='bbox 2220 1391 2336 1434; x_wconf 90' lang='lat' dir='ltr'><strong>nec</strong></span> <span class='ocrx_word' id='word_1_146' title='bbox 2375 1371 2538 1434; x_wconf 87' lang='lat' dir='ltr'><strong>Deus</strong></span> <span class='ocrx_word' id='word_1_147' title='bbox 2574 1372 2714 1436; x_wconf 84' lang='lat' dir='ltr'><strong>vult</strong></span> <span class='ocrx_word' id='word_1_148' title='bbox 2753 1371 2986 1434; x_wconf 90' lang='lat' dir='ltr'><strong>habere</strong></span> <span class='ocrx_word' id='word_1_149' title='bbox 3025 1379 3240 1436; x_wconf 88' lang='lat' dir='ltr'><strong>coacta</strong></span> <span class='ocrx_word' id='word_1_150' title='bbox 3277 1372 3458 1437; x_wconf 92' lang='lat' dir='ltr'><strong>obse-</strong></span> 
     </span>
     <span class='ocr_line' id='line_1_24' title="bbox 1956 1470 3456 1552; baseline 0.001 -22"><span class='ocrx_word' id='word_1_151' title='bbox 1956 1470 2156 1552; x_wconf 87' lang='lat' dir='ltr'><strong>quia),</strong></span> <span class='ocrx_word' id='word_1_152' title='bbox 2192 1472 2300 1533; x_wconf 92' lang='lat' dir='ltr'><strong>sed</strong></span> <span class='ocrx_word' id='word_1_153' title='bbox 2339 1471 2600 1552; x_wconf 87' lang='lat' dir='ltr'><strong>aliquali</strong></span> <span class='ocrx_word' id='word_1_154' title='bbox 2642 1478 2704 1532; x_wconf 93' lang='lat' dir='ltr'><strong>et</strong></span> <span class='ocrx_word' id='word_1_155' title='bbox 2734 1471 3080 1534; x_wconf 88' lang='lat' dir='ltr'><strong>inductiva.</strong></span> <span class='ocrx_word' id='word_1_156' title='bbox 3130 1475 3204 1533; x_wconf 80' lang='lat' dir='ltr'><strong>Ut</strong></span> <span class='ocrx_word' id='word_1_157' title='bbox 3231 1474 3456 1549; x_wconf 81' lang='lat' dir='ltr'><strong>imple-</strong></span> 
     </span>
     <span class='ocr_line' id='line_1_25' title="bbox 1954 1569 3455 1651; baseline 0.002 -23"><span class='ocrx_word' id='word_1_158' title='bbox 1954 1578 2108 1629; x_wconf 81' lang='lat' dir='ltr'><strong>atur</strong></span> <span class='ocrx_word' id='word_1_159' title='bbox 2134 1571 2365 1630; x_wconf 80' lang='lat' dir='ltr'><strong>domus</strong></span> <span class='ocrx_word' id='word_1_160' title='bbox 2393 1590 2555 1643; x_wconf 82' lang='lat' dir='ltr'><strong>mea,</strong></span> <span class='ocrx_word' id='word_1_161' title='bbox 2594 1569 2659 1632; x_wconf 92' lang='lat' dir='ltr'><strong>id</strong></span> <span class='ocrx_word' id='word_1_162' title='bbox 2700 1577 2816 1643; x_wconf 92' lang='lat' dir='ltr'><strong>est,</strong></span> <span class='ocrx_word' id='word_1_163' title='bbox 2861 1587 3170 1632; x_wconf 91' lang='lat' dir='ltr'><strong>numerus</strong></span> <span class='ocrx_word' id='word_1_164' title='bbox 3216 1570 3455 1651; x_wconf 84' lang='lat' dir='ltr'><strong>praede-</strong></span> 
     </span>
     <span class='ocr_line' id='line_1_26' title="bbox 1954 1667 3452 1750; baseline 0 -20"><span class='ocrx_word' id='word_1_165' title='bbox 1954 1667 2332 1732; x_wconf 90' lang='lat' dir='ltr'><strong>stinatorum</strong></span> <span class='ocrx_word' id='word_1_166' title='bbox 2382 1669 2777 1750; x_wconf 89' lang='lat' dir='ltr'><strong>compleatur</strong></span> <span class='ocrx_word' id='word_1_167' title='bbox 2825 1668 2891 1730; x_wconf 92' lang='lat' dir='ltr'><strong>in</strong></span> <span class='ocrx_word' id='word_1_168' title='bbox 2942 1667 3104 1732; x_wconf 88' lang='lat' dir='ltr'><strong>coelo</strong></span> <span class='ocrx_word' id='word_1_169' title='bbox 3146 1686 3161 1730; x_wconf 73' lang='grc' dir='ltr'>ε</span> <span class='ocrx_word' id='word_1_170' title='bbox 3209 1669 3285 1730; x_wconf 92' lang='lat' dir='ltr'><strong>de</strong></span> <span class='ocrx_word' id='word_1_171' title='bbox 3324 1687 3452 1749; x_wconf 92' lang='lat' dir='ltr'><strong>qua</strong></span> 
     </span>
    </p>
   </div>
   <div class='ocr_carea' id='block_1_8' title="bbox 1953 1764 3745 1840">
    <p class='ocr_par' dir='ltr' id='par_1_8' title="bbox 1953 1764 3745 1840">
     <span class='ocr_line' id='line_1_27' title="bbox 1953 1764 3745 1840; baseline 0.002 -13"><span class='ocrx_word' id='word_1_172' title='bbox 1953 1766 2041 1827; x_wconf 90' lang='lat' dir='ltr'><strong>ait</strong></span> <span class='ocrx_word' id='word_1_173' title='bbox 2083 1764 2384 1840; x_wconf 84' lang='lat' dir='ltr'><strong>Salvator,</strong></span> <span class='ocrx_word' id='word_1_174' title='bbox 2425 1767 2495 1828; x_wconf 89' lang='lat' dir='ltr'><strong>In</strong></span> <span class='ocrx_word' id='word_1_175' title='bbox 2537 1767 2724 1830; x_wconf 90' lang='lat' dir='ltr'><strong>domo</strong></span> <span class='ocrx_word' id='word_1_176' title='bbox 2764 1765 2961 1827; x_wconf 90' lang='lat' dir='ltr'><strong>Patris</strong></span> <span class='ocrx_word' id='word_1_177' title='bbox 3004 1766 3128 1828; x_wconf 91' lang='lat' dir='ltr'><strong>mei</strong></span> <span class='ocrx_word' id='word_1_178' title='bbox 3180 1767 3453 1830; x_wconf 91' lang='lat' dir='ltr'><strong>mansio-</strong></span> <span class='ocrx_word' id='word_1_179' title='bbox 3478 1786 3745 1840; x_wconf 68' lang='lat' dir='ltr'><strong>Joanmw,</strong></span> 
     </span>
    </p>
   </div>
   <div class='ocr_carea' id='block_1_9' title="bbox 329 1851 3520 1945">
    <p class='ocr_par' dir='ltr' id='par_1_9' title="bbox 329 1851 3520 1945">
     <span class='ocr_line' id='line_1_28' title="bbox 329 1851 3520 1945; baseline 0.001 -23"><span class='ocrx_word' id='word_1_180' title='bbox 329 1862 765 1943; x_wconf 79' lang='lat' dir='ltr'><strong>proedicand0‚</strong></span> <span class='ocrx_word' id='word_1_181' title='bbox 817 1863 1078 1937; x_wconf 89' lang='lat' dir='ltr'><strong>orando,</strong></span> <span class='ocrx_word' id='word_1_182' title='bbox 1123 1861 1702 1944; x_wconf 85' lang='lat' dir='ltr'><strong>exemplariterque</strong></span> <span class='ocrx_word' id='word_1_183' title='bbox 1754 1862 1845 1926; x_wconf 91' lang='lat' dir='ltr'><strong>vi-</strong></span> <span class='ocrx_word' id='word_1_184' title='bbox 1881 1863 1928 1925; x_wconf 93' lang='grc' dir='ltr'>Β</span> <span class='ocrx_word' id='word_1_185' title='bbox 1958 1883 2067 1926; x_wconf 91' lang='lat' dir='ltr'><strong>nes</strong></span> <span class='ocrx_word' id='word_1_186' title='bbox 2117 1864 2334 1926; x_wconf 75' lang='lat' dir='ltr'><strong>multae</strong></span> <span class='ocrx_word' id='word_1_187' title='bbox 2385 1870 2554 1927; x_wconf 90' lang='lat' dir='ltr'><strong>sunt.</strong></span> <span class='ocrx_word' id='word_1_188' title='bbox 2599 1864 2684 1925; x_wconf 89' lang='lat' dir='ltr'><strong>De</strong></span> <span class='ocrx_word' id='word_1_189' title='bbox 2721 1883 2850 1945; x_wconf 91' lang='lat' dir='ltr'><strong>qua</strong></span> <span class='ocrx_word' id='word_1_190' title='bbox 2897 1870 2961 1925; x_wconf 94' lang='lat' dir='ltr'><strong>et</strong></span> <span class='ocrx_word' id='word_1_191' title='bbox 3011 1863 3168 1926; x_wconf 92' lang='lat' dir='ltr'><strong>illud</strong></span> <span class='ocrx_word' id='word_1_192' title='bbox 3207 1863 3450 1928; x_wconf 89' lang='lat' dir='ltr'><strong>Baruch</strong></span> <span class='ocrx_word' id='word_1_193' title='bbox 3480 1851 3520 1892; x_wconf 79' lang='lat'><strong>²·</strong></span> 
     </span>
    </p>
   </div>
   <div class='ocr_carea' id='block_1_10' title="bbox 328 1958 1847 2138">
    <p class='ocr_par' dir='ltr' id='par_1_10' title="bbox 328 1958 1847 2138">
     <span class='ocr_line' id='line_1_29' title="bbox 330 1958 1845 2058; baseline 0 -36"><span class='ocrx_word' id='word_1_194' title='bbox 330 1961 565 2023; x_wconf 84' lang='lat' dir='ltr'><strong>vendo.</strong></span> <span class='ocrx_word' id='word_1_195' title='bbox 594 1959 836 2041; x_wconf 91' lang='lat' dir='ltr'><strong>Itaque,</strong></span> <span class='ocrx_word' id='word_1_196' title='bbox 878 1958 1285 2043; x_wconf 89' lang='lat' dir='ltr'><strong>principibus</strong></span> <span class='ocrx_word' id='word_1_197' title='bbox 1336 1961 1733 2058; x_wconf 87' lang='lat' dir='ltr'><strong>sacerdotum</strong></span> <span class='ocrx_word' id='word_1_198' title='bbox 1783 1967 1845 2022; x_wconf 90' lang='lat' dir='ltr'><strong>et</strong></span> 
     </span>
     <span class='ocr_line' id='line_1_30' title="bbox 328 2057 1847 2138; baseline 0.001 -19"><span class='ocrx_word' id='word_1_199' title='bbox 328 2057 693 2138; x_wconf 79' lang='lat' dir='ltr'><strong>maJ‘oribus</strong></span> <span class='ocrx_word' id='word_1_200' title='bbox 720 2057 1084 2121; x_wconf 84' lang='lat' dir='ltr'><strong>Judaeorum</strong></span> <span class='ocrx_word' id='word_1_201' title='bbox 1113 2059 1190 2120; x_wconf 94' lang='lat' dir='ltr'><strong>ad</strong></span> <span class='ocrx_word' id='word_1_202' title='bbox 1224 2058 1543 2121; x_wconf 87' lang='lat' dir='ltr'><strong>Christum</strong></span> <span class='ocrx_word' id='word_1_203' title='bbox 1584 2077 1847 2122; x_wconf 91' lang='lat' dir='ltr'><strong>conver-</strong></span> 
     </span>
    </p>
   </div>
   <div class='ocr_carea' id='block_1_11' title="bbox 110 2155 1842 2230">
    <p class='ocr_par' dir='ltr' id='par_1_11' title="bbox 110 2155 1842 2230">
     <span class='ocr_line' id='line_1_31' title="bbox 110 2155 1842 2230; baseline 0.005 -20"><span class='ocrx_word' id='word_1_204' title='bbox 110 2181 214 2219; x_wconf 56' lang='lat' dir='ltr'><strong>m..</strong></span> <span class='ocrx_word' id='word_1_205' title='bbox 282 2155 377 2222; x_wconf 82' lang='lat' dir='ltr'><strong>;ti</strong></span> <span class='ocrx_word' id='word_1_206' title='bbox 430 2156 829 2230; x_wconf 78' lang='lat' dir='ltr'><strong>nolentibuS‚</strong></span> <span class='ocrx_word' id='word_1_207' title='bbox 871 2157 1075 2219; x_wconf 89' lang='lat' dir='ltr'><strong>multa</strong></span> <span class='ocrx_word' id='word_1_208' title='bbox 1112 2156 1318 2219; x_wconf 92' lang='lat' dir='ltr'><strong>millia</strong></span> <span class='ocrx_word' id='word_1_209' title='bbox 1359 2174 1436 2219; x_wconf 85' lang='lat' dir='ltr'><strong>ex</strong></span> <span class='ocrx_word' id='word_1_210' title='bbox 1484 2156 1842 2220; x_wconf 88' lang='lat' dir='ltr'><strong>minoribus</strong></span> 
     </span>
    </p>
   </div>
   <div class='ocr_carea' id='block_1_12' title="bbox 320 2253 1846 3006">
    <p class='ocr_par' dir='ltr' id='par_1_12' title="bbox 320 2253 1846 3006">
     <span class='ocr_line' id='line_1_32' title="bbox 324 2253 1841 2336; baseline 0.001 -20"><span class='ocrx_word' id='word_1_211' title='bbox 324 2253 627 2334; x_wconf 87' lang='lat' dir='ltr'><strong>ejusdem</strong></span> <span class='ocrx_word' id='word_1_212' title='bbox 688 2255 912 2336; x_wconf 89' lang='lat' dir='ltr'><strong>populi</strong></span> <span class='ocrx_word' id='word_1_213' title='bbox 972 2261 1124 2316; x_wconf 92' lang='lat' dir='ltr'><strong>sunt</strong></span> <span class='ocrx_word' id='word_1_214' title='bbox 1180 2272 1507 2328; x_wconf 87' lang='lat' dir='ltr'><strong>conversa,</strong></span> <span class='ocrx_word' id='word_1_215' title='bbox 1561 2255 1727 2317; x_wconf 92' lang='lat' dir='ltr'><strong>sicut</strong></span> <span class='ocrx_word' id='word_1_216' title='bbox 1776 2254 1841 2317; x_wconf 91' lang='lat' dir='ltr'><strong>in</strong></span> 
     </span>
     <span class='ocr_line' id='line_1_33' title="bbox 324 2351 1845 2434; baseline 0.002 -22"><span class='ocrx_word' id='word_1_217' title='bbox 324 2351 599 2414; x_wconf 84' lang='lat' dir='ltr'><strong>Actibus</strong></span> <span class='ocrx_word' id='word_1_218' title='bbox 631 2352 1082 2434; x_wconf 86' lang='lat' dir='ltr'><strong>Apostolorum</strong></span> <span class='ocrx_word' id='word_1_219' title='bbox 1121 2351 1527 2414; x_wconf 86' lang='lat' dir='ltr'><strong>describitur.</strong></span> <span class='ocrx_word' id='word_1_220' title='bbox 1560 2351 1738 2426; x_wconf 86' lang='lat' dir='ltr'><strong>Nam,</strong></span> <span class='ocrx_word' id='word_1_221' title='bbox 1774 2361 1845 2415; x_wconf 93' lang='lat' dir='ltr'><strong>ut</strong></span> 
     </span>
     <span class='ocr_line' id='line_1_34' title="bbox 320 2449 1845 2532; baseline 0.001 -21"><span class='ocrx_word' id='word_1_222' title='bbox 320 2450 415 2511; x_wconf 88' lang='lat' dir='ltr'><strong>ait</strong></span> <span class='ocrx_word' id='word_1_223' title='bbox 464 2449 829 2531; x_wconf 79' lang='lat' dir='ltr'><strong>GregoriuS,</strong></span> <span class='ocrx_word' id='word_1_224' title='bbox 883 2450 999 2515; x_wconf 92' lang='lat' dir='ltr'><strong>hos</strong></span> <span class='ocrx_word' id='word_1_225' title='bbox 1052 2449 1243 2531; x_wconf 86' lang='lat' dir='ltr'><strong>elegit</strong></span> <span class='ocrx_word' id='word_1_226' title='bbox 1295 2449 1460 2512; x_wconf 92' lang='lat' dir='ltr'><strong>Deus</strong></span> <span class='ocrx_word' id='word_1_227' title='bbox 1518 2469 1681 2532; x_wconf 91' lang='lat' dir='ltr'><strong>quos</strong></span> <span class='ocrx_word' id='word_1_228' title='bbox 1738 2451 1845 2512; x_wconf 93' lang='lat' dir='ltr'><strong>de-</strong></span> 
     </span>
     <span class='ocr_line' id='line_1_35' title="bbox 320 2549 1845 2632; baseline 0.002 -22"><span class='ocrx_word' id='word_1_229' title='bbox 320 2549 525 2631; x_wconf 88' lang='lat' dir='ltr'><strong>spicit</strong></span> <span class='ocrx_word' id='word_1_230' title='bbox 564 2549 846 2612; x_wconf 89' lang='lat' dir='ltr'><strong>mundus</strong></span> <span class='ocrx_word' id='word_1_231' title='bbox 882 2567 897 2612; x_wconf 69' lang='grc' dir='ltr'>ε</span> <span class='ocrx_word' id='word_1_232' title='bbox 932 2557 994 2610; x_wconf 88' lang='lat' dir='ltr'><strong>et</strong></span> <span class='ocrx_word' id='word_1_233' title='bbox 1031 2549 1173 2632; x_wconf 82' lang='lat' dir='ltr'><strong>ipsa</strong></span> <span class='ocrx_word' id='word_1_234' title='bbox 1202 2550 1525 2632; x_wconf 85' lang='lat' dir='ltr'><strong>despectio</strong></span> <span class='ocrx_word' id='word_1_235' title='bbox 1566 2549 1845 2632; x_wconf 88' lang='lat' dir='ltr'><strong>plerum-</strong></span> 
     </span>
     <span class='ocr_line' id='line_1_36' title="bbox 320 2646 1846 2729; baseline 0.002 -21"><span class='ocrx_word' id='word_1_236' title='bbox 320 2665 457 2728; x_wconf 91' lang='lat' dir='ltr'><strong>que</strong></span> <span class='ocrx_word' id='word_1_237' title='bbox 518 2646 848 2710; x_wconf 90' lang='lat' dir='ltr'><strong>hominem</strong></span> <span class='ocrx_word' id='word_1_238' title='bbox 913 2655 1167 2711; x_wconf 85' lang='lat' dir='ltr'><strong>revocat</strong></span> <span class='ocrx_word' id='word_1_239' title='bbox 1211 2648 1288 2709; x_wconf 93' lang='lat' dir='ltr'><strong>ad</strong></span> <span class='ocrx_word' id='word_1_240' title='bbox 1349 2665 1417 2709; x_wconf 90' lang='lat' dir='ltr'><strong>se</strong></span> <span class='ocrx_word' id='word_1_241' title='bbox 1475 2647 1730 2729; x_wconf 84' lang='lat' dir='ltr'><strong>ipsum3</strong></span> <span class='ocrx_word' id='word_1_242' title='bbox 1782 2656 1846 2711; x_wconf 95' lang='lat' dir='ltr'><strong>et</strong></span> 
     </span>
     <span class='ocr_line' id='line_1_37' title="bbox 322 2744 1839 2827; baseline 0.001 -19"><span class='ocrx_word' id='word_1_243' title='bbox 322 2753 507 2808; x_wconf 88' lang='lat' dir='ltr'><strong>tanto</strong></span> <span class='ocrx_word' id='word_1_244' title='bbox 554 2745 831 2808; x_wconf 91' lang='lat' dir='ltr'><strong>celerius</strong></span> <span class='ocrx_word' id='word_1_245' title='bbox 873 2745 985 2807; x_wconf 91' lang='lat' dir='ltr'><strong>Dei</strong></span> <span class='ocrx_word' id='word_1_246' title='bbox 1028 2763 1249 2810; x_wconf 85' lang='lat' dir='ltr'><strong>vocem</strong></span> <span class='ocrx_word' id='word_1_247' title='bbox 1299 2744 1502 2827; x_wconf 89' lang='lat' dir='ltr'><strong>aliqui</strong></span> <span class='ocrx_word' id='word_1_248' title='bbox 1550 2746 1839 2821; x_wconf 88' lang='lat' dir='ltr'><strong>audiunt,</strong></span> 
     </span>
     <span class='ocr_line' id='line_1_38' title="bbox 322 2843 1841 2927; baseline 0.002 -21"><span class='ocrx_word' id='word_1_249' title='bbox 322 2851 575 2927; x_wconf 86' lang='lat' dir='ltr'><strong>quanto</strong></span> <span class='ocrx_word' id='word_1_250' title='bbox 622 2843 839 2907; x_wconf 90' lang='lat' dir='ltr'><strong>minus</strong></span> <span class='ocrx_word' id='word_1_251' title='bbox 888 2844 958 2906; x_wconf 91' lang='lat' dir='ltr'><strong>in</strong></span> <span class='ocrx_word' id='word_1_252' title='bbox 997 2845 1237 2907; x_wconf 92' lang='lat' dir='ltr'><strong>mundo</strong></span> <span class='ocrx_word' id='word_1_253' title='bbox 1285 2843 1405 2907; x_wconf 91' lang='lat' dir='ltr'><strong>hoc</strong></span> <span class='ocrx_word' id='word_1_254' title='bbox 1446 2843 1682 2907; x_wconf 88' lang='lat' dir='ltr'><strong>habent</strong></span> <span class='ocrx_word' id='word_1_255' title='bbox 1730 2846 1841 2909; x_wconf 90' lang='lat' dir='ltr'><strong>ubi</strong></span> 
     </span>
     <span class='ocr_line' id='line_1_39' title="bbox 324 2944 755 3006; baseline -0.005 0"><span class='ocrx_word' id='word_1_256' title='bbox 324 2944 755 3006; x_wconf 83' lang='lat' dir='ltr'><strong>delectentur.</strong></span> 
     </span>
    </p>
   </div>
   <div class='ocr_carea' id='block_1_13' title="bbox 1951 1962 3743 3027">
    <p class='ocr_par' dir='ltr' id='par_1_13' title="bbox 1952 1962 3743 2731">
     <span class='ocr_line' id='line_1_40' title="bbox 1954 1962 3743 2044; baseline 0.003 -20"><span class='ocrx_word' id='word_1_257' title='bbox 1954 1970 2163 2044; x_wconf 90' lang='lat' dir='ltr'><strong>potest</strong></span> <span class='ocrx_word' id='word_1_258' title='bbox 2198 1962 2430 2044; x_wconf 86' lang='lat' dir='ltr'><strong>exponi</strong></span> <span class='ocrx_word' id='word_1_259' title='bbox 2469 1981 2482 2024; x_wconf 74' lang='grc' dir='ltr'>ε</span> <span class='ocrx_word' id='word_1_260' title='bbox 2522 1962 2569 2025; x_wconf 95' lang='grc' dir='ltr'><strong>Ο</strong></span> <span class='ocrx_word' id='word_1_261' title='bbox 2611 1962 2823 2036; x_wconf 87' lang='lat' dir='ltr'><strong>Israel,</strong></span> <span class='ocrx_word' id='word_1_262' title='bbox 2858 1980 3050 2043; x_wconf 90' lang='lat' dir='ltr'><strong>quam</strong></span> <span class='ocrx_word' id='word_1_263' title='bbox 3093 1979 3319 2043; x_wconf 86' lang='lat' dir='ltr'><strong>magna</strong></span> <span class='ocrx_word' id='word_1_264' title='bbox 3356 1971 3452 2025; x_wconf 90' lang='lat' dir='ltr'><strong>est</strong></span> <span class='ocrx_word' id='word_1_265' title='bbox 3491 1985 3743 2039; x_wconf 64' lang='lat' dir='ltr'><strong>flamm...</strong></span> 
     </span>
     <span class='ocr_line' id='line_1_41' title="bbox 1954 2053 3634 2143; baseline 0.001 -19"><span class='ocrx_word' id='word_1_266' title='bbox 1954 2063 2180 2125; x_wconf 92' lang='lat' dir='ltr'><strong>domus</strong></span> <span class='ocrx_word' id='word_1_267' title='bbox 2233 2063 2361 2137; x_wconf 90' lang='lat' dir='ltr'><strong>Dei,</strong></span> <span class='ocrx_word' id='word_1_268' title='bbox 2414 2071 2477 2124; x_wconf 91' lang='lat' dir='ltr'><strong>et</strong></span> <span class='ocrx_word' id='word_1_269' title='bbox 2524 2063 2748 2142; x_wconf 89' lang='lat' dir='ltr'><strong>ingens</strong></span> <span class='ocrx_word' id='word_1_270' title='bbox 2807 2062 2982 2124; x_wconf 92' lang='lat' dir='ltr'><strong>locus</strong></span> <span class='ocrx_word' id='word_1_271' title='bbox 3033 2062 3450 2143; x_wconf 90' lang='lat' dir='ltr'><strong>possessionis</strong></span> <span class='ocrx_word' id='word_1_272' title='bbox 3481 2053 3634 2106; x_wconf 69' lang='lat'><strong>&#39;⁴⁹²⁵-</strong></span> 
     </span>
     <span class='ocr_line' id='line_1_42' title="bbox 1954 2158 3454 2241; baseline 0.001 -20"><span class='ocrx_word' id='word_1_273' title='bbox 1954 2159 2114 2240; x_wconf 82' lang='lat' dir='ltr'><strong>ejuS,</strong></span> <span class='ocrx_word' id='word_1_274' title='bbox 2150 2178 2418 2241; x_wconf 89' lang='lat' dir='ltr'><strong>magnus</strong></span> <span class='ocrx_word' id='word_1_275' title='bbox 2456 2166 2520 2222; x_wconf 92' lang='lat' dir='ltr'><strong>et</strong></span> <span class='ocrx_word' id='word_1_276' title='bbox 2565 2179 2690 2223; x_wconf 91' lang='lat' dir='ltr'><strong>non</strong></span> <span class='ocrx_word' id='word_1_277' title='bbox 2723 2159 2962 2224; x_wconf 88' lang='lat' dir='ltr'><strong>habens</strong></span> <span class='ocrx_word' id='word_1_278' title='bbox 2989 2158 3212 2234; x_wconf 77' lang='lat' dir='ltr'><strong>finem,</strong></span> <span class='ocrx_word' id='word_1_279' title='bbox 3246 2160 3454 2222; x_wconf 86' lang='lat' dir='ltr'><strong>excel-</strong></span> 
     </span>
     <span class='ocr_line' id='line_1_43' title="bbox 1953 2255 3454 2321; baseline 0.001 -3"><span class='ocrx_word' id='word_1_280' title='bbox 1953 2277 2061 2318; x_wconf 91' lang='lat' dir='ltr'><strong>sus</strong></span> <span class='ocrx_word' id='word_1_281' title='bbox 2109 2265 2173 2319; x_wconf 88' lang='lat' dir='ltr'><strong>et</strong></span> <span class='ocrx_word' id='word_1_282' title='bbox 2222 2258 2615 2320; x_wconf 74' lang='lat' dir='ltr'><strong>immensus!</strong></span> <span class='ocrx_word' id='word_1_283' title='bbox 2660 2256 2782 2319; x_wconf 88' lang='lat' dir='ltr'><strong>Sed</strong></span> <span class='ocrx_word' id='word_1_284' title='bbox 2821 2257 2874 2319; x_wconf 93' lang='lat' dir='ltr'><strong>si</strong></span> <span class='ocrx_word' id='word_1_285' title='bbox 2915 2255 3114 2319; x_wconf 81' lang='lat' dir='ltr'><strong>finem</strong></span> <span class='ocrx_word' id='word_1_286' title='bbox 3165 2276 3290 2321; x_wconf 92' lang='lat' dir='ltr'><strong>non</strong></span> <span class='ocrx_word' id='word_1_287' title='bbox 3341 2258 3454 2320; x_wconf 88' lang='lat' dir='ltr'><strong>ha-</strong></span> 
     </span>
     <span class='ocr_line' id='line_1_44' title="bbox 1952 2354 3454 2438; baseline 0.001 -20"><span class='ocrx_word' id='word_1_288' title='bbox 1952 2355 2080 2430; x_wconf 90' lang='lat' dir='ltr'><strong>bet,</strong></span> <span class='ocrx_word' id='word_1_289' title='bbox 2113 2357 2436 2437; x_wconf 89' lang='lat' dir='ltr'><strong>quomodo</strong></span> <span class='ocrx_word' id='word_1_290' title='bbox 2475 2363 2682 2438; x_wconf 86' lang='lat' dir='ltr'><strong>potest</strong></span> <span class='ocrx_word' id='word_1_291' title='bbox 2729 2355 3030 2437; x_wconf 67' lang='lat' dir='ltr'><strong>impleri?</strong></span> <span class='ocrx_word' id='word_1_292' title='bbox 3069 2354 3146 2417; x_wconf 86' lang='lat' dir='ltr'><strong>Et</strong></span> <span class='ocrx_word' id='word_1_293' title='bbox 3194 2373 3454 2438; x_wconf 88' lang='lat' dir='ltr'><strong>respon—</strong></span> 
     </span>
     <span class='ocr_line' id='line_1_45' title="bbox 1952 2454 3448 2535; baseline 0.001 -19"><span class='ocrx_word' id='word_1_294' title='bbox 1952 2455 2264 2528; x_wconf 90' lang='lat' dir='ltr'><strong>dendum,</strong></span> <span class='ocrx_word' id='word_1_295' title='bbox 2326 2455 2497 2535; x_wconf 94' lang='lat' dir='ltr'><strong>quod</strong></span> <span class='ocrx_word' id='word_1_296' title='bbox 2567 2454 2918 2516; x_wconf 90' lang='lat' dir='ltr'><strong>immensus</strong></span> <span class='ocrx_word' id='word_1_297' title='bbox 2982 2460 3259 2529; x_wconf 90' lang='lat' dir='ltr'><strong>vocatur,</strong></span> <span class='ocrx_word' id='word_1_298' title='bbox 3321 2472 3448 2517; x_wconf 91' lang='lat' dir='ltr'><strong>non</strong></span> 
     </span>
     <span class='ocr_line' id='line_1_46' title="bbox 1953 2551 3448 2635; baseline 0.001 -22"><span class='ocrx_word' id='word_1_299' title='bbox 1953 2560 2214 2635; x_wconf 91' lang='lat' dir='ltr'><strong>propter</strong></span> <span class='ocrx_word' id='word_1_300' title='bbox 2262 2552 2939 2626; x_wconf 89' lang='lat' dir='ltr'><strong>interminabilitatem,</strong></span> <span class='ocrx_word' id='word_1_301' title='bbox 2982 2553 3094 2615; x_wconf 92' lang='lat' dir='ltr'><strong>sed</strong></span> <span class='ocrx_word' id='word_1_302' title='bbox 3143 2551 3224 2616; x_wconf 96' lang='lat' dir='ltr'><strong>ob</strong></span> <span class='ocrx_word' id='word_1_303' title='bbox 3269 2572 3448 2615; x_wconf 89' lang='lat' dir='ltr'><strong>suam</strong></span> 
     </span>
     <span class='ocr_line' id='line_1_47' title="bbox 1952 2649 3347 2731; baseline -0.001 -19"><span class='ocrx_word' id='word_1_304' title='bbox 1952 2650 2328 2713; x_wconf 83' lang='lat' dir='ltr'><strong>latissimam</strong></span> <span class='ocrx_word' id='word_1_305' title='bbox 2371 2658 2435 2712; x_wconf 91' lang='lat' dir='ltr'><strong>et</strong></span> <span class='ocrx_word' id='word_1_306' title='bbox 2475 2649 2870 2712; x_wconf 77' lang='lat' dir='ltr'><strong>ineffabilem</strong></span> <span class='ocrx_word' id='word_1_307' title='bbox 2915 2649 3347 2731; x_wconf 86' lang='lat' dir='ltr'><strong>capacitatem.</strong></span> 
     </span>
    </p>

    <p class='ocr_par' dir='ltr' id='par_1_14' title="bbox 1951 2751 3648 3027">
     <span class='ocr_line' id='line_1_48' title="bbox 2032 2751 3648 2828; baseline 0.001 -18"><span class='ocrx_word' id='word_1_308' title='bbox 2032 2752 2193 2810; x_wconf 86' lang='lat' dir='ltr'><strong>Dico</strong></span> <span class='ocrx_word' id='word_1_309' title='bbox 2235 2759 2453 2810; x_wconf 79' lang='lat' dir='ltr'><strong>aulem</strong></span> <span class='ocrx_word' id='word_1_310' title='bbox 2494 2751 2695 2820; x_wconf 71' lang='lat' dir='ltr'><strong>vobiS,</strong></span> <span class='ocrx_word' id='word_1_311' title='bbox 2725 2752 2898 2828; x_wconf 80' lang='lat' dir='ltr'><strong>quod</strong></span> <span class='ocrx_word' id='word_1_312' title='bbox 2933 2769 3116 2810; x_wconf 83' lang='lat' dir='ltr'><strong>nemo</strong></span> <span class='ocrx_word' id='word_1_313' title='bbox 3156 2751 3449 2810; x_wconf 83' lang='lat' dir='ltr'><strong>virorum</strong></span> <span class='ocrx_word' id='word_1_314' title='bbox 3574 2771 3648 2826; x_wconf 72' lang='lat'><strong>24</strong></span> 
     </span>
     <span class='ocr_line' id='line_1_49' title="bbox 1952 2847 3451 2930; baseline 0 -22"><span class='ocrx_word' id='word_1_315' title='bbox 1952 2851 2248 2915; x_wconf 79' lang='lat' dir='ltr'><strong>illorum,</strong></span> <span class='ocrx_word' id='word_1_316' title='bbox 2293 2854 2514 2930; x_wconf 89' lang='lat' dir='ltr'><strong>utpote</strong></span> <span class='ocrx_word' id='word_1_317' title='bbox 2562 2866 2630 2910; x_wconf 91' lang='lat' dir='ltr'><strong>se</strong></span> <span class='ocrx_word' id='word_1_318' title='bbox 2681 2847 3145 2922; x_wconf 84' lang='lat' dir='ltr'><strong>excusantium,</strong></span> <span class='ocrx_word' id='word_1_319' title='bbox 3190 2850 3310 2926; x_wconf 81' lang='lat' dir='ltr'><strong>qui</strong></span> <span class='ocrx_word' id='word_1_320' title='bbox 3351 2867 3451 2908; x_wconf 83' lang='lat' dir='ltr'><strong>vo-</strong></span> 
     </span>
     <span class='ocr_line' id='line_1_50' title="bbox 1951 2945 3452 3027; baseline 0.001 -21"><span class='ocrx_word' id='word_1_321' title='bbox 1951 2949 2083 3008; x_wconf 76' lang='lat' dir='ltr'><strong>cati</strong></span> <span class='ocrx_word' id='word_1_322' title='bbox 2110 2955 2266 3006; x_wconf 81' lang='lat' dir='ltr'><strong>sunt</strong></span> <span class='ocrx_word' id='word_1_323' title='bbox 2305 2945 2632 3009; x_wconf 88' lang='lat' dir='ltr'><strong>vocatione</strong></span> <span class='ocrx_word' id='word_1_324' title='bbox 2669 2945 2966 3008; x_wconf 85' lang='lat' dir='ltr'><strong>exteriori</strong></span> <span class='ocrx_word' id='word_1_325' title='bbox 3005 2961 3120 3026; x_wconf 89' lang='lat' dir='ltr'><strong>per</strong></span> <span class='ocrx_word' id='word_1_326' title='bbox 3149 2945 3452 3027; x_wconf 83' lang='lat' dir='ltr'><strong>praedica-</strong></span> 
     </span>
    </p>
   </div>
   <div class='ocr_carea' id='block_1_14' title="bbox 412 3042 3451 3120">
    <p class='ocr_par' dir='ltr' id='par_1_15' title="bbox 412 3042 3451 3120">
     <span class='ocr_line' id='line_1_51' title="bbox 412 3042 3451 3120; baseline 0 -16"><span class='ocrx_word' id='word_1_327' title='bbox 412 3045 505 3104; x_wconf 78' lang='lat' dir='ltr'><strong>Et</strong></span> <span class='ocrx_word' id='word_1_328' title='bbox 548 3045 648 3104; x_wconf 80' lang='lat' dir='ltr'><strong>ait</strong></span> <span class='ocrx_word' id='word_1_329' title='bbox 686 3061 913 3102; x_wconf 79' lang='lat' dir='ltr'><strong>servus</strong></span> <span class='ocrx_word' id='word_1_330' title='bbox 940 3061 965 3101; x_wconf 91' lang='lat'><strong>.·</strong></span> <span class='ocrx_word' id='word_1_331' title='bbox 1007 3043 1309 3111; x_wconf 73' lang='lat' dir='ltr'><strong>Domine,</strong></span> <span class='ocrx_word' id='word_1_332' title='bbox 1347 3042 1602 3119; x_wconf 82' lang='lat' dir='ltr'><strong>factum</strong></span> <span class='ocrx_word' id='word_1_333' title='bbox 1638 3053 1729 3103; x_wconf 79' lang='lat' dir='ltr'><strong>est</strong></span> <span class='ocrx_word' id='word_1_334' title='bbox 1772 3054 1845 3106; x_wconf 80' lang='lat' dir='ltr'><strong>ut</strong></span> <span class='ocrx_word' id='word_1_335' title='bbox 1880 3042 1923 3105; x_wconf 90' lang='lat' dir='ltr'>C</span> <span class='ocrx_word' id='word_1_336' title='bbox 1956 3050 2141 3117; x_wconf 83' lang='lat' dir='ltr'><strong>toreS,</strong></span> <span class='ocrx_word' id='word_1_337' title='bbox 2174 3045 2462 3120; x_wconf 70' lang='lat' dir='ltr'><strong>qus-tabit</strong></span> <span class='ocrx_word' id='word_1_338' title='bbox 2489 3063 2741 3104; x_wconf 83' lang='lat' dir='ltr'><strong>coenam</strong></span> <span class='ocrx_word' id='word_1_339' title='bbox 2771 3063 3006 3112; x_wconf 85' lang='lat' dir='ltr'><strong>meam,</strong></span> <span class='ocrx_word' id='word_1_340' title='bbox 3027 3043 3090 3105; x_wconf 91' lang='lat' dir='ltr'><strong>id</strong></span> <span class='ocrx_word' id='word_1_341' title='bbox 3123 3050 3238 3118; x_wconf 90' lang='lat' dir='ltr'><strong>est,</strong></span> <span class='ocrx_word' id='word_1_342' title='bbox 3273 3051 3451 3106; x_wconf 85' lang='lat' dir='ltr'><strong>aeter-</strong></span> 
     </span>
    </p>
   </div>
   <div class='ocr_carea' id='block_1_15' title="bbox 323 3138 1847 4205">
    <p class='ocr_par' dir='ltr' id='par_1_16' title="bbox 324 3138 1847 3811">
     <span class='ocr_line' id='line_1_52' title="bbox 327 3138 1844 3221; baseline 0.004 -23"><span class='ocrx_word' id='word_1_343' title='bbox 327 3141 708 3219; x_wconf 73' lang='lat' dir='ltr'><strong>imperasti,</strong></span> <span class='ocrx_word' id='word_1_344' title='bbox 770 3140 835 3201; x_wconf 93' lang='lat' dir='ltr'><strong>id</strong></span> <span class='ocrx_word' id='word_1_345' title='bbox 892 3147 1008 3214; x_wconf 91' lang='lat' dir='ltr'><strong>est,</strong></span> <span class='ocrx_word' id='word_1_346' title='bbox 1068 3138 1299 3202; x_wconf 79' lang='lat' dir='ltr'><strong>Judaeis</strong></span> <span class='ocrx_word' id='word_1_347' title='bbox 1359 3140 1844 3221; x_wconf 82' lang='lat' dir='ltr'><strong>praedicavimus</strong></span> 
     </span>
     <span class='ocr_line' id='line_1_53' title="bbox 329 3237 1847 3319; baseline -0.001 -19"><span class='ocrx_word' id='word_1_348' title='bbox 329 3238 505 3300; x_wconf 89' lang='lat' dir='ltr'><strong>sicut</strong></span> <span class='ocrx_word' id='word_1_349' title='bbox 561 3237 835 3318; x_wconf 87' lang='lat' dir='ltr'><strong>jussisti,</strong></span> <span class='ocrx_word' id='word_1_350' title='bbox 887 3237 1181 3319; x_wconf 86' lang='lat' dir='ltr'><strong>quamvis</strong></span> <span class='ocrx_word' id='word_1_351' title='bbox 1240 3255 1368 3300; x_wconf 88' lang='lat' dir='ltr'><strong>non</strong></span> <span class='ocrx_word' id='word_1_352' title='bbox 1426 3255 1647 3301; x_wconf 92' lang='lat' dir='ltr'><strong>omnes</strong></span> <span class='ocrx_word' id='word_1_353' title='bbox 1696 3255 1847 3300; x_wconf 91' lang='lat' dir='ltr'><strong>con-</strong></span> 
     </span>
     <span class='ocr_line' id='line_1_54' title="bbox 327 3334 1847 3415; baseline -0.003 -15"><span class='ocrx_word' id='word_1_354' title='bbox 327 3336 499 3400; x_wconf 78' lang='lat' dir='ltr'><strong>verti</strong></span> <span class='ocrx_word' id='word_1_355' title='bbox 541 3335 869 3398; x_wconf 84' lang='lat' dir='ltr'><strong>voluerint</strong></span> <span class='ocrx_word' id='word_1_356' title='bbox 902 3344 974 3397; x_wconf 93' lang='lat' dir='ltr'><strong>ut</strong></span> <span class='ocrx_word' id='word_1_357' title='bbox 1013 3334 1369 3415; x_wconf 85' lang='lat' dir='ltr'><strong>mandasti3</strong></span> <span class='ocrx_word' id='word_1_358' title='bbox 1411 3343 1471 3394; x_wconf 70' lang='lat' dir='ltr'><strong>ec</strong></span> <span class='ocrx_word' id='word_1_359' title='bbox 1510 3339 1727 3396; x_wconf 74' lang='lat' dir='ltr'><strong>adhuc</strong></span> <span class='ocrx_word' id='word_1_360' title='bbox 1758 3339 1847 3396; x_wconf 86' lang='grc' dir='ltr'><strong>Ζο-</strong></span> 
     </span>
     <span class='ocr_line' id='line_1_55' title="bbox 324 3433 1845 3514; baseline 0.001 -20"><span class='ocrx_word' id='word_1_361' title='bbox 324 3455 444 3495; x_wconf 73' lang='lat' dir='ltr'><strong>cus</strong></span> <span class='ocrx_word' id='word_1_362' title='bbox 470 3441 591 3506; x_wconf 78' lang='lat' dir='ltr'><strong>est,</strong></span> <span class='ocrx_word' id='word_1_363' title='bbox 624 3433 691 3496; x_wconf 91' lang='lat' dir='ltr'><strong>id</strong></span> <span class='ocrx_word' id='word_1_364' title='bbox 729 3441 846 3508; x_wconf 89' lang='lat' dir='ltr'><strong>est,</strong></span> <span class='ocrx_word' id='word_1_365' title='bbox 880 3434 1089 3496; x_wconf 90' lang='lat' dir='ltr'><strong>adhuc</strong></span> <span class='ocrx_word' id='word_1_366' title='bbox 1120 3442 1345 3496; x_wconf 87' lang='lat' dir='ltr'><strong>vacant</strong></span> <span class='ocrx_word' id='word_1_367' title='bbox 1374 3433 1513 3496; x_wconf 91' lang='lat' dir='ltr'><strong>loca</strong></span> <span class='ocrx_word' id='word_1_368' title='bbox 1552 3433 1618 3496; x_wconf 89' lang='lat' dir='ltr'><strong>in</strong></span> <span class='ocrx_word' id='word_1_369' title='bbox 1652 3452 1845 3514; x_wconf 86' lang='lat' dir='ltr'><strong>regno</strong></span> 
     </span>
     <span class='ocr_line' id='line_1_56' title="bbox 326 3530 1842 3613; baseline -0.001 -18"><span class='ocrx_word' id='word_1_370' title='bbox 326 3530 605 3605; x_wconf 87' lang='lat' dir='ltr'><strong>coelesti,</strong></span> <span class='ocrx_word' id='word_1_371' title='bbox 647 3531 715 3594; x_wconf 92' lang='lat' dir='ltr'><strong>in</strong></span> <span class='ocrx_word' id='word_1_372' title='bbox 756 3531 994 3613; x_wconf 90' lang='lat' dir='ltr'><strong>quibus</strong></span> <span class='ocrx_word' id='word_1_373' title='bbox 1035 3531 1234 3613; x_wconf 90' lang='lat' dir='ltr'><strong>recipi</strong></span> <span class='ocrx_word' id='word_1_374' title='bbox 1276 3539 1513 3612; x_wconf 87' lang='lat' dir='ltr'><strong>queant</strong></span> <span class='ocrx_word' id='word_1_375' title='bbox 1548 3531 1842 3612; x_wconf 85' lang='lat' dir='ltr'><strong>gentiles.</strong></span> 
     </span>
     <span class='ocr_line' id='line_1_57' title="bbox 325 3629 1846 3713; baseline -0.001 -20"><span class='ocrx_word' id='word_1_376' title='bbox 325 3629 469 3693; x_wconf 89' lang='lat' dir='ltr'><strong>Non</strong></span> <span class='ocrx_word' id='word_1_377' title='bbox 502 3630 679 3692; x_wconf 90' lang='lat' dir='ltr'><strong>enim</strong></span> <span class='ocrx_word' id='word_1_378' title='bbox 715 3648 1022 3692; x_wconf 91' lang='lat' dir='ltr'><strong>numerus</strong></span> <span class='ocrx_word' id='word_1_379' title='bbox 1060 3629 1397 3692; x_wconf 89' lang='lat' dir='ltr'><strong>hominum</strong></span> <span class='ocrx_word' id='word_1_380' title='bbox 1437 3630 1846 3713; x_wconf 84' lang='lat' dir='ltr'><strong>praedestina-</strong></span> 
     </span>
     <span class='ocr_line' id='line_1_58' title="bbox 328 3727 1838 3811; baseline 0 -21"><span class='ocrx_word' id='word_1_381' title='bbox 328 3736 551 3791; x_wconf 90' lang='lat' dir='ltr'><strong>torum</strong></span> <span class='ocrx_word' id='word_1_382' title='bbox 582 3745 662 3790; x_wconf 85' lang='lat' dir='ltr'><strong>ex</strong></span> <span class='ocrx_word' id='word_1_383' title='bbox 692 3727 923 3790; x_wconf 78' lang='lat' dir='ltr'><strong>Judaeis</strong></span> <span class='ocrx_word' id='word_1_384' title='bbox 954 3735 1089 3790; x_wconf 89' lang='lat' dir='ltr'><strong>erat</strong></span> <span class='ocrx_word' id='word_1_385' title='bbox 1125 3727 1491 3811; x_wconf 91' lang='lat' dir='ltr'><strong>implendus</strong></span> <span class='ocrx_word' id='word_1_386' title='bbox 1532 3728 1599 3789; x_wconf 92' lang='lat' dir='ltr'><strong>in</strong></span> <span class='ocrx_word' id='word_1_387' title='bbox 1638 3729 1838 3792; x_wconf 84' lang='lat' dir='ltr'><strong>coelis.</strong></span> 
     </span>
    </p>

    <p class='ocr_par' dir='ltr' id='par_1_17' title="bbox 323 3827 1843 4205">
     <span class='ocr_line' id='line_1_59' title="bbox 412 3827 1843 3889; baseline 0.001 -1"><span class='ocrx_word' id='word_1_388' title='bbox 412 3829 505 3888; x_wconf 81' lang='grc' dir='ltr'><strong>Ει</strong></span> <span class='ocrx_word' id='word_1_389' title='bbox 542 3827 645 3888; x_wconf 77' lang='lat' dir='ltr'><strong>ait</strong></span> <span class='ocrx_word' id='word_1_390' title='bbox 680 3829 990 3888; x_wconf 81' lang='lat' dir='ltr'><strong>dominus</strong></span> <span class='ocrx_word' id='word_1_391' title='bbox 1026 3847 1207 3887; x_wconf 84' lang='lat' dir='ltr'><strong>servo</strong></span> <span class='ocrx_word' id='word_1_392' title='bbox 1242 3847 1267 3886; x_wconf 90' lang='lat'><strong>.·</strong></span> <span class='ocrx_word' id='word_1_393' title='bbox 1316 3829 1453 3888; x_wconf 74' lang='lat' dir='ltr'><strong>Exi</strong></span> <span class='ocrx_word' id='word_1_394' title='bbox 1488 3828 1565 3887; x_wconf 80' lang='lat' dir='ltr'><strong>in.</strong></span> <span class='ocrx_word' id='word_1_395' title='bbox 1605 3830 1747 3888; x_wconf 80' lang='lat' dir='ltr'><strong>vias</strong></span> <span class='ocrx_word' id='word_1_396' title='bbox 1782 3837 1843 3889; x_wconf 80' lang='lat' dir='ltr'><strong>et</strong></span> 
     </span>
     <span class='ocr_line' id='line_1_60' title="bbox 323 3923 1843 4007; baseline 0.003 -24"><span class='ocrx_word' id='word_1_397' title='bbox 323 3944 531 4003; x_wconf 78' lang='lat' dir='ltr'><strong>sepes,</strong></span> <span class='ocrx_word' id='word_1_398' title='bbox 566 3924 633 3986; x_wconf 92' lang='lat' dir='ltr'><strong>id</strong></span> <span class='ocrx_word' id='word_1_399' title='bbox 676 3931 773 3986; x_wconf 89' lang='lat' dir='ltr'><strong>est</strong></span> <span class='ocrx_word' id='word_1_400' title='bbox 815 3925 895 3986; x_wconf 92' lang='lat' dir='ltr'><strong>ad</strong></span> <span class='ocrx_word' id='word_1_401' title='bbox 939 3924 1210 4007; x_wconf 89' lang='lat' dir='ltr'><strong>populos</strong></span> <span class='ocrx_word' id='word_1_402' title='bbox 1256 3923 1527 4004; x_wconf 82' lang='lat' dir='ltr'><strong>gentiles</strong></span> <span class='ocrx_word' id='word_1_403' title='bbox 1567 3943 1681 4006; x_wconf 90' lang='lat' dir='ltr'><strong>per</strong></span> <span class='ocrx_word' id='word_1_404' title='bbox 1719 3926 1843 3988; x_wconf 88' lang='lat' dir='ltr'><strong>lata</strong></span> 
     </span>
     <span class='ocr_line' id='line_1_61' title="bbox 326 4021 1843 4105; baseline 0.001 -21"><span class='ocrx_word' id='word_1_405' title='bbox 326 4021 716 4103; x_wconf 84' lang='lat' dir='ltr'><strong>perditionis</strong></span> <span class='ocrx_word' id='word_1_406' title='bbox 774 4023 1007 4085; x_wconf 89' lang='lat' dir='ltr'><strong>itinera</strong></span> <span class='ocrx_word' id='word_1_407' title='bbox 1056 4022 1421 4085; x_wconf 85' lang='lat' dir='ltr'><strong>incedentes</strong></span> <span class='ocrx_word' id='word_1_408' title='bbox 1477 4041 1491 4085; x_wconf 76' lang='grc' dir='ltr'>ι</span> <span class='ocrx_word' id='word_1_409' title='bbox 1543 4024 1658 4105; x_wconf 91' lang='lat' dir='ltr'><strong>qui</strong></span> <span class='ocrx_word' id='word_1_410' title='bbox 1704 4024 1843 4105; x_wconf 90' lang='lat' dir='ltr'><strong>lege</strong></span> 
     </span>
     <span class='ocr_line' id='line_1_62' title="bbox 326 4120 1843 4205; baseline 0.002 -23"><span class='ocrx_word' id='word_1_411' title='bbox 326 4129 682 4182; x_wconf 86' lang='lat' dir='ltr'><strong>caruerunt</strong></span> <span class='ocrx_word' id='word_1_412' title='bbox 744 4121 965 4184; x_wconf 88' lang='lat' dir='ltr'><strong>divina</strong></span> <span class='ocrx_word' id='word_1_413' title='bbox 1015 4120 1246 4183; x_wconf 84' lang='lat' dir='ltr'><strong>Judaeis</strong></span> <span class='ocrx_word' id='word_1_414' title='bbox 1312 4121 1558 4196; x_wconf 87' lang='lat' dir='ltr'><strong>collata,</strong></span> <span class='ocrx_word' id='word_1_415' title='bbox 1621 4122 1843 4205; x_wconf 91' lang='lat' dir='ltr'><strong>sicque</strong></span> 
     </span>
    </p>
   </div>
   <div class='ocr_carea' id='block_1_16' title="bbox 1950 3140 3738 4197">
    <p class='ocr_par' dir='ltr' id='par_1_18' title="bbox 1951 3140 3738 4094">
     <span class='ocr_line' id='line_1_63' title="bbox 1954 3140 3446 3205; baseline 0.001 -3"><span class='ocrx_word' id='word_1_416' title='bbox 1954 3159 2101 3202; x_wconf 87' lang='lat' dir='ltr'><strong>nam</strong></span> <span class='ocrx_word' id='word_1_417' title='bbox 2161 3141 2435 3204; x_wconf 84' lang='lat' dir='ltr'><strong>coelestis</strong></span> <span class='ocrx_word' id='word_1_418' title='bbox 2499 3140 2822 3202; x_wconf 90' lang='lat' dir='ltr'><strong>felicitatis</strong></span> <span class='ocrx_word' id='word_1_419' title='bbox 2887 3140 3260 3203; x_wconf 87' lang='lat' dir='ltr'><strong>suavitatem</strong></span> <span class='ocrx_word' id='word_1_420' title='bbox 3321 3160 3446 3205; x_wconf 91' lang='lat' dir='ltr'><strong>non</strong></span> 
     </span>
     <span class='ocr_line' id='line_1_64' title="bbox 1952 3238 3450 3321; baseline 0.001 -20"><span class='ocrx_word' id='word_1_421' title='bbox 1952 3238 2338 3321; x_wconf 85' lang='lat' dir='ltr'><strong>experietur.</strong></span> <span class='ocrx_word' id='word_1_422' title='bbox 2381 3238 2512 3302; x_wconf 88' lang='lat' dir='ltr'><strong>Hoc</strong></span> <span class='ocrx_word' id='word_1_423' title='bbox 2558 3257 2817 3321; x_wconf 91' lang='lat' dir='ltr'><strong>quoque</strong></span> <span class='ocrx_word' id='word_1_424' title='bbox 2865 3239 3234 3313; x_wconf 90' lang='lat' dir='ltr'><strong>notandum,</strong></span> <span class='ocrx_word' id='word_1_425' title='bbox 3277 3240 3450 3320; x_wconf 92' lang='lat' dir='ltr'><strong>quod</strong></span> 
     </span>
     <span class='ocr_line' id='line_1_65' title="bbox 1951 3336 3445 3418; baseline 0.001 -20"><span class='ocrx_word' id='word_1_426' title='bbox 1951 3337 2114 3399; x_wconf 90' lang='lat' dir='ltr'><strong>Deus</strong></span> <span class='ocrx_word' id='word_1_427' title='bbox 2146 3338 2470 3399; x_wconf 91' lang='lat' dir='ltr'><strong>interdum</strong></span> <span class='ocrx_word' id='word_1_428' title='bbox 2509 3343 2690 3400; x_wconf 89' lang='lat' dir='ltr'><strong>vocat</strong></span> <span class='ocrx_word' id='word_1_429' title='bbox 2729 3336 3145 3418; x_wconf 89' lang='lat' dir='ltr'><strong>inspiratione</strong></span> <span class='ocrx_word' id='word_1_430' title='bbox 3174 3337 3445 3412; x_wconf 90' lang='lat' dir='ltr'><strong>interna,</strong></span> 
     </span>
     <span class='ocr_line' id='line_1_66' title="bbox 1953 3434 3450 3516; baseline 0.002 -20"><span class='ocrx_word' id='word_1_431' title='bbox 1953 3434 2276 3496; x_wconf 91' lang='lat' dir='ltr'><strong>interdum</strong></span> <span class='ocrx_word' id='word_1_432' title='bbox 2315 3434 2762 3516; x_wconf 81' lang='lat' dir='ltr'><strong>praedicatione</strong></span> <span class='ocrx_word' id='word_1_433' title='bbox 2800 3441 3079 3510; x_wconf 82' lang='lat' dir='ltr'><strong>externa,</strong></span> <span class='ocrx_word' id='word_1_434' title='bbox 3106 3434 3450 3516; x_wconf 88' lang='lat' dir='ltr'><strong>aliquando</strong></span> 
     </span>
     <span class='ocr_line' id='line_1_67' title="bbox 1951 3531 3449 3614; baseline 0.001 -19"><span class='ocrx_word' id='word_1_435' title='bbox 1951 3533 2310 3607; x_wconf 82' lang='lat' dir='ltr'><strong>beneficiiS,</strong></span> <span class='ocrx_word' id='word_1_436' title='bbox 2352 3531 2737 3614; x_wconf 89' lang='lat' dir='ltr'><strong>quandoque</strong></span> <span class='ocrx_word' id='word_1_437' title='bbox 2776 3531 3048 3612; x_wconf 80' lang='lat' dir='ltr'><strong>flagellis</strong></span> <span class='ocrx_word' id='word_1_438' title='bbox 3094 3551 3108 3594; x_wconf 78' lang='lat' dir='ltr'><strong><em>z</em></strong></span> <span class='ocrx_word' id='word_1_439' title='bbox 3155 3533 3232 3595; x_wconf 92' lang='lat' dir='ltr'><strong>ad</strong></span> <span class='ocrx_word' id='word_1_440' title='bbox 3275 3535 3449 3614; x_wconf 91' lang='lat' dir='ltr'><strong>quod</strong></span> 
     </span>
     <span class='ocr_line' id='line_1_68' title="bbox 1952 3629 3451 3712; baseline 0.001 -20"><span class='ocrx_word' id='word_1_441' title='bbox 1952 3631 2412 3712; x_wconf 89' lang='lat' dir='ltr'><strong>designandum</strong></span> <span class='ocrx_word' id='word_1_442' title='bbox 2453 3629 2607 3691; x_wconf 89' lang='lat' dir='ltr'><strong>dicit</strong></span> <span class='ocrx_word' id='word_1_443' title='bbox 2643 3629 2709 3691; x_wconf 90' lang='lat' dir='ltr'><strong>in</strong></span> <span class='ocrx_word' id='word_1_444' title='bbox 2743 3629 3013 3692; x_wconf 89' lang='lat' dir='ltr'><strong>Canticis</strong></span> <span class='ocrx_word' id='word_1_445' title='bbox 3053 3638 3297 3712; x_wconf 90' lang='lat' dir='ltr'><strong>quater,</strong></span> <span class='ocrx_word' id='word_1_446' title='bbox 3332 3630 3451 3693; x_wconf 87' lang='lat' dir='ltr'><strong>Re-</strong></span> 
     </span>
     <span class='ocr_line' id='line_1_69' title="bbox 1952 3726 3445 3810; baseline 0 -18"><span class='ocrx_word' id='word_1_447' title='bbox 1952 3737 2222 3792; x_wconf 85' lang='lat' dir='ltr'><strong>vertere.</strong></span> <span class='ocrx_word' id='word_1_448' title='bbox 2257 3727 2360 3790; x_wconf 91' lang='lat' dir='ltr'><strong>Sic</strong></span> <span class='ocrx_word' id='word_1_449' title='bbox 2399 3727 2571 3789; x_wconf 92' lang='lat' dir='ltr'><strong>enim</strong></span> <span class='ocrx_word' id='word_1_450' title='bbox 2609 3727 2698 3789; x_wconf 92' lang='lat' dir='ltr'><strong>ait</strong></span> <span class='ocrx_word' id='word_1_451' title='bbox 2736 3727 2971 3789; x_wconf 89' lang='lat' dir='ltr'><strong>ibidem</strong></span> <span class='ocrx_word' id='word_1_452' title='bbox 3006 3726 3288 3810; x_wconf 89' lang='lat' dir='ltr'><strong>Sponsus</strong></span> <span class='ocrx_word' id='word_1_453' title='bbox 3319 3747 3445 3792; x_wconf 87' lang='lat' dir='ltr'><strong>coe-</strong></span> 
     </span>
     <span class='ocr_line' id='line_1_70' title="bbox 1951 3826 3738 3910; baseline 0.001 -20"><span class='ocrx_word' id='word_1_454' title='bbox 1951 3828 2127 3890; x_wconf 91' lang='lat' dir='ltr'><strong>lestis</strong></span> <span class='ocrx_word' id='word_1_455' title='bbox 2181 3846 2194 3890; x_wconf 91' lang='lat'><strong>:</strong></span> <span class='ocrx_word' id='word_1_456' title='bbox 2255 3826 2610 3901; x_wconf 87' lang='lat' dir='ltr'><strong>Revertere,</strong></span> <span class='ocrx_word' id='word_1_457' title='bbox 2673 3833 3009 3902; x_wconf 89' lang='lat' dir='ltr'><strong>revertere,</strong></span> <span class='ocrx_word' id='word_1_458' title='bbox 3070 3826 3438 3904; x_wconf 86' lang='lat' dir='ltr'><strong>Sunamitis‚</strong></span> <span class='ocrx_word' id='word_1_459' title='bbox 3473 3858 3738 3910; x_wconf 59' lang='lat'><strong>00„2„,‚12,</strong></span> 
     </span>
     <span class='ocr_line' id='line_1_71' title="bbox 1953 3933 2676 4000; baseline -0.003 -12"><span class='ocrx_word' id='word_1_460' title='bbox 1953 3934 2291 4000; x_wconf 88' lang='lat' dir='ltr'><strong>revertere,</strong></span> <span class='ocrx_word' id='word_1_461' title='bbox 2338 3933 2676 3988; x_wconf 90' lang='lat' dir='ltr'><strong>revertere.</strong></span> 
     </span>
     <span class='ocr_line' id='line_1_72' title="bbox 2034 4024 3648 4094; baseline 0.001 -8"><span class='ocrx_word' id='word_1_462' title='bbox 2034 4029 2224 4087; x_wconf 75' lang='lat' dir='ltr'><strong>Ibant</strong></span> <span class='ocrx_word' id='word_1_463' title='bbox 2261 4033 2478 4086; x_wconf 76' lang='lat' dir='ltr'><strong>autem</strong></span> <span class='ocrx_word' id='word_1_464' title='bbox 2519 4027 2721 4085; x_wconf 65' lang='lat' dir='ltr'><strong>turbae</strong></span> <span class='ocrx_word' id='word_1_465' title='bbox 2759 4027 2983 4086; x_wconf 79' lang='lat' dir='ltr'><strong>multoe</strong></span> <span class='ocrx_word' id='word_1_466' title='bbox 3018 4043 3166 4085; x_wconf 80' lang='lat' dir='ltr'><strong>cum</strong></span> <span class='ocrx_word' id='word_1_467' title='bbox 3201 4044 3297 4094; x_wconf 81' lang='lat' dir='ltr'><strong>ee,</strong></span> <span class='ocrx_word' id='word_1_468' title='bbox 3327 4024 3444 4088; x_wconf 89' lang='lat' dir='ltr'><strong>sci·</strong></span> <span class='ocrx_word' id='word_1_469' title='bbox 3575 4039 3648 4094; x_wconf 75' lang='lat'><strong>25</strong></span> 
     </span>
    </p>

    <p class='ocr_par' dir='ltr' id='par_1_19' title="bbox 1950 4121 3443 4197">
     <span class='ocr_line' id='line_1_73' title="bbox 1950 4121 3443 4197; baseline -0.001 -11"><span class='ocrx_word' id='word_1_470' title='bbox 1950 4124 2099 4186; x_wconf 92' lang='lat' dir='ltr'><strong>licet</strong></span> <span class='ocrx_word' id='word_1_471' title='bbox 2129 4142 2278 4185; x_wconf 91' lang='lat' dir='ltr'><strong>cum</strong></span> <span class='ocrx_word' id='word_1_472' title='bbox 2303 4121 2565 4197; x_wconf 84' lang='lat' dir='ltr'><strong>Jesu,ob</strong></span> <span class='ocrx_word' id='word_1_473' title='bbox 2597 4122 2801 4186; x_wconf 87' lang='lat' dir='ltr'><strong>varias</strong></span> <span class='ocrx_word' id='word_1_474' title='bbox 2833 4139 3075 4197; x_wconf 85' lang='lat' dir='ltr'><strong>causas,</strong></span> <span class='ocrx_word' id='word_1_475' title='bbox 3100 4129 3172 4184; x_wconf 92' lang='lat' dir='ltr'><strong>ut</strong></span> <span class='ocrx_word' id='word_1_476' title='bbox 3197 4122 3443 4186; x_wconf 91' lang='lat' dir='ltr'><strong>dictum</strong></span> 
     </span>
    </p>
   </div>
   <div class='ocr_carea' id='block_1_17' title="bbox 325 4219 3444 4303">
    <p class='ocr_par' dir='ltr' id='par_1_20' title="bbox 325 4219 3444 4303">
     <span class='ocr_line' id='line_1_74' title="bbox 325 4219 3444 4303; baseline 0.001 -23"><span class='ocrx_word' id='word_1_477' title='bbox 325 4219 519 4301; x_wconf 89' lang='lat' dir='ltr'><strong>quasi</strong></span> <span class='ocrx_word' id='word_1_478' title='bbox 550 4226 831 4299; x_wconf 80' lang='lat' dir='ltr'><strong>agrestes</strong></span> <span class='ocrx_word' id='word_1_479' title='bbox 871 4219 1135 4281; x_wconf 87' lang='lat' dir='ltr'><strong>fuerunt</strong></span> <span class='ocrx_word' id='word_1_480' title='bbox 1169 4237 1183 4282; x_wconf 76' lang='grc' dir='ltr'>ε</span> <span class='ocrx_word' id='word_1_481' title='bbox 1219 4227 1481 4302; x_wconf 86' lang='lat' dir='ltr'><strong>propter</strong></span> <span class='ocrx_word' id='word_1_482' title='bbox 1517 4221 1689 4301; x_wconf 92' lang='lat' dir='ltr'><strong>quod</strong></span> <span class='ocrx_word' id='word_1_483' title='bbox 1728 4239 1844 4303; x_wconf 92' lang='lat' dir='ltr'><strong>per</strong></span> <span class='ocrx_word' id='word_1_484' title='bbox 1870 4224 1919 4287; x_wconf 95' lang='lat' dir='ltr'>D</span> <span class='ocrx_word' id='word_1_485' title='bbox 1950 4229 2045 4284; x_wconf 90' lang='lat' dir='ltr'><strong>est</strong></span> <span class='ocrx_word' id='word_1_486' title='bbox 2092 4239 2282 4303; x_wconf 79' lang='lat' dir='ltr'><strong>saepe.</strong></span> <span class='ocrx_word' id='word_1_487' title='bbox 2339 4219 2588 4282; x_wconf 84' lang='lat' dir='ltr'><strong>Etenim</strong></span> <span class='ocrx_word' id='word_1_488' title='bbox 2645 4219 3011 4301; x_wconf 89' lang='lat' dir='ltr'><strong>eloquentia</strong></span> <span class='ocrx_word' id='word_1_489' title='bbox 3066 4220 3444 4284; x_wconf 88' lang='lat' dir='ltr'><strong>suavissima</strong></span> 
     </span>
    </p>
   </div>
   <div class='ocr_carea' id='block_1_18' title="bbox 327 4317 1846 4599">
    <p class='ocr_par' dir='ltr' id='par_1_21' title="bbox 327 4317 1846 4599">
     <span class='ocr_line' id='line_1_75' title="bbox 327 4317 1845 4400; baseline 0.003 -22"><span class='ocrx_word' id='word_1_490' title='bbox 327 4334 521 4399; x_wconf 88' lang='lat' dir='ltr'><strong>sepes</strong></span> <span class='ocrx_word' id='word_1_491' title='bbox 571 4317 929 4398; x_wconf 86' lang='lat' dir='ltr'><strong>signantur.</strong></span> <span class='ocrx_word' id='word_1_492' title='bbox 982 4317 1199 4398; x_wconf 90' lang='lat' dir='ltr'><strong>Itaque</strong></span> <span class='ocrx_word' id='word_1_493' title='bbox 1250 4317 1459 4399; x_wconf 90' lang='lat' dir='ltr'><strong>primo</strong></span> <span class='ocrx_word' id='word_1_494' title='bbox 1510 4317 1636 4379; x_wconf 91' lang='lat' dir='ltr'><strong>fuit</strong></span> <span class='ocrx_word' id='word_1_495' title='bbox 1685 4338 1845 4400; x_wconf 83' lang='lat' dir='ltr'><strong>prae-</strong></span> 
     </span>
     <span class='ocr_line' id='line_1_76' title="bbox 328 4415 1846 4497; baseline 0.001 -17"><span class='ocrx_word' id='word_1_496' title='bbox 328 4416 685 4480; x_wconf 88' lang='lat' dir='ltr'><strong>dicandum</strong></span> <span class='ocrx_word' id='word_1_497' title='bbox 723 4415 979 4492; x_wconf 80' lang='lat' dir='ltr'><strong>Judaeis,</strong></span> <span class='ocrx_word' id='word_1_498' title='bbox 1018 4416 1248 4478; x_wconf 88' lang='lat' dir='ltr'><strong>deinde</strong></span> <span class='ocrx_word' id='word_1_499' title='bbox 1294 4416 1667 4497; x_wconf 90' lang='lat' dir='ltr'><strong>gentilibus.</strong></span> <span class='ocrx_word' id='word_1_500' title='bbox 1703 4417 1846 4482; x_wconf 86' lang='lat' dir='ltr'><strong>Pro-</strong></span> 
     </span>
     <span class='ocr_line' id='line_1_77' title="bbox 334 4514 1844 4599; baseline 0.001 -21"><span class='ocrx_word' id='word_1_501' title='bbox 334 4523 481 4599; x_wconf 89' lang='lat' dir='ltr'><strong>pter</strong></span> <span class='ocrx_word' id='word_1_502' title='bbox 528 4517 705 4597; x_wconf 92' lang='lat' dir='ltr'><strong>quod</strong></span> <span class='ocrx_word' id='word_1_503' title='bbox 747 4514 979 4578; x_wconf 89' lang='lat' dir='ltr'><strong>Paulus</strong></span> <span class='ocrx_word' id='word_1_504' title='bbox 1024 4522 1088 4577; x_wconf 91' lang='lat' dir='ltr'><strong>et</strong></span> <span class='ocrx_word' id='word_1_505' title='bbox 1132 4515 1445 4578; x_wconf 89' lang='lat' dir='ltr'><strong>Barnabas</strong></span> <span class='ocrx_word' id='word_1_506' title='bbox 1492 4515 1844 4597; x_wconf 89' lang='lat' dir='ltr'><strong>loquuntur</strong></span> 
     </span>
    </p>
   </div>
   <div class='ocr_carea' id='block_1_19' title="bbox 112 4611 1843 4696">
    <p class='ocr_par' dir='ltr' id='par_1_22' title="bbox 112 4611 1843 4696">
     <span class='ocr_line' id='line_1_78' title="bbox 112 4611 1843 4696; baseline 0.005 -28"><span class='ocrx_word' id='word_1_507' title='bbox 112 4613 571 4679; x_wconf 61' lang='lat' dir='ltr'><strong>ima-‚Judaeis</strong></span> <span class='ocrx_word' id='word_1_508' title='bbox 625 4631 641 4676; x_wconf 75' lang='grc' dir='ltr'><strong><em>ε</em></strong></span> <span class='ocrx_word' id='word_1_509' title='bbox 691 4611 884 4676; x_wconf 89' lang='lat' dir='ltr'><strong>Vobis</strong></span> <span class='ocrx_word' id='word_1_510' title='bbox 940 4613 1273 4696; x_wconf 90' lang='lat' dir='ltr'><strong>oportebat</strong></span> <span class='ocrx_word' id='word_1_511' title='bbox 1332 4613 1615 4695; x_wconf 89' lang='lat' dir='ltr'><strong>primum</strong></span> <span class='ocrx_word' id='word_1_512' title='bbox 1665 4614 1843 4696; x_wconf 92' lang='lat' dir='ltr'><strong>loqui</strong></span> 
     </span>
    </p>
   </div>
   <div class='ocr_carea' id='block_1_20' title="bbox 80 4685 211 4734">
    <p class='ocr_par' dir='ltr' id='par_1_23' title="bbox 80 4685 211 4734">
     <span class='ocr_line' id='line_1_79' title="bbox 80 4685 211 4734; baseline 0.038 -8"><span class='ocrx_word' id='word_1_513' title='bbox 80 4685 137 4734; x_wconf 66' lang='grc'><strong>46,</strong></span> <span class='ocrx_word' id='word_1_514' title='bbox 150 4689 211 4732; x_wconf 70' lang='grc'><strong>47.</strong></span> 
     </span>
    </p>
   </div>
   <div class='ocr_carea' id='block_1_21' title="bbox 333 4711 1848 5187">
    <p class='ocr_par' dir='ltr' id='par_1_24' title="bbox 333 4711 1848 5187">
     <span class='ocr_line' id='line_1_80' title="bbox 334 4711 1838 4793; baseline 0 -18"><span class='ocrx_word' id='word_1_515' title='bbox 334 4712 613 4776; x_wconf 81' lang='lat' dir='ltr'><strong>verbum</strong></span> <span class='ocrx_word' id='word_1_516' title='bbox 642 4711 787 4793; x_wconf 83' lang='lat' dir='ltr'><strong>Dei3</strong></span> <span class='ocrx_word' id='word_1_517' title='bbox 820 4713 933 4774; x_wconf 90' lang='lat' dir='ltr'><strong>sed</strong></span> <span class='ocrx_word' id='word_1_518' title='bbox 961 4711 1267 4793; x_wconf 91' lang='lat' dir='ltr'><strong>quoniam</strong></span> <span class='ocrx_word' id='word_1_519' title='bbox 1299 4713 1625 4793; x_wconf 89' lang='lat' dir='ltr'><strong>repulistis</strong></span> <span class='ocrx_word' id='word_1_520' title='bbox 1656 4713 1838 4789; x_wconf 92' lang='lat' dir='ltr'><strong>illud,</strong></span> 
     </span>
     <span class='ocr_line' id='line_1_81' title="bbox 333 4811 1845 4895; baseline 0 -20"><span class='ocrx_word' id='word_1_521' title='bbox 333 4811 779 4875; x_wconf 85' lang='lat' dir='ltr'><strong>convertimur</strong></span> <span class='ocrx_word' id='word_1_522' title='bbox 805 4811 882 4873; x_wconf 89' lang='lat' dir='ltr'><strong>ad</strong></span> <span class='ocrx_word' id='word_1_523' title='bbox 911 4819 1131 4891; x_wconf 84' lang='lat' dir='ltr'><strong>gentes</strong></span> <span class='ocrx_word' id='word_1_524' title='bbox 1165 4830 1179 4875; x_wconf 91' lang='lat'><strong>:</strong></span> <span class='ocrx_word' id='word_1_525' title='bbox 1215 4811 1307 4873; x_wconf 91' lang='lat' dir='ltr'><strong>sic</strong></span> <span class='ocrx_word' id='word_1_526' title='bbox 1337 4811 1511 4874; x_wconf 90' lang='lat' dir='ltr'><strong>enim</strong></span> <span class='ocrx_word' id='word_1_527' title='bbox 1542 4813 1845 4895; x_wconf 79' lang='lat' dir='ltr'><strong>praecepit</strong></span> 
     </span>
     <span class='ocr_line' id='line_1_82' title="bbox 336 4909 1842 4988; baseline 0.001 -16"><span class='ocrx_word' id='word_1_528' title='bbox 336 4910 523 4973; x_wconf 90' lang='lat' dir='ltr'><strong>nobis</strong></span> <span class='ocrx_word' id='word_1_529' title='bbox 588 4909 914 4973; x_wconf 88' lang='lat' dir='ltr'><strong>Dominus.</strong></span> <span class='ocrx_word' id='word_1_530' title='bbox 972 4913 1056 4971; x_wconf 81' lang='lat' dir='ltr'><strong>Et</strong></span> <span class='ocrx_word' id='word_1_531' title='bbox 1100 4913 1403 4988; x_wconf 79' lang='lat' dir='ltr'><strong>compelle</strong></span> <span class='ocrx_word' id='word_1_532' title='bbox 1450 4912 1727 4980; x_wconf 78' lang='lat' dir='ltr'><strong>intrare,</strong></span> <span class='ocrx_word' id='word_1_533' title='bbox 1780 4912 1842 4974; x_wconf 92' lang='lat' dir='ltr'><strong>id</strong></span> 
     </span>
     <span class='ocr_line' id='line_1_83' title="bbox 336 5007 1848 5090; baseline 0.001 -19"><span class='ocrx_word' id='word_1_534' title='bbox 336 5016 453 5082; x_wconf 87' lang='lat' dir='ltr'><strong>est,</strong></span> <span class='ocrx_word' id='word_1_535' title='bbox 490 5008 677 5090; x_wconf 91' lang='lat' dir='ltr'><strong>quasi</strong></span> <span class='ocrx_word' id='word_1_536' title='bbox 717 5007 1107 5089; x_wconf 90' lang='lat' dir='ltr'><strong>importune,</strong></span> <span class='ocrx_word' id='word_1_537' title='bbox 1150 5016 1214 5071; x_wconf 89' lang='lat' dir='ltr'><strong>et</strong></span> <span class='ocrx_word' id='word_1_538' title='bbox 1255 5025 1370 5090; x_wconf 89' lang='lat' dir='ltr'><strong>per</strong></span> <span class='ocrx_word' id='word_1_539' title='bbox 1408 5008 1848 5073; x_wconf 87' lang='lat' dir='ltr'><strong>comminatio-</strong></span> 
     </span>
     <span class='ocr_line' id='line_1_84' title="bbox 340 5104 1847 5187; baseline 0.001 -20"><span class='ocrx_word' id='word_1_540' title='bbox 340 5123 453 5168; x_wconf 87' lang='lat' dir='ltr'><strong>nes</strong></span> <span class='ocrx_word' id='word_1_541' title='bbox 501 5104 931 5170; x_wconf 84' lang='lat' dir='ltr'><strong>damnationis</strong></span> <span class='ocrx_word' id='word_1_542' title='bbox 978 5113 1253 5180; x_wconf 83' lang='lat' dir='ltr'><strong>aeternae,</strong></span> <span class='ocrx_word' id='word_1_543' title='bbox 1303 5105 1537 5187; x_wconf 87' lang='lat' dir='ltr'><strong>instiga</strong></span> <span class='ocrx_word' id='word_1_544' title='bbox 1584 5106 1727 5169; x_wconf 91' lang='lat' dir='ltr'><strong>illos</strong></span> <span class='ocrx_word' id='word_1_545' title='bbox 1776 5115 1847 5168; x_wconf 89' lang='lat' dir='ltr'><strong>ut</strong></span> 
     </span>
    </p>
   </div>
   <div class='ocr_carea' id='block_1_22' title="bbox 84 5203 1849 5300">
    <p class='ocr_par' dir='ltr' id='par_1_25' title="bbox 84 5203 1849 5300">
     <span class='ocr_line' id='line_1_85' title="bbox 84 5203 1849 5300; baseline 0.005 -41"><span class='ocrx_word' id='word_1_546' title='bbox 84 5213 313 5300; x_wconf 42' lang='lat' dir='ltr'><strong>‘nra-,m</strong></span> <span class='ocrx_word' id='word_1_547' title='bbox 341 5212 799 5268; x_wconf 82' lang='lat' dir='ltr'><strong>convertantur</strong></span> <span class='ocrx_word' id='word_1_548' title='bbox 831 5222 846 5267; x_wconf 73' lang='grc' dir='ltr'>ε</span> <span class='ocrx_word' id='word_1_549' title='bbox 880 5213 1071 5286; x_wconf 86' lang='lat' dir='ltr'><strong>prout</strong></span> <span class='ocrx_word' id='word_1_550' title='bbox 1106 5203 1195 5267; x_wconf 88' lang='lat' dir='ltr'><strong>ait</strong></span> <span class='ocrx_word' id='word_1_551' title='bbox 1224 5203 1586 5287; x_wconf 78' lang='lat' dir='ltr'><strong>ApostoluS,</strong></span> <span class='ocrx_word' id='word_1_552' title='bbox 1621 5204 1849 5268; x_wconf 81' lang='lat' dir='ltr'><strong>Praedi-</strong></span> 
     </span>
    </p>
   </div>
   <div class='ocr_carea' id='block_1_23' title="bbox 84 5303 117 5318">
    <p class='ocr_par' dir='ltr' id='par_1_26' title="bbox 84 5303 117 5318">
     <span class='ocr_line' id='line_1_86' title="bbox 84 5303 117 5318; baseline 0 -2"><span class='ocrx_word' id='word_1_553' title='bbox 84 5303 117 5318; x_wconf 60' lang='lat' dir='ltr'><strong>O·</strong></span> 
     </span>
    </p>
   </div>
   <div class='ocr_carea' id='block_1_24' title="bbox 342 5302 1843 5489">
    <p class='ocr_par' dir='ltr' id='par_1_27' title="bbox 342 5302 1843 5489">
     <span class='ocr_line' id='line_1_87' title="bbox 342 5302 1843 5386; baseline 0.001 -22"><span class='ocrx_word' id='word_1_554' title='bbox 342 5319 417 5364; x_wconf 93' lang='lat' dir='ltr'><strong>ca</strong></span> <span class='ocrx_word' id='word_1_555' title='bbox 463 5302 757 5378; x_wconf 83' lang='lat' dir='ltr'><strong>verbum,</strong></span> <span class='ocrx_word' id='word_1_556' title='bbox 806 5303 973 5366; x_wconf 87' lang='lat' dir='ltr'><strong>insta</strong></span> <span class='ocrx_word' id='word_1_557' title='bbox 1018 5311 1401 5386; x_wconf 87' lang='lat' dir='ltr'><strong>opportune,</strong></span> <span class='ocrx_word' id='word_1_558' title='bbox 1453 5302 1843 5385; x_wconf 88' lang='lat' dir='ltr'><strong>importune,</strong></span> 
     </span>
     <span class='ocr_line' id='line_1_88' title="bbox 592 5435 777 5489; baseline 0.011 -3"><span class='ocrx_word' id='word_1_559' title='bbox 592 5435 659 5489; x_wconf 85' lang='grc' dir='ltr'><strong>Τ.</strong></span> <span class='ocrx_word' id='word_1_560' title='bbox 692 5435 777 5488; x_wconf 80' lang='grc'><strong>12.</strong></span> 
     </span>
    </p>
   </div>
   <div class='ocr_carea' id='block_1_25' title="bbox 1948 4318 3449 5383">
    <p class='ocr_par' dir='ltr' id='par_1_28' title="bbox 1948 4318 3449 5383">
     <span class='ocr_line' id='line_1_89' title="bbox 1950 4318 3444 4402; baseline 0.001 -20"><span class='ocrx_word' id='word_1_561' title='bbox 1950 4318 2417 4402; x_wconf 85' lang='lat' dir='ltr'><strong>praedicationis</strong></span> <span class='ocrx_word' id='word_1_562' title='bbox 2476 4318 2638 4399; x_wconf 86' lang='lat' dir='ltr'><strong>ejus,</strong></span> <span class='ocrx_word' id='word_1_563' title='bbox 2699 4318 3045 4380; x_wconf 85' lang='lat' dir='ltr'><strong>eminentia</strong></span> <span class='ocrx_word' id='word_1_564' title='bbox 3105 4319 3444 4384; x_wconf 89' lang='lat' dir='ltr'><strong>miraculo-</strong></span> 
     </span>
     <span class='ocr_line' id='line_1_90' title="bbox 1950 4416 3445 4493; baseline 0.001 -13"><span class='ocrx_word' id='word_1_565' title='bbox 1950 4438 2116 4493; x_wconf 92' lang='lat' dir='ltr'><strong>rum,</strong></span> <span class='ocrx_word' id='word_1_566' title='bbox 2150 4435 2402 4480; x_wconf 91' lang='lat' dir='ltr'><strong>morum</strong></span> <span class='ocrx_word' id='word_1_567' title='bbox 2433 4423 2756 4491; x_wconf 86' lang='lat' dir='ltr'><strong>venustas,</strong></span> <span class='ocrx_word' id='word_1_568' title='bbox 2791 4416 3008 4479; x_wconf 88' lang='lat' dir='ltr'><strong>turbas</strong></span> <span class='ocrx_word' id='word_1_569' title='bbox 3047 4417 3321 4480; x_wconf 86' lang='lat' dir='ltr'><strong>attraxit.</strong></span> <span class='ocrx_word' id='word_1_570' title='bbox 3359 4421 3445 4482; x_wconf 76' lang='lat' dir='ltr'><strong>Et</strong></span> 
     </span>
     <span class='ocr_line' id='line_1_91' title="bbox 1948 4513 3445 4597; baseline 0 -19"><span class='ocrx_word' id='word_1_571' title='bbox 1948 4537 2288 4578; x_wconf 80' lang='lat' dir='ltr'><strong>conversus</strong></span> <span class='ocrx_word' id='word_1_572' title='bbox 2316 4517 2404 4575; x_wconf 83' lang='lat' dir='ltr'><strong>ad</strong></span> <span class='ocrx_word' id='word_1_573' title='bbox 2432 4516 2580 4575; x_wconf 75' lang='lat' dir='ltr'><strong>illos</strong></span> <span class='ocrx_word' id='word_1_574' title='bbox 2599 4531 2623 4575; x_wconf 94' lang='lat'><strong>.·</strong></span> <span class='ocrx_word' id='word_1_575' title='bbox 2653 4515 2807 4597; x_wconf 89' lang='lat' dir='ltr'><strong>quia</strong></span> <span class='ocrx_word' id='word_1_576' title='bbox 2835 4513 3064 4578; x_wconf 86' lang='lat' dir='ltr'><strong>faciem</strong></span> <span class='ocrx_word' id='word_1_577' title='bbox 3095 4535 3274 4578; x_wconf 90' lang='lat' dir='ltr'><strong>suam</strong></span> <span class='ocrx_word' id='word_1_578' title='bbox 3305 4535 3445 4580; x_wconf 91' lang='lat' dir='ltr'><strong>cor-</strong></span> 
     </span>
     <span class='ocr_line' id='line_1_92' title="bbox 1950 4611 3446 4695; baseline 0.001 -20"><span class='ocrx_word' id='word_1_579' title='bbox 1950 4612 2256 4695; x_wconf 91' lang='lat' dir='ltr'><strong>poralem,</strong></span> <span class='ocrx_word' id='word_1_580' title='bbox 2297 4611 2665 4674; x_wconf 90' lang='lat' dir='ltr'><strong>interiorem</strong></span> <span class='ocrx_word' id='word_1_581' title='bbox 2712 4629 2972 4693; x_wconf 91' lang='lat' dir='ltr'><strong>quoque</strong></span> <span class='ocrx_word' id='word_1_582' title='bbox 3020 4611 3273 4694; x_wconf 84' lang='lat' dir='ltr'><strong>pietatis</strong></span> <span class='ocrx_word' id='word_1_583' title='bbox 3313 4632 3446 4677; x_wconf 80' lang='lat' dir='ltr'><strong>suae</strong></span> 
     </span>
     <span class='ocr_line' id='line_1_93' title="bbox 1949 4709 3446 4794; baseline 0.001 -21"><span class='ocrx_word' id='word_1_584' title='bbox 1949 4717 2336 4793; x_wconf 88' lang='lat' dir='ltr'><strong>respectum,</strong></span> <span class='ocrx_word' id='word_1_585' title='bbox 2379 4716 2442 4772; x_wconf 89' lang='lat' dir='ltr'><strong>et</strong></span> <span class='ocrx_word' id='word_1_586' title='bbox 2480 4709 2794 4773; x_wconf 91' lang='lat' dir='ltr'><strong>bonorum</strong></span> <span class='ocrx_word' id='word_1_587' title='bbox 2839 4728 3102 4773; x_wconf 92' lang='lat' dir='ltr'><strong>suorum</strong></span> <span class='ocrx_word' id='word_1_588' title='bbox 3147 4711 3446 4794; x_wconf 86' lang='lat' dir='ltr'><strong>spiritua-</strong></span> 
     </span>
     <span class='ocr_line' id='line_1_94' title="bbox 1949 4807 3440 4873; baseline 0.001 -2"><span class='ocrx_word' id='word_1_589' title='bbox 1949 4811 2111 4872; x_wconf 92' lang='lat' dir='ltr'><strong>lium</strong></span> <span class='ocrx_word' id='word_1_590' title='bbox 2155 4807 2797 4872; x_wconf 89' lang='lat' dir='ltr'><strong>communicationem</strong></span> <span class='ocrx_word' id='word_1_591' title='bbox 2836 4809 3150 4872; x_wconf 85' lang='lat' dir='ltr'><strong>convertit</strong></span> <span class='ocrx_word' id='word_1_592' title='bbox 3186 4811 3265 4872; x_wconf 91' lang='lat' dir='ltr'><strong>ad</strong></span> <span class='ocrx_word' id='word_1_593' title='bbox 3309 4828 3440 4873; x_wconf 82' lang='lat' dir='ltr'><strong>eoS.</strong></span> 
     </span>
     <span class='ocr_line' id='line_1_95' title="bbox 1950 4905 3447 4990; baseline 0.001 -20"><span class='ocrx_word' id='word_1_594' title='bbox 1950 4909 2039 4971; x_wconf 90' lang='lat' dir='ltr'><strong>Ita</strong></span> <span class='ocrx_word' id='word_1_595' title='bbox 2081 4914 2146 4969; x_wconf 91' lang='lat' dir='ltr'><strong>et</strong></span> <span class='ocrx_word' id='word_1_596' title='bbox 2187 4925 2301 4970; x_wconf 90' lang='lat' dir='ltr'><strong>nos</strong></span> <span class='ocrx_word' id='word_1_597' title='bbox 2341 4905 2394 4968; x_wconf 92' lang='lat' dir='ltr'><strong>si</strong></span> <span class='ocrx_word' id='word_1_598' title='bbox 2435 4924 2542 4969; x_wconf 92' lang='lat' dir='ltr'><strong>cor</strong></span> <span class='ocrx_word' id='word_1_599' title='bbox 2583 4913 2871 4969; x_wconf 92' lang='lat' dir='ltr'><strong>nostrum</strong></span> <span class='ocrx_word' id='word_1_600' title='bbox 2917 4907 2997 4968; x_wconf 90' lang='lat' dir='ltr'><strong>ad</strong></span> <span class='ocrx_word' id='word_1_601' title='bbox 3038 4907 3252 4990; x_wconf 89' lang='lat' dir='ltr'><strong>ipsum</strong></span> <span class='ocrx_word' id='word_1_602' title='bbox 3298 4926 3447 4971; x_wconf 84' lang='lat' dir='ltr'><strong>con-</strong></span> 
     </span>
     <span class='ocr_line' id='line_1_96' title="bbox 1951 5005 3444 5087; baseline 0 -17"><span class='ocrx_word' id='word_1_603' title='bbox 1951 5006 2282 5083; x_wconf 60' lang='lat' dir='ltr'><strong>ver‘timuS,</strong></span> <span class='ocrx_word' id='word_1_604' title='bbox 2327 5005 2379 5066; x_wconf 91' lang='lat' dir='ltr'><strong>si</strong></span> <span class='ocrx_word' id='word_1_605' title='bbox 2421 5022 2569 5066; x_wconf 91' lang='lat' dir='ltr'><strong>eum</strong></span> <span class='ocrx_word' id='word_1_606' title='bbox 2613 5005 2796 5085; x_wconf 90' lang='lat' dir='ltr'><strong>sequi</strong></span> <span class='ocrx_word' id='word_1_607' title='bbox 2839 5023 3165 5080; x_wconf 91' lang='lat' dir='ltr'><strong>conamur,</strong></span> <span class='ocrx_word' id='word_1_608' title='bbox 3210 5006 3264 5068; x_wconf 92' lang='lat' dir='ltr'><strong>si</strong></span> <span class='ocrx_word' id='word_1_609' title='bbox 3303 5006 3444 5087; x_wconf 84' lang='lat' dir='ltr'><strong>ejus</strong></span> 
     </span>
     <span class='ocr_line' id='line_1_97' title="bbox 1951 5101 3445 5187; baseline 0 -19"><span class='ocrx_word' id='word_1_610' title='bbox 1951 5104 2386 5168; x_wconf 92' lang='lat' dir='ltr'><strong>desideramus</strong></span> <span class='ocrx_word' id='word_1_611' title='bbox 2443 5101 2869 5178; x_wconf 89' lang='lat' dir='ltr'><strong>clementiam,</strong></span> <span class='ocrx_word' id='word_1_612' title='bbox 2923 5104 3134 5165; x_wconf 87' lang='lat' dir='ltr'><strong>statim</strong></span> <span class='ocrx_word' id='word_1_613' title='bbox 3189 5104 3445 5187; x_wconf 87' lang='lat' dir='ltr'><strong>pietatis</strong></span> 
     </span>
     <span class='ocr_line' id='line_1_98' title="bbox 1952 5199 3448 5284; baseline 0 -18"><span class='ocrx_word' id='word_1_614' title='bbox 1952 5221 2083 5266; x_wconf 81' lang='lat' dir='ltr'><strong>suae</strong></span> <span class='ocrx_word' id='word_1_615' title='bbox 2129 5199 2436 5264; x_wconf 77' lang='lat' dir='ltr'><strong>effectum</strong></span> <span class='ocrx_word' id='word_1_616' title='bbox 2483 5200 2670 5263; x_wconf 91' lang='lat' dir='ltr'><strong>nobis</strong></span> <span class='ocrx_word' id='word_1_617' title='bbox 2714 5201 3054 5284; x_wconf 85' lang='lat' dir='ltr'><strong>impendit,</strong></span> <span class='ocrx_word' id='word_1_618' title='bbox 3101 5202 3322 5284; x_wconf 87' lang='lat' dir='ltr'><strong>sicque</strong></span> <span class='ocrx_word' id='word_1_619' title='bbox 3369 5205 3448 5266; x_wconf 90' lang='lat' dir='ltr'><strong>ad</strong></span> 
     </span>
     <span class='ocr_line' id='line_1_99' title="bbox 1956 5299 3449 5383; baseline -0.001 -18"><span class='ocrx_word' id='word_1_620' title='bbox 1956 5320 2069 5365; x_wconf 91' lang='lat' dir='ltr'><strong>nos</strong></span> <span class='ocrx_word' id='word_1_621' title='bbox 2112 5318 2183 5364; x_wconf 91' lang='lat' dir='ltr'><strong>se</strong></span> <span class='ocrx_word' id='word_1_622' title='bbox 2225 5299 2560 5374; x_wconf 86' lang='lat' dir='ltr'><strong>convertit,</strong></span> <span class='ocrx_word' id='word_1_623' title='bbox 2605 5301 3147 5382; x_wconf 87' lang='lat' dir='ltr'><strong>quemadmodum</strong></span> <span class='ocrx_word' id='word_1_624' title='bbox 3187 5319 3303 5383; x_wconf 88' lang='lat' dir='ltr'><strong>per</strong></span> <span class='ocrx_word' id='word_1_625' title='bbox 3342 5301 3449 5365; x_wconf 90' lang='lat' dir='ltr'><strong>Za-</strong></span> 
     </span>
    </p>
   </div>
   <div class='ocr_carea' id='block_1_26' title="bbox 3167 5433 3199 5486">
    <p class='ocr_par' dir='ltr' id='par_1_29' title="bbox 3167 5433 3199 5486">
     <span class='ocr_line' id='line_1_100' title="bbox 3167 5433 3199 5486; baseline 0 0"><span class='ocrx_word' id='word_1_626' title='bbox 3167 5433 3199 5486; x_wconf 84' lang='lat'>7</span> 
     </span>
    </p>
   </div>
  </div>
 </body>
</html>
