4300 6259
808 463 927 532 106

1566 491 1917 540 manhu-10
1958 491 2025 538 m
2064 490 2207 538 cAP.
2252 493 2335 538 XV
2375 491 2566 538 LUCAE.
2609 509 2692 522 ·--
2733 489 2875 537 Am.
2921 490 3159 538 mvm

806 656 1083 738 imagine
1112 659 1504 740 insignitum,
1540 662 1761 744 sicque
1791 680 1905 744 per
1933 662 2300 724 drachmam
2329 660 2381 722 A
2408 659 2512 725 Sic
2539 668 2602 724 et
2631 662 2698 724 in
2731 661 2962 745 palatio
2994 679 3209 744 regum
3239 661 3458 725 laetitia
3481 661 3908 742 oritur,quan·

512 769 779 820 Luc.x=x,1o.
806 774 1085 837 congrue
1115 760 1524 841 designatum.
1550 761 1735 823 Venit
1763 761 1934 823 enim
1965 761 2164 822 Filius
2196 760 2304 824 ho-

806 857 1000 919 minis
1033 877 1319 940 quaerere
1349 869 1412 922 et
1442 861 1687 923 salvum
1721 861 1929 923 facere
1958 861 2130 942 quod
2164 878 2306 942 pcr-

808 955 985 1018 ierat.
1029 956 1236 1020 Donec
1277 959 1543 1024 invenit.
1582 959 1645 1022 id
1685 969 1802 1035 est,
1845 979 1959 1022 sua
2010 959 2304 1041 passione

808 1055 1078 1117 redemit
1111 1075 1313 1136 genus
1358 1059 1731 1132 humanum,
1765 1059 2301 1140 quemadmodum

513 1163 780 1219 soanmvn,
806 1155 977 1234 apud
1020 1154 1325 1218 Ioannem
1365 1156 1649 1238 loquitur
1686 1156 1847 1219 Patri
1885 1175 1898 1218 ε
1934 1156 2104 1238 Opus
2156 1175 2305 1219 con-

514 1228 557 1270 ⁴'
808 1252 1146 1328 summavi,
1182 1255 1351 1334 quod
1402 1255 1629 1316 dedisti
1675 1255 1834 1316 mihi
1887 1263 1956 1317 ut
2000 1253 2300 1316 facerem.

805 1350 1067 1412 Inventa
1104 1351 1319 1433 itaque
1356 1353 1657 1415 drachma
1694 1354 1834 1427 hac,
1870 1354 1933 1414 id
1974 1362 2071 1414 est
2101 1352 2306 1416 homi-

806 1466 886 1510 ne
932 1449 1142 1511 taliter
1182 1450 1468 1524 liberato,
1502 1451 1787 1514 Christus
1838 1452 1903 1514 in
1942 1451 2044 1514 die
2088 1469 2304 1513 ascen·

805 1546 1004 1610 sionis
1036 1549 1407 1612 convocavit
1443 1550 1679 1612 amicas
1717 1558 1909 1632 atque
1940 1549 2204 1623 vicinaS,
2241 1549 2304 1611 id

804 1653 900 1706 est
930 1645 1284 1709 coelestium
1318 1647 1559 1710 civium
1590 1648 1919 1710 societates
1948 1647 2183 1722 beataS,
2218 1647 2307 1708 di-

808 1743 972 1806 vinae
1030 1744 1340 1807 voluntati
1401 1744 1681 1827 perfecte
1736 1744 2182 1818 conformataS,
2245 1752 2306 1806 et

804 1841 1003 1904 Deum
1050 1841 1433 1904 altissimum
1484 1843 1653 1905 clare
1702 1862 1816 1924 per
1858 1843 2135 1924 speciem
2188 1842 2306 1904 im-

806 1940 1077 2002 mediate
1125 1949 1479 2002 cernentes,
1530 1941 1791 2023 Propter
1839 1942 2009 2022 quod
2058 1947 2304 2003 mentes

804 2037 1107 2117 angelicae
1135 2046 1199 2099 et
1230 2038 1426 2101 beatae
1457 2039 1683 2102 merito
1713 2045 2167 2120 nuncupantur
2197 2037 2304 2099 Dei

805 2137 1027 2199 amicae
1059 2142 1251 2218 atque
1281 2137 1528 2212 vicinae,
1564 2139 1716 2220 quia
1756 2157 1880 2201 non
1922 2138 2129 2200 solum
2170 2156 2306 2219 pro*

808 2253 889 2316 pe
925 2253 1053 2307 caS,
1087 2235 1198 2296 sed
1246 2235 1435 2296 etiam
1487 2236 1552 2297 in
1592 2237 1684 2298 eis
1736 2245 2038 2310 moratur,
2072 2253 2307 2317 easque

808 2332 931 2395 sibi
973 2331 1470 2395 familiarissime
1509 2353 1582 2397 ac
1610 2353 1897 2398 amorose
1933 2335 2126 2396 nimis
2168 2333 2306 2395 uni-

810 2450 877 2494 re
908 2433 1222 2512 dignatur.
1260 2433 1553 2514 Dixitque
1589 2434 1681 2496 eis
1718 2452 1731 2496 :
1768 2432 2304 2514 congratulamini

809 2530 993 2605 mihi,
1041 2531 1193 2613 quia
1240 2531 1455 2594 inveni
1507 2532 1873 2594 drachmam
1923 2550 2117 2613 quam
2168 2550 2310 2614 per-

810 2629 965 2691 didi.
1020 2628 1305 2691 Christus
1364 2631 1609 2712 quippe
1659 2631 1727 2692 in
1776 2649 1891 2692 sua
1937 2629 2308 2693 ascensione

808 2727 1127 2807 angelicos
1186 2727 1450 2810 spiritus
1510 2727 1633 2790 sihi
1692 2727 1846 2790 fecit
1899 2745 2237 2790 occurrere
2289 2745 2303 2790 :

517 2825 1045 2906 p2.u1u,8,quibus
1096 2825 1653 2907 interrogantibus,
1690 2824 1839 2898 Quis
1879 2834 1977 2888 est
2015 2825 2132 2888 iste
2181 2825 2308 2888 Rex

520 2906 1069 3018 ¹?i.u·.·,1-8¹⁰¹'iae²
1122 2931 1191 2985 ut
1236 2924 1325 2985 ait
1370 2923 1747 3004 Psalmista3
1800 2925 2105 3005 itemque,
2158 2923 2308 2997 Quis

518 3032 559 3073 ³-
809 3031 905 3086 est
945 3023 1062 3085 iste
1101 3023 1213 3105 qui
1245 3022 1419 3084 venit
1459 3024 1537 3085 de
1575 3023 1815 3086 Edem?
1846 3031 1931 3093 et,
1965 3021 2167 3095 Quare
2205 3042 2310 3083 ru-

811 3123 1001 3186 brum
1050 3130 1146 3184 est
1194 3121 1643 3184 indumentum
1692 3124 1917 3182 tuum?
1968 3129 2038 3182 ut
2087 3120 2310 3183 recitat

807 3221 1033 3300 Isaias3
1078 3219 1407 3301 respondit
1441 3239 1453 3282 ε
1490 3219 1789 3281 Torcular
1827 3219 2061 3282 calcavi
2108 3219 2304 3292 solus,

811 3320 931 3382 hoc
968 3326 1084 3394 est,
1120 3337 1233 3400 per
1275 3318 1586 3400 passionis
1638 3336 1998 3399 pressuram
2044 3317 2305 3380 liberavi

810 3437 1013 3500 genus
1060 3418 1434 3480 humanum.
1470 3417 1797 3497 Tuncque,
1844 3425 1911 3478 ut
1959 3415 2023 3477 in
2064 3416 2310 3499 Hymno

809 3518 899 3578 ait
928 3515 1323 3591 AmbrosiuS,
1358 3515 1582 3578 Gavisa
1620 3523 1770 3576 sunt
1805 3514 1947 3578 coeli
1989 3532 2182 3595 regna
2221 3533 2312 3576 re-

812 3616 950 3678 ditu
1006 3615 1347 3696 Unigeniti.
1407 3612 1601 3676 Tanta
1657 3621 1868 3675 autem
1924 3621 2021 3675 est
2076 3612 2307 3675 Christi

813 3713 1069 3776 dilectio
1120 3714 1198 3774 ad
1250 3731 1387 3786 neS,
1443 3719 1512 3773 ut
1564 3719 1843 3774 nostram
1894 3711 2308 3774 salvationem

814 3831 993 3875 suam
1035 3810 1307 3873 fateatur
1350 3827 1490 3873 esse
1539 3809 1842 3872 laetitiam.

893 3914 1000 3971 Ita
1028 3911 1171 3969 dico
1204 3910 1399 3980 vobiS,
1427 3911 1754 3985 gaudium
1782 3909 1908 3969 erit
1936 3928 2153 3968 coram
2193 3927 2312 3966 an-

806 4010 973 4082 yelis
1011 4009 1157 4076 Dei,
1188 4007 1251 4068 id
1301 4014 1417 4078 est,
1452 4007 1518 4068 in
1569 4025 1763 4087 regno
1811 4005 2049 4069 coelesti
2091 4006 2168 4067 ad
2195 4005 2310 4066 'in-

818 4107 1021 4168 vicem
1072 4104 1456 4167 laetabuntur
1498 4105 1705 4184 angeli
1757 4105 1978 4178 sancti,
2026 4112 2088 4166 et
2135 4104 2314 4167 Chri-

614 3922 681 3977 10

814 4212 949 4265 stus
980 4203 1072 4264 eis
1106 4203 1523 4284 praesentibus
1562 4202 1926 4276 exsultabit,
1957 4223 2152 4282 super
2186 4223 2312 4264 uno

804 4312 1134 4379 peccatore
1173 4301 1631 4378 paenitentiam
1678 4310 1903 4379 ayeme
1952 4323 1974 4360 .·
2021 4301 2175 4382 quia
2237 4302 2314 4363 de

814 4399 955 4480 ejus
1004 4399 1299 4462 evasione
1339 4417 1465 4480 qua
1503 4399 1714 4461 evadit
1760 4407 2009 4461 aeternae
2057 4400 2316 4461 damna-

814 4497 1005 4562 tionis
1066 4497 1447 4580 periculum,
1502 4496 1830 4560 caritative
1881 4504 1944 4559 et
2003 4497 2105 4579 pie
2163 4516 2315 4560 con-

810 4597 1109 4678 gaudent.
1144 4602 1207 4657 et
1237 4594 1540 4676 quoniam
1582 4594 2198 4677 praedestinationem
2233 4595 2319 4657 di-

814 4696 1028 4759 vinam
1091 4694 1310 4756 vident
1375 4692 1652 4774 impleri,
1717 4693 1993 4775 pretium
2059 4712 2319 4775 quoque

816 4792 1144 4873 sanguinis
1193 4791 1424 4855 Christi
1476 4790 1888 4866 fructificare,
1932 4799 1994 4854 et
2043 4792 2318 4855 coelcstis

813 4891 1159 4954 Jerusalem
1211 4889 1545 4952 instaurari
1590 4889 1863 4964 ruinam,
1896 4898 2089 4972 atque
2137 4890 2322 4952 intel-

819 4989 1109 5052 lectualis
1141 4996 1491 5051 creaturam
1527 4995 1765 5050 naturae
1795 5007 1989 5069 quam
2022 4988 2318 5069 diligunt,

820 5087 945 5149 Deo
988 5087 1180 5161 uniri,
1215 5085 1653 5167 Creatorisque
1688 5086 1973 5150 omnium
2015 5086 2322 5150 honorem

819 5193 881 5247 et
921 5185 1165 5248 cultum
1213 5183 1280 5247 in
1320 5203 1395 5246 ea
1432 5184 1671 5265 augeri,
1707 5185 2022 5248 daemones
2067 5203 2326 5266 supera-

826 5284 903 5360 ri,
935 5290 999 5345 et
1030 5283 1181 5346 vitia
1214 5283 1453 5365 quibus
1482 5281 1646 5346 Deus
1686 5282 2058 5362 offenditur,
2093 5283 2322 5348 minui.

2409 763 2489 826 do
2523 762 2920 844 propinquus
2951 781 3062 824 seu
3095 761 3273 824 filius
3306 763 3468 842 regis
3503 763 3581 824 de
3611 759 3906 825 maximis

2409 861 2692 923 adversis
2735 860 3026 942 eripitur.

2489 960 2706 1041 ltaque
2745 959 3030 1021 Christus
3081 959 3392 1042 sapientia
3439 957 3634 1020 Patris
3683 957 3910 1020 habuit

2414 1058 2744 1120 drachmas
2805 1059 3046 1132 decem,
3100 1059 3164 1120 id
3211 1065 3308 1120 est
3367 1075 3596 1121 novem
3652 1057 3907 1120 ordines

2411 1156 2804 1237 angelorum,
2839 1165 2901 1218 et
2927 1174 3130 1236 genus
3161 1157 3536 1230 humanum,
3570 1156 3739 1236 quod
3774 1163 3910 1216 tan-

2413 1273 2605 1337 quam
2638 1255 2882 1317 decima
2921 1254 3241 1328 drachma,
3279 1271 3392 1336 per
3419 1253 3724 1335 originale
3765 1271 3909 1334 pec-

2414 1361 2622 1416 catum
2677 1353 2969 1434 deperiit.
3022 1353 3347 1426 Praeterea,
3400 1353 3748 1414 secundum
3797 1350 3909 1412 Be-

2413 1454 2573 1526 dam,
2589 1469 2770 1515 ovem
2800 1459 2864 1513 et
2892 1451 3256 1514 drachmam
3291 1451 3598 1532 perditam
3623 1449 3904 1512 Christus

2413 1551 2680 1625 invenit,
2721 1552 2976 1632 quando
3024 1550 3350 1612 hominem
3400 1549 3812 1628 restauravit3
3845 1557 3908 1610 et

2413 1668 2606 1732 super
2648 1669 2787 1712 eam
2836 1651 3159 1712 inventam
3208 1649 3416 1730 majus
3461 1648 3762 1728 gaudium
3812 1654 3906 1709 est

2414 1749 2480 1811 in
2512 1747 2673 1812 coelo
2701 1767 2896 1830 quam
2937 1765 3131 1829 supra
3167 1745 3510 1828 nonaginta
3549 1763 3777 1808 novem
3814 1744 3908 1825 ju·

2341 1843 2528 1909 Bstis
2576 1865 2688 1908 seu
2737 1846 2978 1926 angelis
3028 1845 3402 1928 poenitentia
3452 1863 3581 1908 non
3627 1844 3908 1924 indigen-

2413 1945 2608 2018 tibus,
2652 1944 2954 2026 quoniam
3007 1943 3209 2024 maior
3247 1944 3480 2006 divinae
3528 1943 3732 2004 laudis
3782 1960 3909 2003 ma-

2415 2044 2572 2106 teria
2601 2051 2698 2106 est
2725 2044 2792 2106 in
2834 2043 3288 2106 restauratione
3327 2042 3684 2112 hominum,
3717 2059 3905 2122 quam

2415 2142 2480 2204 in
2531 2143 2848 2206 creatione
2894 2151 3004 2204 aut
3051 2141 3240 2203 etiam
3285 2139 3755 2203 beatificatione
3801 2157 3910 2201 an-

2411 2242 2722 2323 gelorum.
2757 2239 3124 2302 Mirabiliter
3155 2257 3430 2321 namque
3463 2238 3718 2318 angelos
3748 2237 3910 2300 Deus

2416 2340 2673 2413 creavit,
2725 2339 2834 2401 sed
2893 2337 3218 2402 hominem
3267 2336 3626 2400 mirabilius
3682 2345 3912 2398 restau-

2416 2441 2599 2503 ravit.

2501 2538 2844 2608 Postremo,
2896 2535 3062 2597 sicut
3109 2534 3396 2597 Christus
3443 2534 3578 2596 haec
3624 2532 3774 2613 egit,
3825 2532 3912 2593 ita

2416 2643 2478 2698 et
2533 2633 2742 2698 omnis
2802 2632 3032 2696 Christi
3091 2632 3388 2706 vicariuS,
3451 2631 3722 2694 aliorum
3789 2630 3910 2692 sibi

2417 2734 2656 2796 habens
2715 2751 2932 2795 curam
2991 2731 3416 2807 commissam,
3468 2729 3521 2791 si
3581 2729 3916 2810 contigerit

2416 2830 2787 2914 quempiam
2840 2829 2962 2891 sibi
3007 2828 3417 2891 commissum
3463 2828 3782 2909 peccando
3819 2844 3916 2888 er-

2419 2949 2578 3004 rare,
2613 2928 2839 2990 ceteris
2879 2927 2999 2989 sub
3038 2927 3204 2990 bona
3241 2925 3526 2988 custodia
3569 2924 3910 2998 derelictiS,

2346 3019 2389 3083 C
2419 3028 2610 3091 debet
2638 3028 2716 3089 ad
2748 3026 2931 3088 illum
2968 3025 3398 3086 reducendum
3431 3041 3500 3085 se
3536 3029 3740 3086 totum
3771 3041 3917 3086 con-

2422 3133 2688 3199 vertere,
2743 3139 3104 3205 properare,
3158 3127 3460 3200 satagere,
3514 3119 3699 3181 illum
3744 3135 3918 3200 quae-

2421 3224 2638 3295 rendo,
2689 3221 3018 3291 hortando,
3062 3226 3123 3280 ct
3172 3219 3224 3280 si
3269 3237 3438 3300 ⁴opus
3481 3217 3698 3296 fuerit,
3745 3216 3917 3297 juste

2421 3321 2767 3404 puniendo,
2791 3320 2868 3381 ad
2900 3318 3130 3382 Christi
3158 3317 3424 3398 gratiam
3455 3333 3770 3389 revocare,
3806 3315 3918 3377 sic·
4270 3367 4271 3400 ζ

2421 3428 2492 3482 ut
2547 3421 2625 3482 ad
2677 3419 2920 3481 Galatas
2979 3416 3201 3480 scribit
3248 3415 3586 3497 Apostolus
3640 3432 3653 3476 :
3707 3413 3914 3476 Filioli
3971 3440 4216 3486 anm-„3
4270 3413 4271 3464 ἶ

2421 3518 2571 3591 mei,
2604 3535 2766 3599 quos
2817 3516 3045 3578 iterum
3098 3513 3403 3597 parturio,
3436 3514 3636 3577 donec
3683 3511 3918 3575 forme·
3947 3504 4016 3544 ¹⁹·
4270 3499 4271 3510 ’

2421 3624 2526 3678 tur
2567 3615 2853 3679 Christus
2897 3615 2963 3676 in
3009 3612 3213 3676 vobis·

2499 3715 2765 3796 Insuper
2793 3714 2872 3775 ad
2913 3713 3082 3774 idem
3120 3711 3592 3784 declarandum,
3626 3709 3920 3772 videlicet

2420 3813 2592 3895 quod
2641 3811 2853 3873 decuit
2897 3809 3218 3872 Christum
3260 3817 3620 3890 peccatores
3664 3808 3742 3869 ad
3789 3825 3922 3889 poe-

2423 3909 2754 3972 nitentiam
2808 3907 3100 3980 invitare,
3153 3915 3216 3968 et
3266 3905 3592 3968 venientes
3645 3905 3925 3967 clemen-

2421 4017 2518 4071 ter
2555 4007 2902 4089 suscipere,
2937 4005 3184 4067 inducit
3225 4002 3511 4067 Christus
3560 4002 3920 4084 parabolam

2423 4107 2694 4179 tertiam,
2730 4104 2955 4167 ceteris
2996 4102 3451 4166 evidentiorem
3493 4121 3566 4163 ac
3603 4101 3926 4183 pulchrio-

2347 4201 2394 4262 1)
2424 4224 2580 4267 rem.
2625 4203 2837 4265 Homo
2875 4203 3174 4282 quidam,
3223 4200 3287 4262 id
3337 4207 3454 4274 est,
3508 4199 3671 4261 Deus
3719 4199 3919 4271 Pater,

2425 4321 2536 4365 seu
2584 4299 2957 4381 Unigenitus
3005 4298 3110 4360 Dei
3165 4305 3424 4381 propter
3474 4315 3587 4361 nos
3637 4297 3924 4359 incarna-

2425 4408 2551 4474 ωε,
2588 4400 2664 4461 de
2707 4417 2836 4479 quo
2872 4397 3253 4478 (secundum
3295 4395 3620 4477 antiquam
3661 4395 3926 4457 transla-
4270 4473 4271 4476 Ἴ

2425 4497 2693 4578 tionem)
2721 4495 3006 4578 loquitur
3031 4494 3354 4568 Ieremias,
3388 4492 3464 4555 Et
3493 4493 3682 4556 homo
3712 4503 3830 4561 est.
3861 4499 3925 4555 et
3951 4517 4226 4562 mama.

2427 4597 2572 4680 quis
2603 4602 2939 4676 cognoscet
2967 4599 3161 4656 eum?
3201 4602 3392 4674 atque
3425 4591 3774 4665 Psalmista,
3807 4590 3926 4653 Ho—
3949 4578 4224 4684 {tun-*fik

2427 4713 2532 4757 mo
2575 4702 2762 4756 natus
2802 4699 2897 4754 est
2937 4692 3001 4753 in
3043 4710 3137 4765 ea,
3171 4698 3234 4752 et
3277 4690 3413 4772 ipse
3452 4688 3746 4751 fundavit
3785 4707 3926 4750 eam
3957 4709 3999 4748 ⁵.
4270 4687 4271 4701 ¹

2429 4792 2830 4866 Altissimus;
2865 4790 3094 4852 habuit
3119 4792 3282 4850 duos
3309 4791 3504 4866 filios,
3536 4788 3599 4849 id
3639 4795 3734 4850 est
3769 4787 3928 4850 duos

4067 4215 4128 4268 ss

2431 4891 2727 4975 populOS,
2773 4889 3104 4952 Judaicum
3164 4894 3226 4948 et
3280 4887 3604 4968 gentilem.
3660 4885 3767 4949 Est
3821 4903 3932 4948 au-

2431 5001 2562 5054 tem
2593 4988 2986 5052 consuetudo
3015 4986 3378 5068 Scripturae,
3413 4993 3614 5049 totum
3647 4985 3927 5066 aliquem

2433 5087 2747 5172 populum
2810 5085 3066 5148 nomine
3114 5082 3235 5145 filii
3285 5092 3393 5144 aut
3445 5082 3599 5145 filiae
3649 5083 3936 5163 designa-

2435 5186 2515 5260 ri,
2550 5183 3093 5266 quemadmodum
3124 5181 3189 5242 in
3226 5179 3553 5263 Prophetis
3594 5179 3934 5243 Israelitica

2436 5283 2620 5367 plebs
2669 5281 3040 5362 frequenter
3082 5296 3198 5361 per
3243 5277 3458 5358 filiam⁴
3495 5277 3644 5341 Sion
3693 5284 3802 5340 aut
3855 5274 3938 5338 fi-
