4300 6259
128 1380 187 1434 17

124 1875 187 1930 18

70 2671 227 2728 ΙῊῖη.

130 3642 192 3696 19

1158 517 1511 566 mannum
1553 517 1617 564 m
1658 517 1797 564 GAP.
1838 515 1969 564 xm
2010 516 2201 564 LUGAE.
2245 535 2328 548 -·
2367 517 2512 564 ΛΒΤ.
2558 518 2638 563 11.

3328 496 3450 562 139

320 697 501 762 sunt,
535 689 695 770 quia
724 708 905 752 suam
935 690 1329 754 curationem
1368 689 1845 771 adscripserunt
1871 686 1923 749 A
1952 689 2034 751 do
2082 695 2426 752 venturum
2475 688 2560 751 sit
2601 707 2868 770 regnum
2914 687 3106 750 istud.
3140 686 3317 748 Tune
3359 693 3454 747 et-

319 786 757 850 observantiae
786 788 943 869 legis
978 807 993 852 :
1024 789 1125 850 vel
1158 788 1323 862 ideo,
1348 788 1651 869 quoniam
1684 787 1844 849 dixit

318 887 401 947 ad
456 905 588 960 θος,
642 885 967 952 ostendite
1016 906 1126 950 vos
1186 885 1660 963 sacerdotibus3
1715 885 1837 960 vel,

318 984 483 1065 quia
528 1003 569 1046 a
619 985 1055 1048 sacerdotibus
1105 984 1353 1047 Christo
1406 983 1841 1048 invidentibus

316 1083 401 1145 ad
434 1083 562 1146 hoc
590 1082 837 1145 inducti
876 1091 1048 1156 sunt,
1084 1091 1155 1144 ut
1194 1101 1322 1146 non
1356 1082 1575 1145 virtuti
1608 1091 1673 1145 et
1700 1081 1844 1144 effi-

321 1181 523 1244 caciae
554 1181 811 1256 Christi,
847 1183 959 1248 sed
991 1181 1172 1262 legiS,
1199 1201 1378 1243 suam
1408 1180 1845 1244 adscriberent

321 1281 695 1343 sanitatem.

406 1381 829 1457 Respondeas
862 1387 1082 1440 autem
1107 1382 1315 1447 Iesus,
1346 1380 1526 1439 dimit
1554 1398 1578 1437 .·
1610 1379 1841 1440 Nonne

318 1479 545 1538 decem
603 1476 842 1558 leprosi
900 1477 1211 1538 mundati
1256 1479 1460 1538 sunt?
1504 1485 1566 1536 et
1613 1495 1841 1536 novem

320 1576 444 1634 ubi
484 1577 697 1635 sunt?
742 1575 927 1656 quasi
976 1575 1192 1637 dicat:
1236 1574 1406 1636 Patet
1453 1575 1529 1636 ad
1580 1574 1837 1637 oculum

318 1691 563 1753 magna
618 1672 1007 1754 ingratitudo
1074 1692 1319 1748 eorum,
1366 1691 1479 1736 seu
1544 1673 1838 1753 impietas

318 1772 732 1834 sacerdotum
782 1771 895 1854 qui
946 1789 1055 1834 eos
1108 1771 1319 1834 taliter
1359 1770 1833 1835 subverterunt.

1951 786 2125 849 enim
2187 787 2420 862 veniet,
2473 807 2674 868 quum
2737 785 3106 850 hominibus
3163 783 3451 848 confere-

1952 893 2055 947 tur
2084 904 2097 948 :
2127 887 2297 968 quod
2329 887 2452 948 erit
2489 886 2554 948 in
2586 886 2739 948 hora
2766 884 2992 966 judicii
3024 884 3450 967 particulariS,

1950 992 2265 1065 quantum
2308 986 2386 1047 ad
2427 984 2734 1066 singulOS,
2769 984 3099 1065 solamque
3137 981 3452 1061 animam;

1952 1081 2016 1144 in
2058 1083 2216 1145 hora
2256 1101 2405 1146 vero
2439 1082 2664 1165 judicii
2712 1082 3108 1156 universaliS,
3143 1088 3456 1162 quantum

1950 1182 2028 1243 ad
2059 1199 2280 1244 omnes
2319 1183 2575 1255 electos,
2609 1189 2765 1244 tunc
2803 1199 3068 1262 corpore
3097 1181 3285 1242 etiam
3326 1179 3459 1260 glo-

1952 1277 2318 1342 rificandos
2371 1279 2576 1351 Quum
2636 1297 2784 1360 ergo
2841 1278 3176 1360 utriusque
3229 1276 3456 1358 judicii

1951 1377 2086 1439 dies
2117 1395 2230 1438 seu
2263 1377 2417 1441 hora
2447 1385 2648 1439 exstet
2678 1377 3014 1458 incognita,
3041 1396 3160 1440 nec
3191 1377 3330 1438 sine
3361 1393 3460 1436 re-

1952 1475 2266 1539 velatione
2305 1483 2497 1557 queat
2535 1476 2839 1558 praesciri,
2875 1483 3118 1538 certum
3151 1481 3247 1537 est
3283 1475 3455 1556 quod

1950 1591 2218 1655 regnum
2258 1573 2590 1656 praefatum
2636 1593 2760 1638 non
2805 1573 3015 1636 veniat
3055 1593 3200 1636 cum
3238 1572 3456 1636 obser-

1950 1673 2224 1736 vatione.
2278 1673 2362 1734 De
2414 1691 2544 1754 quo
2593 1691 2787 1754 regno
2833 1691 3088 1736 oramus
3139 1671 3448 1753 quotidie,

1947 1771 2258 1834 Adveniat
2289 1789 2556 1852 regnum
2586 1778 2768 1833 tuum
2800 1790 2814 1832 ε
2845 1771 2986 1834 ideo
3012 1769 3288 1852 quilibet
3315 1769 3450 1832 dies
3504 1787 3748 1836 uanae.

320 1871 475 1932 Non
520 1878 615 1930 est
654 1872 961 1931 inventus
1003 1870 1083 1932 de
1125 1870 1264 1932 istis
1307 1871 1548 1944 decem,
1583 1871 1701 1948 qui
1742 1888 1841 1928 re·
1873 1870 1921 1933 B
1949 1869 2095 1932 vitm
2128 1869 2324 1950 hujus
2361 1869 2750 1932 ordinandus
2779 1876 2841 1930 et
2871 1869 3326 1951 expandendus
3357 1874 3452 1930 est
3483 1855 3549 1896 ¹⁰·

316 1969 501 2028 diret
530 1968 611 2030 ad
652 1986 777 2042 me,
810 1978 871 2028 et
900 1971 1087 2028 daret
1108 1969 1394 2044 ‚qloriam
1427 1971 1581 2038 Dec,
1612 1967 1676 2029 id
1717 1975 1833 2040 est,

318 2067 403 2128 de
436 2085 559 2128 sua
592 2066 975 2128 miraculosa
1006 2065 1331 2129 curatione
1358 2065 1590 2146 gratias
1627 2072 1841 2147 ageret

318 2164 475 2237 Dec,
511 2162 807 2245 ejusque
858 2162 1207 2245 potentiam
1263 2163 1671 2244 glorificaret,
1724 2181 1837 2225 seu

318 2280 429 2324 me
460 2261 573 2324 Dei
616 2261 849 2324 Filium
883 2279 1243 2343 verumque
1280 2261 1477 2323 Deum
1519 2280 1633 2342 pro
1667 2269 1840 2324 tanto

318 2359 653 2422 beneficio
684 2360 1045 2434 honoraret,
1068 2361 1195 2420 nisi
1222 2361 1331 2420 hic
1357 2361 1749 2436 aliem‘qena,
1774 2359 1839 2421 id

318 2467 421 2521 est
474 2459 739 2521 natione
791 2457 1053 2538 gentilis
1100 2466 1165 2520 et
1212 2457 1459 2520 alienus
1508 2477 1545 2519 a
1593 2457 1719 2521 Deo
1765 2476 1839 2520 ae

320 2557 490 2638 lege.
526 2555 633 2619 Sic
672 2564 735 2619 et
772 2555 1047 2618 Naaman
1078 2554 1270 2638 Syrus
1312 2563 1567 2618 curatus
1597 2575 1634 2618 a
1663 2555 1840 2638 lepra

247 2688 289 2724 v,
323 2673 445 2737 per
500 2653 813 2730 Eliseum‚
865 2654 1055 2717 rediit
1102 2655 1180 2716 ad
1228 2672 1399 2728 eum,
1442 2653 1677 2734 gratias
1734 2655 1841 2716 de-

322 2753 665 2817 votissime
705 2771 922 2834 agens.
964 2752 1269 2816 Praeterea
1310 2753 1640 2834 quaeritur‚
1682 2771 1840 2833 quo-

320 2853 521 2915 modo
571 2851 677 2912 isti
731 2869 961 2914 novem
1012 2851 1251 2914 reversi
1302 2869 1428 2914 non
1485 2857 1654 2925 sunt,
1698 2850 1751 2912 si
1802 2869 1839 2910 a

316 2949 583 3013 Christo
613 2968 739 3012 non
772 2949 979 3014 solum
1010 2949 1445 3031 corporaliter,
1478 2951 1589 3012 sed
1618 2957 1681 3012 et
1711 2949 1839 3031 spi-

1948 1975 2252 2047 tanquam
2284 1967 2368 2030 sit
2397 1967 2682 2040 ultimuS,
2719 1973 2788 2027 ut
2819 1984 3074 2048 semper
3111 1965 3311 2028 simus
3343 1985 3454 2047 pa-

1950 2065 2066 2127 rati
2104 2067 2186 2128 ad
2225 2074 2516 2128 mortem.
2551 2065 2726 2127 Unde
2767 2072 2828 2126 et
2857 2063 3172 2147 Apostolis
3219 2065 3296 2126 de
3336 2064 3453 2126 hac

1950 2181 2017 2226 re
2059 2163 2496 2245 quaerentibus
2545 2162 2832 2227 Christus
2883 2163 3209 2244 respondit
3252 2180 3266 2224 t
3313 2161 3449 2225 Non

1948 2271 2045 2325 est
2082 2269 2364 2325 vestrum
2409 2279 2592 2326 nosse
2631 2269 2919 2342 tempora
2959 2260 3058 2322 vel
3104 2267 3448 2334 momenta,

1947 2379 2093 2442 quae
2122 2359 2300 2421 Pater
2331 2359 2544 2441 posuit
2571 2359 2636 2421 in
2669 2378 2784 2421 sua
2816 2365 3136 2440 potestate.
3164 2357 3278 2420 Per
3307 2377 3452 2439 quae

1949 2457 2145 2523 verba
2192 2457 2478 2521 Christus
2529 2457 2833 2540 repressit
2882 2457 3112 2538 digitos
3161 2455 3451 2519 omnium

1952 2557 2031 2618 de
2076 2557 2198 2618 hac
2237 2573 2306 2618 re
2355 2556 2801 2638 praenosticare
2843 2563 2904 2618 et
2945 2555 3258 2617 calculare
3295 2573 3454 2636 prae-

1952 2654 2367 2716 sumentium.
2401 2653 2474 2716 Hi
2505 2672 2764 2736 quoque
2793 2654 2905 2735 qui
2937 2661 3190 2735 tempus
3221 2653 3453 2715 adven-

1951 2761 2053 2815 tus
2093 2752 2324 2816 Christi
2368 2754 2446 2816 ad
2483 2752 2796 2834 judicium
2839 2753 3256 2815 determinate
3294 2770 3454 2834 prae-

1949 2852 2162 2914 dicere
2190 2859 2600 2925 attentarunt,
2623 2859 2693 2913 ut
2719 2851 2914 2913 abbas
2938 2851 3218 2914 loachim
3249 2857 3312 2912 et
3340 2850 3450 2913 alii

1948 2950 2234 3031 quidam,
2296 2967 2540 3012 errasse
2605 2949 2846 3012 inventi
2913 2957 3082 3022 sunt,
3145 2948 3448 3030 quoniam

318 3049 649 3112 ritualiter
679 3048 881 3110 curati
913 3047 940 3110 s
945 3051 1219 3110 uerunt?
1249 3048 1343 3109 Ad
1374 3049 1547 3130 quod
1581 3065 1839 3130 respon·
1868 3047 1911 3110 C
1948 3055 2234 3130 tempora
2283 3047 2361 3109 ab
2402 3047 2496 3109 eis
2546 3048 2962 3110 determinata
3006 3047 3136 3128 jam
3188 3046 3452 3109 transie-

318 3149 477 3209 dere
518 3147 670 3229 quis
716 3155 943 3229 potest,
977 3147 1149 3226 quod
1194 3146 1386 3209 simul
1426 3145 1837 3228 corporaliter

314 3244 881 3327 spiritualiterque
920 3243 985 3306 in
1018 3243 1121 3307 via
1148 3245 1227 3308 ad
1257 3245 1613 3308 sacerdotes
1652 3263 1837 3306 mun-

316 3345 451 3406 dati
492 3344 647 3418 sint,
686 3343 795 3404 sed
836 3350 1176 3424 postquam
1213 3342 1647 3406 sacerdotibus
1686 3351 1835 3406 sunt

316 3441 551 3514 locuti,
582 3440 665 3503 ab
712 3441 953 3503 eisdem
999 3438 1245 3502 seducti
1287 3438 1573 3515 fuerunt,
1616 3441 1835 3522 sicque

318 3540 561 3621 ingrati
608 3538 823 3602 effecti
870 3545 1042 3612 sunt,
1076 3547 1140 3600 et
1183 3539 1713 3602 recidivaverunt.

406 3642 501 3700 Ec
530 3640 633 3699 ait
660 3641 769 3698 illi
797 3638 979 3700 Iesus
1013 3655 1027 3700 ε
1061 3639 1277 3715 Surye
1316 3657 1353 3699 a
1390 3645 1559 3700 terra
1601 3638 1668 3700 in
1711 3657 1838 3720 qua

316 3737 499 3816 jaces
550 3743 927 3817 prostratus,
969 3744 1162 3816 atque
1204 3755 1241 3797 a
1284 3735 1554 3817 pristina
1601 3736 1667 3798 in
1712 3757 1839 3819 qua

316 3835 677 3916 aliquando
718 3833 977 3914 jacuisti
1025 3833 1487 3896 consuetudine
1530 3835 1840 3899 inclinati-

316 3951 581 4015 oneque
621 3933 809 4008 mala,
845 3935 1009 3992 vade
1037 3932 1114 3993 ad
1155 3931 1293 3994 loca
1334 3931 1449 3996 tibi
1488 3952 1843 3998 accommo-

316 4033 421 4104 da,
480 4038 549 4094 et
596 4030 677 4093 de
725 4029 894 4094 bono
944 4030 1009 4091 in
1062 4029 1315 4105 meliuS,
1364 4049 1437 4093 ac
1486 4031 1563 4092 de
1613 4032 1717 4093 via
1763 4033 1840 4094 ad

318 4131 603 4212 patriam
648 4129 874 4191 salutis
923 4138 1197 4203 aeternae,
1230 4131 1391 4208 quia
1426 4133 1588 4207 fides
1628 4139 1743 4191 tua
1786 4141 1842 4192 ce

1950 3154 2120 3209 runt.
2142 3149 2362 3227 Neque
2382 3148 2614 3212 dicent.
2639 3146 2758 3208 hoc
2787 3155 2896 3219 est,
2923 3147 3074 3208 certi
3085 3146 3451 3208 tudinaliter

1952 3244 2298 3328 praedicere
2347 3262 2474 3306 non
2516 3243 2844 3318 valebunt,
2886 3244 3282 3326 quicumque
3321 3242 3450 3305 sint

1952 3343 2071 3418 illi,
2100 3347 2260 3405 E'cce
2289 3345 2418 3415 hic,
2451 3353 2568 3404 auc
2595 3363 2730 3403 ecce
2759 3345 2926 3414 illic,
2957 3343 3020 3406 id
3060 3350 3177 3416 est,
3215 3342 3278 3404 in
3322 3361 3451 3424 quo

1950 3442 2089 3505 loco
2145 3449 2447 3522 appareat
2503 3440 2790 3504 Christus
2847 3443 2924 3503 ad
2982 3439 3449 3520 judicandum3

1950 3541 2059 3604 sed
2104 3547 2259 3602 tunc
2299 3540 2508 3621 primo
2549 3539 2612 3600 id
2657 3539 3030 3612 innotescet,
3071 3557 3274 3619 quum
3315 3538 3454 3619 ipse

1951 3657 2019 3702 se
2062 3639 2278 3721 ipsum
2326 3639 2406 3701 ad
2453 3637 2871 3718 judicandum
2933 3645 3308 3719 praesentem
3358 3656 3456 3699 os-

1949 3738 2247 3800 tenderit.
2289 3737 2461 3800 Istud
2502 3736 2762 3819 quidam
2812 3743 3141 3818 exponunt
3181 3736 3259 3798 de
3301 3755 3458 3818 prae-

1951 3836 2304 3899 nescientia
2351 3835 2680 3918 temporiS,
2735 3835 3090 3897 secundum
3142 3835 3314 3915 quod
3365 3835 3457 3896 di·

1951 3944 2125 3998 ctum
2157 3942 2292 4013 est3
2339 3934 2446 3995 alii
2490 3934 2568 3996 de
2608 3933 3090 4014 praenescientia
3125 3932 3269 4007 loci,
3304 3933 3459 4014 quia

1951 4033 2099 4096 licet
2159 4033 2226 4094 in
2287 4033 2450 4096 valle
2504 4032 2802 4114 Josaphat
2860 4032 3106 4094 dicatur
3162 4030 3452 4093 futurum

1948 4130 2288 4213 judicium,
2351 4139 2560 4194 tamen
2625 4130 3082 4193 determinatus
3147 4131 3324 4193 locus
3389 4131 3454 4194 in

314 4233 587 4290 salvum
614 4230 795 4305 fecit,
828 4228 893 4290 id
934 4235 1051 4302 est,
1084 4235 1227 4290 actu
1268 4226 1423 4290 fidei
1465 4236 1591 4291 tuae
1632 4247 1841 4291 meru·
1870 4235 1919 4298 D
1950 4249 2079 4312 quo
2122 4231 2410 4294 Christus
2455 4229 2720 4304 sedebit,
2763 4227 2969 4291 fertur
3007 4229 3283 4310 ignotus
3328 4229 3456 4292 Ali-

320 4327 425 4389 isti
462 4346 507 4390 a
534 4344 639 4389 me
678 4326 763 4389 ita
793 4326 1025 4399 curari,
1062 4324 1179 4387 etsi
1221 4344 1349 4388 non
1385 4326 1463 4387 de
1498 4327 1833 4408 condign0‚

320 4427 561 4488 saltem
602 4426 681 4487 de
723 4443 1024 4506 congruo.

402 4527 863 4601 Interroyatus
890 4533 1109 4585 autem
1140 4545 1181 4583 α
1212 4523 1599 4594 ΡΙιανίεωίε,
1630 4524 1729 4586 vel
1762 4542 1840 4586 ex

320 4622 723 4696 curiositate,
757 4622 857 4684 vel
902 4639 981 4684 ex
1022 4620 1342 4684 derisione
1376 4639 1389 4683 :
1430 4624 1699 4690 Quando
1739 4644 1842 4683 ve-

318 4723 425 4782 nit
468 4740 749 4798 regnum
788 4722 961 4782 Dei?
1003 4719 1071 4782 id
1112 4727 1231 4795 est,
1265 4721 1521 4801 quando
1565 4721 1839 4784 coelestis

320 4819 661 4882 beatitudo
688 4837 882 4900 quam
914 4818 1235 4900 promittis
1266 4827 1329 4880 et
1360 4819 1680 4901 praedicas
1702 4839 1843 4883 con-

320 4917 575 4980 feretur
632 4925 743 4978 aut
798 4915 1375 4979 manifestabitur?
1423 4921 1843 4994 Respondens

320 5019 439 5084 eis,
486 5017 669 5077 dixit
711 5036 735 5074 .·
775 5017 925 5077 Non
974 5018 1153 5078 venit
1200 5036 1473 5093 regnum
1525 5019 1645 5077 Dei
1692 5039 1841 5079 cum

320 5115 787 5186 observacione,
830 5114 951 5176 hoe
991 5122 1087 5176 est
1128 5133 1274 5176 cum
1320 5123 1492 5176 certa
1532 5116 1840 5197 temporis

324 5211 783 5294 praetaxatione
820 5226 933 5274 seu
980 5211 1495 5294 praecognitione‚
1536 5213 1623 5274 ita
1670 5216 1841 5295 quod

326 5309 657 5374 observari
699 5327 827 5373 non
858 5308 1048 5384 valet,
1084 5327 1296 5391 neque
1330 5310 1610 5392 praesciri
1643 5330 1844 5393 quan-

1950 4329 2065 4410 qui
2113 4346 2374 4410 quoque
2433 4345 2548 4410 per
2597 4327 2826 4390 vallem
2874 4327 3172 4410 Josaphat
3219 4327 3457 4390 intelli-

1946 4436 2107 4508 gunt
2146 4427 2376 4489 vallem
2421 4425 2672 4507 judicii,
2714 4445 2843 4488 non
2893 4427 3100 4489 locum
3148 4427 3333 4488 illum
3375 4428 3454 4489 ad

1950 4527 2250 4606 litteram,
2301 4525 2455 4607 quia
2500 4525 2798 4606 Josaphat
2855 4525 3310 4608 interpretatur
3354 4526 3456 4606 ju-

1950 4625 2213 4688 dicium.

2049 4722 2523 4802 Gonsequenter
2579 4719 2863 4784 Salvator
2932 4723 3134 4802 tangit
3197 4741 3452 4785 causam

1950 4840 2066 4884 eur
2103 4820 2372 4902 quaestio
2412 4819 2530 4880 ista
2567 4817 2860 4882 facienda
2899 4838 3023 4883 non
3065 4820 3170 4894 sit,
3197 4820 3296 4884 vel
3340 4839 3456 4882 cur

1950 4919 2073 4981 sibi
2124 4918 2510 4980 credendum
2557 4917 2893 4978 exstiterit.
2937 4921 3098 4979 Ecce
3134 4919 3310 4978 enim
3359 4938 3456 4978 re-

1948 5039 2159 5095 ynum
2187 5018 2310 5079 Dei
2339 5017 2518 5076 iutra
2550 5035 2657 5075 vos
2686 5026 2800 5084 est,
2833 5015 2952 5078 hoc
2993 5024 3108 5089 est,
3145 5015 3212 5076 in
3244 5023 3453 5078 vestra

1952 5120 2258 5198 potestate
2289 5121 2384 5175 est
2423 5113 2862 5188 constitutum,
2901 5121 2968 5174 ut
3009 5114 3168 5176 illud
3206 5133 3454 5196 prome-

1953 5215 2076 5277 reri
2119 5212 2376 5296 possitis
2411 5231 2425 5275 ε
2461 5211 2614 5293 quia
2643 5211 2696 5273 si
2734 5211 3013 5274 feceritis
3043 5214 3215 5294 quod
3247 5213 3312 5274 in
3346 5232 3451 5278 vo-

1952 5312 2053 5375 bis
2082 5319 2198 5387 est,
2233 5310 2396 5372 Deus
2433 5309 2700 5391 gratiam
2738 5309 2978 5373 tribuet
3014 5313 3444 5394 promerendi.

3503 2173 3604 2218 Act.
3626 2188 3655 2226 ι,
3676 2176 3716 2216 7.

3583 3150 3652 3205 21
