4300 6259
839 499 962 564 568
1595 515 1946 562 mannum
1990 515 2053 560 ix
2095 515 2233 560 cap.
2278 513 2407 559 xvii
2447 495 2723 560 somnis.
2764 533 2847 544 —
2886 515 3029 560 aar.
3074 515 3175 561 xu

839 688 985 750 liter
1032 689 1360 752 ordinatur
1415 690 1494 751 ad
1553 688 2055 770 redemptionem
2111 686 2335 748 huma-
2361 684 2413 745 Α
2440 685 2669 772 nonica
2712 704 2724 748 :
2768 685 3112 761 carissimi,
3156 704 3326 749 nunc
3366 685 3489 748 filii
3526 684 3639 747 Dei
3688 703 3931 758 sumus,
3964 699 4196 746 noenu.

837 806 1008 849 nam.
1059 786 1234 850 Datio
1285 805 1433 850 vero
1479 786 1675 866 hujus
1727 785 2052 868 potestatis
2099 792 2335 846 aeterna

837 893 1204 967 competens
1236 885 1484 949 Christo
1521 885 1874 950 secundum
1914 884 2197 945 divinam
2234 902 2335 945 na-

837 991 1068 1059 turam,
1124 1002 1248 1047 non
1300 983 1628 1047 ordinatur
1675 983 1752 1044 ad
1801 982 1972 1044 aliud
2023 988 2329 1056 creatum,

838 1084 946 1144 sed
992 1082 1202 1164 potius
1245 1081 1398 1144 finis
1442 1091 1540 1144 est
1581 1081 1790 1146 omnis
1835 1087 2159 1143 creaturae.

919 1185 1074 1244 Hoec
1109 1192 1200 1242 est
1235 1193 1446 1243 autem
1490 1185 1624 1243 vita
1659 1192 1924 1253 oecerna,
1970 1181 2033 1243 id
2079 1189 2195 1254 est,
2230 1197 2333 1242 ve-

837 1299 905 1341 ra
934 1287 1126 1361 atque
1155 1280 1430 1343 coelestis
1465 1280 1733 1342 felicitas
1769 1279 2056 1343 consistit
2087 1279 2153 1340 in
2187 1279 2326 1354 hoc,

834 1388 909 1440 ut
951 1390 1346 1456 cognoscant,
1387 1379 1557 1442 clare
1603 1397 1716 1461 per
1767 1378 2043 1461 speciem
2094 1397 2108 1440 :
2159 1378 2331 1458 quod

571 1490 807 1543 moram,
836 1475 1174 1558 Apostolus
1223 1477 1401 1557 dicit,
1440 1477 1622 1540 Facie
1671 1477 1747 1539 ad
1799 1476 2067 1548 faciem;
2123 1486 2179 1536 te
2222 1475 2333 1537 Pa-

837 1583 997 1636 trem
1055 1579 1265 1637 solum
1311 1579 1518 1637 Deum
1568 1597 1816 1650 verum,
1868 1576 1981 1657 qui
2039 1594 2106 1637 es
2167 1574 2330 1636 Deus

542 1691 806 1743 neutum,
838 1691 1048 1748 veruS,
1094 1682 1322 1756 praeter
1365 1673 1556 1756 q'uem
1603 1694 1726 1738 non
1771 1683 1868 1736 est
1907 1675 2070 1736 alius
2113 1674 2277 1735 Deus
2312 1692 2325 1736 ε

837 1772 924 1834 ita
966 1774 1137 1854 quod
1181 1773 1375 1836 dictio
1421 1773 1530 1835 illa
1573 1773 1918 1848 exclusiva,
1959 1777 2195 1842 solum,
2226 1774 2331 1834 de-

2441 791 2505 846 et
2542 787 2823 847 nondum
2860 786 3159 867 apparuit
3192 786 3349 867 quid
3386 785 3662 864 erimus;
3694 784 3937 846 seimus
3962 765 4007 806 Ξ·

2441 883 2743 964 quoniam
2784 904 2985 966 quum
3025 883 3412 966 apparuerit,
3446 882 3687 944 similes
3719 883 3779 944 ei
3818 883 3941 943 eri·

2442 1001 2602 1054 mus
2636 982 2789 1064 quia
2826 982 3186 1044 videbimus
3225 1001 3373 1044 eum
3410 981 3597 1043 sicuti
3638 987 3745 1042 est.
3780 979 3941 1043 Prae-

2441 1087 2613 1142 terea
2668 1099 2889 1143 omnes
2946 1080 3151 1143 Sancti
3214 1079 3321 1142 Dei
3380 1079 3689 1143 visionem
3748 1079 3935 1160 quasi

2444 1198 2767 1241 summum
2833 1179 3159 1262 finaleque
3229 1178 3469 1242 bonum
3534 1177 3937 1240 desiderave-

2443 1285 2612 1338 runt.
2666 1277 2825 1340 Hinc
2872 1277 3109 1361 Moyses
3160 1277 3423 1340 Domino
3480 1277 3749 1358 loquens
3800 1296 3815 1338 :
3870 1276 3933 1336 Si
4014 1289 4143 1330 Exod-

2442 1375 2657 1439 inveni
2692 1377 2960 1459 (inquit)
2990 1377 3253 1458 gratiam
3300 1375 3363 1438 in
3409 1383 3755 1457 conspectu
3795 1382 3930 1448 tue,
3962 1354 4170 1399 ⁸¹¹''¹'¹³‘

2438 1476 2699 1537 ostende
2746 1475 2906 1537 mihi
2953 1474 3181 1537 faciem
3231 1482 3426 1548 tuam,
3470 1483 3540 1536 ut
3585 1473 3781 1536 sciam
3824 1481 3931 1544 te;

2439 1579 2502 1634 et
2567 1572 2915 1648 Psalmista,
2980 1572 3249 1636 Ostende
3314 1572 3540 1635 faciem
3608 1581 3807 1646 tuam,
3868 1579 3933 1632 et
3982 1583 4055 1625 1³⁸.
4076 1598 4189 1630 um,
4250 1571 4252 1594 ²

2440 1672 2596 1735 salvi
2646 1670 2907 1734 erimus.
2963 1671 3081 1735 Sed
3132 1679 3195 1734 et
3241 1671 3605 1734 Aristoteles
3657 1669 3931 1732 naturali
3959 1651 4127 1697 ‘'⁸·²⁰·

2439 1771 2679 1833 ratione
2730 1771 3048 1846 inductuS,
3091 1770 3337 1833 decimo
3378 1769 3739 1832 Ethicorum
3790 1767 3935 1830 feli-

837 1871 1134 1934 terminat
1180 1871 1399 1946 Deum,
1442 1873 1786 1935 excludens
1834 1890 2089 1936 omnem
2136 1872 2327 1933 aliam
2366 1867 2411 1929 B
2439 1868 2691 1931 citatem
2742 1871 3071 1933 constituit
3113 1869 3179 1932 in
3222 1868 3655 1951 speculatione
3699 1866 3929 1950 optimi

834 1970 1154 2044 deitatem,
1188 1971 1491 2051 quoniam
1537 1989 1664 2034 non
1713 1977 1808 2032 est
1851 1971 2048 2032 deitas
2099 1978 2328 2052 praeter

831 2086 970 2131 eam
1021 2087 1166 2150 quae
1214 2076 1309 2130 est
1357 2069 1422 2131 in
1473 2069 1648 2131 Patre
1695 2077 1758 2131 et
1795 2069 1992 2143 Pater,
2035 2087 2181 2150 quae
2229 2087 2329 2130 ea-

831 2167 975 2229 dem
1021 2185 1288 2230 numero
1329 2175 1424 2229 est
1469 2167 1534 2229 in
1577 2167 1782 2230 tribus
1827 2167 2138 2242 PersoniS‚
2183 2187 2327 2249 quae

828 2274 978 2327 sunt
1023 2285 1188 2328 unus
1233 2265 1405 2328 solus
1449 2285 1635 2329 verus
1678 2266 1842 2328 Deus
1889 2284 1902 2328 :
1943 2275 2168 2347 estque
2206 2267 2327 2329 hoc

827 2364 1016 2427 modo
1065 2382 1464 2445 unaquaeque
1513 2381 1730 2426 earum
1787 2364 1960 2428 solus
2009 2365 2172 2426 Deus
2223 2383 2326 2428 ve-

826 2481 958 2522 rus‚
1003 2459 1091 2522 Ex
1135 2481 1264 2543 quo
1307 2462 1611 2525 elucescit
1653 2461 1926 2544 perfidia
1962 2462 2092 2524 Arii
2133 2471 2325 2545 atque

829 2557 1144 2634 Eunomii,
1196 2560 1598 2640 arguentium
1649 2579 1725 2621 ex
1774 2560 1893 2623 hoc
1942 2561 2100 2635 loco,
2153 2562 2325 2641 quod

828 2657 1026 2720 Filius
1075 2665 1138 2719 et
1175 2656 1448 2740 Spiritus
1492 2657 1756 2720 Sanctus
1797 2659 1924 2720 sint
1969 2677 2144 2740 puras
2191 2678 2327 2722 cre-

829 2763 1048 2830 aturae,
1109 2756 1292 2837 quasi
1350 2759 1544 2828 solua,
1605 2757 2054 2819 determinaret
2111 2776 2326 2840 perso-

831 2872 1001 2928 nam,
1053 2861 1117 2916 ct
1164 2873 1450 2935 personae
1497 2855 1861 2918 excluderet
1909 2857 2320 2920 consortium.

2438 1968 2870 2050 speculabilis.
2926 1969 3013 2030 Ex
3064 1968 3301 2051 quibus
3350 1975 3540 2050 patet,
3584 1986 3779 2048 quam
3828 1986 3933 2027 ru-

2438 2069 2534 2130 dis
2594 2069 2675 2129 sit
2730 2067 3220 2131 Sarracenorum
3270 2067 3759 2147 Judaeorumque
3814 2084 3933 2128 οω-

2436 2167 2612 2241 citas,
2666 2167 2777 2249 qui
2828 2166 3195 2229 felicitatem
3256 2175 3503 2248 ponunt
3547 2165 3613 2227 in
3664 2165 3935 2227 exterio—

2435 2265 2613 2329 ribus
2652 2265 2835 2328 bonis
2872 2266 3249 2348 deliciisque
3286 2264 3661 2336 carnalibuS,
3686 2264 3933 2326 scilicet

2436 2364 2501 2426 in
2562 2364 2995 2446 voluptatibus
3051 2371 3274 2445 gustus
3331 2371 3395 2426 et
3452 2371 3675 2437 tactuS,
3736 2369 3929 2444 atque

2436 2463 2776 2525 similibus,
2822 2462 3185 2544 Corporalia
3230 2461 3401 2524 enim
3446 2481 3571 2524 non
3620 2469 3775 2522 sunt
3818 2461 3931 2524 bo-

2436 2582 2515 2624 na
2556 2563 2955 2644 simpliciter,
3000 2579 3207 2644 neque
3248 2561 3489 2636 finalia,
3532 2561 3641 2623 sed
3686 2562 3764 2623 ad
3804 2561 3929 2642 spi-

2436 2661 2686 2723 ritualia
2716 2661 3107 2724 ordinantur.
3142 2660 3432 2724 Carnales
3464 2661 3728 2741 insuper
3756 2659 3931 2722 volu-

2436 2768 2637 2843 ptates
2677 2759 2861 2822 nobis
2904 2767 2968 2821 et
3012 2759 3231 2821 bestiis
3269 2765 3419 2820 sunt
3456 2776 3843 2830 communes,
3866 2767 3927 2820 et

2434 2859 2498 2921 in
2552 2877 2619 2921 se
2669 2858 2825 2921 viles
2875 2866 3045 2920 sunt.
3092 2857 3417 2921 Beatitudo
3464 2865 3673 2919 autem
3724 2858 3929 2920 consi·

831 2951 934 3014 Sic
974 2969 1122 3032 ergo
1165 2962 1546 3034 cognoscant
1589 2963 1671 3028 te,
1703 2965 1763 3015 et
1803 2954 1952 3016 item
1984 2977 2173 3036 quem
2206 2958 2327 3017 mi·
2434 2956 2543 3019 stit
2592 2957 2657 3018 in
2710 2957 2978 3018 summis
3028 2957 3439 3039 honestisque
3478 2955 3686 3030 bonis,
3728 2965 3795 3018 et
3838 2955 3927 3018 fe-

833 3052 980 3110 sisti
1024 3055 1244 3112 ,Iesum
1297 3054 1621 3114 Christum
1670 3073 1692 3112 .·
1741 3052 1802 3115 id
1862 3061 1977 3128 est,
2032 3053 2098 3116 in
2157 3053 2326 3118 claro
2359 3051 2401 3116 C
2436 3056 2639 3118 licitas
2689 3063 2785 3118 est
2832 3054 3071 3117 bonum
3124 3055 3537 3137 praedignum‚
3572 3053 3921 3136 spirituale,

831 3158 895 3211 et
932 3148 1195 3212 fruitivo
1242 3151 1546 3232 adspectu
1585 3150 1781 3213 Patris
1825 3161 1888 3215 et
1925 3152 2065 3214 Filii
2110 3173 2329 3216 secun·
2436 3155 2744 3230 divinum,
2772 3154 3069 3218 videlicet
3096 3154 3335 3236 optima
3363 3153 3645 3235 operatio
3673 3153 3927 3235 optimae

831 3249 984 3310 dum
1025 3247 1165 3329 ejus
1206 3248 1624 3323 divinitatem,
1651 3249 1818 3312 haud
1857 3251 2126 3313 dubium
2167 3252 2324 3334 quin
2438 3253 2735 3336 potentiae
2792 3254 3145 3315 secundum
3198 3253 3497 3316 virtutem
3556 3251 3921 3334 perfectam.

829 3354 893 3409 et
936 3345 1211 3428 Spiritus
1251 3346 1486 3420 Sancti,
1520 3346 1844 3412 beatitudo
1893 3350 2102 3412 omnis
2150 3370 2329 3414 men·
2518 3355 2657 3430 Eyo
2708 3361 2765 3411 te
2810 3353 3201 3428 clarificavi,
3250 3351 3312 3413 id
3359 3361 3475 3424 est,
3527 3359 3817 3413 sanctum
3866 3360 3927 3414 et

830 3443 912 3506 tis
961 3450 1184 3506 creatae
1241 3444 1664 3506 essentialiter
1709 3446 1828 3507 sita
1886 3455 2001 3508 est.
2055 3446 2327 3510 Trinitas
2440 3469 2762 3513 summum
2810 3449 3057 3513 ostendi
3102 3469 3174 3511 ac
3217 3449 3543 3523 honoravi,
3575 3469 3771 3526 super
3810 3461 3928 3510 ter-

832 3559 1109 3622 namque
1154 3541 1702 3624 superbenedicta,
1745 3552 1839 3605 est
1888 3563 2086 3606 unum
2133 3546 2331 3608 beati-
2437 3569 2607 3619 ram,
2650 3549 2711 3610 id
2760 3556 2856 3609 est
2898 3547 3064 3609 inter
3107 3547 3395 3611 homines
3440 3547 3709 3610 viatores
3752 3547 3929 3609 habi-

831 3641 1032 3703 ficum
1062 3640 1384 3722 objectum
1426 3643 1713 3705 omnium
1747 3643 2098 3708 Beatorum.
2133 3646 2198 3707 In
2234 3665 2331 3709 co·
2439 3654 2642 3708 tantes
2692 3647 2757 3708 in
2805 3655 2993 3721 terra,
3046 3645 3283 3727 quibus
3342 3644 3739 3708 manifestavi
3800 3665 3931 3708 ma-

831 3739 1118 3822 gnitione
1172 3747 1384 3802 autem
1433 3740 1663 3804 Christi
1724 3744 2076 3805 secundum
2126 3744 2329 3826 ipsius
2436 3745 2725 3827 jestatem
2796 3753 2991 3817 tuam,
3056 3744 3359 3818 docendo,
3420 3744 3599 3825 signa
3660 3746 3925 3825 agendo,

835 3837 1316 3912 humanitatem,
1381 3839 1704 3902 beatitudo
1761 3842 2071 3917 consistit,
2131 3862 2331 3924 quan-
2440 3861 2629 3906 omne
2683 3844 2919 3907 bonum
2981 3840 3097 3904 tibi
3156 3840 3579 3918 attribuendo,
3638 3843 3795 3906 alios
3852 3844 3927 3905 ad

836 3944 971 3999 tum
1011 3938 1088 3998 ad
1131 3937 1466 4019 praemium
1503 3939 1911 4015 accidentale,
1953 3949 2016 4003 et
2057 3959 2135 4003 ex
2184 3961 2333 4006 con-
2442 3942 2949 4022 cognoscendum
3006 3960 3080 4003 ac
3137 3942 3575 4004 honorandum
3624 3941 3929 4003 inducen-

837 4035 1127 4116 sequenti
1175 4035 1276 4098 vel
1320 4036 1716 4100 secundario.

836 4231 946 4293 stit
985 4231 1050 4292 in
1090 4237 1234 4292 actu
1276 4231 1634 4294 intellectus
1674 4234 2095 4296 essentialiter
2130 4254 2206 4298 ac
2242 4237 2334 4298 di-
2364 4238 2412 4300 D
2440 4237 2889 4297 consummavi
2934 4239 3105 4314 quod
3148 4237 3391 4296 dedisti
3436 4237 3606 4296 mihi
3652 4246 3725 4296 ut
3770 4237 3932 4312 faci-

837 4336 1027 4403 recte‚
1081 4329 1166 4390 ita
1215 4331 1386 4411 quod
1436 4332 1886 4414 contemplatio
1945 4352 2213 4396 summae
2260 4353 2332 4397 ac
2442 4356 2570 4406 am,
2616 4335 2677 4396 id
2726 4342 2841 4408 est,
2884 4332 3199 4415 quidquid
3246 4333 3323 4394 ad
3372 4333 3631 4395 humani
3680 4334 3931 4414 generis

839 4426 1062 4510 primae
1111 4427 1393 4491 veritatis
1451 4429 1620 4491 clara
1677 4437 1740 4492 et
1799 4430 2185 4507 immediata,
2240 4440 2335 4494 est
2447 4433 2945 4515 redemptionem
2998 4431 3357 4514 praecepisti
3406 4449 3507 4493 me
3553 4431 3784 4506 facere,
3832 4434 3938 4495 do-

2443 4041 2541 4114 do,
2576 4039 2693 4101 tibi
2728 4057 2930 4120 usque
2958 4040 3037 4100 ad
3068 4046 3334 4101 mortem
3366 4038 3739 4114 obediendo,
3776 4040 3925 4101 item
3954 4057 4187 4112 Ριειερμιι.

925 4129 1014 4194 Ex
1065 4132 1164 4194 his
1215 4141 1480 4206 constat,
1533 4136 1704 4215 quod
1753 4134 2076 4199 beatitudo
2125 4138 2341 4200 consi-2
2443 4138 2507 4199 in
2540 4137 2838 4200 omnibus
2868 4137 3263 4199 sanctissime
3293 4137 3739 4200 conversando.
3758 4140 3929 4216 Opus
3952 4123 3989 4163 ⁸·

838 4524 1112 4588 essentia
1159 4525 1592 4601 beatitudiniS‚
1647 4545 1758 4588 seu
1811 4528 1948 4610 ipsa
1997 4528 2269 4592 felicitas
2316 4549 2330 4594 :

837 4630 1050 4685 tamen
1117 4624 1181 4686 in
1250 4632 1562 4705 quantum
1629 4627 2079 4709 contemplatio
2145 4629 2335 4692 habet

806 4721 1210 4785 ‘fruitionem
1269 4722 1655 4804 adjunctam.
1707 4724 1839 4787 Non
1892 4726 2064 4788 enim
2123 4728 2336 4808 cogni-

838 4821 928 4884 tio
977 4819 1114 4883 sine
1157 4820 1498 4885 dilectione
1539 4831 1730 4904 atque
1772 4822 2076 4886 fruitione
2127 4825 2335 4907 perfe-

840 4927 938 4982 cta
977 4926 1092 5014 est.
1129 4919 1286 4982 Hinc
1325 4920 1480 4983 dicit
1515 4921 1928 5002 Augustinu3‚
1961 4923 2130 5004 quod
2174 4923 2334 4986 visio

838 5025 935 5080 est
985 5025 1110 5080 tota
1167 5037 1430 5081 merces.
1483 5019 1551 5081 In
1610 5039 1738 5102 qua
1795 5021 2018 5103 utique
2063 5021 2333 5085 Joannes

840 5123 1118 5179 nostram
1163 5117 1537 5181 deiformem
1581 5127 1643 5180 et
1687 5139 2002 5184 summam
2046 5120 2336 5203 perfecti-

841 5229 1053 5287 onem,
1114 5220 1178 5274 et
1235 5233 1349 5295 per
1405 5234 1800 5298 consequens
1861 5237 2074 5282 veram
2131 5218 2337 5282 felici-

843 5318 1057 5386 tatem,
1092 5312 1441 5394 constituit‚
1474 5315 1689 5378 dicens
1730 5315 1793 5378 in
1836 5317 2044 5398 prima
2081 5337 2197 5380 sua
2231 5317 2335 5382 Ca-

2446 4533 2665 4604 cendo,
2701 4531 2866 4592 inter
2904 4529 3193 4593 homines
3238 4530 3689 4604 conversando,
3728 4548 3937 4612 perse-

2446 4629 2730 4692 cutiones
2778 4627 3061 4700 ferendo,
3106 4647 3277 4690 nunc
3319 4626 3397 4689 ad
3443 4626 3746 4690 effectum
3795 4647 3937 4710 per-

2446 4727 2631 4804 duxi3
2673 4735 2737 4788 et
2773 4727 2944 4808 quod
2984 4732 3191 4798 restat,
3219 4725 3527 4802 videlicet,
3560 4733 3629 4786 ut
3665 4736 3933 4789 mortem

2445 4825 2652 4888 crucis
2711 4825 3078 4897 sustineam,
3142 4842 3313 4885 nunc
3370 4830 3498 4884 tam
3558 4841 3757 4906 prope
3815 4833 3927 4898 est,

2446 4932 2513 4986 ut
2554 4923 2740 5004 quasi
2780 4923 3017 4986 factum
3063 4928 3413 5004 reputetur.
3447 4922 3532 4983 De
3570 4941 3699 5003 quo
3740 4941 3931 5006 opere

2442 5021 2530 5084 ait
2559 5020 2844 5084 Christus
2884 5039 2996 5102 per
3033 5021 3254 5082 lsaiam
3295 5018 3505 5101 :Opus
3536 5039 3747 5083 meum
3780 5041 3927 5084 cum
3966 5039 4183 5084 naum.

2442 5120 2569 5182 Deo
2617 5137 2781 5181 meo.
2828 5122 2910 5180 Ec
2952 5139 3130 5179 nunc
3174 5121 3471 5197 clarifica
3518 5140 3618 5180 me
3660 5129 3757 5189 tu,
3797 5125 3925 5184 Pa·
4049 5131 4083 5185 5

2446 5230 2561 5290 ter,
2597 5221 2777 5297 apud
2822 5221 3245 5296 temetipsum,
3287 5218 3351 5280 id
3394 5226 3510 5294 est,
3556 5218 3622 5280 in
3666 5237 3927 5302 conspe-

2443 5325 2549 5380 ctu
2604 5325 2713 5380 tuo
2774 5315 3066 5412 glorifica
3116 5334 3219 5379 me
3279 5326 3588 5399 quantum
3641 5319 3720 5381 ad
3772 5338 3927 5401 pra-‚-
