4300 6259
561 1773 578 1816 1
596 1773 698 1817 Cor.

619 2069 654 2112 ll
679 2069 793 2112 Par.

561 2145 688 2183 xxxv,
717 2135 782 2175 ¹8.

559 2659 675 2704 Dan.
691 2662 823 2711 x111‚5.

859 486 985 552 206

1636 501 1990 551 nummulo
2033 503 2096 550 IN
2139 503 2279 550 GAP.
2326 501 2459 549 1¹ss
2500 503 2690 551 LUCAE.
2734 523 2815 534 —
2854 504 2999 551 ΛΒΤ.
3046 503 3211 552 nvn

859 682 922 736 te
969 673 1130 736 feria
1175 682 1350 736 sexta
1398 675 1720 756 praedicta.
1766 673 1996 747 Tertio,
2046 692 2161 756 pro
2209 674 2364 737 hora
2392 673 2442 734 A
2471 681 2641 738 stum
2690 676 2956 738 durante
3004 675 3167 740 festo
3227 675 3529 758 paschali,
3580 675 3755 756 juxta
3804 675 3971 739 illud

859 773 1312 836 immolationis
1354 781 1417 836 et
1457 773 1863 836 comestionis
1913 773 2056 852 agni
2101 771 2365 853 pascha-

667 903 718 932 η
747 903 830 936 m.
861 871 963 946 lis,
1001 880 1187 954 prout
1219 873 1282 933 in
1313 871 1515 934 Marco
1555 873 1864 953 scriptum
1905 881 1998 932 est
2033 890 2048 932 :
2083 871 2230 931 Erat
2261 889 2363 952 pa-

863 970 1014 1032 scha
1061 978 1124 1032 et
1173 989 1389 1053 azyma
1439 977 1581 1052 post
1623 969 1914 1031 biduum.
1948 967 2201 1041 Quarto,
2247 987 2363 1050 pro

860 1087 1272 1150 quocumque
1311 1068 1455 1131 cibo
1495 1067 1596 1131 vel
1648 1085 1810 1149 pane
1853 1086 1982 1148 quo
2023 1067 2365 1130 vesceban-

859 1173 966 1227 tur
1009 1167 1205 1229 Judaei
1247 1167 1513 1228 durante
1561 1165 1904 1227 festivitate
1954 1163 2259 1246 paschali,
2293 1170 2363 1225 ut

861 1283 1064 1346 quum
1111 1265 1282 1346 apud
1329 1263 1632 1327 Ioannem
1684 1261 1888 1324 fertur
1930 1281 1943 1324 ε
1985 1262 2181 1324 Judaei
2235 1281 2362 1325 non

861 1361 1246 1426 introierunt
1313 1361 1705 1443 praetorium,
1772 1369 1843 1422 ut
1907 1361 2363 1422 manducarent

859 1461 1114 1542 pascha,
1151 1461 1214 1522 id
1265 1468 1360 1523 est
1401 1477 1654 1542 azymos
1706 1476 1923 1540 panes,
1958 1456 2210 1533 Quinto,
2248 1476 2361 1539 pro

857 1576 1019 1639 agno
1078 1557 1380 1640 paschali.
1441 1557 1649 1629 Sexto,
1710 1574 1826 1638 pro
1883 1555 2158 1636 figurato
2213 1555 2359 1636 agni

859 1656 1057 1730 illius,
1094 1663 1247 1738 puta
1295 1673 1409 1737 pro
1459 1654 1729 1728 Christe,
1765 1655 1843 1716 de
1888 1671 2020 1735 quo
2069 1653 2159 1715 ait
2196 1653 2363 1734 Apo-

721 1777 826 1820 v.7.
858 1755 1057 1818 stolus
1095 1774 1108 1818 ε
1149 1753 1397 1817 Etenim
1452 1752 1684 1834 pascha
1732 1760 2022 1814 nostrum
2069 1751 2363 1814 immola-

2470 771 2737 834 Matthaei
2794 793 2807 836 :
2864 773 3163 836 Dicebant
3218 783 3426 836 autem
3484 793 3497 837 :
3549 773 3681 836 Non
3740 775 3807 836 in
3862 775 3971 836 die

2472 869 2656 944 festo,
2694 889 2772 932 ne
2815 872 2974 934 forte
3013 872 3324 934 tumultus
3369 873 3552 936 fieret
3592 873 3654 933 in
3706 872 3967 954 populo.

2472 1005 2552 1012 —
2604 969 2790 1032 Porro
2850 971 3171 1052 principes
3231 972 3625 1032 sacerdotum
3676 971 3977 1032 diceban-

2474 1073 2578 1127 tur
2625 1075 2689 1129 et
2750 1076 2931 1130 erant
2980 1067 3365 1151 pontifices3
3417 1075 3479 1130 et
3526 1069 3819 1150 quamvis
3868 1087 3975 1132 eo-

2474 1165 2615 1226 dem
2648 1173 2936 1248 tempore
2974 1185 3140 1228 unus
3182 1168 3509 1229 dumtaxat
3545 1167 3849 1250 princeps
3878 1187 3977 1229 sa-

2474 1265 2801 1326 cerdotum
2852 1283 2963 1326 seu
3016 1264 3305 1346 pontifex
3354 1265 3706 1340 exsisteret,
3758 1275 3973 1328 tamen

2473 1361 2807 1442 pluraliter
2835 1363 3157 1445 principes
3190 1371 3252 1425 et
3282 1362 3619 1445 pontifices
3648 1364 3975 1427 nominan-

2472 1467 2597 1532 tur,
2641 1461 2943 1541 quoniam
2994 1461 3323 1523 annuatim
3372 1479 3538 1522 unus
3587 1461 3767 1524 alteri
3818 1469 3977 1524 tunc

2474 1557 2799 1631 successit,
2832 1565 2893 1620 et
2925 1557 3329 1639 pontificium
3361 1577 3398 1620 a
3422 1559 3771 1638 gentilibus
3802 1577 3977 1622 eme-

2473 1654 2628 1716 bant
2658 1655 3060 1738 principibus
3087 1675 3101 1719 :
3126 1657 3298 1737 quod
3330 1664 3546 1720 contra
3574 1658 3774 1738 legem
3806 1657 3976 1740 Moy-

2474 1754 2560 1814 sis
2600 1753 2744 1828 fuit,
2778 1755 3131 1816 secundum
3170 1774 3363 1836 quam
3412 1754 3590 1816 filius
3631 1757 3792 1837 patri
3834 1775 3977 1818 suc-

857 1861 960 1914 tus
1011 1860 1106 1914 est
1150 1852 1459 1916 Christus.
1501 1851 1808 1933 Septimo,
1853 1868 1968 1931 pro
2017 1849 2362 1912 festivitate
2397 1853 2445 1914 Β
2474 1853 2698 1913 cedere
2748 1851 2811 1914 in
2865 1851 3241 1933 pontificatu
3294 1852 3601 1932 debebat3
3654 1855 3762 1917 sed
3815 1863 3975 1917 tunc

857 1952 1194 2033 epularum
1245 1950 1665 2032 paschalium.
1698 1948 1875 2011 Unde
1924 1949 1988 2010 in
2039 1948 2205 2011 libro
2254 1948 2363 2010 Pa-

856 2052 1294 2132 ralipomenon
1336 2049 1571 2110 dicitur
1605 2066 1618 2110 ε
1653 2046 1788 2110 Non
1837 2046 1963 2108 fuit
2001 2047 2122 2108 tale
2167 2045 2362 2109 Phase

857 2168 894 2210 a
936 2148 1162 2210 diebus
1204 2147 1518 2227 judicum,
1565 2145 1756 2226 quale
1797 2143 1950 2207 fecit
1988 2143 2207 2207 Josias.

936 2249 1023 2309 Ec
1053 2249 1425 2327 quaerebant
1446 2246 1781 2322 principes
1807 2247 2237 2312 sacerdotum,
2270 2243 2362 2304 vi-

858 2344 1091 2407 delicet
1142 2344 1355 2406 Annas
1414 2350 1476 2404 et
1529 2341 1817 2423 caiphas,
1867 2351 1927 2402 et
1975 2343 2243 2408 Scribae,
2294 2341 2359 2402 id

856 2452 954 2505 est
1002 2442 1189 2525 periti
1231 2442 1298 2504 in
1346 2441 1504 2522 lege,
1541 2439 1784 2502 scilicet
1833 2439 2115 2520 magistri
2166 2434 2359 2520 at‘que

857 2543 1141 2604 doctores
1176 2540 1380 2622 plebis
1415 2558 1429 2603 ε
1461 2539 1698 2620 quibus
1729 2537 2028 2600 convenit
2058 2537 2221 2599 illud
2249 2536 2359 2598 Da·

856 2639 1062 2712 nielis,
1099 2639 1362 2720 Egressa
1408 2645 1504 2699 est
1543 2636 1847 2718 iniquitas
1891 2655 1928 2697 a
1969 2634 2351 2708 senioribuS,

855 2738 966 2819 qui
1015 2737 1392 2800 videbantur
1439 2753 1656 2816 regere
1704 2734 2053 2817 populum3
2096 2753 2358 2813 quomo-

2472 1951 2753 2030 legitima
2796 1951 2903 2013 illa
2946 1949 3182 2013 defecit
3222 1951 3562 2015 successio.

2551 2048 2874 2122 Praeterea‚
2910 2057 3202 2112 narratur
3238 2051 3464 2113 modus
3508 2053 3827 2132 quomodo
3856 2051 3974 2113 Ju-

2471 2148 2749 2210 daeorum
2812 2147 3151 2229 pontifices
3199 2155 3263 2210 et
3312 2149 3699 2231 principales
3758 2149 3968 2232 plebis

2470 2246 2642 2308 illius
2690 2247 3027 2309 consilium
3078 2254 3142 2309 et
3188 2246 3721 2310 machinationem
3782 2267 3967 2310 suam

2469 2345 2906 2425 perduxerunt
2942 2345 3019 2404 ad
3060 2343 3387 2406 effectum.
3422 2347 3713 2406 Intravit
3743 2355 3967 2406 aute-m

2468 2445 2777 2511 Satanas,
2825 2443 2889 2504 id
2937 2448 3030 2503 est
3077 2443 3476 2505 adversarius
3526 2443 3821 2506 humanae
3866 2463 3971 2506 sa-

2470 2539 2641 2613 lutis,
2697 2547 2851 2621 puta
2900 2539 3211 2613 diaboluS‚
3264 2541 3335 2600 in
3384 2543 3653 2610 Judam,
3702 2543 3820 2620 qm·
3862 2563 3973 2602 co-

2460 2639 2973 2715 qnominabatur
3003 2640 3364 2710 Iscariotes,
3396 2639 3551 2720 quia
3581 2640 3658 2701 de
3690 2640 3831 2703 vico
3870 2641 3969 2703 sic

2466 2737 2635 2799 dicto
2680 2736 2745 2798 in
2794 2736 2967 2798 tribu
3016 2736 3297 2798 Issachar
3341 2737 3443 2817 (ut
3486 2737 3749 2816 dicitur)
3794 2739 3969 2800 exsi-

851 2839 935 2897 do
981 2839 1200 2896 lesum
1239 2836 1695 2912 interficerent.
1741 2830 1984 2904 Quibus
2036 2832 2176 2913 ipse
2221 2831 2351 2911 jam
2466 2833 2916 2905 stente‚fuerat
2941 2835 3262 2908 oriunduS‚
3288 2855 3492 2896 unum
3520 2839 3599 2896 de
3624 2839 3969 2898 duodecim

576 2954 824 3004 Joammn.
857 2934 1100 2997 dixerat
1143 2952 1157 2995 ε
1200 2931 1401 3005 Quare
1451 2949 1552 2993 me
1595 2931 1882 3013 quaeritis
1934 2929 2353 2992 interficere?
2468 2933 2933 3014 principalibus
2996 2931 3227 2995 Christi
3296 2933 3651 3015 discipulis,
3721 2934 3971 2997 scilicet

559 3020 628 3064 2⁰.

559 3081 682 3125 leid.
697 3094 740 3132 x,
757 3081 824 3122 32.

854 3032 1140 3113 Itemque
1193 3049 1206 3093 :

856 3130 954 3192 bis
1005 3147 1082 3191 ex
1131 3128 1309 3191 Patre
1357 3146 1499 3191 meo
1543 3146 1554 3190 :
1601 3135 1860 3209 propter
1902 3127 2074 3208 quod
2125 3127 2354 3188 horum

857 3247 959 3290 me
997 3227 1334 3309 lapidatis?
1365 3225 1494 3288 Hoc
1533 3224 1782 3287 facinus
1809 3225 2169 3287 Judaeorum
2210 3223 2357 3286 Mat-

856 3327 1057 3389 thaeus
1088 3325 1472 3406 evangelista
1512 3323 1764 3405 plenius
1804 3323 2044 3396 recitat,
2079 3323 2299 3385 dicens
2335 3341 2352 3385 ε

774 3475 785 3487 .
857 3425 1055 3498 Tunc,
1104 3423 1400 3486 videlicet
1447 3432 1672 3504 quarta
1720 3420 1878 3483 feria
1926 3430 2072 3483 ante
2121 3421 2354 3484 Christi

790 3540 800 3550 ·
857 3525 1240 3606 passionem,
1282 3522 1642 3603 congregati
1691 3529 1840 3583 sunt
1888 3520 2215 3602 principes
2260 3539 2355 3582 sa-

855 3624 1183 3686 cerdotum
1213 3629 1272 3684 et
1305 3621 1585 3684 seniores
1621 3619 1837 3701 populi
1882 3620 1948 3680 in
1979 3619 2140 3681 atrio
2177 3619 2353 3700 prin·

854 3721 1016 3802 cipis
1066 3719 1464 3783 sacerdotum
1512 3718 1625 3799 qui
1677 3717 1912 3779 dicitur
1953 3717 2245 3798 Caiphas,
2291 3725 2355 3778 et

853 3818 1191 3881 consilium
1241 3816 1529 3879 fecerunt
1588 3824 1657 3877 ut
1710 3815 1924 3876 Jesum
1977 3814 2123 3877 dolo
2180 3821 2355 3875 tene-

855 3925 997 3979 rent
1043 3925 1106 3978 et
1153 3916 1532 3979 occiderent.
1577 3915 1813 3995 ltaque,
1847 3912 2243 3986 Quaerebant,
2286 3913 2352 3975 id

854 4024 971 4090 est,
1025 4017 1189 4077 inter
1246 4033 1314 4076 se
1371 4013 1954 4096 perscrutabantur,
2006 4012 2351 4093 quomode,

857 4114 920 4176 id
969 4122 1065 4176 est
1113 4130 1227 4196 per
1274 4131 1466 4194 quem
1517 4112 1799 4185 modum,
1845 4111 2057 4172 Jesum
2109 4110 2357 4173 interfi-

1261 3029 1450 3092 Multa
1495 3047 1688 3112 opera
1737 3029 1903 3092 bona
1948 3027 2197 3091 ostendi
2249 3046 2357 3091 vo·
2394 3031 2437 3094 C
2466 3031 2803 3112 Apostolis.
2840 3030 2924 3093 De
2970 3030 3207 3112 quibus
3260 3039 3323 3093 et
3368 3033 3447 3093 de
3484 3050 3613 3112 quo
3660 3032 3751 3093 ait
3786 3031 3971 3096 Chri-

2467 3139 2601 3191 stus
2636 3148 2649 3192 :
2682 3129 2902 3193 Nonne
2941 3129 3277 3193 duodecim
3316 3148 3425 3193 vos
3476 3129 3658 3211 elegi,
3692 3137 3756 3192 et
3795 3149 3967 3193 unus

2466 3246 2543 3290 ex
2575 3228 2754 3290 vobis
2796 3227 3085 3291 diabolus
3115 3231 3253 3290 est?
3284 3228 3542 3291 Intravit
3580 3238 3792 3291 autem
3828 3230 3971 3292 dia·
3998 3219 4021 3256 ⁷
4052 3249 4065 3259 ·

2466 3326 2652 3389 bolus
2711 3327 2775 3387 in
2834 3327 3077 3400 Judam,
3133 3326 3196 3388 id
3253 3334 3349 3388 est
3396 3327 3459 3388 in
3518 3336 3799 3389 mentem
3848 3347 3965 3392 seu

2464 3425 2743 3487 animam
2782 3424 2944 3504 ejuS,
2982 3443 3106 3486 non
3147 3424 3205 3486 ei
3244 3424 3663 3486 essentialiter
3696 3425 3971 3489 illaben-

2465 3524 2567 3596 do,
2602 3523 2905 3604 quoniam
2944 3522 3117 3584 solus
3146 3522 3310 3584 Deus
3348 3531 3591 3585 creator
3619 3523 3969 3586 incircum-

2465 3621 2839 3702 scriptibilis
2887 3628 2950 3683 et
2998 3621 3350 3682 immensus
3406 3621 3699 3684 essentiis
3748 3640 3967 3685 rerum

2466 3719 2770 3792 illabitur,
2805 3727 2869 3780 et
2893 3719 3109 3782 omnia
3140 3719 3385 3800 implet,
3418 3728 3728 3800 penetrat,
3762 3729 3826 3782 et
3854 3739 3968 3782 ex-

2466 3819 2681 3898 cedit3
2734 3818 2841 3880 sed
2894 3817 3152 3880 intravit
3200 3835 3314 3898 per
3363 3817 3689 3892 effectum,
3740 3835 4063 3899 sugge-··

2466 3917 2662 3978 rendo
2710 3915 2942 3978 Christi
2991 3915 3443 3978 venditionem.
3482 3915 3608 3978 Nec
3654 3917 3773 3978 hac
3822 3917 3965 3980 vice

2466 4015 2674 4078 solum
2726 4014 2986 4077 intravit
3024 4013 3142 4076 hoc
3181 4015 3369 4076 modo
3419 4014 3485 4075 in
3534 4033 3706 4089 eum,
3742 4015 3851 4077 sed
3898 4023 3965 4078 et

2463 4122 2648 4175 antea
2696 4129 2883 4194 saepe,
2930 4119 3147 4193 utpote
3196 4112 3727 4194 quotiescumque
3774 4112 3963 4175 illum

855 4219 1092 4285 cerent,
1125 4229 1274 4273 eum
1323 4209 1539 4273 dolose
1585 4209 1894 4291 capiendo
1942 4216 2133 4290 atque
2177 4227 2356 4271 men·
2386 4213 2435 4274 D
2463 4211 2539 4272 ad
2590 4209 2852 4272 mortale
2893 4209 3143 4271 induxit
3185 4218 3536 4291 peccatum.
3568 4210 3743 4273 Unde
3790 4212 3963 4292 apud

856 4308 1094 4371 daciter
1130 4308 1507 4371 accusando.
1549 4308 1881 4368 Timebant
1912 4325 2056 4366 vero
2081 4308 2349 4383 plebem.

855 4407 990 4471 Non
1037 4407 1390 4468 timuerunt
1427 4405 1623 4467 Deum
1669 4404 2193 4486 omnipotentem,
2230 4404 2356 4467 vir-

856 4514 1038 4569 tuoso
1067 4524 1139 4568 ac
1168 4505 1456 4568 ordinato
1495 4503 1742 4576 timore,
1778 4519 1858 4564 ne
1897 4520 2046 4564 eum
2077 4503 2142 4564 in
2184 4510 2356 4564 tanta

855 4603 1198 4667 festivitate
1243 4601 1683 4680 offenderent3
1728 4601 1837 4662 sed
1886 4601 2137 4681 vulguS,
2188 4601 2357 4663 inor-

859 4705 1073 4766 dinato
1121 4721 1192 4764 ac
1241 4701 1467 4764 vitioso
1516 4699 1766 4762 timore.
1803 4698 2120 4762 Noverant
2165 4699 2357 4780 quip-

858 4821 960 4885 pe,
994 4802 1166 4884 quod
1197 4799 1377 4882 plebs
1409 4799 1728 4862 Christum
1759 4798 2036 4860 libenter
2063 4798 2310 4862 audivit
2337 4817 2351 4860 :

860 4902 1001 4964 ideo
1033 4897 1456 4962 formidabant
1495 4915 1576 4959 ne
1605 4897 1924 4960 Christum
1967 4895 2355 4970 defenderet,

861 5008 924 5063 et
951 4999 1244 5082 quamvis
1275 4997 1832 5079 comprehensum,
1867 4998 1945 5058 de
1973 5015 2198 5058 eorum
2227 5014 2359 5058 ma-

862 5118 950 5160 nu
981 5097 1268 5180 eriperet.
1295 5095 1626 5158 Timebant
1654 5111 1912 5176 quoque
1942 5112 2024 5156 ne
2054 5095 2357 5176 strepitus

865 5197 1260 5280 periculosus
1309 5195 1733 5258 concitaretur
1783 5193 1847 5255 in
1901 5193 2165 5276 populo.
2215 5192 2359 5257 Pro-

865 5303 1006 5379 pter
1035 5294 1206 5377 quod
1236 5300 1696 5377 proposuerunt
1727 5311 1852 5355 non
1879 5292 2165 5363 occidere
2190 5291 2359 5355 Chri-

2464 4407 2649 4470 bolus
2686 4407 2816 4487 jam
2858 4406 3135 4468 misisset
3174 4405 3239 4468 in
3272 4425 3379 4470 cor
3409 4413 3479 4468 ut
3508 4407 3785 4469 traderet
3812 4426 3963 4469 eum

2463 4504 2676 4567 Iudas·
2711 4505 2926 4586 Itaque
2969 4523 3138 4566 nunc
3186 4503 3446 4567 intravit
3483 4523 3590 4566 vas
3640 4524 3851 4580 suum,
3885 4507 3967 4567 il-

2468 4603 2577 4665 lud
2620 4603 2872 4684 plenius
2924 4602 3327 4685 possidendo.
3362 4601 3489 4666 Hoc
3538 4603 3727 4664 etiam
3777 4605 3966 4667 modo

2468 4701 2757 4764 diabolus
2796 4701 2990 4763 intrat
3020 4702 3207 4763 corda
3246 4719 3466 4764 eorum
3506 4701 3616 4782 qui
3658 4701 3797 4782 ejus
3830 4709 3971 4764 ten-

2466 4799 2813 4864 tationibus
2853 4799 3495 4881 suggestionibusque
3534 4801 3963 4863 consentiunt.

2467 4899 2600 4961 Non
2641 4898 2811 4960 enim
2866 4899 3077 4970 intrat,
3113 4899 3393 4979 cogendo
3429 4905 3539 4961 aut
3582 4899 3969 4961 necessitan-

2469 4997 2549 5060 do
2597 4997 2673 5059 ad
2733 4997 3010 5078 culpam,
3054 4997 3164 5058 sed
3218 4997 3613 5078 suggerendo
3658 5003 3719 5058 et
3764 4997 3969 5060 allici·

2469 5095 2633 5157 endo
2678 5095 2757 5156 ad
2804 5112 2980 5171 eam;
3031 5112 3146 5156 nos
3194 5102 3407 5156 autem
3455 5113 3534 5156 ex
3580 5094 3967 5175 negligentia

2472 5201 2685 5256 nostra
2720 5193 2778 5254 ei
2820 5192 3021 5255 libere
3057 5193 3401 5275 aperimuS,
3437 5193 3777 5275 praebendo
3814 5211 3969 5256 con-

2472 5308 2753 5353 sensum.
2800 5289 3030 5355 Contra
3084 5291 3256 5372 quod
3305 5291 3591 5354 hortatur
3633 5291 3961 5373 apostolus

4052 787 4201 830 Ham.

4001 865 4109 900 ιιτι,
4130 857 4165 893 5.

2462 4310 2763 4372 loannem
2816 4309 3045 4388 legitur
3078 4326 3091 4370 ε
3126 4307 3316 4370 Coena
3365 4306 3548 4382 sacta,
3581 4327 3783 4390 quum
3830 4309 3967 4371 dia-
3990 4333 4227 4438 zonam-t
