4300 6259
806 479 929 544 368
1618 499 1965 547 ammi-io
2007 499 2071 545 m
2112 498 2251 547 cu.
2299 501 2337 546 v
2376 499 2652 548 somnis.
2699 520 2780 531 —
2819 501 2961 548 Aur.
3009 502 3114 548 x1v

805 666 1163 749 spiritualia
1193 669 1499 732 miracula
1528 669 1758 733 Christi
1790 670 1857 732 in
1889 670 2303 734 conversione
2333 671 2384 732 A
2413 671 2928 748 concomitanter,
2963 691 3088 736 non
3120 672 3474 736 causaliter.
3495 672 3677 735 Juxta
3705 689 3904 754 quem

806 765 1139 829 hominum
1199 765 1381 842 facta,
1445 770 1797 831 secundum
1863 770 2035 850 quod
2093 769 2302 849 majus
2413 787 2672 832 sensum
2722 771 2876 834 dicit
2911 771 3250 852 Apostolus
3285 790 3300 834 :
3333 770 3531 833 Mittet
3579 770 3706 832 illis
3741 770 3903 832 Dens
3931 783 4216 834 ursata.

807 864 1043 926 dicitur
1072 866 1345 947 impium
1373 866 1741 948 justificare,
1761 886 1953 948 quam
1986 867 2301 929 mundum
2413 869 2710 951 spiritum
2743 871 2997 944 erroriS,
3033 877 3105 931 ut
3143 871 3401 932 credant
3429 869 3798 946 mendacio;
3839 877 3904 930 et
3935 851 4006 891 ¹⁰·

807 981 1041 1025 creare.
1094 962 1378 1026 Christus
1436 965 1610 1026 enim
1666 967 1977 1046 quosdam
2037 966 2302 1028 omnino
2413 963 2761 1039 Psalmista,
2824 964 2963 1028 Tibi
3031 965 3147 1028 soli
3209 967 3488 1048 peccavi,
3539 973 3604 1027 et
3659 965 3897 1027 malum
3963 982 4178 1030 Pane.

807 1060 1186 1124 mirabiliter
1232 1062 1543 1126 convertit
1589 1070 1652 1124 et
1700 1062 1823 1125 sibi
1872 1063 2147 1125 attraxit.
2181 1061 2302 1126 Sed

805 1166 868 1220 et
910 1159 1219 1222 miracula
1256 1159 1419 1222 facta
1456 1161 1521 1222 in
1561 1161 1876 1242 passione,
1908 1161 1975 1223 in
2022 1178 2304 1224 resurre-

805 1258 1035 1334 ctione,
1076 1259 1471 1334 ascensione,
1504 1266 1567 1321 et
1602 1259 1877 1342 Spiritus
1909 1258 2117 1322 Sancti
2152 1260 2303 1322 mis-

804 1357 1004 1432 sione,
1058 1376 1284 1439 magna
1334 1357 1524 1420 nimis
1574 1356 1856 1420 suerunt.
1906 1357 2142 1440 Itaque,
2189 1377 2302 1440 per

804 1455 924 1518 hoc
954 1457 1124 1537 quod
1152 1457 1261 1532 ait,
1294 1456 1780 1531 Demonstrabit,
1816 1475 1943 1520 non
1984 1457 2169 1518 datur
2209 1456 2304 1518 in-

803 1554 1004 1635 telligi
1040 1556 1209 1636 quod
1251 1555 1446 1617 Filius
1488 1557 1839 1618 secundum
1879 1554 2162 1617 divinam
2196 1574 2304 1617 na-

804 1661 1011 1715 turam
1050 1653 1293 1735 aliquid
1326 1653 1597 1736 accipiat
1626 1653 1692 1715 in
1722 1651 1941 1717 futuro
1974 1671 1989 1716 ε
2026 1652 2154 1717 imo
2185 1671 2302 1716 nec

804 1752 1157 1813 secundum
1190 1752 1531 1813 humanam
1573 1758 1862 1813 naturam
1907 1750 2026 1814 hoc
2067 1751 2126 1812 ei
2161 1769 2303 1832 pro-

2413 1082 2624 1126 coram
2662 1071 2726 1126 te
2761 1062 2907 1138 feci,
2945 1071 3016 1126 ut
3058 1063 3432 1145 justificeris
3480 1064 3548 1126 in
3597 1064 3904 1128 sermoni-

2411 1161 2534 1225 bus
2585 1163 2735 1224 tuis.
2777 1161 2841 1225 Si
2881 1170 3092 1226 autem
3136 1171 3425 1226 sumatur
3463 1163 3716 1226 miratio
3761 1182 3903 1245 pro—

2416 1268 2485 1322 ut
2531 1261 2777 1324 inducit
2820 1263 2900 1325 ad
2941 1261 3161 1336 fidem,
3195 1261 3514 1336 videlicet,
3553 1268 3620 1323 ut
3661 1271 3758 1324 est
3798 1263 3901 1325 via

2412 1361 2489 1421 ad
2531 1360 3037 1434 conversionem,
3071 1361 3166 1423 sic
3203 1368 3412 1442 potest
3443 1360 3567 1423 dici
3603 1360 3756 1423 finis
3783 1361 3903 1423 mi-

2413 1458 2712 1520 rabilium
2757 1477 3024 1540 operum
3069 1458 3300 1522 Christi
3351 1478 3365 1522 :
3415 1459 3506 1521 sic
3547 1467 3783 1534 tamen,
3832 1467 3901 1522 ut

2413 1557 2531 1620 ista
2576 1557 2828 1620 miratio
2865 1559 3342 1620 conversionem
3375 1557 3663 1620 mirantis
3703 1558 3903 1621 inclu-

2412 1657 2536 1718 dat.
2599 1656 2693 1718 Ad
2752 1656 2874 1719 hoc
2931 1656 3176 1739 quippe
3233 1655 3387 1718 fecit
3441 1655 3724 1720 Christus
3781 1657 3902 1720 mi-

2414 1754 2646 1827 racula,
2706 1761 2774 1814 ut
2825 1753 3021 1816 Judaei
3075 1754 3348 1817 videndo
3399 1754 3900 1836 admirandoque

805 1849 943 1932 prie
992 1849 1410 1932 competebat,
1447 1850 1799 1932 praesertim
1838 1869 2039 1930 quum
2090 1849 2302 1912 anima
2337 1853 2383 1914 B
2412 1853 2762 1914 crederent.

803 1947 1059 2022 Christi,
1102 1967 1138 2010 a
1180 1967 1310 2010 suae
1358 1948 1740 2012 conditionis
1790 1947 2069 2021 exordio,
2112 1948 2302 2030 plena

801 2045 998 2108 fuerit
1036 2047 1366 2128 sapientia,
1411 2046 1645 2109 virtute
1682 2053 1747 2108 et
1787 2046 2009 2127 gratia.
2042 2043 2166 2108 Sed
2211 2046 2302 2109 lo-

802 2145 1024 2227 quitur
1072 2145 1165 2208 sic
1207 2152 1468 2227 propter
1516 2146 1641 2208 duo
1695 2163 1708 2207 :
1760 2145 1991 2225 Primo,
2033 2145 2188 2227 quia
2232 2153 2301 2207 ut

802 2243 1043 2306 dictum
1073 2251 1189 2318 est,
1215 2252 1447 2306 aeterna
1486 2243 1799 2306 emanatio
1830 2243 2017 2305 Verbi
2058 2261 2172 2305 seu
2211 2261 2302 2306 re-

801 2343 1011 2424 ceptio
1056 2341 1197 2404 Filii
1246 2362 1283 2405 a
1319 2342 1519 2418 Patre,
1556 2361 1745 2406 omne
1794 2349 2047 2424 tempus
2097 2342 2302 2404 inclu-

801 2442 914 2505 dit.
948 2441 1258 2517 Secundo,
1292 2441 1597 2524 quoniam
1644 2441 1708 2504 in
1750 2439 2095 2522 Scripturis
2144 2441 2301 2504 dici-

799 2547 905 2602 tur
960 2540 1203 2622 aliquid
1261 2539 1428 2614 fieri,
1474 2559 1674 2622 quum
1734 2539 1877 2600 aliis
1935 2538 2293 2602 innotescit.

799 2637 1104 2711 Quoniam
1149 2655 1300 2719 ergo
1343 2644 1559 2719 postea
1609 2637 2023 2700 innotuerunt
2065 2637 2296 2700 Judaeis

798 2736 1039 2817 maJ'ora
1067 2755 1259 2819 opera
1287 2736 1541 2810 Christi,
1558 2755 1751 2818 quam
1783 2736 2137 2818 hucusque,
2159 2754 2299 2818 pro-

798 2844 1015 2918 pterea
1046 2836 1204 2899 dixit
1231 2835 1453 2910 Filius,
1486 2837 1658 2917 quod
1690 2835 1868 2896 Pater
1907 2835 2298 2898 demonstra-

798 2941 982 2998 turus
1012 2944 1191 3005 ,esset
1226 2933 1351 2997 sibi
1392 2951 1587 3017 opera
1637 2933 2056 3016 praeclariora.
2089 2933 2168 2996 Ut
2215 2934 2297 2996 sit

2477 1949 2946 2011 Advertendum
2978 1966 3256 2030 quoque,
3275 1948 3447 2029 quod
3476 1946 3627 2011 licet
3655 1965 3728 2010 ea
3755 1967 3901 2030 quae

2409 2047 2577 2110 dicta
2638 2054 2787 2109 sunt
2833 2045 2912 2108 ab
2958 2046 3068 2109 illo
3121 2046 3279 2120 loco,
3325 2046 3502 2109 Pater
3551 2047 3758 2128 diligit
3805 2046 3900 2108 Fi-

2411 2147 2589 2221 lium,
2619 2145 2822 2227 accipi
2863 2145 3108 2227 possint
3144 2145 3222 2207 de
3249 2143 3406 2208 Filio
3437 2145 3626 2207 etiam
3677 2163 3901 2208 secun-

2411 2246 2559 2307 dum
2593 2243 3050 2306 humanitatem
3089 2251 3503 2325 assumptam,
3545 2246 3896 2307 secundum

2408 2362 2602 2425 quam
2647 2342 2826 2405 Pater
2873 2341 3228 2405 notificavit
3273 2359 3384 2404 seu
3443 2341 3898 2405 demonstravit

2408 2440 2566 2505 Filio
2595 2439 2808 2505 omnia
2836 2458 3030 2522 opera
3069 2458 3203 2514 sua,
3237 2439 3540 2522 quoniam
3581 2440 3896 2521 quidquid

2409 2539 2571 2601 Deus
2603 2537 2930 2620 cognoscit
2969 2537 3246 2600 scientia·
3279 2537 3568 2612 visioniS,
3601 2538 3898 2602 videlicet

2407 2637 2621 2701 omnia
2677 2655 2822 2719 quae
2881 2655 3164 2717 unquam
3220 2634 3503 2710 fuerunt,
3567 2644 3739 2710 sunt,
3793 2636 3894 2700 vel

2407 2744 2616 2810 erunt,
2669 2735 2992 2816 cognoscit
3045 2741 3107 2796 et
3153 2735 3368 2797 anima
3414 2733 3682 2816 Christi3
3735 2735 3895 2798 illud

2405 2843 2639 2908 tamen,
2699 2833 3125 2915 Quaecumque
3185 2833 3291 2894 ille
3348 2832 3590 2908 fecerit,
3653 2833 3898 2896 scilicet

2405 2933 2606 3008 Pater,
2659 2933 2795 2994 haec
2843 2939 2907 2993 et
2943 2931 3144 2994 Filius
3194 2930 3492 2994 similiter
3533 2930 3708 3006 facit,
3765 2950 3893 2995 non

799 3051 1025 3096 sensus
1061 3053 1075 3097 ε
1116 3033 1347 3116 Majora
1394 3033 1497 3095 his
1544 3032 2025 3106 demonstrabit,
2061 3032 2125 3095 id
2175 3040 2290 3106 est,
2332 3042 2376 3106 c
2407 3031 2704 3093 convenit
2755 3029 3026 3104 Christo,
3075 3025 3212 3091 nisi'
3253 3037 3321 3091 ut
3367 3046 3517 3093 vero
3565 3029 3710 3093 Deo.
3764 3031 3894 3095 lmo

798 3151 867 3196 se
906 3133 963 3194 ei
1004 3134 1470 3197 demonstrasse
1508 3131 1815 3206 ostendet,
1850 3149 2063 3213 opera,
2094 3149 2298 3212 quan-

798 3233 880 3295 do
922 3231 1216 3295 videlicet
1256 3231 1407 3294 talia
1449 3229 1631 3292 fient.

890 3333 963 3392 Ue
1007 3351 1113 3391 vos
1157 3331 1513 3391 miremini.
1563 3327 1627 3390 Si
1676 3327 2011 3391 admiratio
2058 3327 2295 3410 accipi-

794 3435 938 3490 atur
990 3428 1342 3491 secundum
1398 3443 1487 3501 se,
1537 3425 1819 3489 sistendo
1875 3426 1940 3488 in
1995 3443 2088 3500 ea,
2140 3433 2296 3488 tunc

796 3546 921 3590 non
964 3526 1089 3589 fuit
1130 3525 1284 3588 finis
1328 3524 1772 3606 hujuscemodi
1816 3523 2297 3587 demonstratio-

795 3626 895 3688 nis
926 3625 1511 3705 miraculorumque
1550 3622 1808 3696 Christi,
1854 3623 1964 3685 sed
2006 3628 2295 3683 assecuta

792 3732 889 3787 est
930 3724 1009 3786 ad
1056 3741 1251 3806 opera
1298 3722 1529 3786 Christi
1564 3739 1579 3784 :
1612 3722 1856 3803 sicque,
1899 3720 1995 3795 Ut,
2035 3720 2297 3802 ponitur

2407 3148 2521 3212 per
2553 3129 2714 3192 illud
2755 3128 3021 3191 verbum
3063 3135 3282 3211 aperte
3319 3126 3732 3191 confunditur
3769 3129 3896 3193 hae—

2406 3228 2562 3291 resis
2620 3227 2752 3290 Arii
2803 3226 3094 3302 dicentis,
3142 3228 3314 3309 quod
3361 3225 3560 3288 Filius
3603 3228 3686 3289 sit
3734 3247 3896 3310 pura

2404 3334 2710 3390 creatura.
2749 3324 2852 3387 Sic
2898 3325 3068 3388 enim
3108 3326 3288 3388 Pater
3331 3324 3586 3389 fecisset
3632 3326 3891 3389 Filium.

2405 3423 2468 3488 Si
2527 3442 2678 3506 ergo
2731 3442 3154 3506 quaecumque
3204 3423 3357 3486 facit
3390 3423 3588 3498 Pater,
3635 3424 3789 3488 facit
3829 3434 3895 3488 et

2404 3522 2618 3600 Filius,
2679 3522 2975 3604 sequitur
3027 3523 3197 3603 quod
3256 3520 3452 3582 Filius
3506 3520 3768 3586 fecisset
3823 3543 3896 3586 se

2406 3621 2641 3703 ipsum,
2685 3621 3002 3702 loquendo
3053 3637 3305 3703 semper
3349 3619 3428 3682 de
3467 3619 3626 3685 Filio
3667 3639 3897 3686 secun-

2405 3720 2558 3781 dum
2605 3726 2897 3781 naturam
2941 3736 3121 3780 suam
3169 3717 3586 3801 superiorem.

1893 4148 2541 4238 ARTICULUS
2617 4149 2814 4234 XIV

1036 4424 1400 4473 Pnossscu'rlo
1440 4424 1899 4472 nauclnarloms
1942 4424 2129 4471 nums
2175 4421 2451 4470 currum
2492 4421 2720 4483 Qum‘rl,
2763 4421 2843 4467 AB
2885 4421 2960 4466 Eo
3003 4420 3149 4469 Loco
3193 4421 3310 4477 Quo
3349 4421 3589 4470 mcl‘rmt
3633 4423 3648 4468 :

1474 4523 1644 4571 SICUT
1688 4523 1835 4570 mm
1880 4523 2081 4568 PATRR
2122 4519 2412 4568 susurru·
2451 4519 2731 4567 HORTUOS
2775 4521 2848 4566 m·
2889 4519 3216 4566 vlvnvlcxr.

932 4804 1098 4869 leT
1144 4806 1276 4887 jam
1320 4805 1608 4869 Christus
1663 4804 1859 4887 paulo
1907 4810 2077 4878 ante,
2132 4801 2287 4883 quia
2319 4798 2368 4859 D
2471 4803 2660 4864 Sicut
2686 4803 2864 4862 enim
2892 4804 3094 4864 Pater
3121 4803 3388 4864 suscitat
3419 4813 3694 4864 mortuos
3725 4823 3887 4868 mor·

948 4923 1369 4988 quaecumque
1401 4903 1551 4968 facit
1579 4903 1777 4980 Pater,
1807 4902 1959 4966 facit
1988 4901 2286 4964 similiter
2393 4908 2450 4962 te
2498 4906 2760 4974 naturae,
2793 4907 2856 4961 et
2905 4907 3108 4963 morte
3151 4900 3377 4982 culpae,
3411 4901 3530 4964 hoc
3579 4909 3674 4963 est
3713 4920 3885 4967 mor-

788 5005 1008 5080 Filius,
1034 5014 1097 5069 et
1124 5006 1295 5088 quod
1325 5004 1566 5085 majora
1596 5003 1774 5066 Pater
1803 5020 1999 5085 opera
2028 5002 2285 5064 demon·

2388 5004 2530 5060 tuos
2561 4997 2970 5080 corporaliter
3002 5015 3117 5079 per
3157 4997 3508 5061 discessum
3536 4999 3785 5074 animae,
3819 5010 3883 5064 et

790 5112 1017 5166 straret
1050 5103 1230 5179 Filio,
1271 5122 1467 5186 quam
1500 5103 1835 5184 hucusque
1880 5099 2034 5162 fecit
2077 5097 2277 5160 Filius
2391 5103 2672 5160 mortuos
2721 5094 3137 5177 spiritualiter
3175 5114 3290 5179 per
3335 5096 3742 5160 amissionem
3781 5117 3885 5161 ca-

789 5221 999 5267 coram
1028 5202 1279 5266 Judaeis.
1312 5201 1491 5265 Nunc
1529 5201 1815 5266 Christus
1855 5199 2130 5263 declarat
2162 5197 2280 5260 hoc
2393 5195 2594 5257 ritatis
2633 5202 2696 5257 et
2729 5193 2968 5275 grathe,
2999 5203 3062 5255 et
3104 5196 3395 5272 vivificat
3431 5213 3564 5258 eoS.
3605 5194 3876 5259 Mortuos

789 5300 972 5382 quasi
1020 5300 1575 5384 exemplificando.

2390 5311 2665 5376 namque
2713 5291 3148 5375 corporaliter,
3183 5293 3445 5356 suscitat
3481 5301 3673 5374 atque
3716 5293 3879 5359 vivi-

4028 4829 4101 4884 2¹
