4300 6259
864 480 989 545 298
1709 500 2061 548 mammo
2102 500 2168 546 m
2209 500 2348 547 car.
2393 499 2416 546 ι
2456 500 2734 547 mamus,
2777 521 2860 532 -
2895 502 3042 549 nr.
3083 503 3126 547 v

870 673 1095 747 stione,
1158 673 1418 736 nomine
1472 675 1799 756 prophetae
1856 693 1981 738 non
2046 673 2362 754 intellige·
2394 670 2442 731 A
2475 689 2604 753 quo
2651 671 2741 735 ait
2785 673 2975 737 Amos
3027 674 3334 757 propheta
3381 693 3394 737 :
3445 675 3580 738 Non
3631 692 3772 736 sum
3823 691 3972 754 pro-
4030 688 4154 731 Am·
4171 702 4228 736 η,

868 772 1023 834 bant
1052 773 1391 836 Christum.
1429 773 1711 855 Denique
1739 792 1815 836 ex
1851 782 2023 837 textu
2066 773 2361 857 praesenti
2478 772 2706 852 pheta;
2739 780 2802 835 et
2829 792 2958 854 quo
2987 774 3173 837 modo
3207 774 3491 838 Christus
3521 773 3680 837 dicit
3703 774 3770 836 in
3802 773 3971 835 Psal-
3999 754 4062 795 ¹⁴·

870 872 1016 933 elici
1062 872 1305 953 nequit,
1338 873 1509 953 quod
1556 874 1908 936 sacerdotes
1951 872 2361 935 intendebant
2477 888 2601 944 mo,
2635 869 2762 952 Ego
2795 879 3004 935 autem
3037 892 3178 935 sum
3211 873 3466 948 vermiS,
3497 882 3563 937 et
3591 892 3715 936 non
3749 873 3964 937 homo.
4009 885 4088 929 1²⁸.
4107 900 4182 934 m.
4197 888 4230 927 τ.

869 989 1155 1053 quaerere
1176 972 1263 1033 ⁴de
1291 970 1600 1053 Propheta
1634 972 1745 1035 illo
1774 972 2097 1054 praecipuo
2128 974 2206 1034 de
2233 989 2363 1052 quo
2554 970 2886 1031 Dioeerunt
2913 992 3060 1049 erqo
3089 974 3153 1033 ei
3181 992 3205 1035 .·
3238 976 3393 1042 Quis
3421 994 3505 1045 es,
3544 972 3607 1035 id
3645 981 3741 1035 est
3779 972 3968 1052 cujus
4097 968 4163 1021 22

871 1071 1108 1152 Moyses
1164 1069 1287 1132 fuit
1345 1071 1613 1145 locutus,
1677 1073 1787 1133 sed
1846 1072 2055 1153 potius
2113 1073 2192 1134 de
2250 1071 2364 1133 ali·
2477 1068 2886 1144 auctoritatis,
2918 1070 3155 1151 gratiae,
3188 1072 3288 1134 vel
3332 1071 3578 1134 officii?
3615 1070 3748 1134 Non
3793 1070 3970 1133 enim
4252 1066 4253 1133 l

872 1188 1002 1251 quo
1027 1169 1337 1251 Propheta
1367 1169 1668 1233 inferiore
1697 1170 1853 1245 Elia,
1876 1171 2029 1253 quia
2060 1170 2364 1253 paulatim
2475 1167 2844 1247 quaerebant
2887 1169 3092 1232 solum
3131 1170 3277 1251 quis
3317 1178 3481 1233 esset
3523 1188 3638 1253 per
3679 1178 3971 1232 naturam

874 1269 1346 1331 descenderant.
1396 1268 1530 1331 Non
1590 1277 1685 1331 est
1740 1269 1929 1332 etiam
1978 1270 2368 1333 consuetudo
2478 1264 2614 1327 sive
2675 1285 3035 1347 personam,
3088 1270 3198 1331 sed
3254 1268 3403 1350 quis
3451 1277 3618 1331 esset
3673 1288 3788 1351 per
3831 1286 3978 1348 gra-

584 2372 690 2415 Luc.
724 2385 751 2423 1,
778 2374 845 2414 7⁶.

602 2558 771 2601 March.
791 2571 847 2609 xl,

702 2686 846 2735 rud&

624 3354 741 3396 Joan

587 3418 654 3467 29,
676 3419 745 3460 86.

872 1366 1217 1449 Scripturae
1256 1368 1403 1432 novi
1447 1368 1546 1430 vel
1593 1369 1823 1431 veteris
1858 1368 2264 1441 Testamenti,
2301 1376 2370 1429 ut

874 1467 1133 1529 nomine
1191 1467 1517 1548 prophetae
1566 1467 1943 1550 simpliciter
2004 1467 2371 1549 pronuntia-

874 1565 945 1637 ti,
1001 1564 1389 1645 intelligatur
1446 1565 1556 1627 ille
1613 1564 1923 1647 Propheta
1982 1565 2366 1647 praecipuus.

870 1663 1091 1725 Melius
1132 1664 1326 1745 igitur
1368 1681 1530 1739 reor,
1577 1673 1645 1726 ut
1688 1682 1801 1746 per
1845 1665 2242 1747 prophetam,
2277 1664 2372 1725 in-

874 1762 1194 1843 telligatur
1222 1763 1615 1844 quicumque
1646 1763 1952 1845 Propheta
1982 1763 2368 1837 indistincte,

2479 1364 2628 1426 tiam
2661 1373 2722 1427 et
2759 1365 3128 1429 missionem
3160 1367 3464 1430 divinam.
3497 1370 3572 1429 Ut
3599 1388 3974 1446 responsum

2475 1466 2702 1525 demus
2732 1466 2834 1525 his
2863 1466 2982 1545 qui
3009 1468 3322 1528 miserunt
3351 1488 3466 1528 nos
3491 1467 3569 1529 ad
3603 1475 3664 1528 te
3694 1466 3772 1528 ad
3802 1466 3978 1527 hune

2479 1561 2700 1637 finem,
2768 1572 2836 1625 ut
2899 1572 3366 1646 reportaremus
3421 1566 3514 1628 eis
3576 1574 3811 1628 certam
3872 1582 3976 1626 re-

2479 1663 2886 1743 sponsionem
2929 1664 3007 1725 de
3047 1664 3168 1727 hoc
3205 1665 3350 1746 quis
3395 1664 3527 1727 sis:
3561 1672 3625 1727 et
3667 1664 3976 1727 frivolum

2479 1768 2645 1823 esset
2685 1780 2796 1824 nos
2837 1762 2977 1825 sine
3012 1763 3410 1827 absolutione
3448 1764 3872 1845 quaestionum
3915 1769 3982 1823 et

874 1879 949 1923 eo
992 1861 1177 1923 modo
1221 1879 1350 1942 quo
1398 1861 1465 1923 in
1510 1860 1707 1924 veteri
1754 1861 2152 1947 Testamento
2203 1879 2372 1924 com-
2405 1861 2452 1923 B
2478 1858 2863 1924 affirmativa
2912 1862 3324 1943 responsione
3371 1862 3626 1924 reverti.
3665 1863 3837 1931 Quid
3873 1863 3982 1921 di-

875 1959 1155 2021 muniter
1197 1958 1273 2020 fit
1314 1978 1523 2022 sermo
1564 1959 1643 2021 de
1686 1960 2015 2042 propheta.

981 2056 1100 2119 Sed
1173 2065 1325 2120 tunc
1389 2057 1699 2121 dubitatio
1765 2058 1989 2131 oritur,
2050 2058 2371 2139 quomodo

873 2156 1140 2218 Joannes
1194 2162 1377 2237 neget
1424 2174 1492 2219 se
1539 2174 1676 2219 esse
1726 2156 2123 2239 prophetam,
2167 2175 2370 2237 quum

876 2261 1119 2318 certum
1168 2254 1251 2317 sit
1301 2255 1511 2336 ipsum
1561 2254 1761 2317 fuisse
1812 2256 2209 2337 prophetam,
2262 2255 2369 2317 Za-

876 2354 1091 2416 charia
1139 2360 1406 2415 testante
1450 2372 1463 2416 :
1510 2354 1623 2427 Tu,
1674 2372 1855 2435 puer,
1907 2354 2222 2435 Propheta
2269 2353 2372 2416 Al-

875 2452 1105 2514 tissimi
1154 2451 1501 2514 vocaberiS.
1554 2452 1839 2514 Christus
1885 2470 2145 2533 quoque
2194 2459 2372 2515 vocat

876 2568 1021 2613 eum
1083 2550 1227 2632 plus
1275 2568 1467 2631 quam
1528 2550 1925 2632 prophetam.
1976 2551 2141 2614 Dicit
2197 2551 2367 2613 enim

876 2651 955 2712 de
996 2668 1071 2712 eo
1106 2668 1119 2711 :
1152 2648 1345 2729 Maj0r
1389 2649 1556 2711 inter
1604 2656 1783 2712 natos
1833 2650 2176 2711 mulierum
2229 2668 2372 2730 pro-

878 2747 1069 2829 pheta
1106 2746 1343 2809 Joanne
1385 2745 1663 2828 Baptista
1706 2766 1893 2809 nemo
1934 2755 2051 2809 est.
2095 2747 2184 2809 Ex
2228 2746 2372 2828 qui-

878 2846 998 2907 bus
1060 2852 1229 2927 patet
1286 2846 1455 2926 quod
1521 2844 1644 2907 fuit
1704 2846 2031 2928 propheta.
2094 2846 2188 2908 Ad
2250 2846 2372 2909 hoc

879 2944 1263 3024 respondent
1302 2943 1637 3025 Gregorius
1680 2951 1743 3005 et
1780 2943 1962 3017 Beda,
2004 2945 2176 3025 quod
2220 2944 2374 3025 quia

876 3040 1144 3104 loannes
1183 3040 1307 3103 suit
1336 3042 1481 3123 plus
1510 3060 1701 3123 quam
1747 3042 2073 3124 propheta,
2110 3060 2237 3104 non
2277 3038 2452 3107 so-.C
2479 3042 2702 3105 Factus
2753 3062 2896 3105 sum
2951 3043 3283 3125 insipienS,
3336 3063 3446 3108 vos
3503 3062 3607 3107 me
3653 3045 3974 3125 coegistis.
4027 3060 4236 3102 uem„-

2560 3144 2676 3203 Aic
2712 3142 2979 3205 Joannes
3027 3142 3456 3206 sacerdotibus
3503 3151 3565 3205 et
3610 3142 3846 3206 Levitis
3893 3145 3978 3206 ad
4011 3126 4076 3165 ¹¹·
4107 3174 4172 3229 23

881 3140 1013 3203 lum
1060 3138 1277 3202 futura
1314 3141 1389 3202 de
1434 3140 1679 3204 Christo
1724 3140 2230 3222 praenuntiando,
2265 3142 2374 3202 sed

880 3238 1070 3300 etiam
1129 3237 1447 3302 Christum
1506 3239 1986 3321 praesentialiter
2042 3240 2376 3302 ostenden-

744 3368 786 3397 η.
820 3368 850 3406 ι,
881 3339 982 3411 do,
1018 3339 1169 3399 dum
1209 3337 1388 3413 dixit,
1422 3337 1581 3401 Ecce
1620 3338 1833 3419 Agnus
1872 3338 2021 3419 Dei3
2064 3347 2376 3419 quantum

881 3439 958 3499 ad
1004 3436 1065 3498 id
1106 3455 1174 3499 se
1217 3445 1403 3517 negat
1446 3438 1843 3520 prophetam,
1885 3457 2014 3519 quo
2058 3436 2182 3499 fuit
2231 3438 2376 3520 plus

879 3554 1073 3617 quam
1125 3536 1453 3617 propheta.
1507 3536 1703 3598 Aliter
1751 3536 1875 3599 dici
1928 3545 2153 3619 potest,
2205 3538 2374 3618 quod

881 3634 1033 3716 quia
1069 3634 1338 3697 Joannes
1383 3633 1506 3697 l'uit
1544 3636 1789 3697 medius
1835 3636 1999 3698 inter
2035 3634 2377 3717 Prophetas

882 3742 945 3797 et
983 3733 1337 3817 ApostoloS,
1381 3742 1441 3796 et
1485 3734 1667 3815 quasi
1712 3734 1969 3797 horizon
2012 3754 2087 3797 ac
2130 3734 2378 3797 medius

884 3832 1220 3913 utriusque
1278 3832 1683 3906 Testamenti,
1742 3832 1826 3895 ita
1881 3833 2053 3913 quod
2114 3852 2228 3894 sua
2285 3833 2382 3894 ul-

884 3932 1125 4007 timata,
1171 3929 1457 3994 formalis
1506 3950 1577 3993 ac
1628 3931 1885 4013 propria
1935 3932 2135 4012 gratia
2184 3932 2379 4012 gratis

884 4031 1046 4103 data,
1090 4049 1215 4091 non
1260 4028 1384 4091 fuit
1425 4049 1572 4093 cum
1618 4030 1945 4112 Prophetis
1992 4031 2224 4093 veteris
2275 4030 2382 4093 Te·

886 4128 1180 4189 stamcnti
1228 4127 1545 4190 Christum
1606 4127 1895 4191 futurum
1950 4129 2015 4190 in
2067 4130 2378 4191 mundum

2478 1959 2570 2019 cis
2611 1961 2691 2019 de
2734 1968 2791 2019 te
2833 1961 3018 2036 ipso?
3058 1961 3172 2042 qui
3217 1966 3405 2023 tantae
3445 1959 3838 2023 excellentias
3881 1976 3976 2033 es,

2481 2063 2548 2117 ut
2589 2056 2848 2137 proprio
2884 2057 3250 2121 testimonio
3287 2065 3398 2121 tuo
3435 2059 3514 2120 de
3553 2065 3614 2120 te
3649 2058 3791 2139 ipso
3831 2077 3980 2140 pro-

2479 2152 2604 2215 lato
2652 2154 3038 2217 credendum
3085 2155 3171 2217 sit
3214 2174 3228 2219 :
3273 2155 3568 2237 quamvis
3618 2157 3976 2219 secundum

2477 2270 2880 2315 communem
2941 2254 3166 2334 legem,
3221 2255 3410 2318 homo
3457 2274 3582 2318 non
3643 2263 3979 2337 reputetur

2479 2350 2744 2415 idoneus
2795 2352 2970 2414 testis
3019 2353 3096 2415 de
3139 2372 3208 2415 se
3245 2353 3405 2435 ipso,
3449 2353 3572 2415 nisi
3622 2350 3786 2417 forte
3823 2373 3976 2416 cum

2477 2449 2858 2530 juramento.
2909 2450 3086 2513 Unde
3143 2451 3310 2513 infra
3363 2452 3558 2515 Judaei
3615 2453 3838 2515 dicunt
3893 2454 3976 2513 ad

2479 2548 2798 2612 Christum
2830 2568 2844 2611 :
2875 2548 2966 2610 Tu
2997 2551 3074 2611 de
3105 2557 3167 2613 te
3196 2550 3336 2632 ipso
3363 2552 3796 2614 testimonium
3831 2569 3980 2633 per-

2479 2647 2683 2719 bibes,
2714 2648 3152 2712 testimonium
3195 2658 3376 2712 tuum
3423 2670 3546 2714 non
3588 2659 3686 2713 est
3721 2669 3974 2714 verum.

2477 2746 2638 2809 Hinc
2665 2746 2894 2809 Paulus
2930 2748 3007 2809 ad
3041 2747 3410 2823 Corinthios,
3439 2767 3641 2830 quum
3681 2749 3804 2812 sihi
3845 2750 3976 2832 ipsi

2478 2854 2542 2908 et
2590 2845 2863 2927 propriae
2912 2846 3129 2927 gratiae
3174 2846 3607 2911 testimonium
3671 2847 3982 2931 perhibu-

2481 2945 2634 3008 isset
2681 2944 2938 3027 propria
2985 2945 3150 3008 bona
3196 2944 3632 3017 describendo,
3677 2946 3916 3027 adjecit
3959 2966 3974 3011 ε

2483 3259 2551 3302 se
2609 3240 2820 3303 missis
2874 3260 2888 3304 :
2943 3244 3078 3318 qu
3129 3262 3278 3310 vooe,
3327 3258 3442 3323 per
3496 3243 3978 3324 proprietatem,

2486 3358 2611 3403 non
2658 3357 2770 3421 per
2807 3340 3168 3414 essentiam,
3212 3340 3275 3403 id
3317 3347 3414 3403 est
3455 3360 3660 3422 praeco
3701 3350 3766 3404 et
3807 3342 3986 3405 voci-

2485 3437 2739 3509 ferator,
2771 3439 3142 3507 clamantis,
3181 3439 3243 3500 id
3289 3445 3384 3500 est
3425 3439 3653 3502 Christi
3695 3439 3797 3502 vel
3839 3438 3988 3521 spi-

2488 3536 2647 3598 ritus
2687 3535 2898 3598 Sancti
2939 3554 3053 3618 per
3093 3554 3198 3599 me
3237 3538 3578 3618 loquentiS‚
3609 3540 3684 3598 in
3713 3541 3982 3610 deserto,

2487 3635 2606 3697 hoc
2636 3642 2730 3696 est
2771 3635 3114 3698 solitudine
3136 3633 3386 3709 Judaeae,
3419 3636 3485 3698 in
3517 3656 3646 3718 qua
3676 3636 3992 3699 habitavit

2485 3752 2559 3797 ac
2608 3733 2974 3815 praedicavit
3010 3734 3300 3797 Joannes.
3343 3734 3582 3797 Dicitur
3627 3744 3836 3798 autem
3885 3736 3993 3799 Jo-

2487 3850 2686 3895 annes
2719 3851 2860 3906 vox,
2888 3834 3238 3896 secundum
3267 3832 3658 3915 Gregorium,
3692 3835 3844 3915 quia
3873 3834 3994 3898 sic-

2493 3938 2561 3992 ut
2601 3949 2719 3993 vox
2763 3930 3062 4011 praecedit
3105 3931 3396 4004 verbum,
3432 3938 3502 3993 ut
3545 3933 3858 4007 audiatur,
3893 3933 3992 3995 sic

2488 4029 2755 4093 Ioannes
2797 4030 3119 4111 praecessit
3157 4028 3498 4105 Christum,
3544 4037 3614 4092 ut
3652 4049 3994 4111 cognosce-

2492 4136 2686 4189 retur.
2722 4127 2841 4191 Sed
2877 4146 3078 4210 quum
3109 4126 3379 4189 verbum
3411 4136 3475 4189 et
3505 4147 3625 4191 vox
3655 4130 3786 4191 sint
3814 4130 3988 4193 idem

888 4227 1250 4307 praedicere,
1295 4228 1403 4289 sed
1452 4244 1597 4289 eum
1644 4227 1774 4308 jam
1819 4230 2272 4302 demonstrare,
2321 4237 2383 4292 et
2414 4231 2463 4292 D
2493 4226 2764 4299 realiter,
2787 4226 3094 4307 quomodo
3124 4244 3246 4288 vox
3276 4225 3509 4288 dicitur
3538 4225 3801 4289 verbum
3833 4246 3990 4309 prae-

888 4343 1035 4385 cum
1069 4324 1385 4406 Apostolis
1421 4326 1799 4388 annuntiare
1836 4326 2140 4408 quoniam
2182 4326 2377 4403 venit,

888 4422 1029 4485 ideo
1068 4430 1253 4504 negat
1301 4441 1368 4506 se
1410 4442 1550 4485 esse
1598 4425 1973 4506 prophetam
2007 4444 2020 4487 ε
2058 4443 2186 4488 non
2230 4426 2382 4506 quia

889 4539 1290 4603 nequaquam
1351 4523 1659 4604 propheta
1715 4522 1857 4599 fuit,
1910 4524 2021 4586 sed
2077 4524 2378 4605 quoniam

888 4639 1074 4681 suum
1110 4620 1493 4693 ultimatum‚
1528 4619 1793 4685 formale
1822 4641 1895 4686 ac
1926 4624 2260 4705 proprium
2291 4623 2386 4687 of-

890 4719 1135 4793 ficium,
1199 4737 1325 4782 non
1383 4718 1508 4782 fuit
1568 4718 1783 4782 futura
1844 4720 2211 4802 praedicere,
2273 4722 2382 4783 sed

890 4817 1208 4881 Christum
1259 4835 1666 4898 praecurrere‚
1711 4819 2133 4900 praedicando,
2183 4820 2386 4901 bapti-

890 4917 1108 4990 zand0,
1134 4916 1402 4997 ejusque
1432 4916 1687 4979 semitas
1720 4918 2131 5000 disponendo.
2160 4918 2388 4981 Unum-

890 5015 1189 5096 quodque
1228 5014 1399 5076 enim
1440 5015 2017 5080 denominationem
2060 5018 2324 5080 sortitur
2351 5036 2388 5079 a

890 5131 1005 5174 sua
1044 5110 1291 5175 formali
1324 5120 1386 5174 et
1418 5115 1674 5197 propria
1704 5117 1959 5178 ratione.
1993 5114 2202 5178 Potest
2239 5134 2390 5197 quo-

892 5229 1019 5291 que
1076 5210 1257 5272 aliter
1315 5211 1461 5285 dici,
1515 5212 1831 5287 videlicet,
1894 5215 2066 5296 quod
2118 5213 2388 5278 Ioannes

895 5307 1049 5370 dicit
1103 5326 1171 5370 se
1228 5327 1354 5372 non
1413 5327 1551 5373 esse
1612 5313 2011 5396 prophetam,
2066 5330 2141 5376 eo
2199 5313 2387 5376 modo

2491 4326 2750 4387 cedere?
2781 4324 3151 4399 Dicendum,
3183 4325 3356 4405 quod
3400 4323 3682 4387 Christus
3719 4332 3817 4387 est
3853 4344 3990 4389 ver-

2493 4422 2646 4485 bum
2687 4422 3126 4485 intellectuale.
3151 4421 3692 4494 Quemadmodum
3727 4441 3876 4504 ergo
3917 4424 3987 4487 in

2494 4521 2676 4585 nobis
2726 4540 2848 4585 vox
2893 4522 3022 4585 oris
3073 4521 3373 4603 praecedit
3415 4521 3678 4585 verbum
3728 4522 3984 4597 mentiS,

2494 4629 2564 4683 ut
2618 4620 2931 4693 audiatur,
2983 4620 3076 4682 sic
3123 4620 3393 4683 Joannes
3445 4618 3764 4683 Christum
3821 4640 3986 4703 prae·

2493 4719 2704 4782 cessit.
2745 4718 2854 4781 Vel
2904 4718 3268 4793 dicendum,
3309 4719 3480 4800 quod
3529 4718 3675 4781 licet
3717 4720 3988 4783 verbum

2493 4817 2621 4882 oris
2670 4826 2732 4879 et
2772 4835 2892 4880 vox
2942 4816 3110 4878 idem
3149 4814 3300 4895 sint,
3344 4834 3466 4879 vox
3503 4825 3711 4879 tamen
3756 4836 3994 4899 praece-

2495 4917 2588 4979 dit
2633 4916 2751 4979 hoc
2801 4915 3092 4989 verbum,
3139 4915 3490 4977 secundum
3541 4915 3872 4990 rationem,
3913 4936 3991 4981 eo

2495 5015 2682 5078 modo
2719 5032 2868 5095 quo,
2903 5013 3255 5075 secundum
3293 5019 3612 5076 auctorem
3646 5013 3794 5077 libri
3835 5014 3994 5078 Cau-

2497 5132 2733 5187 sarum,
2784 5130 2986 5195 genus
3047 5110 3347 5191 praecedit
3405 5110 3706 5192 speciem.
3759 5110 3997 5175 Secun-

2498 5214 2594 5286 do,
2611 5212 2876 5275 Joannes
2903 5210 3182 5292 Baptista
3209 5208 3562 5290 appellatur
3591 5228 3711 5273 vox
3743 5210 3990 5285 Christi,

2499 5311 2806 5394 quoniam
2855 5310 3021 5371 sicut
3063 5327 3184 5372 vox
3229 5325 3362 5371 rem
3403 5307 3605 5390 ipsam
3649 5308 3990 5391 significat,
