4300 6259
55 924 260 967 mss.

117 1702 186 1756 18

75 1920 181 1948 vers.
205 1909 250 1949 9.

124 2290 192 2345 19

128 3370 200 3425 20

127 3674 194 3729 21

1113 540 1467 589 manuario
1509 539 1574 587 m
1615 539 1754 587 cAr.
1799 540 1864 587 lx
1904 540 2179 589 JoANms.
2227 562 2307 575 --
2347 543 2489 592 Aur.
2536 546 2685 591 XXIV

3330 528 3454 595 453

321 709 558 773 Jesum
617 728 756 773 esse
814 711 1161 775 Christum.
1223 713 1344 776 Sed
1400 712 1552 775 huic
1609 712 1846 786 obviat,
1878 709 2142 774 Aeoetra
2188 734 2586 793 synayoqam
2632 721 2837 793 fieret,
2878 718 2944 780 id
2992 724 3108 792 est,
3160 718 3456 800 quicum-

323 811 516 891 quod
565 818 712 891 post
755 829 958 893 pauca
996 831 1198 875 caecus
1245 812 1350 875 hic
1393 812 1481 874 ait
1529 812 1607 874 de
1634 811 1779 873 Iesu
1827 830 1840 875 :

325 907 401 971 Si
441 917 737 991 peccator
765 918 883 985 est,
919 911 1158 975 nescio.
1195 910 1258 973 Si
1296 918 1508 973 autem
1540 910 1882 973 tenuisset·

324 1025 492 1069 eum
543 1026 662 1089 pro
709 1007 978 1085 Christo,
1027 1010 1320 1073 scivisset
1365 1010 1539 1091 quod
1581 1028 1708 1072 non
1758 1028 1848 1071 es-

325 1114 440 1169 set
489 1116 804 1189 peccator.
869 1109 1042 1171 Istud
1101 1118 1313 1172 tamen
1363 1108 1513 1171 satis
1577 1107 1849 1171 faciliter

327 1205 506 1269 solvi
572 1212 803 1287 potest.
863 1206 1002 1270 Non
1069 1214 1281 1269 tamen
1351 1206 1693 1269 dicendum
1753 1215 1850 1269 est

327 1305 516 1385 quod
565 1305 828 1368 nomine
877 1306 1204 1389 prophetat
1254 1305 1638 1368 intellexerit
1681 1304 1851 1368 Chri-

329 1408 538 1475 stum,
592 1402 746 1483 quia
795 1421 922 1465 non
980 1402 1105 1465 fuit
1153 1403 1545 1466 consuetudo
1590 1402 1842 1477 Judaeis,

329 1498 408 1561 in
452 1500 780 1562 communi
825 1501 1014 1564 modo
1054 1501 1378 1583 loquendi,
1414 1519 1530 1583 per
1575 1500 1848 1583 prophe—

332 1605 472 1660 tam
518 1598 878 1681 intelligere
919 1598 1263 1662 Christum.

437 1698 592 1758 Non
639 1700 1062 1759 crediderunt
1111 1716 1261 1774 erqo
1301 1698 1522 1759 Judaei
1560 1696 1845 1778 quidam,

335 1796 422 1857 de
451 1795 694 1877 quibus
725 1796 966 1858 dictum
1001 1804 1097 1857 est
1124 1796 1299 1877 quod
1331 1796 1625 1858 dixerunt
1655 1794 1847 1857 istum

1957 830 2084 892 que
2130 812 2371 876 diceret
2412 813 2624 875 Jesum
2675 831 2813 877 esse
2860 814 3203 891 Christum,
3249 817 3454 879 exclu-

1957 910 2213 972 deretur
2249 930 2285 972 a
2327 912 2565 993 populo
2606 912 2963 976 Judaeorum
3004 921 3305 995 tanquam
3344 932 3453 977 ex-

1959 1011 2463 1074 communicatus
2494 1019 2556 1073 et
2586 1012 2873 1094 perfidus
2901 1032 2914 1076 :
2939 1015 3110 1095 quod
3136 1021 3269 1075 erat
3298 1022 3451 1077 tunc

1956 1110 2195 1189 grande
2250 1110 2691 1192 opprobrium.
2751 1114 3128 1189 Propterea,
3183 1112 3447 1189 scilicet,
3584 1126 3657 1183 23

1959 1226 2038 1270 ne
2097 1209 2176 1269 de
2234 1227 2546 1291 synagoga
2600 1210 3091 1292 expellerentur,
3151 1221 3453 1287 parentes

1956 1306 2096 1383 ejus
2123 1306 2441 1367 dioeerunt
2472 1326 2495 1365 .·
2528 1308 2696 1376 Quia
2725 1316 2975 1368 oetatem
3004 1309 3213 1375 habet,
3237 1310 3452 1386 ipsum

1957 1407 2371 1481 interroyate.
2406 1403 2483 1466 Et
2531 1404 2593 1466 in
2646 1406 2765 1468 hoc
2808 1406 3082 1467 multum
3131 1405 3445 1481 errabant,

1959 1502 2289 1583 magisque
2356 1503 2717 1565 dilexerunt
2779 1503 3046 1585 gloriam
3114 1504 3446 1568 hominum
3504 1534 3741 1586 haman,

1958 1617 2149 1680 quam
2192 1598 2495 1661 divinam.
2531 1599 2753 1663 Nonne
2794 1600 3111 1662 salubrius
3158 1600 3250 1662 eis
3292 1601 3453 1665 fuis-
3478 1600 3547 1642 ⁴³·

1958 1705 2052 1759 set
2081 1716 2118 1758 a
2147 1695 2394 1760 Christo
2424 1698 2646 1779 recipi,
2679 1698 2793 1780 qui
2826 1704 3086 1780 propter
3122 1716 3191 1760 se
3228 1702 3451 1782 expul-

1959 1814 2061 1859 sos
2109 1795 2455 1858 clementer
2492 1797 2748 1879 recepit,
2792 1815 2979 1878 quam
3031 1797 3095 1858 in
3138 1816 3451 1880 synagoga

333 1892 626 1955 similem
657 1911 796 1956 esse
825 1913 990 1958 caeco
1026 1902 1194 1969 nato,
1231 1894 1329 1956 vel
1361 1893 1655 1957 Pharisaei
1699 1912 1851 1975 ope-
1887 1892 1932 1953 B
1959 1913 2237 1969 manere,
2273 1895 2339 1956 in
2379 1914 2507 1976 qua
2554 1903 2733 1957 erant
2774 1895 2988 1957 aemuli
3030 1894 3171 1957 Filii
3214 1896 3368 1959 Dei?

335 2010 412 2053 ra
444 1991 682 2055 Christi
713 1992 1213 2073 calumniantes3
1247 1994 1407 2073 quia
1445 2012 1645 2053 coecus
1683 1994 1852 2069 fuis-

331 2098 432 2151 set
461 2109 500 2152 a
530 2091 882 2169 nativitate,
913 2102 974 2153 et
1005 2092 1294 2162 vidisset,
1323 2090 1642 2153 beneficio
1674 2089 1850 2153 Chri-

336 2189 448 2263 sti,
501 2193 703 2252 donec
749 2198 1144 2252 vocaverunt
1198 2200 1500 2268 parentes
1545 2190 1687 2268 ejus
1734 2191 1852 2270 qui

339 2290 642 2361 viderat‚·
667 2299 728 2351 et
757 2291 1328 2367 interroqaverunt
1364 2309 1486 2362 eos,
1519 2291 1798 2351 dicentes
1827 2308 1850 2347 .·

337 2390 478 2451 Hic
514 2398 606 2449 est
643 2391 828 2466 filius
867 2398 1090 2458 ve‘ster,
1119 2408 1304 2467 quem
1353 2409 1458 2449 vos
1505 2389 1754 2459 dicitis,
1785 2387 1849 2449 id

337 2494 462 2561 est,
500 2487 580 2548 de
629 2505 760 2567 quo
802 2486 1166 2563 affirmati&
1201 2491 1360 2567 quia
1408 2508 1608 2550 coecus
1655 2498 1852 2549 natus

333 2588 486 2647 est?
527 2588 852 2656 Quomodo
890 2606 1038 2664 erqo
1077 2606 1254 2647 nunc
1299 2588 1523 2647 videt?
1565 2586 1708 2647 Tria
1757 2585 1853 2646 in-

335 2685 618 2765 quirunt
650 2703 665 2748 :
701 2685 933 2767 primo,
966 2705 1045 2747 an
1080 2684 1198 2747 iste
1243 2684 1326 2747 sit
1366 2683 1544 2747 filius
1587 2701 1846 2764 eorum3

338 2783 652 2856 secundo,
713 2802 794 2845 an
853 2803 1057 2847 caecus
1115 2802 1152 2845 a
1207 2782 1575 2863 nativitate3
1637 2781 1845 2857 terti0‚

336 2880 625 2962 qualiter
672 2879 883 2945 visum
941 2882 1202 2963 recepit,
1256 2881 1310 2943 si
1361 2887 1546 2942 natus
1595 2887 1690 2941 est
1732 2899 1852 2942 οω-

337 2998 481 3041 cus.
521 2978 596 3040 Et
622 2980 778 3061 quia
805 2980 882 3041 ad
913 2980 1038 3042 duo
1069 2980 1273 3061 prima
1303 2985 1595 3061 poterant
1624 2996 1850 3060 paren-

2056 1997 2451 2057 Vocaverunt
2478 2013 2624 2071 erqo
2664 1993 2957 2056 Pharisaei
2988 2015 3217 2055 rursus
3245 1998 3452 2057 homi·
3584 2000 3657 2055 24

1957 2113 2104 2153 nem
2143 2093 2263 2171 qui
2298 2094 2519 2171 fuerat
2557 2112 2777 2153 coecus.
2820 2092 3063 2155 Invidia
3100 2094 3273 2155 enim
3322 2114 3449 2157 non

1959 2190 2255 2272 quiescit,
2290 2192 2397 2253 sed
2430 2190 2747 2254 indefesso
2782 2191 2997 2255 animo
3037 2191 3300 2255 molitur
3327 2213 3455 2256 ma·-

1961 2290 2096 2352 lum
2145 2288 2205 2351 ei
2249 2307 2443 2371 quem
2490 2289 2652 2369 odit3
2704 2296 2766 2351 et
2813 2290 2926 2371 qui
2978 2290 3305 2353 veritatem
3358 2292 3455 2354 ni-

1960 2396 2184 2451 tuntur
2223 2388 2514 2466 obruere,
2556 2387 2770 2462 variis,
2810 2388 3148 2470 exquisitis
3188 2389 3456 2453 falsissi-

1960 2487 2215 2569 misque
2252 2487 2513 2549 cautelis
2548 2495 2837 2549 utuntur.
2876 2490 2959 2548 Et
2996 2490 3313 2551 disserunt
3340 2492 3403 2551 ei
3429 2510 3455 2551 .·

1961 2588 2063 2645 Da
2102 2586 2386 2662 yloriam
2434 2586 2590 2655 DeO,
2632 2584 2753 2647 hoc
2800 2591 2914 2659 est,
2949 2584 3146 2648 Deum
3187 2586 3449 2666 honora,

1961 2682 2144 2745 nobis
2220 2680 2531 2762 religiosis
2605 2683 3078 2755 consentiendo,
3148 2691 3211 2745 et
3276 2692 3451 2748 tuam

1962 2779 2352 2843 curationem
2403 2798 2529 2842 non
2580 2779 2729 2841 huic
2775 2779 2941 2855 Jesu,
2993 2781 3176 2862 quasi
3236 2782 3455 2847 divina

1961 2884 2269 2962 potestate
2325 2878 2556 2958 agenti,
2609 2878 3047 2955 adscribendo,
3114 2881 3223 2943 sed
3280 2884 3454 2963 quod

1959 2978 2175 3058 aliquo
2206 2975 2330 3039 alio
2360 2976 2549 3039 modo
2579 2976 2786 3039 visum
2821 2976 3139 3059 recepisti.
3173 2980 3305 3044 Nos
3332 2983 3457 3041 sci-

338 3086 438 3141 tes
485 3077 627 3139 sine
675 3076 963 3159 periculo
1011 3077 1417 3158 respondere,
1467 3095 1593 3140 non
1633 3084 1844 3138 autem
1886 3074 1930 3138 C
1963 3097 2103 3137 mus
2154 3076 2311 3154 quia
2360 3076 2467 3135 Izic
2512 3076 2697 3135 homo
2742 3085 3037 3151 peccator
3081 3087 3195 3148 est,
3247 3078 3311 3140 id
3358 3087 3455 3142 est

336 3177 422 3239 ad
483 3175 769 3251 tertium,
830 3174 1068 3238 idcirco
1123 3176 1513 3256 respondent
1576 3175 1655 3237 ad
1721 3175 1847 3238 duo

339 3276 504 3349 haec,
539 3274 1080 3355 quemadmodum
1123 3272 1440 3335 subditur.

423 3376 921 3450 Responderunt
946 3374 1039 3433 eis
1059 3381 1360 3449 parentes
1388 3374 1553 3451 ejus,
1575 3382 1634 3433 et
1663 3374 1842 3433 dime-

339 3480 506 3532 runt
536 3492 560 3531 .·
605 3473 865 3533 Scimus
913 3473 1072 3552 quia
1123 3472 1230 3531 hic
1275 3481 1364 3532 est
1403 3474 1588 3548 filius
1636 3480 1846 3533 noster

337 3570 466 3650 (de‘
484 3569 666 3650 prole
697 3588 774 3631 cu
778 3569 882 3649 jus
915 3569 1018 3639 sit,
1036 3569 1268 3632 certior
1297 3576 1392 3630 est
1421 3576 1621 3631 mater
1649 3588 1841 3650 quarn

339 3668 574 3751 pater),
607 3676 666 3727 et
695 3669 854 3747 quia
898 3687 1098 3729 caecus
1132 3677 1328 3728 natus
1364 3677 1475 3728 est.
1522 3670 1844 3736 Quomodo

338 3776 567 3828 autem
595 3784 774 3826 nunc
811 3767 1054 3835 videat,
1081 3766 1427 3834 nescimuS,
1458 3764 1521 3826 id
1561 3772 1677 3839 est,
1712 3784 1847 3829 mo-

339 3867 500 3929 dum
531 3870 594 3925 et
623 3862 914 3925 ordinem
944 3862 1093 3926 facti
1125 3863 1522 3943 ignoramus3
1553 3872 1670 3923 aut
1698 3866 1844 3943 quis

337 3966 484 4043 ejus
515 3963 778 4041 aperuit
806 3966 1042 4032 oculos,
1061 3962 1184 4024 hoc
1213 3967 1308 4023 est
1333 3968 1655 4024 auctorem
1683 3962 1840 4025 tanti

341 4061 645 4147 prodigii,
690 4081 806 4123 nos
845 4062 1186 4122 nescimus.
1219 4063 1445 4138 Ipsum
1493 4062 1844 4138 inter-roya-

341 4172 441 4233 te,·
478 4170 731 4223 oetatem
773 4160 986 4228 habet,
1025 4158 1091 4220 id
1131 4166 1228 4221 est
1272 4178 1471 4247 annos
1521 4160 1845 4223 discretio-

1957 3174 2251 3236 assiduus
2282 3173 2350 3235 in
2382 3180 2659 3255 peccato,
2696 3175 2989 3238 seductor
3027 3175 3235 3257 plebis
3272 3184 3334 3239 et
3372 3178 3455 3239 si-

1956 3272 2253 3347 mulator,
2288 3272 2550 3352 magicis
2588 3271 2832 3333 artibus
2885 3280 3092 3349 utens,
3138 3292 3257 3337 nec
3296 3276 3453 3339 divi-

1956 3390 2038 3433 na
2087 3370 2321 3432 virtute
2368 3377 2431 3431 te
2479 3369 2885 3433 illuminavit.
2931 3370 3090 3433 Ecce
3132 3374 3451 3454 quomodo

1957 3470 2199 3533 malitia
2247 3468 2584 3531 excaecavit
2638 3486 2765 3543 eOS‚
2814 3477 2876 3531 et
2923 3489 3115 3551 quam
3168 3472 3449 3536 studiose
3480 3486 3740 3545 Sap.n‚21.

1956 3568 2321 3651 satagebant
2369 3567 2661 3650 decipere
2710 3586 2948 3630 caecum
2996 3570 3212 3632 istum.
3262 3570 3448 3643 Quasi

1955 3670 2167 3731 dicant
2204 3686 2217 3730 ε
2253 3666 2343 3728 Ex
2382 3685 2511 3748 quo
2551 3685 2665 3730 nos
2706 3668 2870 3729 docti
2911 3673 2974 3729 et
3010 3668 3289 3750 religiosi
3331 3670 3451 3734 hoc

1955 3767 2215 3839 scimuS‚
2266 3773 2337 3827 tu
2387 3764 2661 3846 simplex
2710 3772 2773 3827 et
2829 3765 3024 3829 idiota
3081 3786 3209 3831 non
3258 3769 3450 3832 debes

1957 3862 2387 3926 contradicere
2427 3861 2635 3925 nobis.

2037 3962 2228 4021 Dixit
2255 3980 2403 4039 erqo
2434 3960 2549 4020 ille
2578 3978 2781 4021 caecus
2824 3962 3108 4024 nondum
3139 3962 3207 4025 in
3237 3964 3452 4027 anima
3582 3967 3657 4023 25

1957 4060 2237 4143 perfecte
2283 4061 2361 4122 de
2409 4058 2667 4122 Christo·
2716 4058 3068 4122 illustratus
3120 4079 3134 4123 ε
3188 4063 3270 4124 Si
3308 4082 3453 4140 pec-

1953 4170 2132 4221 cator
2168 4168 2283 4229 est,
2322 4159 2555 4227 nescio,
2596 4158 2662 4221 id
2709 4167 2826 4234 est,
2873 4157 3107 4221 dubius
3156 4178 3299 4221 sum
3349 4160 3451 4223 vel

341 4259 468 4333 niS‚
507 4259 644 4337 ipse
680 4260 760 4317 de
805 4277 870 4317 se
921 4260 1250 4335 loquatur,
1301 4256 1603 4337 quoniam
1657 4274 1842 4321 nemo
1874 4257 1925 4318 D
1957 4259 2235 4321 incertus
2282 4275 2362 4318 an
2424 4256 2641 4338 aliquo
2691 4256 2886 4319 fuerit
2937 4257 3257 4319 interdum
3307 4276 3453 4340 pec—

339 4358 578 4422 eertior
626 4374 723 4419 ee.
777 4359 934 4418 Hoec
979 4356 1294 4416 dimerunt
1333 4366 1633 4433 parentes
1677 4356 1840 4433 ejus,

339 4458 660 4537 quoniam
703 4457 1013 4517 tinwbant
1048 4455 1329 4524 Iudaeos,
1363 4452 1484 4515 hoc
1528 4458 1621 4513 est
1671 4454 1845 4533 prin-

337 4553 584 4637 cipales
629 4553 899 4628 Judaeos,
941 4551 1240 4615 videlicet
1284 4550 1650 4625 PharisaeoS,
1683 4550 1847 4614 Scri-

339 4654 457 4717 bas
489 4659 554 4714 et
585 4652 962 4726 sacerdoteS‚
997 4650 1354 4714 inordinato
1393 4658 1458 4713 et
1493 4651 1728 4713 carnali
1769 4652 1845 4713 ti-

341 4768 526 4814 more
561 4767 576 4811 :
611 4766 688 4811 ex
737 4767 868 4831 quo
917 4756 980 4810 et
1039 4748 1290 4810 mentiti.
1340 4756 1509 4824 sunt,
1545 4757 1608 4811 et
1654 4768 1847 4832 opera

341 4848 584 4916 Christi
628 4847 734 4930 pia
773 4854 966 4929 atque
1017 4846 1319 4929 praeclara
1355 4847 1721 4910 maluerunt
1757 4856 1848 4911 ta-

341 4966 514 5021 cere,
546 4964 744 5028 quam
793 4964 830 5007 a
874 4944 1108 5007 Judaeis
1156 4945 1667 5027 persecutionem
1717 4945 1848 5007 suf—

339 5046 536 5109 ferre.
561 5044 741 5107 Unde
771 5061 899 5106 non
930 5050 1313 5105 excusantur
1340 5062 1378 5105 a
1407 5042 1617 5124 culpa.
1653 5042 1849 5107 Causa

339 5144 600 5210 timoris
650 5141 1086 5223 subjungitur.
1125 5145 1275 5203 Jam
1317 5143 1492 5203 enim
1530 5145 1852 5219 conspira-

344 5252 580 5306 verant
615 5242 840 5304 Judaei
878 5238 1288 5321 principaleS‚
1323 5240 1400 5301 de
1440 5239 1680 5321 quibus
1721 5240 1851 5321 jam

345 5340 600 5417 ‹ii-xime
625 5340 688 5400 si
715 5340 864 5421 quis
889 5356 1038 5398 eum
1067 5342 1476 5415 confiteretur
1508 5339 1851 5411 Christum,

1916 4642 2020 4713 'in
2079 4650 2202 4712 die.
2255 4651 2377 4712 Alii
2436 4657 2765 4732 exponunt
2822 4650 2914 4712 sic
2970 4668 2983 4713 :
3037 4648 3101 4710 Si
3162 4657 3453 4731 peccator
3482 4664 3555 4706 ιο.

1954 4364 2091 4420 cato
2144 4355 2367 4418 saltem
2429 4354 2659 4417 veniali
2720 4354 3084 4430 obstrictuS,
3147 4357 3455 4437 quemad-

1953 4456 2212 4518 modum
2262 4454 2454 4517 ceteri
2506 4452 2983 4535 Prophetarum.
3034 4452 3230 4516 Nemo
3278 4454 3448 4516 enim
3494 4472 3577 4517 ³0⁶
3595 4477 3742 4529 xant,

1953 4554 2231 4615 mundus
2277 4573 2314 4615 a
2360 4554 2566 4628 sorde,
2619 4560 2683 4614 et
2727 4550 2936 4632 justus
2994 4552 3228 4633 septies
3286 4553 3453 4615 cadit
3476 4536 3743 4653 ᾖξζζῖᾗ

1953 4755 2069 4823 est,
2105 4748 2341 4823 nescio,
2375 4747 2439 4810 id
2472 4755 2588 4824 est,
2622 4766 2738 4830 ego
2774 4767 2899 4812 non
2933 4747 3064 4811 scio
3094 4765 3319 4810 verum
3353 4766 3453 4810 es-

1953 4864 2024 4908 se
2067 4846 2240 4926 quod
2281 4864 2391 4909 vos
2441 4846 2651 4909 dicitis
2693 4847 2872 4911 vobis
2916 4864 3055 4909 esse
3107 4846 3449 4923 notorium,

1956 4952 2177 5026 utpote
2234 4945 2405 5024 quod
2464 4945 2546 5006 sit
2593 4953 2888 5026 peccator
2939 4964 2953 5009 ε
3005 4946 3165 5027 quin
3216 4945 3450 5027 potiuS,

1955 5042 2325 5125 oppositum
2376 5042 2603 5103 sentio.
2657 5043 2867 5105 Caecus
2926 5044 3045 5107 iste
3094 5062 3221 5107 non
3272 5042 3458 5105 dubi-

1955 5140 2114 5203 tavit
2163 5140 2239 5202 de
2288 5140 2617 5203 sanctitate
2657 5139 2826 5216 Iesu,
2867 5160 3061 5223 quem
3111 5141 3273 5205 dixit
3318 5159 3459 5204 esse

1962 5238 2375 5321 prophe'tam3
2417 5239 2522 5300 sed
2568 5258 2649 5301 an
2693 5238 2819 5301 fuit
2857 5258 3117 5321 prorsus
3158 5241 3239 5304 ab
3281 5239 3458 5305 omni

1963 5338 2154 5420 culpa
2194 5336 2521 5411 immunis,
2557 5357 2683 5401 non
2726 5337 2936 5414 scivit,
2967 5340 3269 5420 quoniam
3306 5358 3463 5403 non-
