4300 6259
162 1382 220 1437 31

87 2280 330 2323 achran-x.

89 2479 296 2528 Gnloet.u,2
302 2481 332 2522 1.

1175 524 1525 572 mannum
1569 525 1632 571 m
1675 524 1813 571 cAP.
1858 526 1901 571 X
1943 525 2130 573 LUCAE.
2178 546 2258 557 —
2300 528 2440 573 ΛΒΤ.
2488 527 2656 574 xxvn

3391 508 3469 575 19

355 712 695 775 resurgere
742 697 1010 758 durante
1057 696 1176 757 hac
1229 694 1377 769 vita,
1415 713 1526 757 seu
1575 696 1865 777 aptitudo
1894 696 1940 757 A
1979 695 2051 758 Et
2099 716 2214 779 per
2258 698 2615 762 Zachariam
2652 717 2665 761 :
2700 698 2911 761 Gaude
2957 706 3018 759 et
3066 698 3297 772 laetare,
3334 697 3470 759 filia
3496 714 3757 767 taem-..m

351 794 430 853 ad
464 793 936 874 poenitendum,
971 794 1056 855 ita
1097 800 1166 854 ut
1211 793 1570 857 radicaliter
1603 813 1714 857 seu
1756 813 1867 876 po-

351 890 708 953 tentialiter
736 898 951 954 manet
981 892 1110 953 vita
1138 892 1488 974 spiritualis
1531 894 1594 955 in
1626 894 1859 955 anima.

353 988 622 1063 Rursus,
654 990 950 1071 quamvis
995 998 1252 1071 peccata
1289 991 1454 1053 dona
1494 998 1734 1054 naturae
1766 992 1863 1053 in-

351 1084 602 1159 ficiant,
637 1105 766 1150 non
814 1095 1026 1150 tamen
1075 1088 1353 1151 totaliter
1391 1090 1728 1152 destruunt
1765 1108 1858 1163 ea,

351 1187 526 1247 unde
564 1194 630 1247 et
659 1185 788 1249 vita
828 1187 1048 1267 gratiae
1086 1186 1449 1262 deficiente,
1483 1197 1698 1250 manet
1735 1188 1864 1251 vita

352 1292 623 1347 naturae.

429 1384 700 1443 Accidit
747 1391 968 1443 autem
1005 1393 1079 1445 ut
1115 1386 1406 1445 sacerdos
1445 1386 1716 1463 quidam
1757 1386 1863 1445 de-

348 1484 682 1541 scenderet
729 1472 952 1543 eadem
1003 1484 1136 1555 via,
1184 1492 1245 1543 ec
1285 1484 1419 1543 viso
1465 1502 1558 1553 eo,
1595 1492 1865 1559 proeter-

351 1581 456 1640 iit.
491 1579 612 1641 Per
649 1581 1042 1644 sacerdotem
1086 1579 1301 1656 istum,
1335 1580 1714 1661 intelligitur
1749 1580 1866 1643 Aa·

353 1696 491 1751 ron,
527 1679 629 1741 vel
661 1679 896 1741 chorus
927 1680 1326 1742 sacerdotum
1365 1679 1664 1760 legalium
1701 1697 1714 1741 :
1748 1680 1864 1761 qui

351 1778 574 1839 eadem
626 1777 730 1839 via
781 1778 1130 1851 descendit,
1185 1777 1338 1860 quia
1395 1796 1510 1860 per
1557 1777 1864 1858 originale

1971 794 2144 869 Sion,
2180 796 2332 877 quia
2374 815 2519 859 ecce
2563 816 2677 878 ego
2716 796 2923 871 venio,
2959 804 3022 858 et
3062 796 3359 859 habitabo
3403 797 3467 858 in

1973 895 2183 957 medio
2228 894 2343 956 tui.
2378 898 2464 956 Ει
2494 898 2721 956 videns
2747 916 2893 956 eum
2932 896 3115 958 oculo
3158 895 3469 977 corporali

1972 1010 2044 1053 ac
2075 992 2515 1067 intellectuali,
2541 996 2989 1055 misericordia
3020 1003 3225 1055 motus
3252 1003 3359 1061 est,
3378 1010 3471 1055 se-

1973 1091 2255 1153 cundum
2306 1090 2465 1153 illud
2514 1090 2909 1155 Threnorum
2964 1110 2977 1153 :
3028 1090 3469 1155 Misericordiae
3529 1109 3757 1162 riman,

1973 1188 2246 1264 Domini,
2277 1189 2429 1269 quia
2472 1207 2597 1251 non
2648 1208 2869 1251 sumus
2920 1190 3303 1271 consumpti.
3338 1190 3469 1253 Imo
3495 1174 3565 1216 ²²·

1971 1306 2102 1368 quo
2132 1288 2419 1351 Christus
2459 1306 2573 1349 nos
2616 1288 2815 1368 magis
2849 1287 3091 1363 dilexit,
3124 1306 3199 1351 eo
3236 1288 3468 1351 nostris

1973 1385 2251 1447 miseriis
2300 1393 2426 1448 tam
2480 1384 2839 1467 poenalibus
2889 1404 3082 1466 quam
3132 1385 3469 1468 culpabili-

1973 1484 2094 1545 bus
2135 1484 2335 1563 magis
2368 1484 2713 1547 condoluit.
2748 1482 2921 1556 Quod
2960 1501 3212 1565 semper
3248 1502 3471 1565 pensa-

1975 1600 2042 1644 re
2073 1582 2401 1656 dehemus,
2436 1582 2602 1645 sicut
2632 1583 2817 1644 lsaias
2846 1582 2973 1644 ait:
2998 1580 3467 1645 Miserationum
3525 1602 3761 1653 1a.um,⁷.

1973 1680 2222 1743 Domini
2285 1680 2681 1754 recordabor,
2736 1698 2929 1762 super
2978 1681 3275 1743 omnihus
3326 1700 3470 1761 quae

1973 1779 2235 1860 largitus
2266 1787 2361 1841 cst
2402 1779 2586 1842 nobis
2618 1781 2969 1841 secundum
3010 1779 3469 1859 indulgentiam

353 1882 686 1955 peccatum
739 1874 917 1937 venit
965 1876 1032 1937 in
1084 1876 1448 1955 mundumg.
1503 1883 1567 1937 et
1614 1876 1863 1955 cognita
1899 1876 1944 1939 B
1974 1896 2177 1939 suam.

351 1973 606 2052 generis
637 1973 902 2035 humani
943 1992 1056 2035 seu
1087 1974 1238 2036 Adae
1269 1974 1708 2037 vulneratione
1749 1993 1862 2037 seu

353 2070 790 2145 destitutione,
841 2090 970 2152 qua
1026 2072 1229 2153 gloria
1276 2072 1688 2134 beatitudinis
1739 2071 1862 2134 fuit

357 2169 667 2251 privatus,
715 2170 1106 2251 pertransiit,
1140 2170 1293 2251 quia
1330 2170 1606 2233 liberare
1645 2181 1708 2233 et
1743 2172 1863 2233 sal-

359 2286 504 2331 vare
544 2268 841 2350 nequivit
875 2287 889 2331 :
923 2270 1466 2350 quemadmodum
1497 2269 1562 2331 in
1593 2271 1864 2352 epistola

355 2367 432 2428 ad
475 2366 772 2430 Hebraeos
823 2367 1080 2449 copiose
1129 2366 1355 2448 probat
1393 2368 1766 2449 Apostolus3
1801 2376 1863 2431 et

355 2466 431 2527 ad
473 2464 720 2527 Galatas
761 2466 871 2541 ait,
913 2464 976 2527 Si
1021 2484 1100 2528 ex
1142 2466 1280 2546 lege
1323 2474 1417 2528 est
1457 2466 1723 2547 justitia,
1767 2486 1864 2531 er—

355 2582 432 2644 go
469 2564 762 2627 Christus
809 2564 1005 2645 gratis
1044 2572 1334 2627 mortuus
1386 2573 1500 2627 est.
1535 2568 1862 2629 Similiter

353 2672 414 2722 et
439 2664 699 2731 Levita,
732 2682 936 2742 quum
963 2672 1119 2723 esset
1146 2683 1324 2723 secus
1360 2667 1570 2723 locum
1597 2673 1658 2723 et
1689 2665 1863 2724 vide-

353 2772 447 2821 ret
483 2782 662 2829 eum,
694 2761 942 2823 scilicet
979 2761 1306 2823 hominem
1349 2761 1857 2837 semimortuum,

343 2862 759 2937 pertransiit.
795 2858 911 2921 Per
947 2858 1234 2923 Levitam
1278 2859 1662 2941 exprimitur
1699 2858 1863 2941 Moy-

349 2976 448 3020 ses
497 2958 696 3020 frater
735 2958 940 3021 Aaron
979 2958 1254 3032 LeviteS,
1299 2976 1410 3019 seu
1462 2958 1694 3022 chorus
1744 2960 1864 3021 mi-

2051 1978 2137 2037 Et
2168 1977 2586 2053 appropians,
2619 1975 2740 2039 hoc
2778 1983 2893 2049 est,
2925 1974 3143 2055 generi
3191 1976 3471 2038 humano
3604 1980 3677 2038 34

1972 2070 2551 2135 semedicinaliter
2588 2090 2661 2133 ac
2700 2072 3328 2155 proportionabiliter
3363 2094 3473 2157 ap-

1977 2170 2241 2251 plicanS,
2278 2170 2526 2233 dicente
2556 2169 2854 2251 Apostolo
2889 2190 2902 2233 ε
2938 2170 3221 2233 Christus
3260 2172 3473 2234 exina-
3504 2190 3763 2247 Ριιειερρηι,

1977 2268 2139 2330 nivit
2186 2286 2253 2329 se
2300 2269 2536 2349 ipsum,
2570 2266 2842 2331 formam
2891 2270 3057 2331 servi
3107 2270 3469 2352 accipiens3
3501 2256 3542 2295 ⁷·

1973 2372 2165 2448 atque
2195 2367 2262 2427 in
2303 2365 2725 2428 similitudine
2755 2366 2963 2428 carnis
3003 2368 3243 2449 peccati
3282 2388 3473 2451 appa·
3500 2386 3624 2430 nom.
3639 2390 3763 2439 aaa

1973 2482 2141 2527 renS.
2178 2464 2407 2527 Debuit
2456 2464 2701 2546 quippe
2750 2481 2865 2546 per
2907 2466 3121 2527 omnia
3168 2464 3473 2528 fratribus
3501 2484 3765 2535 Hamus-1.

1971 2563 2334 2637 assimilari,
2379 2563 2491 2644 qui
2543 2564 2896 2626 secundum
2946 2582 3127 2626 suam
3178 2565 3477 2628 divinita-

1971 2669 2100 2723 tem
2148 2662 2338 2724 distat
2376 2662 2454 2723 ab
2495 2659 2863 2723 hominibus
2908 2659 3185 2735 infinite,
3220 2680 3345 2725 non
3386 2662 3476 2725 lo-

1973 2778 2067 2834 00,
2103 2761 2213 2823 sed
2262 2759 2669 2842 perfectionis
2720 2776 2983 2821 excessu
3030 2778 3103 2821 ac
3151 2760 3477 2823 dissimili-

1971 2858 2215 2921 tudine.
2250 2860 2575 2936 Alliyavit
2605 2862 2879 2918 vulnera
2906 2860 3077 2934 eju-3,
3108 2858 3169 2919 id
3210 2866 3325 2932 est,
3361 2876 3476 2940 per

1973 2955 2356 3019 infusionem
2389 2956 2663 3019 caritatis
2695 2962 2757 3017 et
2784 2956 3015 3036 gratiae,
3036 2956 3302 3019 aliorum
3333 2976 3477 3039 quo-

247 3084 254 3090 ·
349 3057 700 3120 nistrorum
751 3057 974 3139 templi
1021 3062 1132 3119 aut
1179 3056 1638 3137 Prophetarum
1685 3074 1699 3119 ε
1744 3056 1858 3139 qui
1898 3056 1941 3119 C
1971 3074 2096 3136 que
2145 3055 2483 3117 habituum
2533 3053 2818 3129 fortium,
2872 3054 3115 3117 scilicet
3164 3055 3472 3118 virtutum

97 4052 160 4095 1²1.
176 4068 262 4103 m,
282 4056 323 4098 4.

89 4150 154 4193 1³2.
169 4166 266 4203 mv,
282 4156 320 4197 8.

97 4348 166 4391 δοῦ
177 4364 241 4399 vn,
257 4353 318 4395 20.

93 4546 320 4599 Ιοιιυωμ.

107 4736 256 4783 Baruch
263 4754 306 4783 m

114 5226 178 5270 Ρι.
195 5244 320 5283 nm,

91 5292 126 5339 ἲ,
141 5294 176 5334 8.

350 3174 552 3237 quum
593 3162 764 3217 esset
813 3154 878 3217 in
919 3156 1162 3217 mundo
1210 3155 1332 3217 hoc
1366 3153 1610 3228 vivenS,
1647 3164 1711 3217 et
1755 3173 1864 3235 ge-

351 3272 469 3315 nus
509 3253 868 3315 humanum
909 3253 1292 3333 intelligeret
1330 3252 1704 3326 sauciatum,
1740 3254 1862 3316 sal-

351 3370 498 3413 vare
549 3350 712 3412 illud
761 3369 886 3413 non
936 3352 1165 3433 potuit,
1201 3350 1332 3413 imo
1377 3351 1763 3431 pertransiit,
1797 3358 1861 3413 et

351 3450 686 3513 moriendo
727 3450 806 3511 ad
849 3449 1122 3511 limbum
1169 3448 1407 3511 inferni
1451 3450 1728 3512 devenit.

427 3549 905 3611 Samaritanus
950 3556 1168 3608 autem
1209 3550 1484 3626 quidam
1533 3549 1659 3608 iter
1695 3550 1861 3627 faci-

349 3668 480 3709 em.
524 3646 646 3708 Per
683 3644 1170 3722 Samaritanum,
1215 3645 1296 3709 ob
1350 3645 1628 3709 nominis
1669 3646 1861 3708 inter-

352 3744 798 3827 pretationem,
838 3742 1126 3806 Christus
1169 3743 1458 3823 designat
1503 3761 1570 3805 se
1619 3743 1855 3825 ipsum,

349 3843 658 3926 quoniam
717 3840 1148 3904 Samaritanus
1207 3849 1420 3904 custos
1481 3841 1860 3923 interpreta-

350 3950 454 4003 tur
501 3960 517 4004 :
565 3941 744 4021 quod
793 3940 1097 4022 competit
1147 3938 1416 4013 Christo,
1467 3937 1648 4021 juxta
1700 3940 1859 4003 illud

349 4040 607 4111 Psalmi,
661 4037 822 4101 Ecce
871 4058 998 4102 non
1047 4038 1416 4102 dormitabit
1462 4056 1671 4119 neque
1720 4039 1862 4101 dor-

349 4139 505 4201 miet
533 4136 652 4219 qui
692 4137 968 4200 custodit
1005 4136 1228 4213 lsrae13
1263 4142 1326 4197 et
1363 4154 1607 4211 rursuS,
1642 4136 1861 4200 Custo-

1969 3160 2033 3214 et
2063 3154 2391 3224 donorum,
2418 3151 2585 3215 vires
2615 3150 2844 3214 animae
2875 3152 3233 3215 vulneratas
3262 3172 3300 3215 a
3328 3172 3475 3235 pec-

1971 3250 2123 3313 catis
2174 3249 2455 3324 retraxit,
2490 3248 2777 3312 cohibuit
2814 3256 2876 3310 et
2919 3250 3183 3324 curavit,
3218 3251 3473 3332 potissi—

1968 3369 2146 3412 mum
2179 3348 2245 3409 in
2276 3346 2607 3429 Baptismo.
2628 3345 2886 3429 Propter
2916 3348 3085 3427 quod
3118 3348 3183 3409 in
3208 3347 3468 3411 Actibus

1968 3447 2253 3529 loquitur
2301 3445 2520 3509 Petrus
2564 3464 2577 3507 ε
2623 3444 2978 3527 Baptizatur
3026 3447 3469 3529 unusquisque
3511 3471 3761 3523 Aetnae.

1969 3553 2252 3609 vestrum
2294 3545 2359 3607 in
2399 3543 2659 3607 nomine
2686 3543 2833 3605 Jesu
2865 3543 3095 3606 Christi
3137 3544 3202 3607 in
3245 3546 3471 3608 remis-

1969 3645 2213 3708 sionem
2267 3649 2694 3725 peccatorum,
2747 3650 2809 3704 et
2856 3642 3181 3725 accipietis
3230 3645 3467 3708 donum

1969 3742 2244 3825 Spiritus
2287 3740 2521 3804 Sancti.
2556 3740 2861 3804 Praeterea
2899 3741 3183 3804 Christus
3223 3760 3337 3824 per
3367 3763 3472 3805 su-

1969 3860 2070 3903 am
2117 3840 2478 3923 passionem
2525 3838 2881 3903 salvificam
2920 3840 3185 3902 vulnera
3224 3840 3345 3903 ista
3382 3843 3471 3905 al-

1971 3940 2190 4020 ligavit
2233 3945 2425 4019 atque
2472 3938 2738 4014 curavit,
2783 3938 2851 4000 in
2898 3946 3209 4019 quantum
3258 3940 3469 4021 passio

1969 4058 2084 4101 sua
2110 4036 2238 4098 fuit
2265 4034 2681 4099 satisfactoria
2710 4055 2825 4118 pro
2854 4036 3046 4100 totius
3075 4038 3297 4100 mundi
3332 4058 3469 4120 pec-

1968 4135 2144 4208 catiS,
2180 4141 2242 4196 et
2291 4134 2615 4197 meritoria
2649 4134 2866 4214 gratiae
2905 4134 3203 4197 omnibus
3254 4136 3460 4199 nobiS.

349 4237 532 4299 diens
565 4234 868 4318 parvulos
908 4234 1235 4297 Dominus.
1270 4232 1382 4296 Cui
1423 4234 1657 4296 dicitur
1686 4236 1857 4316 apud
1887 4237 1936 4300 D
1965 4234 2206 4295 Idcirco
2254 4232 2423 4314 apud
2470 4231 2695 4293 lsaiam
2743 4231 3053 4312 scriptum
3102 4239 3198 4293 est
3243 4251 3257 4295 :
3305 4232 3463 4296 Vere
3508 4258 3741 4309 anua,

346 4334 461 4398 Job
487 4351 502 4396 z
531 4332 696 4405 Quid
727 4330 956 4393 faciam
987 4330 1128 4405 tibi,
1162 4350 1200 4394 o
1231 4340 1442 4395 custos
1482 4332 1855 4394 hominum?

348 4431 642 4495 Christus
693 4429 910 4510 itaque
956 4429 1078 4491 iter
1114 4428 1266 4491 fecit
1314 4429 1381 4491 in
1430 4430 1662 4493 saeculo
1712 4430 1852 4505 ist0,

347 4530 532 4610 juxta
575 4528 740 4590 illud
773 4527 1030 4591 Joannis
1065 4544 1080 4589 ε
1115 4526 1394 4589 Verbum
1435 4545 1580 4589 caro
1614 4527 1854 4590 factum

348 4636 468 4701 est,
501 4634 566 4689 et
595 4625 909 4689 habitavit
937 4625 1002 4687 in
1033 4624 1240 4689 nobis.
1276 4623 1520 4687 Baruch
1550 4642 1808 4705 quoque
1838 4644 1852 4689 :

309 4725 496 4791 ‚Post
527 4725 663 4787 haec
693 4724 762 4786 in
801 4722 988 4785 terris
1019 4724 1194 4786 visus
1231 4730 1348 4799 est,
1382 4730 1447 4785 et
1475 4740 1622 4785 cum
1655 4723 1858 4785 homi-

349 4824 546 4886 nihus
596 4829 1008 4885 conversatus
1066 4829 1180 4884 est.
1235 4824 1416 4883 Venit
1461 4841 1640 4881 secus
1682 4840 1858 4893 eum,

347 4924 414 4985 id
463 4930 584 4997 est,
635 4920 919 4983 humano
966 4920 1186 5000 generi
1244 4918 1740 4983 clementissime
1789 4937 1859 5003 sc

345 5019 710 5102 conjunxit,
749 5026 812 5081 et
861 5017 1018 5080 illud
1066 5020 1232 5080 sicut
1279 5018 1566 5081 medicus
1615 5017 1858 5098 langui-

347 5122 530 5193 dum,
593 5116 900 5191 visitavit,
967 5117 1504 5197 quemadmodum
1572 5115 1859 5197 loquitur

347 5218 516 5281 Patri
557 5218 628 5279 in
657 5215 904 5279 Psalmo
937 5233 951 5278 z
985 5214 1431 5279 Holocaustum
1471 5222 1534 5277 et
1563 5233 1680 5297 pro
1712 5232 1860 5296 pec-

348 5325 490 5381 cato
519 5333 650 5379 non
683 5312 1050 5397 postulasti3
1084 5321 1236 5377 tunc
1265 5314 1420 5389 dixi,
1453 5312 1615 5377 Ecce
1645 5314 1854 5379 venio.

1967 4333 2299 4413 languores
2331 4337 2577 4393 nostros
2608 4330 2746 4411 ipse
2774 4330 2943 4404 tulit,
2975 4337 3038 4390 et
3068 4339 3323 4412 peccata
3350 4352 3463 4396 no—
3486 4320 3611 4375 im·
3623 4320 3743 4366 ¹⁶¹¹·

1965 4439 2093 4493 stra
2122 4430 2261 4512 ipse
2292 4428 2585 4511 portavit.
2609 4429 2895 4508 Itemque
2923 4426 3141 4490 Petrus
3168 4429 3295 4491 ait:
3321 4429 3466 4493 Pec-
3519 4448 3681 4491 [retr.
3709 4461 3754 4500 ιι,

1967 4536 2104 4592 cata
2152 4536 2365 4592 nostra
2405 4526 2668 4610 pertulit
2707 4527 2772 4589 in
2812 4543 3078 4608 corpore
3116 4544 3231 4589 suo
3270 4546 3464 4610 super
3491 4510 3559 4554 ²⁴·

1966 4627 2235 4708 lignum.
2261 4625 2381 4689 Sed
2410 4634 2472 4687 et
2498 4632 2629 4689 tota
2657 4624 2886 4688 Christi
2918 4625 3297 4707 praedicatio,
3321 4644 3465 4689 con·

1968 4724 2261 4797 versatio,
2295 4723 2673 4786 miraculosa
2708 4722 3012 4803 operatio,
3046 4723 3293 4785 medela
3338 4722 3465 4786 fuit

1966 4822 2269 4885 vitiorum
2310 4830 2694 4885 nostrorum.
2726 4821 3098 4897 Infundens
3125 4824 3363 4893 oleum,
3397 4822 3461 4885 id

1966 4927 2062 4982 est
2089 4918 2363 5001 Spiritus
2392 4917 2601 4980 Sancti
2643 4918 3009 4981 unctionem
3038 4925 3101 4979 et
3130 4919 3463 4983 consolati-

1965 5036 2177 5092 onem,
2212 5016 2513 5098 piamque
2543 5015 3079 5091 informationem,
3110 5026 3171 5077 et
3202 5020 3460 5091 vinum,

1967 5117 2088 5179 hoc
2135 5121 2233 5177 est
2278 5112 2801 5178 confortationem
2848 5120 2911 5175 et
2958 5115 3458 5179 exhortationem

1965 5213 2320 5277 ferventem
2350 5213 2428 5275 ad
2457 5212 2645 5287 hona,
2674 5230 2785 5275 seu
2814 5210 3051 5292 justam
3083 5212 3461 5297 increpatio—

1969 5331 2116 5376 nem
2160 5318 2421 5394 propter
2461 5318 2735 5393 peccata.
2770 5310 2925 5373 Nam
2963 5318 3025 5373 et
3060 5311 3244 5375 Petro
3287 5312 3461 5377 locu-
