4300 6259
69 1201 253 1246 locun.
267 1217 312 1245 xi

117 5165 300 5210 unuh.

73 5241 178 5278 nn.
215 5229 308 5273 22:

75 5289 220 5335 Mare.
248 5303 342 5340 xiv,

1101 525 1454 574 mumulo
1497 525 1562 572 m
1603 527 1741 574 cn.
1786 525 1898 572 1111
1938 525 2215 573 JOANNIS.
2260 543 2343 555 -·
2383 525 2525 572 ΛΒΤ.
2570 526 2762 572 xxxlv

379 701 512 758 tem
542 702 606 758 et
636 715 753 759 cur
783 697 1070 761 Christus
1099 699 1256 761 tales
1289 699 1612 781 passiones
1641 715 1880 762 assum·
1908 695 1960 758 A
1989 717 2156 773 sum,
2189 698 2495 761 Domine?
2526 697 2714 760 etiam
2743 697 2932 762 Iudas
2964 697 3349 778 interrogare
3376 715 3481 759 au·-
3558 707 3730 752 Μαιειι.

53 807 348 916 ..2233ssss
381 795 605 875 pserit‚
639 796 704 857 in
751 797 1000 860 duobus
1040 797 1544 879 praecedentibus
1583 796 1878 879 capitulis

381 892 575 974 plene
613 901 949 958 tractatum
989 903 1104 958 est.
1139 895 1315 967 Quod
1353 896 1526 958 enim
1567 913 1740 958 nunc
1766 896 1874 969 ait,

378 991 554 1071 quod
590 992 772 1054 Jesus
817 992 1106 1055 turbatus
1154 1002 1251 1056 est
1297 995 1549 1076 spiritu,
1583 995 1877 1056 eumdem

379 1089 576 1151 habet
604 1107 865 1156 sensum
905 1110 1053 1154 cum
1086 1092 1282 1156 verbo
1319 1093 1490 1174 quod
1530 1091 1690 1154 dixit
1725 1109 1880 1173 prae-

313 1217 346 1252 ι.
379 1188 632 1250 cedenti
683 1190 964 1270 capitulo
1014 1209 1027 1253 :
1079 1189 1259 1252 Nunc
1307 1191 1520 1252 anima
1564 1208 1702 1252 mea
1749 1197 1880 1251 tur-

376 1286 527 1349 bata
557 1297 674 1350 est.
698 1286 764 1350 Si
794 1306 946 1351 vero
974 1297 1316 1369 quaeratur,
1341 1309 1422 1351 an
1453 1288 1648 1351 fuerit
1674 1288 1881 1350 turba-

379 1393 484 1446 tus
525 1395 588 1448 et
627 1405 916 1469 corpore,
959 1388 1300 1450 dicendum
1341 1389 1510 1470 quod
1553 1387 1879 1470 passiones

377 1485 726 1560 naturales,
777 1505 979 1568 quum
1038 1485 1168 1548 sint
1225 1486 1290 1548 in
1343 1486 1630 1568 appetitu
1681 1485 1880 1548 sensi-

377 1583 536 1658 tivo,
587 1593 739 1646 sunt
785 1603 1156 1670 communes
1213 1585 1445 1648 animae
1492 1591 1554 1646 et
1602 1585 1874 1666 corpori,

375 1689 442 1744 et
490 1682 558 1744 in
599 1683 781 1745 vultu
825 1690 1156 1765 apparent.
1190 1682 1294 1746 Sic
1341 1692 1404 1745 et
1443 1683 1562 1745 ista
1604 1683 1878 1746 turbatio

372 1780 503 1843 fuit
533 1781 598 1844 in
631 1782 844 1844 anima
880 1789 945 1844 et
973 1799 1260 1863 corpore.
1294 1780 1414 1844 Sed
1454 1783 1618 1844 sicut
1659 1781 1721 1842 in
1753 1780 1880 1842 ani-

3355 503 3471 570 521

1990 798 2199 873 debat,
2246 797 2571 879 Numquid
2614 816 2729 879 ego
2775 817 2940 872 sum,
2986 796 3227 859 Rahbi2

2069 895 2237 956 Erat
2271 916 2418 973 erqo
2457 899 2846 964 recumbens,
2887 896 2949 958 id
2993 902 3089 958 est
3130 893 3476 958 amicabili-

1988 1000 2084 1055 ter
2111 1001 2175 1055 et
2203 993 2599 1056 familiariter
2627 995 2963 1057 reclinatus
2994 1013 3104 1057 seu
3133 995 3482 1077 quiescens

1987 1112 2161 1152 unus
2188 1113 2269 1152 em
2296 1095 2639 1171 discipulis
2667 1095 2809 1174 ejus
2838 1097 2911 1155 in
2940 1096 3093 1156 sinu
3120 1097 3291 1155 Jesu.
3324 1092 3481 1156 Nam

1989 1190 2322 1253 brachium
2363 1192 2557 1273 hujus
2595 1193 2892 1275 discipuli
2938 1200 3072 1255 erat
3110 1194 3173 1254 in
3214 1193 3359 1255 sinu
3394 1192 3483 1255 Je-

1989 1308 2086 1362 su,
2130 1298 2194 1352 et
2241 1299 2431 1372 caput
2478 1291 2617 1372 ejus
2665 1290 2789 1354 suit
2834 1292 2915 1354 ad
2963 1298 3183 1374 pectus
3226 1290 3479 1365 Christi,

1989 1388 2066 1449 ad
2118 1389 2302 1469 cujus
2353 1389 2514 1451 latus
2565 1388 2843 1452 sedebat.
2897 1388 3071 1452 Unde
3121 1387 3289 1451 infra
3334 1407 3483 1452 mox

1990 1486 2224 1549 dicitur
2264 1505 2277 1549 :
2320 1486 2523 1560 Quum
2563 1488 2960 1551 recubuisset
2998 1488 3107 1550 ille
3146 1505 3339 1570 super
3382 1505 3483 1570 pe-

1991 1593 2128 1646 ctus
2175 1584 2341 1646 Jesu.
2395 1587 2589 1654 Quem
2633 1589 2945 1664 diliyebat
2991 1590 3196 1654 Jesus,
3247 1587 3314 1649 id
3360 1593 3477 1664 est,

1988 1683 2387 1746 amicabilius
2436 1682 2943 1765 familiariusque
2982 1703 3050 1746 se
3094 1684 3367 1746 habebat
3400 1683 3479 1745 ad

1989 1800 2158 1858 eum,
2184 1783 2571 1846 ostendendo
2600 1784 2657 1845 ei
2690 1784 2991 1866 specialia
3018 1784 3197 1865 signa
3224 1782 3474 1856 amoriS,

371 1899 480 1942 ma
529 1899 660 1944 non
710 1880 836 1942 fuit
891 1880 1156 1943 interior
1204 1881 1618 1955 deordinatio,
1671 1880 1764 1942 sic
1811 1879 1874 1942 in
1917 1878 1960 1940 B
1988 1900 2265 1963 quorum
2310 1882 2703 1964 praecipuum
2750 1881 2892 1955 suit,
2934 1883 3104 1964 quod
3146 1882 3297 1944 fecit
3331 1899 3478 1943 eum

373 1980 560 2042 vultu
611 1997 740 2042 non
789 1979 916 2041 fuit
963 1979 1298 2042 inhonesta
1344 1978 1632 2042 distortio
1685 1996 1699 2040 ε
1753 1978 1878 2040 ruit

372 2086 590 2140 tamen
651 2078 740 2140 ibi
800 2096 1080 2159 congrua
1134 2078 1426 2158 quaedam
1493 2077 1872 2152 immutatio,

371 2177 700 2239 interioris
761 2176 1067 2239 dolorosae
1121 2175 1481 2238 affectionis
1541 2175 1872 2238 indicium.

373 2273 655 2356 Eratque
701 2274 1038 2356 discipulis
1081 2274 1492 2337 vehementer
1540 2293 1875 2356 poenosum

371 2381 438 2435 et
482 2391 700 2454 grave,
735 2372 1106 2453 hujusmodi
1155 2370 1572 2436 afflictionem
1617 2381 1679 2434 et
1723 2391 1878 2436 moe-

367 2472 614 2534 stitiam
648 2470 864 2534 videre
901 2471 969 2534 in
1007 2471 1370 2553 praedilecto
1407 2471 1729 2552 magistrO,
1762 2471 1875 2552 qui

369 2588 440 2632 se
501 2587 758 2651 semper
805 2569 1028 2632 habuit
1083 2570 1163 2632 ad
1213 2586 1320 2632 eos
1377 2577 1506 2630 tam
1557 2568 1873 2644 solatiose,

366 2668 648 2749 gratiose
691 2675 755 2730 et
796 2667 1090 2730 dulciter.

459 2771 542 2829 Et
565 2776 958 2843 protestatus
986 2777 1076 2828 est
1107 2766 1436 2829 veritatem
1469 2767 1546 2828 de
1585 2785 1700 2828 sua
1734 2785 1876 2848 pro-

371 2865 640 2940 ditione,
682 2875 742 2926 et
789 2867 966 2926 dimit
997 2886 1020 2924 .·
1050 2867 1286 2935 Amen,
1330 2885 1542 2935 amen,
1589 2865 1708 2927 hoc
1755 2872 1870 2938 est,

369 2964 558 3038 Vere,
605 2981 778 3027 vere.
829 2962 1180 3045 Replicatio
1235 2981 1494 3044 quoque
1546 2962 1686 3037 ista,
1742 2981 1876 3025 cer-

1987 1980 2358 2042 recumbere
2387 1999 2580 2062 super
2616 1988 2837 2062 pectus
2874 1999 3061 2043 suum
3100 1987 3163 2042 et
3202 1979 3267 2043 in
3308 1979 3477 2052 sinu,

1987 2079 2525 2160 quemadmodum
2575 2079 2719 2140 sieri
2772 2079 2932 2142 solet
2975 2078 3320 2141 carissimis
3365 2096 3483 2160 pu-

1987 2176 2134 2238 eris.
2168 2176 2453 2258 Denique
2494 2195 2608 2258 per
2651 2177 2815 2240 hanc
2853 2177 3480 2240 circumlocutionem

1987 2274 2286 2355 intelligit
2344 2276 2729 2356 evangelista
2783 2276 3051 2339 Ioannes
3114 2293 3182 2338 se
3243 2275 3476 2357 ipsum.

1987 2373 2093 2436 Est
2131 2373 2305 2436 enim
2344 2375 2734 2437 consuetudo
2771 2381 3099 2437 auctorum
3139 2372 3481 2455 Scripturae

1987 2471 2329 2547 canonicae,
2384 2479 2453 2534 ut
2508 2472 2851 2554 loquantur
2908 2472 2985 2533 de
3040 2490 3109 2534 se
3165 2472 3347 2554 quasi
3402 2471 3479 2534 de

1984 2569 2149 2632 aliis.

2063 2670 2303 2730 Iunuit
2337 2687 2484 2744 erqo
2530 2670 2685 2729 huic
2733 2667 3048 2749 discipulo
3086 2669 3315 2730 Simon
3356 2671 3477 2730 Pe-

1985 2775 2143 2837 trus,
2187 2775 2247 2827 et
2289 2768 2465 2826 dimit
2506 2769 2591 2834 ei,
2634 2765 2698 2827 id
2748 2773 2863 2836 est,
2920 2765 3243 2828 innuendo
3292 2765 3473 2840 dixit,

1985 2864 2085 2927 vel
2127 2865 2338 2946 potius
2378 2863 2516 2926 sine
2557 2863 2908 2946 prolatione
2948 2863 3289 2927 verborum
3328 2883 3483 2946 quo·

1983 2963 2129 3024 dam
2186 2963 2366 3043 signo
2420 2961 2716 3025 exteriori
2769 2961 3075 3025 indicavit
3126 2981 3140 3025 :
3192 2965 3351 3031 Quis
3395 2972 3485 3023 est

375 3062 673 3126 titudinis
721 3063 978 3142 signum
1025 3069 1142 3136 est,
1190 3068 1255 3123 et
1300 3061 1597 3124 excitatio
1643 3060 1874 3123 mentis
1911 3061 1956 3125 C
1985 3064 2064 3121 de
2110 3081 2235 3142 quo
2280 3062 2441 3121 dicit
2488 3060 2659 3142 quod
2709 3061 2912 3124 tradet
2950 3064 3142 3124 eum?
3180 3069 3482 3144 tanquam

373 3163 456 3225 ad
489 3162 974 3224 advertendum.
1008 3157 1168 3222 Dico
1199 3161 1371 3220 vobis
1401 3161 1558 3239 quia
1595 3180 1768 3220 unus
1797 3180 1878 3220 θα)

377 3263 556 3322 vobis
593 3280 692 3322 me
733 3261 942 3321 tradet
985 3259 1102 3321 hac
1145 3265 1352 3321 nocte.

459 3359 928 3438 Adspiciebam
964 3376 1113 3434 erqo
1153 3359 1242 3416 ad
1279 3358 1561 3416 invicem
1595 3357 1880 3434 discipu-
1911 3371 1922 3384 ·

373 3459 456 3528 li,
496 3457 560 3519 id
609 3463 726 3530 est,
775 3475 941 3518 unus
989 3454 1270 3538 inspexit
1311 3455 1510 3517 alium
1555 3472 1634 3516 ex
1679 3453 1880 3516 admi-

371 3556 643 3630 ratione,
679 3555 732 3616 si
775 3553 939 3617 sorte
979 3573 1144 3616 unus
1184 3571 1405 3616 eorum
1447 3559 1659 3634 posset
1696 3553 1876 3615 alteri

368 3655 620 3736 aliquid
659 3652 815 3716 certi
856 3653 936 3715 de
973 3652 1094 3715 hoc
1134 3652 1452 3727 intimare,
1487 3653 1878 3720 haesitantes,

367 3755 494 3818 hoc
533 3760 632 3815 est
670 3750 1057 3826 dubitanteS,
1087 3754 1166 3811 de
1195 3771 1320 3830 quo
1350 3753 1615 3816 diceret,
1649 3749 1715 3810 id
1755 3756 1872 3824 est,

365 3869 567 3935 quem
603 3849 1070 3932 discipulorum
1105 3855 1350 3912 notaret
1389 3848 1680 3923 dicendo,
1705 3846 1876 3910 Unus

367 3958 681 4016 vestrum.
716 3947 997 4022 Quilibet
1032 3946 1204 4008 enim
1242 3964 1488 4023 eorum,
1523 3952 1751 4028 praeter
1776 3945 1877 4008 Ju-

368 4051 542 4128 dam,
593 4047 719 4110 fuit
759 4046 882 4110 sibi
935 4045 1228 4109 conscius
1279 4046 1358 4108 de
1409 4045 1578 4108 bono
1635 4042 1874 4106 affectu

367 4149 448 4210 ad
493 4146 894 4227 magistrum,
929 4152 992 4206 et
1035 4144 1208 4225 quod
1255 4142 1344 4204 nil
1392 4143 1514 4204 tale
1560 4159 1874 4224 propone-

1988 3157 2155 3220 dicat
2189 3178 2203 3221 ε
2238 3157 2300 3220 Si
2342 3159 2529 3232 nosti,
2564 3159 2775 3222 indica
2814 3159 2996 3234 mihi,
3034 3167 3101 3221 ut
3140 3159 3481 3242 impediam

1991 3265 2232 3319 tantum
2286 3257 2651 3338 piaculum3
2699 3257 2797 3320 vel
2846 3258 2901 3320 si
2951 3258 3225 3340 ignoraS,
3271 3275 3487 3339 quaere

1990 3354 2253 3417 silenter
2289 3373 2327 3416 a
2363 3355 2685 3436 magistro,
2730 3364 2794 3417 et
2844 3364 2994 3418 tunc
3040 3354 3199 3417 mihi
3250 3354 3479 3418 revela.

1987 3453 2207 3516 Petrus
2267 3455 2333 3517 in
2392 3455 2691 3518 omnibus
2750 3455 3076 3518 invenitur
3134 3455 3198 3517 in
3253 3453 3482 3518 Christi

1988 3572 2203 3616 amore
2241 3553 2589 3617 ferventior
2622 3572 2636 3616 :
2674 3561 3008 3636 propterea
3043 3561 3107 3616 et
3146 3572 3317 3616 nunc
3354 3571 3483 3635 prae

1989 3653 2214 3714 ceteris
2264 3652 2659 3727 sollicitatur,
2701 3653 3118 3733 angustiatur,
3161 3661 3223 3714 et
3272 3651 3486 3714 scisci-

1987 3757 2176 3813 tatur.
2211 3751 2363 3825 lmo,
2398 3751 2750 3813 secundum
2787 3749 3237 3830 Augustinum,
3271 3749 3324 3810 si
3364 3748 3485 3811 sci-

1989 3849 2197 3912 visset·
2224 3849 2635 3932 proditorem,
2666 3847 2963 3911 dentibus
3002 3866 3149 3910 eum
3190 3847 3487 3911 dilanias-

1986 3955 2100 4010 set.
2141 3947 2317 4020 Quod
2358 3947 2841 4028 intelligendum
2887 3954 3003 4022 est,
3046 3947 3100 4009 si
3147 3947 3477 4030 potuisset,

1984 4047 2138 4128 quia
2165 4054 2229 4108 et
2252 4045 2441 4108 Judas
2480 4053 2613 4107 erat
2652 4044 2972 4120 robustuS,
3006 4053 3069 4108 et
3107 4045 3160 4107 si
3192 4045 3477 4109 Christus

1986 4143 2400 4227 permisisset,
2434 4143 2547 4226 qui
2587 4144 2708 4207 hoc
2746 4162 3151 4225 nequaquam
3188 4143 3478 4208 admisis-

369 4254 500 4326 ret;
547 4245 719 4308 idem
766 4260 1027 4324 quoque
1078 4243 1156 4304 de
1205 4240 1660 4323 condiscipulis
1709 4239 1873 4302 aesti-
1901 4241 1950 4303 D
1983 4252 2098 4305 set.
2132 4279 2209 4288 —
2239 4242 2441 4315 Quare
2479 4241 2696 4305 Petrus
2746 4260 2921 4305 more
2970 4242 3156 4307 solito
3204 4261 3331 4306 non
3380 4241 3477 4304 in-

372 4343 594 4408 mavit.
623 4342 1074 4404 Verumtamen
1119 4339 1274 4402 certi
1318 4340 1396 4401 de
1436 4339 1698 4402 veritate
1742 4355 1872 4399 ver-

367 4443 604 4506 borum
646 4439 898 4513 Christi,
936 4445 1000 4500 et
1047 4438 1220 4518 quod
1268 4455 1495 4517 magna
1541 4444 1706 4498 esset
1748 4434 1872 4496 fra-

364 4540 582 4622 gilitas
623 4534 1020 4600 infirmitatis
1068 4535 1385 4609 humanae,
1422 4532 1728 4615 putabant
1779 4523 1876 4595 sic'

369 4638 698 4716 futurum3
735 4635 845 4697 sed
890 4632 1267 4696 dubitabant
1310 4651 1424 4714 per
1462 4649 1680 4714 quem.
1712 4631 1865 4706 Imo,

369 4737 728 4800 secundum
787 4733 1266 4813 Hieronymum,
1319 4731 1594 4812 quilibet
1651 4749 1872 4794 eorum

367 4834 591 4898 timuit
640 4829 1053 4912 sibimetipsi.
1104 4829 1258 4893 Puto
1313 4830 1486 4910 quod
1529 4829 1740 4904 Iudas,
1790 4847 1870 4892 ne

371 4939 720 5004 notaretur,
769 4929 960 4991 etiam
1008 4927 1297 5008 adspexit
1338 4927 1416 4989 ad
1465 4927 1642 5002 alioS,
1686 4927 1867 5008 quasi

369 5031 700 5102 attonituS,
733 5046 936 5109 quum
981 5033 1192 5087 tamen
1233 5024 1423 5087 sciret
1460 5043 1528 5088 se
1565 5025 1736 5106 tangi
1779 5034 1870 5088 at-

371 5147 501 5213 que
557 5127 785 5192 notari.
839 5126 992 5200 lmo,
1044 5131 1114 5185 ut
1157 5123 1268 5185 alii
1316 5123 1730 5204 Evangelistae
1778 5133 1870 5187 te-

372 5237 644 5302 stantur,
690 5244 892 5308 quum
942 5221 1245 5304 discipuli
1287 5222 1469 5285 valde
1517 5222 1866 5286 contristati

372 5328 662 5392 dicerent
696 5323 945 5389 Christo
990 5321 1338 5404 sigillatim,
1379 5321 1702 5404 Numquid
1751 5341 1867 5404 ego

1981 4341 2322 4422 terrogavit
2369 4358 2484 4423 per
2532 4358 2601 4402 se
2656 4340 2921 4422 ipsum?
2971 4341 3201 4403 Dicunt
3244 4339 3466 4421 aliqui,

1980 4441 2153 4521 quod
2212 4458 2338 4503 non
2396 4438 2687 4512 audebat,
2748 4439 3055 4520 quoniam
3108 4439 3469 4520 increpatus

1977 4537 2107 4619 jam
2139 4537 2262 4600 ruit
2298 4538 2375 4599 de
2409 4537 2662 4600 incauta
2691 4536 3031 4609 locutione,
3064 4535 3197 4599 Non
3230 4536 3469 4601 lavabis
3548 4561 3660 4594 vm.
3681 4549 3723 4592 a.

1980 4637 2138 4699 mihi
2188 4636 2377 4718 pedes
2428 4635 2493 4696 in
2542 4643 2871 4697 aeternum.
2915 4633 3097 4697 Forte
3140 4653 3267 4698 non
3310 4635 3472 4697 sedit

1982 4744 2108 4797 tam
2156 4741 2301 4816 apte
2348 4734 2425 4796 ad
2482 4731 2939 4814 inquirendum
2986 4732 3254 4807 occulte,
3307 4733 3473 4796 sicut

1976 4832 2287 4911 Ioannes3
2325 4832 2447 4906 vel,
2489 4831 2643 4912 quia
2680 4829 2824 4911 plus
2864 4828 3229 4894 confidebat
3266 4831 3343 4893 de
3382 4829 3472 4892 l'a-

1979 4931 2343 4994 miliaritate
2381 4929 2635 4993 Joannis
2678 4947 2871 5010 quam
2916 4946 3051 4990 sua.

2059 5030 2318 5109 Itaque,
2347 5049 2545 5108 quum
2577 5027 2965 5088 recubuisset
2994 5028 3108 5088 ille
3134 5047 3337 5107 supra
3358 5048 3469 5106 pe—

1977 5135 2116 5186 ctus
2161 5128 2333 5191 Jesu‚
2380 5124 2543 5183 dicit
2593 5124 2656 5182 ei
2702 5140 2726 5183 .·
2773 5123 3071 5192 Domine,
3121 5125 3268 5204 quis
3322 5127 3469 5185 esc?

1980 5225 2331 5300 Respondit
2369 5225 2551 5283 Iesus
2594 5219 2814 5284 Joanni
2866 5219 3174 5285 silenter:
3208 5225 3335 5284 Ille
3378 5233 3467 5284 est

1977 5323 2087 5384 cui
2131 5340 2241 5399 eqo
2291 5321 2647 5382 intinctum
2686 5339 2925 5399 panem
2966 5339 3339 5400 port-emero.
3382 5322 3467 5384 ls-

3506 786 3617 822 xxw.
3641 773 3707 815 25.

3610 893 3682 950 23

3599 2670 3672 2726 24

3599 5031 3672 5088 25
