4300 6259
78 1311 329 1354 leena-
354 1324 467 1363 xx,

64 1378 87 1415 1
100 1376 257 1417 9-23-

134 2100 407 2146 Mutue-

59 2180 230 2217 κήτη,
262 2168 375 2207 20.

64 3099 255 3208 ³³?

258 3106 429 3142 'a

96 5241 191 5283 ¹4-

1383 532 1731 579 mutuno
1773 531 1834 577 ΙΝ
1877 529 2016 577 cu.
2061 529 2210 575 xxiv
2251 528 2440 577 LUCAE.
2486 549 2567 561 —
2609 530 2750 577 ΛΒΤ.
2796 531 2831 576 1.

506 720 764 767 revera
812 702 1165 767 ineffabilis
1214 704 1439 786 pietaS,
1492 706 1663 787 quod
1713 704 1807 766 illi
1858 702 2123 767 disci-A

505 801 695 881 pulo
730 801 1009 884 primum
1040 822 1113 865 ac
1144 803 1507 885 specialiter
1546 822 1612 866 se
1642 803 2039 877 monstravit,

503 918 555 961 a
608 919 745 981 quo
784 899 1185 963 inhonestius
1224 920 1297 963 ac
1334 900 1737 983 frequentius
1778 899 1902 962 fuit
1942 919 2044 963 ne-

501 1005 724 1079 gatus
768 1017 781 1063 :
825 1007 889 1062 et
935 1000 1164 1063 merito
1214 999 1277 1061 S.
1331 1000 1550 1062 Petrus
1599 1000 1723 1062 fuit
1770 1007 2046 1082 postmo-

508 1098 696 1159 dum
740 1097 882 1159 aliis
927 1097 1582 1161 misericordissimus

618 1195 859 1259 Deinde
902 1197 1285 1259 describitur
1322 1198 1530 1260 adhuc
1567 1197 1691 1258 alia
1733 1196 2045 1278 apparitio

505 1292 904 1369 Salvatoris,
938 1314 1083 1376 quae
1120 1301 1183 1357 et
1218 1314 1255 1357 a
1288 1296 1525 1359 Joanne
1567 1303 1665 1357 est
1706 1295 2041 1376 descripta,

512 1391 657 1453 ubi
707 1393 999 1473 quaedam
1046 1392 1365 1455 habentur
1404 1412 1549 1475 quae
1598 1393 1702 1455 hic
1744 1392 2047 1456 omittun-

510 1498 671 1565 tur,
716 1492 881 1554 sicut
919 1500 981 1554 et
1020 1492 1124 1553 hic
1162 1488 1377 1574 aliqua
1417 1492 1867 1555 describuntur
1904 1510 2047 1573 quae

510 1589 635 1651 ibi
678 1609 805 1653 non
847 1590 1211 1653 recitantur.
1252 1589 1389 1655 Non
1438 1592 1609 1653 enim
1653 1608 1873 1653 omnes
1913 1609 2048 1653 om-

510 1689 653 1750 nia
714 1689 1253 1772 conscripserunt.
1299 1692 1475 1751 Dum
1520 1700 1739 1751 autem
1783 1692 1915 1751 laec
1959 1694 2048 1749 lo-

504 1797 898 1881 qaaerentur
946 1788 1231 1870 Apostoli
1280 1797 1344 1850 et
1394 1789 1520 1851 duo
1566 1786 1807 1870 praefati
1859 1788 2045 1850 disci-

3528 513 3648 578 257

2266 704 2646 765 Conturbati
2703 724 2847 765 vero
2904 723 3036 786 prae
3091 703 3529 778 admiratione,
3589 713 3650 765 et

2150 804 2511 871 conterriti,
2543 803 2709 865 sicut
2740 804 3023 865 naturale
3055 810 3150 866 est
3177 802 3500 883 fragilitati
3534 803 3651 864 hu-

2153 918 2356 966 manae
2385 899 2830 964 defunctorum
2869 902 3330 984 apparitionem
3365 902 3646 975 horrere,

2154 1007 2216 1060 et
2265 999 2550 1062 insolitas
2608 1019 3026 1081 expavescere
3079 1000 3378 1075 visioneS,
3432 1001 3542 1063 sed
3591 1007 3654 1061 et

2155 1106 2414 1180 propter
2455 1098 2837 1180 periculum,
2871 1102 3334 1161 emistimabant
3366 1120 3428 1160 se
3455 1099 3655 1176 spiri-

2156 1204 2294 1257 tum
2325 1198 2567 1268 videre,
2602 1197 2897 1259 videlicet
2937 1197 3215 1259 animam
3256 1197 3510 1271 Christi,
3544 1205 3656 1259 aut

2153 1294 2351 1356 alium
2391 1295 2686 1376 spiritum
2732 1294 2896 1359 forte
2945 1295 3232 1358 fallacem
3275 1296 3344 1357 in
3391 1314 3656 1377 corpore

2153 1401 2502 1475 assumpto.
2536 1393 2655 1456 Sed
2703 1394 2963 1468 mirum,
3009 1395 3328 1476 quomodo
3367 1395 3488 1457 hoc
3538 1414 3657 1476 pu-

2155 1491 2391 1568 tabant,
2443 1511 2645 1574 quum
2704 1493 2833 1573 jam
2885 1494 3075 1575 paulo
3122 1500 3269 1555 ante
3318 1492 3650 1568 dixissent,

2156 1592 2327 1671 quod
2366 1590 2640 1653 surrexit
2689 1591 2990 1655 Dominus
3032 1609 3180 1653 vere
3216 1610 3229 1654 ε
3265 1592 3437 1673 quod
3473 1591 3654 1653 audi-

2155 1697 2344 1752 erunt
2389 1708 2424 1751 a
2472 1690 2704 1752 sanctis
2754 1689 3156 1765 mulieribuS,
3191 1698 3253 1751 et
3300 1709 3337 1751 a
3374 1689 3575 1763 Petro,
3617 1708 3656 1751 a

2157 1786 2404 1850 duobus
2446 1807 2703 1869 quoque
2745 1787 3104 1869 discipuliS,
3142 1796 3336 1869 atque
3377 1794 3446 1849 ut
3487 1806 3650 1863 reor,

508 1885 707 1967 puli,
764 1888 937 1947 stetit
992 1890 1175 1948 Jesus
1232 1889 1307 1947 in
1367 1888 1575 1948 medio
1630 1907 1874 1958 eorum,
1928 1887 2048 1949 hoc
2083 1887 2194 1950 Ba
2245 1885 2475 1948 Iacobo
2530 1886 2788 1961 Minore,
2843 1886 2945 1948 cui
3003 1894 3149 1948 ante
3211 1885 3376 1949 banc
3434 1886 3651 1949 horam

508 1990 662 2057 est,
711 1990 969 2066 repente
1006 1983 1219 2065 januis
1259 1984 1493 2047 clausis
1536 1985 1815 2059 intravit,
1857 1992 2050 2066 atque

510 2082 606 2145 in
671 2083 879 2146 medio
932 2084 1126 2159 stetit,
1180 2084 1355 2173 sicut·
1394 2084 1687 2165 promisit
1729 2102 1743 2146 ε
1785 2083 1900 2144 Ubi
1952 2083 2051 2144 fu-

510 2181 716 2244 erint
763 2182 887 2245 duo
936 2182 1038 2244 vel
1088 2189 1213 2243 tres
1263 2182 1622 2263 congregati
1675 2182 1739 2243 in
1792 2181 2049 2243 nomine

512 2297 715 2353 mec,
759 2279 847 2341 ibi
889 2300 1031 2342 sum
1084 2281 1149 2343 in
1201 2281 1413 2343 medio
1450 2298 1694 2344 eorum.
1728 2279 1912 2342 Stetit
1942 2299 2050 2341 au-

508 2388 675 2443 tem
718 2378 781 2440 in
827 2379 1037 2442 medio
1075 2379 1153 2441 ad
1193 2377 1491 2453 litteram,
1527 2386 1596 2439 ut
1632 2378 1712 2439 ab
1751 2378 2049 2441 omnibus

511 2476 779 2539 melius
810 2477 1133 2539 videretur
1164 2484 1229 2539 et
1264 2477 1612 2552 audiretur,
1648 2494 1843 2557 seque
1875 2496 2052 2539 mon-

512 2584 776 2639 straret
822 2593 960 2637 esse
999 2576 1295 2638 eumdem
1346 2576 1460 2657 qui
1499 2584 1645 2638 ante
1692 2576 2049 2657 passionem

516 2676 611 2737 in
669 2673 879 2737 medio
928 2691 1148 2738 eorum
1200 2675 1547 2738 consistere
1594 2675 1817 2737 solitus
1866 2684 2047 2756 erat3

514 2771 969 2854 spiritualiter
1027 2790 1199 2846 vero,
1264 2780 1333 2834 ut
1395 2771 1821 2835 humilitatem
1883 2792 2053 2835 com-

514 2870 899 2943 mendaret,
933 2878 997 2932 et
1034 2872 1347 2933 virtutum
1392 2871 1764 2950 magistrum
1807 2889 1875 2933 se
1914 2890 2051 2933 esse

512 2970 914 3035 ostenderet
959 2988 973 3032 ε
1018 2989 1164 3031 nam
1216 2969 1418 3032 virtus
1468 2969 1758 3033 consistit
1807 2970 1870 3031 in
1924 2988 2053 3032 me-

2157 1985 2452 2066 apparuit
2482 1984 2786 2047 Christus
2817 1984 2890 2046 Et
2921 1986 3460 2067 respondendum,
3484 1986 3655 2067 quod

2160 2082 2300 2145 ideo
2349 2082 2610 2146 forsitan
2666 2082 2972 2165 putabant
3021 2084 3321 2165 spiritum
3369 2102 3436 2147 se
3484 2083 3658 2146 vide-

2159 2199 2248 2255 re,
2302 2200 2429 2244 non
2479 2199 2702 2243 verum
2752 2200 3006 2263 corpuS,
3060 2181 3362 2263 quoniam
3424 2181 3656 2244 clausis

2161 2278 2406 2341 introiit
2451 2278 2662 2359 januis
2716 2298 2729 2341 :
2783 2280 2953 2361 quod
3003 2280 3211 2341 adhuc
3262 2280 3658 2361 impossibile

2158 2376 2424 2439 forsitan
2463 2376 2860 2439 aestimabant
2891 2396 3041 2441 vero
3077 2377 3486 2459 humanoque
3525 2397 3662 2441 cor-

2162 2476 2322 2557 pori.
2357 2474 2801 2537 Verumtamen
2845 2474 3062 2537 Petrus
3106 2483 3169 2537 et
3207 2477 3332 2539 duo
3373 2476 3658 2558 praedicti

2159 2574 2482 2655 discipuli,
2516 2581 2579 2635 et
2613 2573 2879 2637 Jacobus
2917 2573 3139 2651 Minor,
3172 2576 3250 2636 de
3291 2574 3662 2636 resurrecti-

2160 2691 2281 2736 one
2320 2672 2550 2735 Christi
2593 2691 2718 2735 non
2769 2672 3164 2747 dubitabant,
3199 2672 3492 2754 quamvis
3532 2672 3661 2735 vir—

2163 2779 2362 2833 tutem
2393 2778 2455 2832 et
2485 2758 2660 2834 dotes
2691 2771 2974 2853 corporis
3003 2771 3342 2852 glorificati
3375 2773 3655 2835 nondum

2163 2877 2634 2950 cognoscerent.

2241 2971 2328 3029 Ec
2374 2969 2552 3028 dimit
2599 2969 2689 3027 eis
2733 2988 2755 3028 .·
2800 2970 2974 3037 Quid
3024 2970 3270 3029 turbati
3313 2970 3482 3041 estiS,
3535 2966 3658 3031 hoc

454 3122 473 3141 ‚
516 3068 701 3146 dio;
744 3068 972 3149 etipse
1002 3075 1147 3130 ante
1179 3068 1540 3149 passionem
1571 3068 1890 3143 disseruit,
1926 3068 2053 3149 Ego
2090 3066 2132 3129 C
2163 3074 2259 3128 est
2305 3066 2796 3128 immoderanter
2853 3066 3210 3147 inquietati,
3261 3065 3656 3129 formidolosi

516 3169 613 3230 in
668 3165 879 3227 medio
930 3172 1213 3227 vestrum
1264 3185 1429 3239 sum,
1483 3166 1648 3229 sicut
1699 3167 1811 3247 qui
1869 3166 2057 3229 mini-

514 3270 729 3328 strat.
762 3262 877 3325 Per
906 3262 1025 3326 hoc
1055 3282 1314 3345 quoque
1344 3264 1621 3327 ostendit
1649 3264 2053 3329 dilectionem

514 3382 735 3427 suam
771 3363 851 3424 ad
902 3362 1251 3444 discipulos
1302 3382 1471 3426 31103.

628 3463 719 3523 Ec
746 3462 924 3521 dioeit
943 3463 1035 3521 eis
1064 3481 1088 3522 .·
1118 3464 1273 3524 Pax
1303 3463 1499 3531 vobi-3,
1533 3461 1650 3524 hoc
1682 3469 1795 3537 est,
1833 3481 2054 3543 pacem

514 3558 851 3645 pectoriS,
892 3577 1037 3640 quae
1086 3567 1183 3621 est
1232 3559 1659 3641 tranquilli-tas
1708 3578 1821 3622 seu
1871 3560 2055 3643 quies

512 3657 787 3722 mentis
826 3657 893 3719 in
933 3656 1079 3733 Deo,
1115 3657 1343 3720 habete
1383 3660 1571 3721 modo
1614 3676 1728 3741 per
1762 3660 2051 3740 gratiam,

512 3764 605 3821 et
678 3772 904 3837 pacem
971 3756 1342 3818 aeternitatis
1410 3756 1637 3819 habete
1705 3777 1876 3820 nunc
1943 3776 2058 3839 per

514 3872 762 3939 spem,
795 3860 857 3915 et
884 3854 1167 3935 aliquam
1201 3855 1780 3936 praegustationem.
1814 3857 2053 3938 Itaque,

517 3954 725 4019 sicut
780 3951 1065 4016 Salvator
1121 3960 1269 4014 ante
1333 3954 1692 4035 passionem
1758 3954 2059 4036 praecepit

100 4084 285 4131 [ιω.
312 4078 459 4129 με.
520 4050 915 4132 discipulis,
950 4051 1017 4112 In
1055 4070 1533 4133 quamcumque
1573 4053 1833 4115 domum
1871 4052 2062 4117 intra-

522 4148 803 4221 veritiS,
849 4148 1130 4230 primum
1172 4149 1385 4222 dicite,
1432 4147 1554 4210 Pax
1604 4149 1755 4211 huic
1800 4151 2057 4230 domui3

2163 3171 2224 3226 et
2263 3163 2524 3245 stupidi,
2566 3172 2625 3223 et
2664 3166 3078 3241 cogitationes
3120 3182 3401 3227 erroneae
3447 3182 3662 3225 ascen-

2162 3266 2328 3323 dant
2366 3265 2438 3323 in
2478 3265 2672 3323 corda
2717 3272 2949 3334 vestra,
2993 3280 3069 3324 ex
3121 3263 3363 3345 proprii
3413 3262 3662 3325 intelle-

2163 3367 2301 3423 ctus
2352 3360 2806 3433 imbecillitate,
2859 3360 3012 3441 quia
3067 3360 3480 3442 suspicamini
3531 3362 3660 3443 spi-

2166 3459 2357 3520 ritum
2408 3477 2520 3521 vos
2571 3458 2830 3521 videre?
2865 3462 3080 3521 Videte
3117 3479 3350 3521 manus
3390 3480 3559 3521 meas
3599 3469 3659 3520 et

2155 3560 2368 3636 pedeti,
2418 3556 2482 3619 in
2525 3556 2762 3640 quibus
2802 3564 3060 3619 manent
3109 3558 3448 3620 vulnerum
3498 3558 3663 3621 cica-

2163 3656 2372 3733 trice5‚
2407 3658 2484 3719 ad
2525 3656 2982 3719 insinuandum
3020 3658 3190 3739 quod
3222 3674 3370 3719 vere
3410 3658 3476 3719 in
3519 3675 3666 3739 pro-

2167 3756 2306 3837 prio
2337 3774 2600 3837 corpore
2639 3756 2979 3830 resurrexi,
3012 3758 3169 3835 quia
3197 3776 3307 3833 eqo
3337 3757 3475 3834 ips-<2⁴
3499 3777 3659 3827 sum,

2168 3855 2278 3937 qui
2317 3854 2407 3917 fui
2438 3856 2752 3931 mortuus,
2785 3864 2848 3916 et
2878 3874 3050 3918 nunc
3079 3855 3488 3937 corporaliter
3517 3856 3664 3920 vivo

2168 3962 2359 4035 atque
2406 3972 2724 4035 appareo;
2767 3958 3054 4032 palpate,
3103 3961 3171 4015 ut
3219 3953 3664 4017 certificemini

2169 4053 2356 4114 etiam
2405 4060 2596 4127 tactu,
2640 4062 2698 4113 et
2737 4053 2967 4120 videte,
3009 4052 3304 4115 exteriori
3352 4052 3668 4115 interiori—

2170 4168 2298 4231 que
2334 4150 2540 4225 oculo,
2577 4168 2678 4211 mc
2719 4148 3026 4211 veraciter
3067 4148 3420 4211 surrexisse
3458 4158 3521 4211 et
3558 4168 3670 4232 ap-

522 4247 647 4310 sic
690 4244 965 4326 ipsemet
1003 4254 1145 4326 post
1186 4245 1715 4309 resurrectionem
1747 4245 2061 4310 visitando
2090 4249 2140 4310 D
2172 4265 2432 4328 parere3
2477 4250 2637 4327 quia
2673 4249 2948 4325 spiritus
2977 4267 3239 4309 carnem
3266 4257 3327 4308 et
3355 4268 3494 4309 ossa
3534 4269 3664 4310 non

520 4364 685 4418 eOS,
735 4344 1015 4425 primum
1058 4344 1309 4407 locutus
1358 4351 1475 4419 est,
1517 4344 1640 4406 Pax
1684 4344 1886 4408 vobis.
1930 4343 2061 4417 Quo

522 4448 805 4508 constat
860 4460 1054 4523 quam
1124 4460 1428 4523 magnum
1490 4442 1729 4506 bonum
1790 4442 1874 4505 sit
1941 4462 2061 4525 pax

522 4558 731 4611 vera,
766 4540 1119 4621 spiritualis
1156 4548 1221 4603 et
1257 4540 1529 4602 interna.
1557 4544 1693 4618 Eyo
1729 4562 1875 4603 sum
1917 4559 2062 4604 vere

518 4636 861 4719 magister
906 4646 971 4699 et
1020 4637 1325 4700 Dominus
1383 4645 1613 4713 vester,
1670 4638 1858 4721 paulo
1914 4646 2059 4701 ante

520 4734 933 4811 crucifixus,
968 4744 1031 4799 et
1062 4755 1235 4799 nunc
1266 4754 1415 4799 vere
1454 4738 1863 4801 resuscitatus
1898 4757 1911 4801 :
1947 4738 2059 4820 qui

519 4836 915 4903 secundum
981 4835 1282 4898 deitatem
1350 4855 1494 4898 sum
1562 4836 1942 4899 aeternaliter
2000 4845 2063 4898 et

522 4934 863 5023 perfecte,
890 4932 1075 5014 cujus
1107 4951 1245 4995 esse
1275 4942 1372 4996 est
1400 4935 1685 5016 plenum,
1711 4932 2057 5012 infinitum,

522 5031 1139 5115 simplicissimum,
1194 5030 1794 5113 omniformiterque
1853 5032 2063 5114 perse-

462 5191 481 5211 ,
522 5140 779 5209 ctum3
820 5128 936 5211 qui
976 5130 1108 5191 dixi
1149 5130 1227 5191 ad
1266 5128 1515 5212 Moysen
1553 5150 1566 5194 ε
1604 5129 1729 5211 Ego
1769 5149 1910 5192 sum
1950 5131 2063 5212 qui

524 5248 726 5297 sum.
748 5230 965 5291 Nolite
996 5228 1221 5289 timere
1249 5227 1609 5291 inordinato
1642 5228 1883 5303 timore,
1911 5248 2067 5311 qua-

524 5328 607 5394 si
644 5326 847 5391 velim
886 5344 1001 5390 vos
1040 5325 1263 5389 fallere
1300 5334 1412 5389 aut
1447 5344 1699 5391 nocere.

807 5455 875 5513 T.
914 5456 993 5509 12.

2170 4347 2379 4413 habet,
2423 4347 2589 4406 sicut
2639 4366 2738 4406 me
2787 4348 3020 4407 videtis
3068 4347 3297 4407 habere
3336 4366 3360 4406 .·
3401 4346 3664 4427 spiritus

2170 4443 2343 4505 enim
2377 4442 2442 4505 in
2485 4463 2598 4505 sua
2639 4450 2863 4506 natura
2895 4450 2990 4505 est
3030 4444 3323 4526 simplex.
3348 4446 3434 4506 Et
3462 4466 3665 4525 quum

2171 4543 2287 4601 hoe
2317 4541 2616 4611 dimisset,
2644 4543 2920 4602 ostendit
2954 4543 3044 4601 eis
3083 4562 3316 4603 manus
3357 4551 3417 4603 et
3447 4546 3664 4619 pedeS,

2170 4648 2232 4701 et
2280 4638 2606 4701 cicatrices
2656 4638 2722 4700 in
2770 4638 2862 4701 eis
2916 4657 2929 4701 :
2981 4638 3193 4701 forsan
3242 4639 3432 4702 etiam
3476 4639 3662 4715 latuS‚

2170 4737 2440 4819 ejusque
2483 4736 2864 4799 cicatricem.
2909 4735 3120 4800 Voluit
3165 4743 3375 4799 autem
3425 4737 3671 4800 cicatri-

2171 4855 2276 4900 ces
2326 4836 2392 4897 in
2441 4854 2558 4897 suo
2607 4854 2871 4917 corpore
2919 4852 3288 4898 reservare:
3325 4835 3554 4917 primo,
3600 4844 3671 4897 ut

2170 4942 2410 4997 tactum
2449 4940 2565 5007 est,
2608 4934 2685 4995 ad
2727 4933 3122 5015 probandum
3170 4934 3498 4996 veritatem
3538 4954 3670 4999 suae

2172 5030 2692 5110 resurrectionis:
2737 5031 3036 5105 secundo,
3072 5030 3136 5091 in
3177 5032 3429 5111 signum
3473 5032 3673 5095 victo-

2174 5132 2324 5211 riae3
2371 5128 2578 5205 tertio,
2614 5136 2684 5191 ut
2723 5147 2837 5211 per
2880 5129 3000 5191 boc
3038 5128 3268 5192 electos
3309 5138 3373 5193 et
3410 5129 3670 5194 Sanctos

2174 5230 2240 5292 in
2291 5228 2494 5311 patria
2541 5228 2606 5289 in
2658 5246 2773 5291 suo
2820 5226 3022 5307 magis
3067 5229 3368 5290 accendat
3405 5246 3671 5307 amore;

2174 5334 2426 5410 quarto,
2462 5334 2531 5388 ut
2569 5344 2672 5389 eas
2711 5325 2874 5388 Patri
2916 5344 3032 5408 pro
3072 5325 3255 5390 nobis
3294 5336 3671 5412 praesentet3

3364 5460 3427 5513 17

3780 712 3852 767 37

3792 2978 3863 3035 38

3799 4454 3871 4510 40
