4300 6259
1179 500 1531 551 mannum
1575 500 1639 549 m
1678 502 1816 549 car.
1863 498 1904 547 x
1949 502 2134 549 meze.
2184 522 2261 532 —
2304 500 2447 550 aar.
2492 498 2637 549 xxvi
3420 478 3460 548 3

345 674 588 747 hendit,
647 673 822 749 vicit,
875 676 1320 757 convertitque
1375 675 1583 758 lupOS,
1637 682 1698 736 et
1747 692 1853 736 eos
1883 672 1933 734 A
1967 675 2431 755 praedicationis
2482 673 2841 737 constitutis
2885 673 3222 736 committit
3262 673 3465 735 nemi-

345 771 662 834 convertit
701 772 768 834 in
809 791 1024 853 agnOS,
1069 774 1156 836 ita
1199 781 1270 835 ut
1310 773 1546 855 pariter
1587 770 1855 854 pacifice

129 901 232 933 ιιι,
279 920 287 929 .
345 879 770 943 morarentur,
815 872 1168 933 secundum
1212 871 1376 933 illud
1414 870 1587 933 Isaiae
1621 889 1634 933 :
1667 868 1857 931 Habi-

119 3435 284 3480 Itidem.

109 4228 151 4269 ιν
163 4231 257 4285 neq.
269 4245 308 4272 η

343 965 499 1028 tabit
551 965 749 1048 lupus
800 987 946 1029 cum
995 986 1178 1049 agno.
1233 967 1376 1043 Sed,
1423 968 1582 1050 proh
1633 968 1848 1031 dolor!

337 1063 466 1141 jam
519 1063 711 1126 multi
759 1064 1034 1129 aliorum
1085 1065 1352 1148 praelati,
1394 1066 1507 1147 qui
1553 1066 1858 1128 deberent

339 1162 518 1242 agnis
573 1171 641 1225 et
690 1163 922 1227 ovibus
974 1165 1336 1238 assimilari,
1399 1165 1463 1226 in
1518 1165 1703 1245 lupos
1758 1184 1856 1225 ra-

341 1279 530 1342 paces
581 1262 874 1325 conversi
927 1270 1122 1342 sunt3
1166 1280 1284 1325 nec
1329 1262 1538 1325 solum
1587 1263 1665 1325 de
1714 1261 1858 1323 lana

340 1359 560 1421 ovium
601 1378 670 1421 se
705 1360 1008 1435 vestiunt,
1043 1379 1394 1443 earumque
1431 1361 1592 1423 lacte
1631 1378 1701 1422 se
1742 1379 1858 1422 nu-

342 1458 567 1533 triunt,
603 1459 716 1519 sed
754 1466 817 1520 et
853 1460 1098 1522 animas
1137 1476 1358 1521 earum
1389 1476 1504 1541 per
1537 1459 1857 1540 negligen-

345 1558 520 1629 tiam,
573 1574 690 1618 seu
751 1558 1016 1639 impiam
1065 1558 1285 1631 vitam,
1341 1558 1737 1639 strangulant
1795 1566 1858 1619 et

343 1654 648 1717 occidunt
681 1673 696 1717 :
731 1655 811 1718 de
854 1656 1093 1737 quibus
1142 1658 1314 1738 apud
1351 1657 1656 1719 Ioannem
1709 1675 1858 1719 con-

185 1780 206 1807 ,ι
231 1781 270 1811 1.
304 1753 630 1835 ‚quiritur
668 1753 980 1829 Christus,
1020 1753 1341 1835 Quotquot
1380 1762 1715 1829 venerunt,
1758 1754 1858 1815 fu-

1965 791 2111 835 nem
2142 775 2416 836 salutare
2446 773 2511 834 in
2546 774 2667 846 via,
2692 774 2769 835 ad
2804 772 3259 834 insinuandum
3290 773 3461 852 quod

1966 889 2111 931 cum
2162 890 2413 932 summa
2459 871 2788 950 diligentia
2833 869 3106 932 debeant
3158 870 3463 951 praedica-

1965 968 2156 1030 tionis
2206 968 2468 1049 exsequi
2518 976 2753 1041 actum,
2797 975 3025 1030 cuncta
3072 968 3324 1029 vitando
3375 966 3466 1029 di-

1966 1066 2293 1140 verticula,
2336 1066 2679 1140 obstacula,
2732 1084 3071 1146 morasque
3122 1065 3467 1147 praedican-

1967 1164 2045 1239 di,
2071 1172 2133 1225 et
2162 1182 2235 1225 ea
2262 1183 2407 1245 quae
2435 1164 2631 1227 menti
2664 1164 2962 1244 ingerunt
2990 1162 3464 1225 distractionem

1964 1280 2000 1321 a
2029 1261 2169 1335 Deo,
2198 1280 2307 1323 seu
2341 1261 2728 1323 oblivionem
2763 1260 3331 1341 praedicendorum.
3351 1259 3467 1321 Un-

1966 1361 2044 1421 de
2089 1360 2357 1422 verbum
2407 1359 2525 1422 hoc
2565 1360 2793 1423 Christi
2843 1358 3047 1439 accipi
3100 1366 3305 1440 potest
3352 1375 3465 1439 per

1967 1458 2395 1540 hyperbolicas
2448 1460 2709 1521 modum
2763 1457 3123 1531 locutioniS,
3175 1475 3303 1539 qua
3348 1455 3465 1517 ali-

1965 1556 2120 1637 quid
2154 1556 2386 1618 dicitur
2417 1574 2531 1637 per
2560 1573 2911 1617 excessum.
2937 1554 3097 1617 Hinc
3124 1553 3337 1627 Gorra‚
3363 1554 3468 1615 Hi-

1967 1654 2199 1716 larium
2232 1654 2532 1735 allegans,
2568 1654 2868 1717 disseruit
2901 1673 2915 1717 :
2946 1654 3341 1716 Attendenda
3370 1661 3466 1715 est

1967 1771 2157 1814 causa
2195 1751 2531 1826 dictorum,
2567 1759 2629 1813 et
2669 1752 2845 1814 nulla
2874 1752 2993 1813 erit
3032 1752 3460 1814 contrarietas.

345 1870 444 1913 res
493 1859 648 1914 sunt
696 1861 760 1914 et
807 1852 1106 1915 latroneS.
1154 1852 1229 1914 Hi
1279 1852 1630 1935 praesertim
1681 1861 1850 1920 sunt.
1893 1856 1938 1917 B
1967 1850 2251 1912 Salutare
2299 1850 2534 1913 etenim
2583 1850 2884 1913 viatorem
2936 1868 3080 1912 cum
3133 1868 3329 1923 mora,
3365 1850 3463 1912 vel

343 1951 456 2031 qui
503 1950 806 2031 ingerunt
855 1952 1234 2032 semetipsos
1271 1952 1350 2012 ad
1391 1952 1674 2031 regimen
1721 1951 1857 2012 ani-

345 2067 620 2123 marum,
672 2050 750 2111 ad
809 2049 1268 2111 ecclesiasticas
1315 2048 1674 2129 dignitateS,
1729 2067 1854 2112 non

175 2176 263 2212 m,
305 2148 574 2219 .vocati,
618 2165 737 2210 nec
777 2147 952 2227 digni
994 2146 1210 2209 effecti
1255 2166 1292 2208 a
1330 2146 1476 2221 Dec,
1515 2155 1583 2209 ut
1621 2147 1850 2209 Aaron.

425 2247 650 2307 Nolite
681 2256 946 2322 portare
985 2249 1320 2307 sacculum
1357 2266 1564 2324 neque
1595 2264 1849 2322 peram.

157 2370 178 2397 c
223 2371 260 2402 x.
306 2344 472 2406 .Hoc
518 2344 904 2425 praecedenti
944 2344 1226 2425 capitulo
1263 2344 1454 2405 etiam
1495 2344 1654 2405 dixit
1691 2344 1856 2425 Apo-

347 2441 524 2504 stolis
568 2461 582 2504 :
632 2443 802 2504 unde
841 2460 919 2505 ex
962 2442 1150 2504 dictis
1199 2441 1265 2503 in
1310 2441 1708 2523 expositione
1751 2458 1858 2503 ex-

345 2540 506 2603 ordii
567 2540 744 2602 illius
807 2540 1096 2621 capituli,
1158 2547 1330 2621 patet
1389 2558 1614 2601 sensus
1674 2539 1855 2604 verbi

346 2638 554 2711 istiuS,
597 2646 662 2700 et
707 2639 866 2702 ratio
912 2637 1107 2719 hujus
1151 2638 1643 2701 commissionis
1693 2637 1856 2700 Dicit

343 2745 556 2799 autem
587 2736 929 2817 Gregorius
965 2754 979 2799 :
1015 2736 1210 2798 Tanta
1238 2735 1426 2798 debet
1459 2736 1852 2818 praedicatori

346 2835 410 2897 in
441 2834 568 2898 Deo
609 2852 751 2897 esse
788 2833 1049 2905 fiducia,
1087 2842 1156 2896 ut
1194 2834 1490 2915 quamvis
1530 2832 1654 2895 sibi
1698 2853 1857 2915 prffl-

345 2932 542 2995 sentis
575 2932 728 2994 vitae
755 2939 1052 3013 sumptus
1085 2950 1212 2995 non
1257 2932 1606 3013 provideat,
1641 2938 1852 2993 tamen

1966 1967 2042 2010 ex
2083 1949 2469 2023 curiositate,
2514 1969 2641 2013 non
2681 1959 2776 2012 est
2816 1949 3077 2022 bonum,
3122 1968 3201 2011 ne
3242 1950 3468 2032 praedi-

1967 2054 2139 2111 cator
2173 2066 2210 2109 a
2249 2067 2365 2111 suo
2407 2049 2655 2123 itinere,
2692 2049 3285 2131 praedicationisque
3334 2046 3467 2109 sru-

1967 2154 2071 2208 ctu
2123 2146 2544 2228 impediatur3
2597 2148 2871 2210 salutare
2920 2155 3133 2209 autem
3183 2164 3260 2208 ex
3308 2147 3466 2209 ami-

1967 2245 2136 2317 citia,
2174 2245 2271 2307 vel
2312 2246 2390 2306 ad
2430 2244 2907 2319 consolandum,
2942 2252 3035 2307 est
3074 2244 3342 2317 bonum,
3380 2245 3467 2307 ita

1966 2352 2177 2405 tamen
2228 2351 2296 2404 ut
2340 2344 2569 2405 melius
2609 2362 2735 2407 non
2776 2344 3123 2407 omittatur.
3169 2343 3273 2405 Ait
3310 2363 3467 2426 quo—

1967 2461 2093 2523 que
2140 2442 2479 2521 Gregorius
2534 2460 2547 2504 :
2600 2441 2715 2515 Qui
2772 2461 2898 2504 non
2948 2460 3162 2505 amore
3215 2450 3465 2506 aeternae

1967 2541 2207 2622 patriae,
2261 2540 2369 2601 sed
2421 2540 2834 2622 praemiorum
2882 2540 3149 2615 ambitu,
3204 2541 3324 2603 hoc
3370 2548 3466 2603 est

1966 2638 2210 2720 proprii
2257 2638 2419 2700 lucri
2460 2638 2795 2711 desiderio,
2834 2638 3105 2699 salutem
3154 2638 3466 2700 audienti-

1966 2735 2084 2798 bus
2117 2736 2435 2818 praedicat,
2470 2736 2650 2817 quasi
2685 2736 2749 2797 in
2785 2736 3010 2798 itinere
3040 2736 3289 2811 salutat,
3314 2737 3469 2817 quia

1965 2852 2042 2896 ex
2089 2835 2441 2910 occasione,
2494 2853 2621 2897 non
2669 2852 2745 2895 ex
2796 2833 3145 2897 intentione
3196 2835 3463 2896 salutem

1964 2933 2371 2995 audientibus
2415 2940 2611 3014 optat.

344 3032 457 3095 hos
501 3031 631 3093 sibi
675 3048 802 3093 non
849 3030 1070 3092 deesse
1117 3030 1473 3092 certissime
1521 3030 1678 3091 sciat
1716 3048 1729 3091 :
1775 3046 1856 3091 ne
1892 3034 1936 3097 C
2058 3032 2142 3092 In
2190 3050 2663 3111 quamcumque
2712 3033 2977 3091 domum
3028 3031 3461 3105 intraveritis,

347 3132 498 3193 dum
537 3130 712 3193 circa
759 3127 1138 3210 temporalia
1174 3128 1314 3209 ejus
1353 3146 1536 3189 mens
1586 3146 1857 3209 occupa-

349 3237 470 3301 tur,
505 3228 654 3290 aliis
684 3226 902 3289 minus
944 3226 1209 3289 idoneus
1251 3226 1594 3308 praedicare
1623 3234 1858 3289 aeterna

348 3334 764 3391 monstretur.
799 3328 1022 3405 Neque
1047 3328 1501 3385 calceamenta.
1536 3324 1621 3386 De
1661 3324 1856 3405 hujus

347 3442 608 3506 quoque
640 3421 821 3485 verbi
854 3422 1274 3503 intelligentia
1305 3422 1546 3484 dictum
1575 3431 1672 3484 est
1701 3442 1859 3504 prae-

347 3524 634 3585 cedentis
665 3527 935 3583 tractatu
965 3519 1252 3602 capituli.
1284 3520 1420 3584 Non
1453 3520 1690 3583 etenim
1722 3540 1858 3602 pro·

347 3621 524 3684 hibet
555 3620 1002 3694 calceamenta,
1029 3620 1082 3681 si
1113 3619 1236 3682 loci
1266 3628 1378 3682 aut
1406 3619 1712 3701 temporis
1744 3638 1856 3681 seu

349 3739 638 3802 personae
687 3719 1032 3781 necessitas
1081 3718 1312 3798 exigat,
1355 3719 1465 3780 sed
1515 3717 1858 3800 superflui-

348 3828 538 3883 tatem
572 3820 640 3881 in
673 3818 827 3880 illis.
863 3820 948 3880 Ec
978 3820 1305 3879 neminem
1329 3836 1446 3893 per
1476 3820 1657 3878 viam
1683 3821 1859 3879 salu-

351 3920 670 3979 taveritis.
706 3915 928 3978 Simile
973 3914 1130 3978 huic
1178 3922 1294 3989 est,
1337 3915 1510 3996 quod
1561 3914 1626 3977 in
1675 3914 1857 3977 libris

350 4016 590 4097 Regum
643 4014 891 4076 Eliseus
937 4014 1206 4094 jussisse
1254 4012 1486 4093 legitur
1523 4012 1692 4076 Giezi
1743 4031 1858 4076 suo

353 4114 671 4187 ministro,
706 4130 902 4193 quem
935 4112 1112 4173 misit
1144 4112 1221 4173 ad
1263 4111 1701 4173 suscitandum
1745 4130 1861 4193 pu-

355 4329 478 4373 non
511 4310 752 4371 salutes
783 4325 968 4388 eum;
1001 4316 1064 4369 et
1103 4308 1155 4369 si
1197 4307 1565 4370 salutaverit
1591 4316 1655 4369 te
1684 4308 1860 4389 quis-

356 4408 548 4489 piam,
597 4425 728 4469 non
773 4406 1156 4487 respondeas
1200 4405 1282 4466 ei.

430 4506 888 4567 Verumtamen
937 4502 1104 4565 circa
1149 4503 1268 4567 hoc
1311 4503 1582 4566 dubium
1630 4504 1854 4567 oritur.

353 4602 641 4665 Salutare
669 4619 971 4682 namque,
995 4610 1090 4663 est
1116 4601 1309 4663 alicui
1341 4602 1610 4664 salutem
1640 4610 1859 4685 optare

355 4720 466 4763 seu
507 4702 726 4764 dicere
759 4718 774 4762 ε
808 4701 981 4781 quod
1011 4718 1215 4781 quum
1254 4700 1337 4762 sit
1363 4708 1540 4763 actus
1582 4700 1860 4763 caritatis

353 4818 426 4862 ac
467 4799 746 4883 pietatiS,
782 4798 1256 4880 prohibendum
1307 4817 1432 4862 non
1483 4806 1597 4861 est.
1636 4798 1756 4862 Sed
1799 4806 1862 4861 et

304 4950 317 4963 .
359 4899 535 4979 virgo
590 4896 784 4959 Maria
831 4896 1130 4960 salutavit
1176 4896 1524 4971 Elisabeth,
1575 4905 1639 4959 et
1686 4896 1862 4960 chri-

279 5050 290 5061 .
357 5004 490 5058 stus
538 4994 816 5057 feminas
874 4994 1200 5075 religiosas
1265 5001 1407 5077 post
1455 4996 1864 5060 resurrectio-

264 5113 276 5123 ·
357 5112 526 5167 nem,
574 5092 870 5167 dicende,
916 5091 1133 5155 Avete.
1187 5092 1262 5154 Et
1320 5095 1859 5175 respondendum,

357 5193 526 5273 quod
566 5191 860 5255 Christus
901 5208 1027 5253 non
1062 5190 1358 5273 prohibet
1394 5192 1682 5255 absolute
1723 5213 1867 5276 pro-

358 5290 604 5352 ximum
635 5289 944 5369 salutare3
975 5289 1088 5352 sed
1119 5290 1636 5372 praedicatoribus
1666 5292 1733 5353 in
1768 5293 1867 5354 via

1957 3132 2257 3206 primum
2285 3130 2483 3189 dieite
2512 3146 2535 3189 .·
2564 3131 2715 3190 Pam
2742 3132 2897 3189 kuic
2926 3132 3173 3202 domui,
3210 3130 3330 3192 hoc
3370 3138 3465 3191 est

1966 3227 2426 3291 habitatoribus
2458 3226 2599 3308 ejus
2630 3227 2970 3289 universis.
3005 3227 3347 3309 Triplicem
3377 3236 3467 3289 et-

1966 3326 2138 3387 enim
2190 3344 2411 3407 pacem
2460 3325 2767 3408 proximis
2812 3326 3043 3389 nostris
3094 3336 3311 3407 optare
3354 3328 3463 3388 de-

1965 3424 2215 3497 bemuS,
2267 3423 2564 3487 videlicet
2615 3444 2628 3485 :
2684 3442 2905 3506 pacem
2965 3425 3262 3505 pectoris,
3320 3444 3467 3506 quae

1966 3531 2061 3584 est
2102 3522 2529 3604 tranquillitas
2574 3522 2805 3585 mentis
2852 3521 3015 3584 bene
3053 3522 3355 3586 ordinatae
3397 3524 3462 3585 in

1965 3622 2125 3700 De03
2170 3638 2391 3702 pacem
2438 3620 2766 3703 temporiS,
2814 3640 2957 3701 qnae
3004 3629 3101 3682 est
3148 3621 3331 3701 quies
3381 3621 3463 3683 ab

1965 3719 2263 3782 exteriori
2304 3719 2781 3801 impugnatione
2820 3736 2931 3780 seu
2978 3719 3461 3800 persecution03

1966 3825 2028 3879 et
2075 3835 2298 3899 pacem
2336 3816 2724 3890 aeternitatiS,
2766 3834 2910 3896 quae
2956 3824 3053 3878 est
3091 3835 3213 3898 pax
3256 3816 3467 3880 Beato-

1969 3935 2108 3976 rum
2152 3916 2216 3977 in
2258 3914 2479 3997 patria,
2513 3915 2589 3976 ad
2620 3933 2814 3996 quam
2854 3922 3123 3996 utraque
3162 3913 3271 3976 illa
3308 3934 3466 3996 prae-

1967 4015 2134 4077 dicta
2174 4033 2293 4096 pax
2324 4014 2673 4077 ordinatur.
2708 4012 2831 4074 Pax
2860 4020 3073 4075 autem
3112 4013 3463 4095 spiritualis

1969 4113 2217 4174 interna
2243 4121 2306 4174 et
2337 4129 2496 4185 vera,
2522 4119 2617 4173 est
2647 4111 2920 4173 caritatis
2950 4110 3232 4189 effectus,
3252 4129 3465 4194 quem-

313 4230 534 4279 .erum
575 4218 905 4274 mortuum
945 4228 958 4271 :
998 4208 1059 4270 Si
1097 4210 1448 4272 occurrerit
1487 4209 1601 4271 tibi
1643 4210 1854 4284 home,
1889 4214 1938 4277 D
1967 4212 2307 4274 admodum
2358 4208 2669 4291 scriptum
2717 4217 2813 4271 est
2850 4228 2863 4271 τ
2900 4210 3021 4271 Pax
3070 4210 3271 4272 multa
3319 4210 3465 4273 dili-
3508 4230 3752 4283 Pmcxvnu,

1965 4309 2263 4391 gentibus
2312 4310 2517 4389 legem
2565 4316 2761 4370 tuam.
2794 4308 2937 4371 Ideo
2986 4327 3107 4390 pax
3156 4309 3295 4383 ista,
3334 4316 3461 4371 tam
3492 4296 3585 4338 ¹⁶⁵·

1967 4410 2243 4491 optanda
2270 4427 2341 4470 ac
2380 4407 2733 4469 necessaria
2772 4415 2866 4469 est
2902 4407 3078 4469 omni
3119 4407 3298 4470 fideli
3328 4426 3465 4471 om-

1971 4508 2167 4588 nique
2197 4506 2462 4580 homini,
2494 4524 2689 4587 quam
2718 4506 3074 4587 appetenda
3100 4513 3164 4568 et
3189 4506 3269 4569 ad
3300 4506 3467 4568 salu-

1969 4613 2097 4667 tem
2129 4604 2481 4667 necessaria
2510 4612 2606 4666 est
2636 4604 2876 4677 caritas,
2912 4603 3050 4665 sine
3077 4623 3205 4685 qua
3234 4605 3467 4688 impos-

1969 4702 2157 4765 sibile
2194 4709 2288 4763 est
2326 4701 2576 4765 salvari.
2610 4701 2769 4764 Hinc
2799 4701 3084 4764 Christus
3125 4702 3465 4765 hominum

1969 4806 2229 4873 amator,
2264 4806 2326 4860 et
2364 4816 2585 4861 eorum
2615 4819 2761 4862 cum
2794 4800 2969 4862 Patre
3009 4800 3462 4877 reconciliator,

1971 4898 2179 4982 primo
2217 4898 2357 4960 vult
2398 4916 2617 4980 pacem
2657 4899 2886 4980 optari,
2922 4900 3275 4981 praesertim
3316 4902 3468 4982 quia

1972 4999 2036 5060 in
2067 5015 2141 5059 ea
2176 5004 2385 5059 cetera
2422 4996 2585 5060 bona
2622 4995 2841 5077 gratiae
2870 4998 3225 5061 virtualiter
3263 4997 3469 5061 inclu-

1971 5099 2230 5160 duntur.
2264 5095 2585 5170 Praeterea,
2623 5102 2719 5157 est
2761 5103 2823 5157 et
2863 5113 2984 5177 pax
3020 5096 3144 5157 alia
3182 5115 3309 5160 non
3356 5116 3470 5180 op-

1973 5195 2181 5269 tanda,
2215 5212 2359 5275 quae
2395 5201 2491 5255 est
2530 5211 2649 5274 pax
2685 5192 2862 5268 falsa,
2898 5194 3213 5269 simulata,
3252 5194 3469 5278 inqui-

1977 5301 2141 5367 nata,
2184 5291 2473 5366 carnaliS,
2504 5291 2762 5372 qualem
2802 5291 3040 5354 habent
3079 5292 3200 5355 filii
3244 5294 3466 5357 saeculi
