4300 6259
865 495 986 561 218

595 703 764 760 Ephes-

574 769 642 810 ¹⁷·
865 782 976 845 Dei
1016 783 1247 864 lexque
1285 781 1602 844 Ecclesiae.
1638 781 1797 842 Hinc
1836 780 1926 842 ait
1959 778 2357 850 AmbrosiuS‚

864 881 1197 964 alloquens
1247 881 1567 944 Christum
1604 899 1617 943 :
1653 879 1778 942 Cur
1818 879 2101 960 gladium
2152 895 2363 940 emere

862 981 1072 1064 jubeS‚
1130 981 1239 1062 qui
1301 979 1494 1042 ferire
1553 978 1896 1061 prohibes?
1947 978 2072 1041 Cur
2127 977 2363 1040 habere

866 1079 1182 1162 praecipiS,
1227 1097 1422 1160 quem
1471 1077 1714 1140 extrahi
1765 1079 1980 1140 vetas?
2026 1076 2148 1138 nisi
2199 1075 2363 1138 forte

863 1187 934 1240 ut
977 1185 1191 1259 parata
1229 1177 1312 1238 sit
1347 1175 1656 1248 defensio,
1701 1193 1826 1238 non
1869 1174 2223 1237 necessaria
2268 1173 2363 1234 ul—

863 1276 993 1354 tio;
1045 1282 1108 1338 et
1167 1275 1440 1338 videaris
1501 1275 1783 1357 potuisse
1840 1273 2188 1346 vindicare,
2250 1273 2360 1333 sed

865 1375 1166 1438 noluisse.
1207 1375 1352 1437 Ideo
1399 1374 1615 1437 subdit
1662 1391 1916 1436 causam
1964 1371 2160 1454 hujus
2206 1389 2363 1453 prae-

865 1473 1032 1554 cepti
1069 1491 1083 1536 ε

949 1574 1102 1632 Dico
1131 1573 1306 1632 enim
1337 1573 1533 1640 vobi-3,
1564 1572 1876 1651 quoniam
1897 1572 2138 1638 adhuc,
2170 1568 2234 1630 id
2266 1575 2363 1629 est

863 1677 1149 1752 tempore
1175 1670 1306 1751 jam
1339 1669 1622 1742 instanti,
1649 1677 1710 1730 et
1742 1676 1969 1750 praeter
1993 1675 2201 1730 cetera
2228 1665 2359 1746 jam

862 1767 930 1829 in
971 1787 1072 1829 me
1101 1769 1434 1850 completa,
1469 1771 1584 1828 hoc
1611 1769 1783 1846 quod
1809 1768 2126 1842 scriptum
2154 1773 2243 1825 est
2280 1763 2357 1824 ad

659 1570 729 1625 37

1621 511 1974 558 mumulo
2015 511 2080 558 m
2122 510 2262 557 GAP.
2307 509 2438 557 xxn
2480 509 2669 568 LUCAE.
2714 529 2795 542 —·-
2835 511 2979 559 ΛΒΤ.
3025 512 3212 558 vaul

775 717 834 758 η,
867 702 1006 747 esse
1040 685 1322 764 gladium
1363 682 1784 766 spiritualem,
1815 682 1927 764 qui
1963 690 2059 744 est
2092 680 2362 745 verbum
2390 679 2443 742 A
2471 699 2647 742 sacra
2694 680 3041 764 Scriptura,
3091 701 3236 765 quae
3282 683 3518 766 duplex
3562 691 3681 758 est,
3722 684 3967 746 scilicet

2470 779 2618 842 novi
2658 797 2731 842 ac
2762 781 2994 843 veteris
3025 781 3427 844 Testamenti.
3462 780 3569 844 Est
3606 782 3797 844 etiam
3832 782 3969 862 gla-

2470 879 2613 940 dius
2656 879 2969 960 passionis
3008 886 3199 961 atque
3238 880 3545 962 martyrii,
3580 880 3693 962 qui
3730 882 3968 943 emitur

2471 979 2767 1059 ponendo
2816 996 3049 1060 corpus
3098 979 3163 1041 in
3210 987 3477 1043 mortem
3526 997 3641 1061 pro
3688 979 3969 1043 Salvato-

2471 1093 2539 1138 re
2574 1095 2589 1138 :
2623 1095 2852 1158 corpus
2892 1083 3104 1139 autem
3132 1086 3229 1140 est
3255 1077 3439 1159 quasi
3468 1079 3687 1140 tunica
3712 1078 3963 1141 animae.

2468 1172 2590 1236 Sed
2630 1174 2879 1254 gladius
2921 1174 3097 1238 verbi
3144 1175 3250 1237 Dei
3300 1175 3553 1250 emitur,
3598 1177 3971 1258 patrimoni-

2470 1291 2581 1333 um
2613 1274 2965 1348 vendendo,
3000 1281 3063 1335 et
3099 1274 3313 1337 omnia
3352 1282 3611 1356 propter
3640 1273 3963 1337 Christum

2470 1370 2839 1434 deserendo.

2549 1473 2635 1530 Et
2682 1489 2965 1547 eyressus
3012 1473 3089 1534 de
3137 1471 3484 1544 coenaeulo,
3528 1471 3594 1534 in
3641 1490 3773 1553 quo
3818 1490 3967 1553 quae

2466 1567 2596 1647 jam
2656 1569 2891 1651 scripta
2949 1576 3119 1642 sunt,
3171 1569 3325 1632 fecit
3369 1589 3443 1632 ac
3495 1570 3776 1652 protulit,
3830 1573 3968 1631 ibat

2466 1671 2821 1728 secundum
2858 1671 3383 1730 consuetudinem
3424 1672 3496 1730 in
3528 1679 3801 1730 montem
3834 1670 3971 1732 Oti-

2469 1785 2714 1826 varum.
2734 1763 3069 1828 Nocturnis
3103 1785 3375 1848 namque
3408 1766 3798 1848 temporibus
3830 1785 3969 1829 eon-

859 1864 1138 1928 litteram
1175 1867 1254 1928 de
1284 1883 1386 1928 me
1427 1884 1540 1947 per
1567 1864 1814 1939 Isaiam,
1847 1873 2112 1941 oportet,
2145 1880 2359 1924 neces·
2400 1861 2441 1922 Β
2468 1864 2677 1925 suevit
2705 1865 2783 1926 ad
2821 1864 3033 1927 locum
3072 1865 3244 1928 hunc
3282 1885 3428 1928 eum
3458 1864 3795 1948 discipulis
3834 1865 3969 1927 suis

863 1964 1046 2026 sitate
1093 1963 1540 2038 conditionata,
1587 1964 1853 2039 impleri
1899 1964 1972 2022 in
2020 1981 2142 2030 me,
2183 1967 2359 2042 utpo-

863 2070 926 2124 te
977 2081 990 2125 :
1045 2066 1131 2123 Ec
1178 2083 1320 2123 cum
1381 2063 1633 2141 iniquis
1677 2063 2023 2136 deputatus
2069 2069 2180 2120 est.
2234 2057 2359 2120 Hoc

573 2172 636 2216 ιι.
662 2185 742 2222 ιω,
767 2174 831 2217 12.
863 2161 1108 2243 quippe
1137 2162 1215 2222 de
1244 2159 1489 2223 Christo
1520 2158 1745 2221 Sancto
1773 2157 2142 2220 Sanctorum
2172 2157 2361 2218 Isaias

864 2259 1194 2341 praedixit3
1245 2266 1308 2320 et
1365 2258 1650 2322 Christus
1709 2256 1918 2318 statim
1980 2264 2122 2338 post
2168 2255 2362 2317 verba

864 2358 1020 2430 haec,
1073 2359 1292 2420 eadem
1343 2364 1524 2420 nocte
1573 2364 1875 2436 tanquam
1923 2354 2080 2416 latro
2125 2361 2223 2416 est
2264 2372 2364 2415 ca-

867 2464 1036 2537 ptuS,
1089 2462 1151 2517 et
1199 2455 1302 2517 die
1351 2454 1640 2536 sequenti
1693 2453 1858 2515 inter
1905 2452 2179 2515 latrones
2230 2471 2362 2514 sus·

868 2555 1402 2636 pensuS.Etenim
1431 2574 1506 2612 ea
1534 2573 1678 2632 quoe
1703 2561 1860 2612 sunt
1885 2555 1965 2611 de
1995 2571 2116 2618 me,
2150 2551 2213 2612 id
2244 2559 2359 2621 est,

864 2671 1008 2732 quae
1056 2651 1380 2733 Prophetae
1416 2651 1496 2712 de
1536 2667 1675 2712 mea
1727 2649 2016 2731 passione
2064 2657 2215 2710 sunt
2263 2667 2363 2710 va-

863 2750 1130 2824 ticinati,
1172 2755 1370 2827 finem
1419 2751 1671 2820 habent,
1713 2748 1777 2810 id
1825 2755 1941 2821 est,
1985 2747 2114 2827 jam
2165 2765 2362 2828 prope

866 2848 1064 2911 finem
1111 2857 1285 2927 sunt,
1328 2856 1391 2910 et
1433 2848 1722 2929 protinus
1767 2845 2230 2928 implebuntur,
2273 2854 2365 2907 at-

869 3063 1146 3125 surgam.

969 3147 1054 3204 At
1112 3143 1220 3202 itti
1265 3142 1580 3203 dixerunt
1628 3163 1650 3202 .·
1705 3144 2002 3211 Domine,
2047 3161 2183 3200 ecce
2232 3143 2362 3200 duo

862 3243 1081 3318 ytadz'i
1119 3241 1226 3300 hic
1263 3247 1433 3312 sunt,
1479 3240 1541 3301 id
1585 3249 1700 3314 est,
1744 3241 1900 3302 duos
1947 3238 2190 3320 gladios
2231 3238 2361 3318 jam

871 3339 936 3400 in
982 3346 1279 3420 promptu
1324 3338 1654 3413 habemus,
1698 3346 1995 3419 tanquam
2047 3337 2247 3420 parati
2286 3337 2363 3398 ad

867 3445 1040 3499 tuam
1073 3434 1529 3498 defensi0nem.
1564 3438 1653 3496 At
1683 3438 1796 3494 ille
1823 3437 2000 3496 dimit
2029 3437 2119 3495 eis
2141 3455 2165 3495 .·
2186 3435 2364 3496 Satis

867 3545 982 3607 est,
1042 3537 1167 3598 duo
1227 3534 1565 3597 sufficiunt
1617 3535 1694 3596 ad
1755 3534 1816 3596 id
1876 3542 2136 3617 propter
2192 3534 2364 3615 quod

867 3634 1026 3715 jussi
1089 3634 1329 3715 gladios
1396 3653 1504 3696 vos
1573 3632 1826 3695 habere.
1887 3633 2060 3695 Unus
2127 3632 2362 3694 etenim

868 3732 1116 3813 gladius
1158 3751 1196 3793 a
1240 3731 1415 3794 Petro
1459 3731 1848 3812 evaginatuS,
1889 3730 2040 3792 satis
2090 3730 2367 3793 ostendit

873 3830 1440 3912 promptitudinem
1471 3829 1912 3910 Apostolorum
1943 3830 2020 3890 ad
2053 3827 2368 3890 defensio-

873 3948 1018 3991 nem
1065 3929 1163 3990 sui
1207 3928 1512 4009 magistri,
1556 3936 1618 3990 et
1665 3927 1894 3990 Christi
1945 3926 2365 3990 voluntariam

876 4026 1256 4108 passionem,
1290 4025 1402 4107 qui
1442 4026 1633 4106 gladii
1677 4045 1861 4087 usum
1895 4024 2367 4088 vulnerativum

875 4123 1242 4208 prohibuit;
1293 4123 1456 4185 alius
1503 4131 1714 4185 autem
1761 4124 2009 4204 gladius
2055 4142 2181 4186 non
2226 4141 2370 4186 eva-

664 3143 734 3199 38

2472 1963 2689 2023 venire
2738 1981 2927 2024 causa
2975 1964 3299 2038 orationiS,
3347 1964 3455 2026 sed
3504 1971 3567 2026 et
3610 1964 3816 2044 gratia
3858 1964 3975 2026 ho-

2470 2058 2747 2140 spitandi
2780 2061 2911 2122 ibat
2940 2060 3308 2142 frequenter
3340 2079 3454 2143 per
3483 2069 3764 2124 montem
3794 2060 3971 2123 hunc

2468 2157 2832 2221 Bethaniam
2884 2177 3127 2221 versus.
3178 2159 3499 2222 Matthaeus
3546 2177 3807 2242 quoque
3852 2160 3965 2232 ait,

2469 2256 2639 2336 quod
2700 2256 2935 2339 hymno
2991 2257 3160 2320 dicto
3216 2257 3511 2320 exierunt
3566 2257 3631 2318 in
3682 2265 3967 2322 montem

2469 2353 2717 2416 Oliveti.
2768 2354 2835 2416 In
2888 2355 3007 2418 hoc
3052 2355 3289 2417 etenim
3338 2363 3551 2418 monte
3600 2355 3972 2418 crescebant
3997 2353 4109 2386 ¹⁰¹·

2468 2452 2995 2534 abundanterque
3056 2453 3306 2516 stabant
3362 2454 3568 2528 olivis,
3632 2471 3747 2535 per
3806 2473 3970 2534 quas

2473 2553 2671 2633 pietas
2713 2552 3077 2632 designatur
3114 2572 3127 2615 :
3175 2553 3317 2616 ideo
3357 2554 3532 2616 locus
3573 2552 3683 2614 ille
3722 2552 3973 2616 Christo

2472 2651 2663 2713 totius
2726 2651 2977 2732 pietatis
3022 2669 3095 2713 ac
3141 2651 3360 2732 gratiae
3408 2651 3564 2714 fonti
3624 2651 3975 2734 purissimo

2472 2749 2876 2829 congruebat.
2920 2748 3109 2812 Porro
3154 2750 3422 2813 Joannes
3467 2757 3755 2821 testatur,
3798 2749 3973 2830 quod

4048 2276 4193 2319 Masta.

2472 2865 2765 2927 egressus
2808 2856 2901 2909 est
2946 2867 3091 2910 cum
3138 2849 3469 2930 discipulis
3510 2857 3685 2910 trans
3726 2857 3976 2911 torren-
3998 2865 4246 2910 ,rmum

867 2965 994 3028 que
1042 2946 1341 3028 deinceps
1387 2947 1466 3008 ad
1515 2945 1976 3027 impassibilem
2025 2944 2220 3008 vitam
2272 2961 2365 3006 re-
2472 2955 2600 3008 tem
2632 2946 2897 3021 cedron,
2935 2947 2997 3008 id
3035 2956 3131 3009 est
3161 2949 3493 3012 cedrorum
3528 2948 3697 3010 circa
3732 2955 3975 3008 torren—
4006 2935 4044 2973 ¹·

2402 3039 2444 3103 C
2475 3052 2602 3107 tem
2652 3045 2835 3107 illum
2888 3047 3306 3108 crescentium
3356 3065 3369 3108 :
3416 3045 3530 3128 qui
3578 3052 3827 3109 torrens
3874 3053 3975 3108 est

2476 3143 2641 3205 inter
2686 3143 3029 3205 Jerusalem
3070 3151 3133 3204 et
3173 3151 3452 3212 montem
3492 3143 3740 3206 oliveti.
3774 3142 3849 3204 Et
3891 3144 3971 3205 ad

2478 3242 2719 3304 radices
2774 3243 3009 3304 montis
3070 3241 3264 3322 hujus
3321 3241 3444 3303 fuit
3501 3241 3653 3303 villa
3712 3241 3973 3304 nomine

2476 3340 2900 3414 Gethsemani,
2937 3340 3003 3402 in
3034 3359 3226 3422 quam
3258 3340 3541 3403 Christus
3570 3339 3845 3413 devenit,
3880 3357 3977 3400 se-

2477 3440 2755 3501 cundum
2790 3438 3167 3500 Matthaeum.
3205 3437 3476 3520 Eratque
3504 3437 3594 3500 ibi
3626 3438 3869 3511 hortm,
3907 3438 3973 3499 in

2477 3555 2671 3618 quem
2731 3535 3015 3599 Christus
3074 3535 3320 3598 introiit
3376 3542 3438 3597 et
3495 3535 3635 3615 ejus
3694 3534 3981 3616 discipu-

2478 3636 2519 3697 li
2558 3655 2570 3698 :
2605 3635 2719 3717 qui
2766 3635 3007 3708 hortm,
3049 3642 3119 3696 ut
3158 3634 3359 3715 aliqui
3404 3634 3643 3706 dicunt,
3688 3635 3862 3695 stetit
3910 3634 3976 3695 in

2480 3753 2703 3815 campo
2730 3733 2911 3813 juxta
2944 3732 3157 3794 villam
3192 3731 3541 3815 praefatam.
3576 3733 3799 3794 Securi
3825 3741 3979 3793 sunt

2478 3842 2689 3894 autem
2726 3833 2918 3892 illum
2948 3840 3007 3891 et
3035 3832 3351 3908 discipuli
3377 3832 3538 3907 ejus,
3566 3830 3686 3894 hoc
3714 3837 3832 3906 est,
3864 3849 3982 3891 un-

2480 3929 2687 3991 decim
2736 3929 3019 4011 Apostoli
3072 3929 3263 3990 simul
3314 3947 3460 3992 cum
3516 3927 3817 4008 magistro
3862 3947 3982 3991 suo

2480 4027 2716 4108 egressi
2758 4035 2928 4100 sunt,
2962 4033 3025 4089 et
3058 4036 3127 4088 ut
3157 4026 3410 4106 legitur,
3440 4027 3746 4107 gregatim
3779 4045 3983 4109 prope

2480 4144 2625 4188 eum
2679 4126 2953 4198 iverunt,
3006 4124 3171 4186 sicut
3222 4124 3379 4206 pulli
3428 4124 3607 4205 juxta
3650 4122 3977 4205 gallinam.

871 4223 1138 4304 ginatuS,
1157 4222 1305 4283 satis
1335 4222 1611 4284 ostendit
1641 4240 1764 4283 non
1800 4221 2139 4303 permissos
2172 4220 2369 4282 fuisse
2406 4223 2451 4284 D
2482 4224 2555 4286 Ut
2611 4232 2824 4285 autem
2882 4221 3272 4303 Theophilus
3318 4221 3407 4284 ait
3460 4239 3473 4284 :
3528 4221 3670 4284 Post
3720 4221 3975 4285 Coenam

874 4320 1206 4402 Apostolos
1249 4319 1457 4381 facere
1498 4320 1670 4400 quod
1711 4319 2024 4393 volebant,
2069 4319 2371 4400 quodque

878 4418 1196 4480 interdum
1238 4417 1582 4480 virtuosius
1623 4417 1704 4478 sit
1749 4427 2014 4480 mortem
2061 4418 2373 4499 patienter

875 4517 1044 4579 ferre
1084 4534 1198 4598 pro
1226 4515 1350 4578 Deo
1379 4523 1443 4578 et
1474 4517 1789 4596 aequitate,
1825 4534 2014 4597 quam
2058 4534 2126 4578 se
2156 4516 2375 4578 defen-

879 4615 1085 4678 dendo
1134 4613 1446 4676 resistere.
1495 4613 1598 4675 Vel
1642 4614 1781 4677 ideo
1828 4615 2006 4690 dixit,
2049 4613 2209 4677 Satis
2254 4625 2371 4696 est,

878 4712 1182 4795 quoniam
1221 4712 1346 4774 duo
1381 4711 1572 4792 gladii
1613 4713 1763 4774 satis
1806 4711 2377 4794 praefiguraverunt

881 4812 1037 4873 duos
1069 4809 1430 4892 spirituales
1460 4809 1756 4872 Ecclesiae
1781 4811 2046 4890 gladiOS,
2082 4812 2377 4875 videlicet

878 4909 982 4990 jus
1031 4907 1383 4990 spirituale,
1425 4927 1498 4971 ac
1541 4909 1840 4971 saeculare
1875 4928 1888 4972 :
1923 4929 2197 4992 quorum
2251 4911 2381 4993 pri-

883 5025 1060 5070 mum
1102 5007 1300 5068 utitur
1335 5005 1544 5086 gladio
1574 5007 1753 5069 verbi
1794 5007 1924 5082 Dei,
1959 5009 2130 5070 aliud
2170 5009 2379 5090 gladio

884 5105 1216 5167 materiali.
1251 5104 1439 5167 Porro
1477 5104 1849 5168 Ambrosius
1892 5107 2091 5186 tangit
2130 5106 2380 5188 aliquos

617 5259 770 5315 aph„
801 5273 839 5302 w
887 5203 1106 5266 modos
1152 5203 1508 5284 exponendi
1556 5203 1692 5266 haec
1726 5222 1739 5266 :
1775 5203 2091 5279 videlicet,
2135 5207 2213 5268 de
2254 5206 2384 5287 gla-

595 5323 660 5366 ιτ.
891 5301 995 5364 dio
1051 5300 1388 5382 spirituali,
1441 5301 1554 5382 qui
1612 5309 1709 5364 est
1760 5302 2026 5368 verbum
2085 5303 2217 5380 Dei,
2270 5322 2381 5366 seu

2483 4339 2885 4403 nequaquam
2920 4320 3148 4382 inertia
3177 4327 3239 4381 et
3271 4319 3453 4400 jocus
3482 4338 3555 4380 ac
3586 4337 3847 4383 somnus
3873 4337 3978 4382 oc-

2484 4426 2719 4500 cupant
2770 4419 3125 4488 Dominum,
3170 4418 3277 4479 sed
3319 4417 3518 4480 oratio
3559 4424 3622 4478 et
3664 4417 3969 4480 doctrina.

2483 4518 2656 4591 Quod
2710 4517 2981 4598 praelatis
3025 4515 3376 4598 praesertim
3426 4521 3521 4577 est
3568 4515 3969 4577 imitandum.

2566 4620 2650 4678 Et
2680 4636 2880 4694 quum
2908 4617 3297 4693 pervenisset
3331 4617 3418 4675 ad
3448 4619 3679 4686 locum,
3714 4621 3867 4696 puta
3909 4613 3972 4675 in

2486 4715 2740 4778 hortum
2782 4713 3179 4795 preadictum,
3218 4715 3396 4774 dixit
3444 4713 3583 4773 iltis
3612 4731 3635 4773 .·
3666 4716 3859 4775 Orate
3896 4731 3977 4772 ne

2486 4814 2744 4874 intretis
2776 4813 2852 4872 in
2887 4812 3321 4873 tentationem.
3354 4809 3488 4873 Non
3528 4809 3635 4882 ait,
3676 4808 3859 4871 Orate
3898 4825 3977 4870 ne

2486 4909 2843 4982 tentemini,
2887 4910 3040 4990 quia
3087 4909 3221 4972 haec
3269 4909 3395 4972 vita
3444 4909 3583 4970 sine
3636 4907 3979 4970 tentatione

2491 5029 2615 5071 non
2673 5009 2902 5088 agitur,
2963 5026 3161 5088 quum
3229 5007 3539 5090 scriptum
3599 5006 3700 5080 sit,
3760 5004 3979 5068 Militia

2490 5116 2586 5170 est
2633 5107 2761 5169 vita
2816 5105 3095 5169 hominis
3146 5123 3339 5187 super
3385 5113 3659 5184 terram;
3706 5105 3817 5166 sed
3866 5103 3974 5176 ait,

2492 5205 2673 5269 Orate
2723 5223 2804 5267 ne
2850 5205 3100 5267 intretis
3150 5203 3215 5266 in
3268 5203 3701 5276 tentationem,
3748 5201 3809 5263 id
3860 5209 3977 5276 est,

2498 5323 2578 5367 ne
2621 5303 2883 5370 tentatio
2929 5321 3038 5367 vos
3089 5301 3316 5384 capiat,
3358 5301 3640 5363 includat
3686 5317 3799 5361 seu
3844 5299 3979 5362 vin-

4052 3257 4193 3302 nana

4002 3336 4107 3369 xxvi.
4129 3323 4184 3361 3⁶.

4100 4622 4161 4678 ⁴0

4022 5023 4097 5068 lob
4113 5032 4171 5064 ut,
4188 5021 4215 5056 Ι.
