4300 6259
1131 509 1486 557 BNARRATIO
1526 508 1592 555 1N
1631 507 1768 556 CAP.
1817 511 1858 557 X
1898 510 2174 558 mannis.
2221 530 2301 541 -··
2340 512 2484 558 ΛΒΤ.
2531 512 2701 559 xxvn

3354 496 3468 560 471

125 692 198 747 26
462 684 598 744 Sed
649 704 756 743 vos
803 702 936 743 non
985 683 1278 752 creditis,
1327 684 1484 761 quia
1534 703 1664 743 non
1721 682 1870 742 estis
1899 681 1947 741 A
1980 683 2253 745 mediate
2289 703 2326 745 a
2364 702 2467 745 me
2511 686 2609 747 vel
2652 702 2687 746 a
2729 684 3247 767 praedicatoribus
3286 670 3471 765 meiS,

350 802 446 841 eoe
485 784 712 843 ovibus
749 784 930 853 meta,
965 782 1030 844 id
1071 788 1168 843 est
1210 782 1288 844 de
1333 800 1601 845 numero
1643 781 1872 843 electo-

353 899 539 954 rum,
581 879 882 943 videlicet
931 880 1046 963 pii,
1095 880 1466 943 innocentes
1516 888 1578 942 et
1625 878 1872 961 simpli-

57 996 320 1047 nnana.
355 996 498 1042 ces.
533 978 668 1043 Non
709 980 884 1041 enim
921 979 1212 1042 omnium
1251 988 1347 1041 631
1386 979 1571 1053 fides,
1606 979 1715 1040 sed
1754 978 1872 1039 elc-

61 1062 96 1103 ²·
357 1086 619 1141 ctorum
687 1079 1034 1141 dumtaxat.
1095 1076 1395 1150 Quamvis
1460 1096 1585 1141 non
1650 1095 1870 1139 omnes

357 1178 702 1240 credentes
761 1176 889 1239 sint
946 1176 1154 1250 electi,
1206 1194 1427 1239 omnes
1484 1183 1693 1239 tamen
1746 1175 1872 1239 via-

59 1291 324 1343 Retrahe.
359 1284 539 1339 tores
577 1276 788 1350 electi,
823 1282 972 1337 sunt
1010 1276 1363 1349 credenteS,
1397 1275 1700 1357 quoniam
1734 1274 1871 1335 sine

355 1374 502 1437 fide
545 1375 946 1457 impossibile
989 1382 1085 1437 est
1124 1373 1250 1437 Deo
1295 1374 1566 1456 placere,
1609 1381 1670 1436 et
1715 1382 1870 1435 teste

79 1490 306 1539 tanna.
359 1474 550 1549 lsaia‚
585 1472 702 1547 Qui
749 1473 1119 1536 incredulus
1163 1482 1280 1545 est,
1326 1471 1675 1535 infideliter
1717 1473 1866 1553 agit.

59 1590 326 1641 Acran-,ta
359 1572 710 1655 Propterea
745 1572 810 1634 in
852 1572 1116 1635 Actibus
1154 1571 1413 1654 scripsit
1449 1571 1648 1634 Lucas
1683 1590 1697 1634 ε
1733 1570 1872 1635 Cre-

359 1672 672 1733 diderunt
730 1678 1046 1752 quotquot
1104 1669 1508 1751 praeordinati
1567 1675 1747 1731 erant
1792 1669 1870 1730 ad

361 1771 568 1834 vitam
617 1776 941 1833 aeternam.
996 1768 1106 1830 His
1158 1768 1372 1831 verbis
1430 1767 1716 1830 Christus
1773 1786 1872 1829 os-

1978 782 2307 857 obediunt,
2341 784 2563 845 saltem
2602 792 2938 865 antequam
2978 785 3055 847 dc
3094 785 3213 847 hoc
3243 783 3475 846 saeculo

1979 881 2369 944 auferantur.
2424 882 2537 955 Qui
2590 882 2761 945 enim
2812 901 2889 945 ex
2940 883 3063 946 Deo
3110 890 3227 957 est,
3281 882 3475 945 verba
3513 905 3767 959 lom-mm.

1979 982 2088 1043 Dei
2128 982 2345 1061 audit3
2388 991 2452 1045 et
2486 983 2658 1045 auris
2701 982 2886 1056 bona,
2922 1002 3070 1045 cum
3108 982 3283 1046 omni
3327 1001 3475 1045 con-
3502 972 3677 1077 ⁴20⁶&-
3710 1046 3767 1083 m,

1980 1082 2375 1163 cupiscentia
2423 1082 2639 1143 audiet
2681 1082 3079 1163 sapientiam.
3114 1085 3199 1143 Ει
3237 1101 3347 1159 eqo
3385 1100 3477 1141 co-
3504 1098 3575 1139 31.

1971 1200 2203 1258 qnosco
2244 1201 2350 1241 eas
2398 1181 2757 1260 cognitione
2807 1181 3104 1243 dilectiva
3146 1188 3211 1241 et
3248 1199 3477 1261 appro-

1981 1277 2193 1339 bativa
2254 1296 2267 1340 ε
2330 1279 2409 1339 de
2474 1297 2602 1359 qua
2656 1278 2812 1341 dicit
2872 1278 3231 1360 ApostoluS,
3290 1276 3477 1341 Novit
3542 1293 3578 1338 11
3598 1293 3769 1343 riman,

1981 1376 2285 1439 Dominus
2315 1376 2430 1458 qui
2462 1385 2613 1439 sunt
2643 1377 2805 1457 eJus.
2830 1380 2916 1439 Ει
2944 1385 3307 1456 sequuntur
3335 1396 3475 1437 me:
3508 1359 3574 1400 ¹⁹·

1983 1474 2043 1536 id
2083 1484 2200 1549 est,
2236 1475 2369 1537 vias
2406 1494 2442 1536 a
2482 1494 2584 1537 me
2622 1476 2821 1549 tritaS‚
2866 1482 3085 1556 utpote
3128 1492 3243 1555 per
3284 1491 3477 1555 opera

1981 1592 2141 1647 mea,
2185 1574 2530 1651 incedunt3
2573 1573 2827 1636 discunt
2864 1592 2901 1635 a
2942 1590 3064 1648 me,
3107 1572 3260 1654 quia
3301 1572 3475 1635 mitis
3532 1588 3697 1634 uana
3714 1602 3772 1642 n,

1981 1691 2123 1735 sum
2168 1680 2229 1735 et
2272 1673 2534 1735 humilis
2578 1674 2807 1753 corde3
2848 1671 3178 1734 ambulant
3215 1672 3283 1733 in
3323 1670 3479 1733 dile-
3506 1655 3773 1772 anema.

1981 1771 2190 1834 ctione
2227 1772 2305 1833 ad
2345 1772 2668 1853 proximos
2708 1790 2877 1844 31103,
2914 1770 3079 1833 sicut
3115 1776 3179 1832 et
3215 1787 3331 1850 ego
3370 1787 3476 1832 eos

361 1869 572 1931 tendit
621 1886 692 1930 36
739 1868 906 1930 scire
953 1868 1067 1949 qui
1116 1874 1328 1929 essent
1385 1867 1592 1941 electi,
1645 1874 1708 1928 et
1755 1866 1868 1947 qui
1907 1865 2217 1949 Bdilexi3
2270 1869 2542 1951 implent
2587 1871 2759 1951 quod
2806 1870 2962 1943 dixi,
3012 1868 3128 1942 Qui
3186 1869 3326 1931 vult
3373 1887 3479 1931 ve-
3510 1886 3771 1937 Lucanas.

366 1967 672 2050 praesciti,
715 1966 1070 2029 secundum
1119 1967 1289 2046 quod
1338 1964 1505 2027 infra
1547 1972 1810 2027 testatur
1853 1983 1866 2027 ε

65 2078 334 2133 amum,
369 2066 501 2147 Ego
544 2067 677 2129 scio
721 2083 883 2146 quos
925 2064 1251 2145 elegerim.
1288 2063 1575 2125 Ostendit
1615 2080 1873 2144 quoque

69 2144 336 2254 Zamm-
371 2166 546 2247 quod
588 2183 714 2227 non
755 2163 840 2225 sit
874 2161 1071 2225 alicui
1111 2162 1280 2225 salus
1321 2162 1443 2224 nisi
1484 2162 1549 2223 in
1591 2161 1751 2243 ipsc,
1787 2161 1876 2223 vi-

371 2263 606 2327 delicet
645 2280 758 2344 per
798 2262 918 2325 hoc
960 2262 1135 2342 quod
1175 2267 1270 2323 est
1307 2260 1445 2323 ovis
1490 2260 1718 2342 ipsius.
1763 2259 1874 2322 Per

369 2362 546 2444 quod
594 2360 910 2442 implicite
959 2358 1352 2439 significavit
1396 2376 1464 2421 36
1512 2376 1652 2420 6336
1701 2358 1876 2421 Chri-

369 2468 568 2523 stum.
619 2495 701 2505 —
747 2458 1082 2533 Quaeritur,
1135 2459 1458 2540 quomodo
1509 2476 1730 2520 verum
1780 2463 1876 2518 est

367 2560 545 2640 quod
595 2558 840 2620 Veritas
897 2557 1126 2620 asserit
1177 2574 1190 2618 :
1244 2556 1365 2619 Vos
1414 2574 1542 2619 non
1591 2555 1870 2629 creditiS,

367 2657 524 2739 quia
567 2674 696 2719 non
737 2656 889 2718 estis
930 2673 1008 2717 ex
1047 2654 1276 2717 ovibus
1315 2654 1520 2716 meis?
1551 2652 1707 2716 Nam
1737 2670 1875 2715 6336

369 2774 558 2819 ovem
603 2754 860 2828 Christi,
895 2760 993 2815 est
1029 2771 1168 2816 6336
1201 2752 1739 2835 praedestinatum,
1773 2752 1874 2814 vel

372 2872 451 2917 ex
503 2852 1063 2936 praedestinatione
1123 2870 1262 2913 esse
1320 2849 1452 2913 fide
1497 2858 1560 2913 et
1606 2859 1750 2913 actu
1799 2848 1878 2912 fi-

372 2956 586 3017 delem
645 2972 660 3017 :
725 2971 876 3034 ergo
935 2972 1062 3017 non
1121 2970 1260 3014 esse
1318 2970 1524 3027 ovem,
1586 2958 1680 3013 est
1739 2968 1876 3013 esse

1982 1970 2122 2031 nire
2157 1976 2298 2050 post
2335 1987 2459 2043 me,
2493 1968 2763 2049 abneget
2802 1968 3241 2050 semetipsum,
3275 1974 3338 2029 et
3366 1966 3480 2030 tol-

1983 2068 2070 2130 lat
2130 2085 2385 2129 crucem
2448 2086 2627 2128 suam
2688 2066 2996 2148 quotidie,
3058 2074 3120 2129 et
3176 2073 3481 2147 sequatur

1982 2184 2108 2229 me.
2163 2166 2531 2247 Sequuntur
2581 2165 2844 2247 insuper
2891 2165 3235 2238 Christum,
3278 2171 3482 2226 trans-

1983 2266 2193 2327 eundo
2231 2266 2308 2326 de
2339 2264 2440 2326 via
2482 2265 2558 2325 ad
2601 2263 2889 2345 patriam,
2926 2270 2995 2324 ut
3038 2262 3147 2325 ubi
3186 2269 3283 2324 est
3312 2261 3482 2326 Chri·
3526 2279 3773 2329 somma,

1983 2372 2140 2435 31113,
2176 2370 2239 2424 61
2279 2362 2373 2424 illi
2418 2362 2547 2424 sint
2588 2380 2828 2424 secum.
3511 2343 3704 2454 {2¹2¹ss
3734 2343 3775 2391 ³³

2067 2464 2150 2523 Et
2184 2481 2295 2539 690
2335 2462 2539 2522 vitam
2576 2470 2885 2522 aeoernam
2924 2463 3007 2521 do
3035 2462 3152 2531 eis,
3184 2466 3337 2541 puta
3379 2477 3485 2521 me
3615 2468 3688 2523 28

1983 2561 2221 2643 ipsum,
2260 2568 2323 2622 et
2369 2559 2634 2639 gratiam
2686 2566 2877 2640 atque
2918 2576 3110 2640 opera
3160 2558 3483 2621 meritoria

1982 2659 2222 2742 quibus
2270 2659 2348 2720 ad
2396 2658 2678 2720 futuram
2739 2656 3199 2719 beatitudinem
3252 2657 3483 2738 perdu-

1983 2766 2229 2832 centur,
2264 2776 2458 2839 quam
2498 2776 2672 2819 nunc
2710 2756 2947 2819 habent
2986 2755 3052 2817 in
3098 2774 3234 2837 spe,
3278 2756 3343 2817 in
3387 2775 3483 2817 ra-

1984 2858 2124 2921 dice
2173 2864 2238 2919 et
2282 2857 2532 2931 merito,
2580 2855 2861 2918 habituri
2908 2863 3063 2917 tunc
3110 2872 3245 2917 eam
3299 2855 3364 2918 in
3414 2874 3482 2918 re

1985 2965 2048 3019 et
2088 2956 2375 3038 praemio.
2410 2958 2497 3017 Ει
2536 2972 2667 3015 non
2697 2956 3008 3033 peribunt
3044 2956 3111 3015 in
3148 2964 3482 3025 oeternum,

375 3052 746 3137 praescitum
792 3069 906 3114 seu
948 3050 1380 3133 reprobatum.
1429 3049 1724 3122 Quamvis
1773 3068 1876 3111 au·
1915 3051 1958 3114 C
1986 3054 2136 3117 licet
2192 3054 2270 3115 ad
2329 3061 2583 3136 tempus
2643 3052 2835 3115 variis
2905 3051 3479 3135 persecutionibus.

375 3162 504 3215 tem
556 3150 1032 3234 praedestinatio
1081 3149 1297 3213 divina
1344 3148 1426 3210 sit
1473 3147 1681 3211 omnis
1723 3148 1874 3211 boni

373 3268 565 3313 causa
609 3249 675 3311 in
725 3249 959 3324 anima,
1003 3247 1364 3329 reprobatio
1407 3254 1616 3309 tamen
1660 3246 1877 3309 divina

375 3369 504 3413 non
555 3356 654 3411 est
701 3366 893 3409 causa
931 3346 1246 3409 malorum
1291 3352 1674 3409 nostrorum.
1719 3345 1878 3425 Ergo

374 3468 502 3512 non
550 3464 692 3509 esse
738 3464 923 3509 ovem
974 3444 1230 3519 Christi,
1277 3462 1390 3507 3611
1440 3461 1578 3507 6336
1626 3445 1879 3526 praesci-

376 3554 536 3621 tum,
575 3565 701 3609 non
740 3552 836 3607 est
885 3563 1074 3607 causa
1121 3562 1250 3607 non
1294 3542 1614 3605 credendi.
1658 3542 1879 3604 Dicen-

375 3640 555 3720 dum,
599 3644 773 3726 quod
816 3642 1289 3725 praedestinatio
1328 3660 1453 3705 non
1503 3648 1597 3702 est
1633 3658 1712 3702 ex
1748 3659 1878 3703 me-

379 3744 520 3805 ritis
561 3741 821 3815 nostriS,
856 3742 968 3803 sed
1009 3739 1370 3822 reprobatio
1404 3747 1502 3801 est
1537 3758 1614 3801 ex
1643 3740 1876 3803 nostris

378 3840 732 3905 demeritis
775 3840 920 3902 Ideo
967 3838 1329 3921 reprobatio
1377 3856 1502 3901 non
1553 3845 1648 3899 631
1690 3857 1878 3900 661136

379 3959 498 4023 per
545 3956 614 4002 se
661 3947 725 4001 et
783 3938 1150 4000 immediata
1209 3956 1334 4000 non
1395 3936 1715 4011 credendi,
1767 3938 1876 3999 sed

381 4038 643 4123 propria
670 4038 882 4119 culpa.
916 4035 1025 4098 Est
1052 4042 1264 4097 tamen
1305 4034 1558 4115 signum
1595 4042 1659 4097 et
1691 4054 1877 4098 causa

379 4156 498 4221 per
525 4136 821 4199 accidens
853 4153 980 4198 non
1011 4133 1875 4215 credendi‚quemadmodum

379 4244 593 4299 nautae
633 4232 922 4295 absentia
964 4240 1061 4293 est
1103 4250 1292 4294 causa
1332 4231 1814 4295 submersionis,

173 4332 244 4387 27
465 4339 623 4397 oves
663 4352 816 4393 meoe
853 4350 1064 4393 vocem
1105 4351 1312 4392 meam
1349 4331 1656 4391 audiunt.
1691 4328 1754 4391 Si
1800 4330 1876 4392 de

379 4433 518 4496 solo
557 4427 872 4512 corporali
911 4428 1281 4509 loqueretur
1317 4428 1560 4501 auditu,
1595 4428 1698 4489 isti
1730 4448 1882 4510 quo-

376 4549 510 4613 que
553 4528 754 4592 Judaei
803 4526 1042 4609 quibus
1091 4525 1575 4609 praesentialiter
1623 4544 1880 4609 respon-

378 4628 594 4702 debat,
628 4644 780 4690 oves
809 4626 1105 4688 fuissent.
1139 4624 1448 4706 Loquitur
1477 4642 1625 4704 ergo
1661 4626 1880 4706 praeci-

381 4746 510 4812 pue
555 4728 632 4789 de
673 4724 962 4788 interiori
1001 4724 1245 4798 auditu,
1286 4724 1349 4786 id
1387 4731 1484 4786 est
1521 4724 1881 4788 obedientia

374 4834 444 4890 >et
489 4843 830 4899 consensu,
875 4830 945 4884 ut
987 4822 1071 4885 sit
1113 4840 1337 4885 sensus
1371 4842 1385 4885 ε
1424 4825 1577 4884 Oves
1607 4844 1783 4891 meoe,
1817 4824 1878 4885 id

381 4933 481 4988 631
529 4920 822 4986 homines
881 4938 1156 5003 quorum
1209 4920 1398 4983 corda
1454 4938 1568 5002 por
1613 4920 1880 5002 gratiam

382 5020 624 5093 nutrio,
657 5026 850 5100 atque
889 5017 1235 5100 multiplici
1273 5018 1622 5099 spiritualis
1661 5019 1881 5082 alimo-

383 5122 508 5183 niae
550 5118 696 5181 cibo
739 5115 1048 5191 conforto,
1083 5136 1291 5177 vocem
1330 5137 1540 5178 meam
1570 5118 1884 5188 audiunt,

386 5222 508 5284 hoc
555 5224 673 5292 631,
724 5216 936 5279 verbis
985 5214 1366 5296 evangelicae
1412 5215 1590 5296 legiS,
1635 5216 1733 5278 vel
1783 5215 1880 5277 in·

385 5315 722 5401 spirationi
759 5315 1044 5389 internae,
1077 5332 1222 5396 quae
1251 5314 1444 5376 verba
1472 5314 1740 5376 audiunt
1769 5314 1885 5376 im-

1985 3151 2447 3215 tentationibus
2504 3160 2691 3232 atque
2749 3150 3055 3213 molestiis
3112 3149 3477 3229 fatigentur,

1985 3250 2529 3334 quemadmodum
2570 3248 2880 3330 scriptum
2920 3255 3017 3309 est
3050 3266 3063 3310 :
3098 3246 3328 3310 Omnes
3365 3248 3479 3329 qui
3538 3270 3772 3321 immun,

1987 3351 2213 3413 volunt
2256 3349 2361 3431 pie
2406 3348 2621 3409 vivere
2665 3346 2730 3408 in
2782 3346 3051 3421 Christo,
3098 3345 3483 3427 persecutio-
3515 3336 3581 3376 ¹²·

1985 3466 2134 3509 nem
2196 3446 2539 3528 patientur.
2591 3443 2700 3506 His
2758 3444 2927 3506 enim
2988 3444 3203 3507 omnia
3251 3462 3480 3525 coope·
3534 3468 3774 3515 amun.

1986 3552 2208 3607 rantur
2256 3545 2323 3605 in
2365 3543 2649 3621 bonum3
2693 3550 2756 3603 et
2802 3542 3016 3605 omnia
3057 3560 3481 3624 quaecumque
3508 3532 3664 3643 ξε...
3690 3594 3733 3635 3·

1983 3643 2250 3717 faciunt,
2295 3648 2770 3724 prosperantur.
2820 3638 3117 3701 Finaliter
3164 3658 3311 3719 ergo
3359 3641 3481 3703 sal-

1985 3748 2237 3815 vantur,
2282 3747 2344 3801 et
2382 3746 2554 3802 tanto
2596 3738 2867 3820 pleniori
2908 3737 3299 3800 beatitudine
3337 3756 3481 3821 per-

1983 3839 2357 3911 fundentur,
2394 3836 2775 3917 feliciusque
2816 3836 3220 3916 requiescent
3264 3836 3330 3898 in
3376 3856 3483 3919 pa-

1984 3938 2126 4009 tria,
2159 3942 2399 4017 quanto
2437 3953 2608 3997 nunc
2651 3934 2929 4015 amplius
2970 3933 3476 4015 vilipenduntur,

1984 4042 2308 4098 tentantur
2353 4053 2426 4096 ac
2474 4033 2881 4095 tribulantur.
2924 4031 3100 4105 Quod
3149 4040 3479 4097 cernentes

1986 4133 2265 4215 reprobi,
2318 4134 2531 4196 dicent
2586 4133 2651 4195 in
2712 4130 2844 4193 fine
2901 4131 3116 4194 saeculi
3166 4130 3327 4194 illud
3375 4132 3481 4195 Sa-

1907 4236 1958 4299 D
1987 4233 2243 4315 pientiae
2271 4250 2285 4294 :
2318 4230 2440 4294 Nos
2473 4230 2771 4292 insensati
2808 4229 3001 4293 vitam
3033 4229 3289 4292 illorum
3318 4230 3481 4292 aesti-
3508 4252 3617 4309 Sap.
3634 4267 3675 4304 v,
3688 4254 3769 4305 15.

1986 4331 2317 4394 mabamus
2366 4328 2699 4403 insaniam,
2743 4335 2807 4389 et
2855 4327 3053 4389 finem
3098 4327 3236 4389 sine
3282 4328 3480 4392 hono-

1987 4449 2055 4492 re
2099 4450 2112 4493 :
2158 4430 2478 4511 quomodo
2526 4445 2676 4507 ergo
2724 4426 3071 4508 computati
3123 4432 3272 4488 sunt
3314 4426 3481 4489 inter

1985 4529 2159 4592 filios
2189 4527 2315 4602 Dei,
2338 4535 2401 4588 et
2430 4526 2595 4589 inter
2612 4524 2870 4588 Sanctos
2902 4543 3037 4587 sors
3068 4525 3323 4589 illorum
3356 4529 3483 4588 est?

2069 4630 2154 4688 Et
2192 4646 2322 4686 non
2361 4626 2575 4702 rapiet
2614 4645 2720 4684 eas
2763 4626 3108 4703 quisquam
3155 4626 3236 4683 de
3281 4645 3485 4686 manu

1988 4746 2150 4793 mea,
2194 4724 2257 4786 id
2305 4730 2423 4797 est,
2468 4722 2683 4783 nullus
2732 4721 2951 4795 hostiS,
3002 4721 3138 4783 sive
3186 4722 3483 4797 visibilis,

1988 4822 2124 4885 sive
2163 4820 2529 4893 invisibilis,
2566 4819 2799 4902 poterit
2836 4818 3068 4882 elcctos
3112 4837 3286 4882 meos
3325 4821 3484 4883 mihi

1987 4920 2261 4995 auferre,
2316 4919 2416 4982 vel
2468 4919 2546 4980 de
2591 4924 2899 4999 potestate
2954 4924 3145 4998 atque
3204 4920 3489 4983 custodia

1988 5038 2128 5081 mea
2168 5037 2282 5101 per
2320 5016 2687 5081 violentiam
2725 5014 2967 5089 tollere,
3001 5018 3343 5081 avertendo
3380 5037 3486 5081 eos

1989 5118 2271 5181 finaliter
2320 5135 2355 5178 a
2402 5134 2526 5189 me,
2573 5112 2867 5196 quamvis
2916 5114 2994 5175 ad
3042 5122 3294 5196 tempus
3344 5135 3487 5198 pos-

1991 5218 2120 5279 sint
2164 5215 2378 5279 seduci
2426 5233 2497 5276 ac
2536 5212 2810 5276 deviare.
2856 5212 2941 5273 De
2986 5212 3103 5275 hoc
3149 5214 3349 5275 multa
3389 5214 3485 5277 in·
3538 5274 3651 5317 Rom
3686 5284 3757 5314 vm

1991 5315 2270 5379 troducit
2325 5312 2661 5395 Apostolus
2722 5312 2800 5373 ad
2860 5309 3169 5373 Romanos
3231 5329 3245 5374 :
3305 5312 3478 5390 Quis,
3514 5340 3580 5380 ³³.
3656 5304 3667 5316 ⁰
3760 5302 3773 5323 ⁸
