4300 6259
68 866 247 909 locans

72 934 129 977 l6;
142 881 308 973 Mus..

68 1006 103 1039 ι,
119 994 177 1035 2⁴.

142 1954 203 2008 {2

140 2929 201 2983 13

142 3234 203 3289 ss

146 4024 207 4080 15

144 4801 207 4856 16

1121 492 1471 542 manuum
1514 492 1579 539 m
1619 492 1759 541 cAP.
1803 493 1957 541 xxlu
1998 494 2189 541 LUCAE.
2233 514 2315 527 --
2355 495 2498 542 Am.
2546 496 2688 542 xmx

3337 478 3458 543 233

344 660 555 741 pleni,
608 670 673 724 et
720 664 891 727 vitiis
941 664 1361 743 obtenebrati,
1416 667 1709 730 volumus
1762 665 1936 729 sat-A
2046 666 2284 729 Deinde
2335 667 2612 749 tangitur
2656 667 2780 730 alia
2827 668 3093 742 occasi0,
3128 686 3256 750 qua
3300 667 3460 730 Pila·

344 760 607 841 pientes
645 770 709 825 et
744 763 1011 826 virtuosi
1053 765 1357 846 reputari,
1390 775 1452 828 et
1491 765 1855 829 irrisoribus

296 860 591 923 ‚nostris
642 863 935 943 protinus
986 864 1346 944 indignari?
1395 863 1529 927 Non
1579 872 1674 925 est
1726 883 1859 927 ser-

342 977 469 1021 vus
502 960 710 1040 major
740 961 999 1025 domino
1038 981 1177 1038 suo,
1214 981 1329 1025 nee
1370 963 1727 1045 discipulus
1766 982 1858 1025 sa-

342 1057 637 1139 pientior
676 1078 793 1123 suo
837 1062 1160 1142 magistro.

428 1161 521 1219 Ec
551 1161 805 1221 remisit
835 1160 1049 1222 Jesum
1080 1165 1169 1222 ad
1198 1164 1522 1233 Pilatum,
1555 1170 1854 1245 reputans

338 1256 677 1321 Christum
736 1278 852 1322 sua
908 1261 1331 1324 subventione
1388 1262 1744 1341 indignum,
1794 1268 1857 1323 et

340 1363 414 1417 ut
467 1356 707 1419 Pilatus
756 1358 1083 1421 hominem
1142 1360 1209 1421 in
1260 1379 1375 1423 suo
1426 1360 1707 1423 dominio
1757 1379 1857 1423 ca-

341 1463 536 1536 ptum
582 1455 919 1537 judicaret.
961 1456 1137 1530 Quod
1186 1466 1248 1520 et
1296 1459 1438 1521 ideo
1486 1458 1657 1531 fecit,
1702 1459 1855 1540 quia

340 1553 695 1635 pontifices
758 1564 821 1618 et
874 1555 1119 1619 Judaeos
1185 1557 1441 1621 nolebat
1500 1556 1850 1631 offendere,

339 1652 677 1715 Christum
724 1655 1077 1736 eripiendo,
1129 1658 1240 1719 sed
1290 1657 1500 1738 potius
1547 1656 1675 1719 illis
1724 1657 1857 1739 pla-

340 1770 515 1823 cere,
570 1752 787 1833 ipsum
846 1752 1056 1815 taliter
1102 1754 1448 1818 deridendo
1496 1772 1706 1817 coram
1764 1762 1857 1818 tot

1965 772 2067 827 tus
2118 766 2501 829 desideravit
2545 767 2758 829 Jesum
2807 769 2885 829 de
2934 774 3134 830 morte
3183 767 3453 849 eripere.

1968 866 2226 925 Necesse
2263 875 2480 925 autem
2519 867 2786 926 habebat
2822 867 3152 927 dimittere
3187 868 3301 938 eis,
3341 885 3458 948 pu-

1968 968 2027 1023 ta
2062 962 2314 1037 Judaeis,
2349 983 2470 1042 per
2507 967 2682 1024 diem
2712 967 2972 1043 festum,
3007 964 3070 1027 icl
3115 972 3211 1027 est
3249 965 3314 1026 in
3361 983 3459 1028 so-

1966 1060 2271 1123 lennitate
2303 1062 2605 1143 paschali,
2641 1082 2848 1123 unum
2899 1062 3183 1125 vinctum
3239 1080 3462 1144 quem-

1966 1178 2245 1241 cumque
2293 1160 2620 1242 petissent.
2653 1160 2848 1224 Judaei
2892 1162 3086 1237 enim,
3121 1169 3462 1244 antequam

1966 1267 2178 1320 essent
2233 1259 2525 1322 Romanis
2585 1260 2882 1341 subjecti,
2935 1261 3462 1324 consuetudinem

1966 1356 2328 1419 habuerunt
2381 1358 2445 1419 in
2486 1356 2646 1421 festo
2696 1358 2975 1440 paschali
3021 1359 3342 1421 dimittere
3391 1360 3486 1421 li-.

1964 1453 2190 1517 berum
2235 1475 2432 1517 unum
2477 1474 2551 1517 ex
2584 1457 2835 1531 vinctiS,
2871 1457 2936 1519 in
2981 1457 3231 1538 signum
3271 1465 3464 1539 atque

1966 1554 2338 1617 memoriam
2380 1554 2771 1618 liberationis
2806 1563 3056 1637 patrum
3093 1575 3351 1618 suorum
3385 1574 3462 1619 ex

1964 1652 2230 1735 AEgypto
2272 1660 2559 1735 tempore
2597 1653 2866 1717 Paschae.
2902 1653 3117 1717 Postea
3164 1654 3461 1718 Romanis

1964 1750 2237 1830 subjecti
2270 1751 2772 1833 impetraverunt
2799 1752 2879 1815 ab
2911 1753 3023 1825 eiS,
3059 1760 3128 1814 ut
3157 1754 3292 1817 haec
3323 1774 3460 1818 con-

340 1850 643 1913 millibus
684 1852 1041 1924 hominum,
1076 1852 1141 1915 in
1186 1854 1357 1935 regia
1394 1854 1553 1916 urbe
1592 1861 1656 1915 et
1692 1853 1853 1917 festo
1893 1853 1938 1915 B
1966 1852 2234 1913 suetudo
2283 1850 2374 1913 eis
2423 1850 2865 1914 observaretur
2903 1871 2940 1913 a
2982 1852 3198 1933 judice
3242 1852 3464 1916 Roma-

340 1950 703 2032 praecipuo.
742 1954 825 2013 Εἰ
858 1952 1027 2029 facti
1062 1962 1216 2014 sunt
1252 1954 1455 2013 amici
1482 1956 1763 2015 Herodes
1796 1964 1855 2013 et

338 2052 617 2111 Pilatus
646 2050 717 2109 in
752 2052 896 2126 ipsa
922 2052 1053 2111 die.
1096 2050 1331 2113 Pilatus
1370 2052 1545 2113 enim
1591 2052 1855 2115 honora-

342 2147 439 2209 vit
487 2147 827 2221 Herodem,
870 2149 1181 2213 mittendo
1217 2150 1297 2212 ad
1334 2168 1481 2211 eum
1528 2149 1853 2213 hominem

339 2265 477 2309 suae
508 2247 963 2329 provinciae‚et
992 2266 1247 2311 causam
1283 2248 1457 2310 illius
1487 2248 1850 2312 discretioni

338 2344 613 2409 Herodis
664 2346 1092 2409 committenS.
1132 2348 1308 2409 Nam
1349 2355 1541 2407 antea
1593 2348 1855 2407 inimici

334 2454 533 2505 erant
572 2448 664 2506 ad
702 2446 985 2507 invicem
1016 2467 1039 2505 .·
1079 2444 1233 2527 quia
1261 2444 1495 2507 Pilatus
1538 2446 1853 2508 occiderat

338 2542 589 2623 injuste
630 2544 944 2624 quosdam
988 2542 1296 2617 Galilaeos,
1329 2543 1441 2624 qui
1484 2542 1738 2605 fuerant
1775 2545 1853 2607 de

348 2648 669 2723 potestate
716 2641 979 2704 Herodis
1024 2660 1039 2704 :
1085 2641 1149 2703 in
1199 2659 1330 2723 quo
1375 2642 1698 2722 derogavit
1735 2642 1853 2705 He-

337 2740 503 2814 rodi,
532 2739 827 2802 subditos
858 2739 999 2819 ejus
1032 2740 1119 2802 ita
1156 2740 1473 2813 occidenS‚
1499 2748 1563 2801 et
1590 2759 1851 2803 manum

336 2858 523 2901 suam
577 2838 643 2900 in
690 2838 965 2900 alienam
1008 2856 1282 2900 messem
1326 2839 1695 2900 extendens.

420 2938 697 2999 Pilatus
754 2946 971 2997 autem
1030 2938 1390 2997 convocatis
1438 2938 1852 3014 principibus

1967 1968 2046 2012 no
2087 1949 2180 2011 eis
2226 1950 2564 2032 praeposito
2599 1968 2612 2012 :
2650 1951 2790 2013 ideo
2829 1950 3061 2013 Pilatus
3108 1970 3145 2013 a
3184 1951 3463 2015 Romano

1964 2047 2237 2129 imperio
2280 2048 2510 2111 Judaeis
2552 2048 2908 2131 prael'ectuS,
2945 2068 3202 2113 necesse
3241 2050 3465 2113 habuit

1964 2146 2127 2208 hanc
2188 2148 2714 2210 consuetudinem
2773 2148 3135 2223 observare,
3191 2150 3464 2211 necessi-

1966 2250 2088 2306 tate
2138 2245 2586 2319 conditionata,
2645 2246 2939 2309 videlicet
2987 2246 3038 2309 si
3097 2256 3462 2310 contentare

1964 2342 2224 2405 deberet
2267 2342 2534 2416 Iudam,
2577 2352 2639 2405 et
2686 2343 2947 2407 obedire
2995 2343 3311 2408 Romanis.
3355 2346 3462 2407 At-

1962 2449 2172 2503 tamen
2223 2441 2386 2503 Beda
2433 2441 2734 2516 affirmat,
2767 2445 2938 2524 quod
2989 2462 3115 2507 non
3161 2443 3458 2525 imperia-

1964 2540 2039 2602 lis
2090 2540 2246 2621 legis
2295 2540 2640 2614 sanctione,
2684 2543 2795 2604 sed
2842 2560 3053 2603 annua
3097 2541 3454 2605 Judaeorum

1962 2641 2422 2703 consuetudine
2451 2641 2605 2703 fecit
2636 2642 2777 2710 hoc,
2810 2643 2885 2704 ad
2925 2642 3303 2724 placendum
3335 2642 3456 2704 eis-

1963 2740 2128 2801 dem.
2175 2741 2590 2801 Exclamavit
2637 2750 2854 2801 autem
2900 2742 3100 2800 simul
3146 2744 3453 2802 universa

1965 2840 2175 2907 turba,
2208 2840 2427 2897 dicens
2457 2858 2480 2897 .·
2519 2841 2687 2898 Tolle
2733 2841 2928 2905 hunc,
2972 2838 3036 2899 id
3083 2844 3198 2913 est,
3239 2838 3454 2901 Jesum

1962 2934 2255 2997 interfice
2281 2936 2504 3016 (quem
2535 2954 2611 2997 ex
2643 2943 3012 3017 contemptu
3047 2955 3172 2999 non
3204 2954 3456 3018 expres-

334 3038 752 3097 sacerdotum
779 3046 841 3095 et
872 3034 1383 3113 mayistratibus,
1416 3036 1480 3097 id
1521 3042 1617 3097 est
1656 3043 1855 3100 recto-
1890 3036 1931 3101 C
1961 3034 2043 3096 sit
2074 3034 2207 3095 haec
2236 3033 2464 3113 turba),
2489 3043 2549 3094 et
2573 3037 2831 3095 dimitte
2853 3036 3034 3095 nobis
3053 3038 3454 3097 Barabbam:

338 3134 523 3196 ribus
578 3134 826 3215 populi,
862 3144 923 3195 et
964 3136 1171 3211 plebe,
1210 3132 1455 3196 scilicet
1500 3136 1854 3197 communi-

338 3240 471 3296 tate
517 3232 905 3306 Judaeorum,
941 3234 1119 3293 dimit
1162 3235 1251 3293 ad
1288 3234 1436 3293 illos
1462 3252 1485 3291 .·
1519 3233 1853 3296 obtulistis

338 3332 515 3393 mihi
544 3333 723 3391 hunc
750 3332 1077 3391 hominem
1108 3331 1301 3409 quasi
1326 3340 1717 3392 avertentem
1738 3350 1854 3409 po-

334 3527 605 3591 Caesaris
633 3534 1024 3589 avertentem
1060 3546 1207 3591 suos
1244 3528 1598 3607 auditores3
1628 3538 1691 3589 et
1718 3548 1851 3588 ecce

332 3646 445 3704 eqo
496 3646 719 3687 coram
774 3626 947 3685 vobis
996 3627 1432 3702 inter-royans,
1465 3625 1529 3687 id
1579 3632 1693 3698 est,
1738 3625 1852 3688 ho-

336 3725 585 3788 minem
630 3725 826 3785 istum
868 3723 1263 3797 examinans,
1296 3728 1551 3784 nullam
1583 3744 1849 3785 causam

336 3824 611 3888 invenio
652 3824 725 3883 in
768 3823 1029 3883 homine
1067 3823 1188 3883 isto
1234 3843 1317 3882 ex
1354 3822 1479 3891 his,
1513 3822 1575 3883 id
1627 3830 1723 3883 est
1771 3839 1847 3883 ex

338 3941 616 3987 numero
668 3918 1040 3995 criminum,
1074 3922 1147 3980 in
1192 3921 1426 3999 quibus
1468 3940 1617 3980 eum
1664 3940 1849 3980 accu—

334 4024 522 4083 satis.
558 4022 692 4081 Sed
730 4038 935 4097 neque
973 4020 1256 4080 Herodes
1294 4016 1573 4098 aliquem
1618 4015 1847 4080 horum

338 4135 726 4182 excessuum
774 4117 841 4178 in
892 4117 1033 4197 ipso
1084 4116 1352 4179 invenit.
1402 4118 1576 4178 Nam
1622 4118 1849 4177 remisi

338 4238 449 4277 vos
487 4234 639 4278 cum
686 4215 831 4277 Jesu
873 4217 963 4275 ad
1000 4216 1219 4281 illum,
1253 4213 1317 4274 id
1366 4219 1464 4274 est
1510 4212 1841 4289 Herodem,
1876 4212 1927 4275 D
1954 4211 2113 4290 gatis
2164 4228 2312 4291 ergo
2363 4210 2511 4285 illis,
2546 4212 2707 4273 dixit
2754 4212 3033 4275 Pilatus:

332 4324 397 4375 et
426 4334 567 4373 ecce
605 4314 783 4372 nihil
820 4314 1101 4389 diynum
1141 4320 1341 4372 morte
1378 4319 1594 4370 actum
1633 4320 1723 4371 est
1758 4313 1840 4382 ei,

336 4414 460 4477 hoc
510 4416 631 4483 est,
672 4408 947 4471 Herodes
996 4410 1236 4472 nullam
1285 4408 1382 4472 illi
1435 4427 1688 4491 poenam
1738 4417 1846 4470 aut

334 4508 726 4575 sententiam
786 4504 1047 4579 inflixit,
1101 4525 1177 4570 ex
1225 4526 1354 4589 qua
1414 4514 1621 4589 pateat
1670 4507 1843 4588 quod

334 4603 803 4670 existimaverit
840 4602 1036 4665 istum
1080 4610 1345 4665 mortem
1388 4605 1839 4686 promeruisse.

334 4706 496 4769 Nam
533 4702 752 4766 illusio
789 4702 857 4764 in
905 4701 1048 4764 alba
1089 4708 1283 4777 veste,
1318 4720 1445 4763 non
1492 4719 1683 4781 grave
1722 4704 1845 4765 cri-

340 4823 515 4878 men,
550 4802 663 4865 sed
703 4799 1137 4883 insipientiam
1184 4799 1573 4881 designabat.
1608 4803 1845 4861 Emen-

336 4906 572 4965 datum
618 4918 767 4976 erqo
816 4900 1011 4959 illum
1050 4900 1409 4960 dimittam.
1462 4898 1620 4971 Quia
1678 4916 1843 4961 mor-

334 5010 469 5064 tem
518 5017 647 5062 non
697 4995 952 5070 meruit,
995 4994 1223 5058 faciam
1271 4996 1456 5059 illum
1505 4996 1837 5077 flagellari,

333 5106 529 5180 atque
579 5094 877 5158 ludibriis
918 5092 1117 5167 affici,
1156 5100 1222 5155 ut
1270 5094 1320 5155 si
1364 5094 1526 5157 forte
1572 5096 1843 5157 excessit

332 5198 401 5259 in
441 5193 679 5267 verbis,
714 5190 1055 5273 ignoscatis
1094 5190 1151 5253 ei
1194 5189 1404 5253 taliter
1442 5200 1745 5267 correct0‚
1778 5200 1840 5255 et

330 5312 451 5376 ego
492 5291 587 5356 sic
629 5308 779 5353 eum
821 5287 1139 5352 dimittam
1180 5289 1473 5351 transire.

1959 3134 2077 3212 qui
2132 3142 2296 3201 erat,
2351 3142 2616 3209 propter
2661 3134 3044 3195 seditionem
3101 3138 3454 3213 quamdam

1959 3234 2204 3310 factam
2234 3232 2308 3291 in
2343 3232 2609 3291 civitate
2646 3230 2992 3293 Jerusalem
3028 3242 3087 3293 et
3125 3234 3457 3293 homicidi-

1960 3348 2097 3398 um,
2128 3330 2363 3389 missus
2413 3330 2486 3391 in
2533 3349 2876 3397 carcerem,
2913 3338 2982 3392 ut
3030 3338 3172 3412 post
3219 3328 3454 3393 festum

326 3434 601 3508 pulum,
634 3428 703 3491 id
741 3436 857 3499 est,
891 3447 928 3490 a
961 3436 1171 3491 vestra
1210 3429 1349 3510 lege
1392 3436 1454 3491 et
1491 3428 1853 3492 obedientia
1958 3432 2105 3508 apto
2150 3432 2436 3508 tempore
2477 3428 2895 3490 occideretur.

2036 3523 2236 3585 Lucas
2269 3524 2437 3586 istud
2479 3525 2758 3587 breviter
2787 3525 3007 3607 tangit,
3043 3526 3211 3606 quod
3244 3546 3281 3587 a
3312 3525 3454 3588 Mat-

1957 3622 2121 3685 thaeo
2163 3630 2423 3685 noverat
2465 3622 2714 3705 plenius
2755 3624 3108 3686 recitatum.
3143 3624 3246 3686 Ait
3277 3625 3448 3686 enim

1954 3719 2277 3783 Matthaeus
2311 3740 2324 3783 ε
2365 3720 2475 3783 Per
2505 3721 2672 3783 diem
2703 3730 2914 3783 autem
2944 3721 3270 3784 solennem
3303 3740 3452 3785 con-

1956 3818 2165 3880 suevit
2195 3838 2425 3900 praeses
2457 3819 2776 3882 dimittere
2815 3820 3050 3901 populo
3079 3839 3281 3882 unum
3313 3821 3450 3883 vin-

1956 3924 2152 3990 ctum,
2208 3935 2402 3998 quem
2470 3918 2840 3980 voluissent.
2894 3918 3171 3981 Habebat
3234 3926 3446 3982 autem

1954 4022 2107 4076 tunc
2155 4014 2440 4077 vinctum
2493 4033 2692 4077 unum
2742 4016 3080 4096 insignem,
3130 4016 3190 4079 id
3241 4024 3336 4079 est
3381 4018 3446 4079 in

1956 4112 2198 4174 malitia
2251 4112 2568 4175 famosum
2617 4120 2678 4176 et
2725 4114 3133 4194 singularem.
3186 4114 3450 4196 Congre-

3067 4212 3262 4285 Quem
3312 4214 3450 4277 vul-

1958 4308 2037 4370 tis
2096 4308 2410 4371 dimittam
2459 4308 2661 4380 vobiS‚
2703 4309 3070 4385 Barabbam‚
3113 4331 3189 4373 an
3233 4312 3446 4375 Jesum

1956 4407 2067 4488 qui
2120 4407 2354 4469 dicitur
2396 4406 2725 4470 Christus?
2769 4406 3018 4471 Sciebat
3064 4410 3234 4472 enim
3275 4413 3447 4493 quod

1959 4524 2071 4588 per
2101 4505 2406 4567 invidiam
2442 4505 2846 4567 tradidissent
2873 4506 3079 4568 illum.
3113 4507 3448 4590 Quumque

1954 4603 2189 4665 Pilatus
2241 4604 2375 4665 haec
2422 4604 2680 4677 diceret,
2725 4604 2990 4685 contigit
3035 4607 3207 4685 quod
3255 4606 3446 4669 etiam

1954 4704 2043 4765 ait
2090 4701 2412 4764 Matthaeus
2465 4719 2479 4764 :
2531 4702 2800 4764 Sedente
2852 4703 2982 4777 illo,
3029 4711 3182 4784 puta
3225 4702 3441 4782 Pilato,

1956 4820 2070 4884 pro
2118 4800 2444 4875 tribunali,
2479 4799 2542 4862 id
2591 4809 2688 4862 est
2733 4800 2800 4863 in
2849 4803 2996 4865 sede
3032 4802 3320 4881 judiciali
3367 4806 3445 4867 ad

1950 4899 2366 4980 judicandum
2399 4900 2476 4962 de
2507 4898 2775 4975 Christo,
2801 4899 2976 4961 misit
3003 4902 3081 4963 ad
3111 4918 3259 4963 eum
3289 4921 3448 4966 uxor

1952 4997 2113 5077 ejuS,
2152 4996 2368 5059 dicens
2407 5015 2420 5058 :
2463 4996 2633 5058 Nihil
2683 4996 2802 5060 tibi
2843 5004 2906 5059 et
2948 4997 3120 5078 justo
3167 4998 3284 5074 illi,
3327 5000 3448 5063 hoc

1951 5102 2067 5169 est,
2122 5113 2248 5157 non
2303 5112 2447 5175 agas
2495 5094 2741 5176 aliquid
2801 5102 3018 5158 contra
3073 5114 3244 5172 eum,
3295 5098 3448 5179 quia

1952 5212 2078 5255 non
2120 5198 2363 5274 spectat
2409 5193 2487 5254 ad
2523 5198 2608 5266 te,
2643 5210 2718 5255 eo
2755 5194 2928 5274 quod
2967 5193 3274 5257 innocens
3313 5195 3396 5258 sit
3429 5214 3442 5259 ε

1951 5290 2153 5353 multa
2199 5290 2372 5352 enim
2413 5308 2598 5373 passa
2637 5310 2780 5353 sum
2826 5289 3034 5367 hodie,
3068 5292 3134 5357 id
3183 5301 3279 5356 est
3329 5294 3448 5359 hoc

3595 875 3662 932 17

3591 2747 3658 2803 18

3593 3141 3660 3195 19

3532 3740 3702 3785 Manli.

3476 3807 3744 3855 xxvmls-lss.

3502 4732 3616 4777 thid.
3644 4734 3711 4777 10.
