4300 6259
62 1595 297 1646 Ps.m,li.

87 1691 99 1734 1
116 1693 210 1737 Cor.

60 1757 117 1804 2⁹.
135 1758 197 1798 ³1.

68 3957 205 4002 lma.
218 3975 269 4004 xv

71 4643 157 4690 Lae.
172 4663 209 4698 u,
226 4653 285 4695 13.

95 4743 255 4792 Ibidem.

84 4931 211 4978 Mm-
230 4949 283 4988 ix,

62 4997 119 5037 49.

1108 523 1462 572 maxumo
1504 523 1569 570 m
1609 523 1749 571 cAP.
1794 523 1901 570 xlv
1940 522 2129 571 LucAE.
2175 543 2257 554 -
2297 525 2440 571 Am.
2485 527 2698 572 XXXVII

3326 508 3440 573 101

336 692 577 776 Sicque
619 695 853 778 accipit
887 695 1053 758 Beda
1088 715 1101 759 ε
1137 696 1356 771 Distat,
1392 695 1716 778 inquiens,
1752 695 1848 756 in·
1874 695 1926 757 A
1953 694 2125 758 istud
2170 695 2520 770 evanuerit,
2564 697 2684 760 hoc
2726 705 2843 772 est,
2887 697 2942 759 si
2986 715 3102 780 per
3144 697 3449 761 indiscre-

336 801 433 855 ter
465 794 835 857 renuntiare
862 794 1188 876 omnibuS,
1221 803 1283 856 et
1318 794 1681 876 relinquere
1710 812 1845 857 om-

334 891 445 954 nia
474 910 489 954 :
520 911 873 974 paucorum
904 893 1093 966 enim,
1120 893 1365 955 scilicet
1395 893 1837 975 perfectorum,

333 997 432 1052 est
477 991 843 1072 relinquere
884 992 1121 1066 omnia,
1152 992 1217 1053 id
1256 999 1353 1054 est
1391 1010 1574 1054 curas
1617 989 1841 1053 mundi

334 1095 777 1169 postponere3
842 1095 1218 1151 cunctorum
1278 1097 1490 1150 autem
1547 1086 1841 1149 fidelium

332 1192 431 1246 est
468 1186 837 1248 renuntiare
878 1185 1201 1261 omnibus,
1235 1187 1357 1250 hoc
1400 1193 1495 1248 est
1536 1187 1629 1248 sic
1671 1195 1844 1248 tene-

330 1302 403 1345 re
440 1303 589 1366 quae
628 1285 853 1348 mundi
894 1292 1065 1358 sunt,
1100 1293 1171 1346 ut
1206 1293 1420 1347 tamen
1459 1303 1574 1367 per
1602 1303 1676 1347 ea
1714 1304 1840 1348 non

328 1389 677 1445 teneantur
724 1383 789 1445 in
850 1383 1111 1458 mundo,
1164 1385 1275 1446 sed
1336 1383 1509 1447 licite
1556 1383 1649 1446 eis
1699 1383 1843 1446 affi-

329 1481 587 1544 ciantur
627 1490 821 1563 atque
864 1489 1147 1543 utantur.
1180 1481 1309 1544 Hoc
1347 1490 1443 1544 est
1483 1484 1656 1564 quod
1698 1483 1843 1545 hor-

328 1586 506 1642 tatur
552 1578 883 1642 Psalmista
925 1599 939 1642 :
984 1580 1233 1644 Divitiae
1282 1581 1337 1642 si
1385 1579 1678 1656 affluant,
1733 1600 1843 1644 no-

226 1707 298 1746 m,
328 1677 445 1739 lite
478 1697 587 1741 cor
616 1694 969 1760 apponere;
996 1685 1059 1739 et
1087 1677 1425 1760 Apostolus
1454 1697 1469 1740 z
1499 1678 1839 1760 Reliquum

329 1785 450 1850 est,
498 1785 569 1838 ut
615 1777 729 1858 qui
779 1777 1018 1839 habent
1066 1795 1316 1852 uxoreS,
1359 1777 1488 1839 sint
1533 1785 1837 1860 tanquam

1950 793 2191 856 tionem
2232 802 2295 856 et
2322 794 2769 876 negligentiam
2801 804 3078 860 nostram
3110 797 3326 858 lumen
3357 796 3452 859 di·

1954 893 2285 956 scretionis
2317 913 2389 956 ac
2419 894 2746 976 sapientiae
2775 895 3199 970 amiserimuS,
3225 895 3289 956 in
3322 914 3450 977 quo

1953 991 2339 1054 condietur?
2388 993 2452 1054 id
2511 1001 2628 1074 est,
2680 994 2836 1075 quid
2893 1011 2966 1056 eo
3025 993 3448 1076 perficietur?

1953 1089 2210 1152 Constat
2244 1093 2416 1172 quod
2460 1091 2645 1166 nihil,
2687 1111 2888 1174 quum
2929 1092 3010 1154 sit
3051 1100 3445 1174 corruptum.

1952 1187 2096 1251 Ideo
2138 1188 2307 1252 foras
2349 1189 2656 1264 mittetur,
2701 1191 2764 1252 id
2809 1198 2924 1263 est,
2965 1191 3242 1266 tolletur,
3285 1208 3453 1252 esse-

1950 1304 2078 1367 que
2120 1287 2369 1351 desinet
2411 1287 2478 1349 in
2521 1306 2596 1351 eo
2638 1307 2768 1370 quo
2808 1288 2952 1351 fuit.

2030 1383 2294 1460 Rursus,
2329 1403 2444 1468 per
2487 1386 2577 1448 sal
2623 1387 2992 1468 designatur
3037 1387 3333 1468 praelatus
3377 1406 3450 1449 ac

1953 1483 2350 1565 praedicator‚
2394 1502 2504 1545 seu
2546 1486 2762 1548 doctor
2799 1485 3094 1559 aliorum,
3130 1485 3315 1566 cujus
3355 1493 3451 1547 est

1950 1581 2348 1644 audientium
2392 1582 2580 1644 corda
2622 1582 3002 1645 discretione
3042 1583 3322 1658 condire,
3356 1601 3452 1644 sa-

1950 1679 2192 1762 pientia
2249 1679 2526 1754 erudire,
2576 1681 2654 1741 ad
2710 1687 2968 1760 gustum
3019 1681 3328 1744 virtutum
3388 1687 3451 1743 et

1950 1777 2381 1858 spiritualium
2446 1795 2660 1839 rerum
2723 1795 3011 1860 saporem
3075 1779 3443 1860 perducere.

326 1893 458 1938 non
510 1875 839 1950 habenteS,
893 1884 958 1937 et
1004 1875 1118 1957 qui
1168 1883 1438 1938 utuntur
1484 1876 1605 1939 hoc
1652 1895 1840 1938 mun-
1876 1873 1921 1934 B
1948 1873 2109 1936 Hinc
2159 1875 2224 1936 in
2270 1875 2556 1938 Matthaeo
2607 1875 2890 1938 Christus
2938 1876 3026 1937 ait
3065 1875 3382 1958 Apostolis
3427 1895 3441 1939 :

325 1974 430 2047 do,
479 1982 786 2056 tanquam
830 1992 959 2036 non
1004 1980 1253 2036 utentes
1288 1993 1303 2037 ι
1342 1975 1623 2056 praeterit
1664 1975 1837 2037 enim

324 2070 543 2153 figura
586 2071 781 2152 hujus
830 2071 1078 2135 mundi.

407 2174 675 2232 Bonum
702 2180 793 2232 est
820 2175 942 2231 sal.
978 2169 1085 2232 Est
1124 2169 1298 2232 enim
1338 2169 1494 2233 utile
1526 2171 1729 2246 valde,
1764 2191 1837 2234 ac

327 2269 766 2331 necessarium
814 2270 894 2331 ad
944 2268 1350 2331 condimenta
1397 2269 1711 2332 ciborum.
1758 2272 1838 2331 Si

324 2378 553 2429 autem
583 2371 688 2428 sal
715 2385 976 2450 quoque
1014 2370 1381 2438 evanuerit,
1414 2368 1478 2431 id
1518 2375 1635 2444 est,
1666 2369 1837 2450 vigo—

324 2485 467 2528 rem
516 2484 707 2528 suum
755 2465 1063 2537 amiserit,
1106 2472 1169 2527 et
1216 2466 1691 2548 corruptionem
1740 2467 1838 2530 in-

323 2565 626 2637 currerit,
660 2565 735 2624 in
773 2584 899 2644 quo
936 2565 1317 2625 condietur?
1355 2565 1418 2626 id
1462 2573 1581 2646 est,
1613 2573 1834 2647 aptum

322 2683 453 2727 non
488 2663 614 2725 erit
644 2670 713 2725 ut
740 2661 934 2724 alicui
965 2663 1308 2724 misceatur
1338 2662 1837 2744 cibario.Neque

322 2764 397 2822 in
454 2771 725 2831 terram,
764 2781 969 2840 neque
1015 2763 1091 2820 in
1132 2763 1625 2842 sterquilinium
1672 2764 1833 2823 utile

315 2871 408 2921 est
437 2879 465 2923 .·
495 2866 735 2922 terram
782 2859 959 2920 enim
994 2878 1032 2920 a
1074 2877 1189 2920 sua
1237 2858 1507 2941 impedit
1550 2858 1834 2922 fecundi-

314 2967 469 3028 tate.
505 2976 625 3021 nec
664 2958 926 3040 expedit
962 2957 1177 3040 ipsum
1218 2958 1491 3020 miscere
1524 2957 1683 3022 fimo
1717 2979 1829 3022 seu

1949 1972 2069 2035 Vos
2118 1973 2270 2034 estis
2318 1973 2408 2034 sal
2458 1981 2662 2036 terrae.
2715 1972 2815 2035 Sal
2864 1974 3129 2056 quippe,
3174 1981 3245 2037 ut
3292 1973 3448 2037 dicit
3511 1995 3736 2047 uatem,

1950 2069 2283 2145 EusebiuS,
2319 2073 2672 2134 secundum
2711 2072 3128 2135 substantiam
3173 2090 3250 2134 ex
3286 2090 3448 2154 aqua
3476 2058 3544 2102 ¹³·

1948 2176 2214 2243 constat,
2275 2169 2598 2232 modicum
2660 2170 3129 2233 terrestreitatis
3189 2171 3448 2252 partici-

1948 2267 2545 2349 panS,desiccatque
2573 2267 2841 2330 fluidam
2876 2277 3163 2331 naturam
3195 2269 3297 2332 vel
3328 2288 3452 2331 ma-

1945 2365 2172 2426 teriam
2211 2384 2552 2448 corporum
2595 2374 3062 2449 corruptorum,
3097 2375 3160 2430 et
3200 2377 3450 2431 mortua

1947 2482 2212 2546 corpora
2271 2473 2624 2527 conservat.
2683 2465 2843 2527 Hinc
2905 2465 3192 2528 Christus
3252 2465 3446 2529 disci-

1948 2564 2131 2646 pulos
2184 2583 2332 2628 suos
2380 2572 2550 2628 recte
2593 2573 2920 2647 comparat
2957 2565 3094 2640 sali,
3138 2565 3291 2647 quia
3330 2567 3448 2628 ali-

1946 2681 2016 2726 os
2056 2663 2489 2744 regeneraturi
2530 2672 2710 2726 erant
2747 2681 2824 2725 ex
2866 2682 3031 2745 aqua
3071 2671 3136 2725 et
3177 2663 3439 2746 Spiritu,

1946 2770 2435 2844 corruptamque
2475 2763 2808 2826 hominum
2840 2762 3034 2825 vitam
3064 2781 3101 2824 a
3137 2761 3322 2825 fluxu
3351 2763 3444 2826 vi-

1946 2861 2176 2924 tiorum
2219 2860 2535 2924 debebant
2574 2861 2975 2942 restringere.
3009 2861 3220 2937 Porro,
3256 2861 3310 2923 si
3350 2861 3442 2924 sal

1940 2959 2111 3021 istud
2157 2959 2508 3034 evanuerit,
2543 2960 2607 3022 id
2646 2968 2764 3040 est,
2798 2960 2850 3022 si
2898 2961 3268 3042 praedicator
3307 2960 3441 3023 sive

316 3057 733 3140 sterquilinio
770 3056 848 3119 ad
888 3062 1123 3119 terram
1169 3056 1679 3134 fecundandam;
1719 3062 1831 3118 sed
1867 3052 1909 3116 C
1940 3058 2238 3140 praelatus
2278 3057 2494 3140 aliqua
2525 3058 2750 3121 vitiosa
2786 3057 3126 3122 affectione
3161 3077 3442 3122 corrum-

313 3161 502 3236 foras
548 3157 865 3224 mittetur,
909 3155 975 3218 id
1022 3162 1138 3230 est,
1182 3155 1477 3236 ejicietur
1523 3164 1827 3238 tanquam

312 3254 587 3318 omnino
617 3253 867 3315 inutile.
901 3253 1017 3315 Per
1047 3253 1167 3317 hoc
1206 3251 1491 3317 Salvator
1520 3254 1823 3336 insinuat,

312 3354 493 3435 quod
531 3352 732 3415 simili
777 3353 965 3414 modo
1004 3359 1255 3433 oportet
1292 3352 1683 3434 discipulum
1724 3373 1829 3416 su·

313 3472 425 3514 um
478 3450 785 3515 omnibus
832 3449 1221 3524 renuntiare,
1266 3468 1347 3513 ne
1389 3468 1504 3532 per
1545 3457 1825 3515 terreno-

312 3570 461 3612 rum
493 3548 980 3630 carnaliumque
1007 3566 1291 3612 amorem
1318 3557 1663 3624 evanescat,
1688 3567 1826 3611 esse

309 3649 535 3730 gratiae
592 3667 667 3710 ac
725 3648 1034 3711 virtutum
1097 3647 1442 3729 perdendo,
1495 3654 1557 3709 et
1613 3655 1826 3729 putre-

312 3747 451 3820 fiat,
488 3747 647 3809 vitia
688 3746 1094 3808 incurrendo.
1129 3743 1361 3827 Sicque
1399 3747 1477 3808 ad
1518 3745 1678 3808 nihil
1721 3764 1826 3809 va-

315 3847 500 3920 leret,
534 3845 661 3907 nisi
704 3851 773 3906 ut
810 3843 876 3906 in
908 3843 1123 3925 ignem
1165 3845 1453 3907 mittatur
1490 3844 1819 3925 gehennae,

272 3993 283 4014 ,
314 3945 485 4007 sicut
523 3944 697 4026 apud
723 3942 1027 4006 loannem
1068 3942 1353 4024 loquitur
1387 3942 1672 4006 Christus
1708 3963 1722 4007 :
1758 3943 1821 4005 Si

312 4043 463 4125 quis
508 4043 579 4104 in
623 4059 727 4104 me
770 4059 895 4104 non
947 4041 1275 4116 manserit,
1318 4041 1605 4104 mittetur
1653 4041 1821 4106 foras

313 4141 485 4204 sicut
515 4139 781 4222 palmes,
816 4147 881 4201 et
908 4147 1181 4218 arescet3
1214 4147 1278 4202 et
1306 4139 1605 4220 colligent
1643 4159 1816 4214 eum,

1941 3164 2127 3237 patur
2158 3156 2224 3218 in
2266 3162 2499 3231 mente,
2534 3157 2599 3218 in
2640 3175 2769 3239 quo
2809 3157 3183 3220 condietur?
3213 3157 3280 3220 id
3318 3165 3435 3233 est,

1940 3254 2196 3337 ineptus
2237 3253 2358 3316 erit
2397 3253 2671 3318 aliorum
2712 3256 2901 3318 corda
2948 3254 3206 3337 praefato
3249 3257 3438 3320 modo

1938 3353 2198 3416 condire
2233 3371 2246 3416 :
2283 3353 2370 3414 ita
2411 3355 2584 3435 quod
2627 3372 2743 3416 nec
2792 3353 2858 3416 in
2905 3361 3161 3430 terram,
3205 3373 3325 3418 nec
3367 3355 3432 3418 in

1937 3451 2412 3533 sterquilinium
2466 3451 2640 3514 utilis
2690 3453 2830 3528 erit,
2874 3452 2994 3516 hoc
3041 3460 3156 3529 est,
3200 3471 3319 3516 nec
3355 3455 3433 3516 ad

1938 3550 2057 3612 hoc
2088 3557 2158 3611 ut
2196 3549 2296 3612 his
2335 3549 2724 3632 praeficiatur
2757 3550 2870 3632 qui
2899 3551 3036 3614 sani
3077 3559 3225 3613 sunt
3261 3569 3435 3614 men-

1934 3658 1996 3711 te
2035 3656 2097 3710 et
2136 3647 2395 3710 fecundi
2435 3656 2506 3710 ut
2544 3654 2731 3723 terra,
2777 3667 2893 3711 nec
2936 3649 3034 3710 his
3073 3649 3186 3731 qui
3234 3649 3434 3712 instar

1934 3747 2344 3829 sterquilinii,
2380 3747 2552 3810 vitiis
2593 3754 2655 3808 et
2692 3747 3129 3809 carnalitatum
3170 3767 3429 3811 suarum

1934 3845 2268 3910 foetoribus
2327 3845 2622 3927 squalent
2677 3846 3082 3927 sordentque,
3130 3845 3311 3927 juxta
3356 3847 3432 3908 il-

1935 3944 2043 4006 lud
2097 3944 2287 4007 Joelis
2347 3963 2360 4006 :
2415 3943 2956 4025 Computruerunt
3013 3943 3301 4023 jumenta
3358 3943 3425 4008 in
3470 3963 3704 4014 Joetnw.

1932 4051 2208 4106 stercore
2246 4061 2385 4116 suo,
2420 4043 2539 4106 hoc
2578 4051 2692 4116 est,
2729 4042 3010 4104 carnales
3040 4042 3106 4104 in
3144 4044 3310 4124 gulae
3336 4053 3428 4106 at-

1931 4159 2058 4223 que
2088 4141 2358 4203 luxuriae
2397 4141 2898 4223 inquinamentis
2929 4142 3212 4224 corrupti
3251 4150 3420 4204 sunt.

311 4248 372 4303 et
417 4241 487 4302 in
535 4239 749 4320 ignem
798 4237 1075 4300 mittent.
1110 4273 1192 4284 --
1219 4237 1524 4320 Denique,
1570 4257 1685 4320 per
1730 4240 1820 4302 sal
1856 4243 1902 4304 D
2010 4239 2352 4314 Postremo,
2407 4239 2559 4321 quia
2617 4238 2964 4321 praehabita
3021 4239 3251 4303 Christi
3299 4241 3428 4304 elo—

312 4337 703 4418 intelligitur
756 4335 1069 4418 sapientia
1126 4354 1237 4398 seu
1297 4336 1615 4410 discretio,
1676 4355 1821 4418 quae
1929 4337 2083 4419 quia
2118 4346 2300 4398 erant
2333 4337 2623 4413 obscura,
2667 4337 3027 4419 parabolica
3065 4347 3128 4401 et
3167 4339 3429 4422 profun-

312 4435 493 4499 omni
526 4433 707 4516 operi
738 4433 1023 4496 virtuoso
1054 4433 1409 4496 necessaria
1438 4441 1553 4508 est,
1589 4442 1651 4496 et
1681 4453 1821 4498 con-

314 4534 679 4596 dimentum
708 4531 995 4612 largitur.
1030 4530 1123 4594 Ad
1151 4533 1323 4613 quod
1357 4532 1818 4613 designandum

316 4632 483 4694 Deus
528 4630 597 4692 in
641 4629 919 4693 Levitico
964 4629 1267 4712 praecepit
1302 4648 1315 4692 :
1349 4629 1669 4712 Quidquid
1712 4631 1823 4694 ob-

315 4729 544 4792 tuleris
576 4726 905 4803 sacrificii,
940 4727 1071 4790 sale
1101 4729 1387 4809 condies3
1422 4728 1729 4810 itemque,
1752 4730 1820 4791 In

316 4828 496 4892 omni
545 4825 867 4889 sacrificio
907 4824 1143 4888 offeres
1186 4826 1299 4887 sal.
1341 4826 1417 4889 Et
1458 4828 1628 4908 apud
1669 4827 1824 4890 Mar-

317 4944 465 4989 cum
524 4925 826 4988 admonet
873 4923 1183 4998 Christus,
1234 4923 1469 4986 Habete
1524 4925 1591 4986 in
1642 4925 1822 4989 vobis

319 5025 433 5096 sal,
468 5024 536 5085 id
574 5031 672 5085 est
706 5021 1157 5085 discretionem
1191 5039 1208 5084 :
1243 5029 1313 5084 ut
1350 5023 1614 5096 scilicet,
1644 5023 1825 5104 juxta

88 5126 291 5184 *Cor-nv.
319 5120 496 5185 Pauli
532 5120 911 5194 doctrinam,
945 5118 1169 5183 Omnia
1210 5121 1471 5184 honeste
1499 5131 1561 5183 et
1599 5141 1827 5184 secun-

322 5221 477 5282 dum
527 5218 820 5283 ordinem
874 5217 1033 5282 fiant
1080 5218 1145 5281 in
1198 5219 1399 5282 vobis.
1434 5219 1495 5281 Si
1536 5239 1685 5300 ergo
1734 5221 1824 5282 sal

1931 4437 2029 4510 da,
2063 4435 2350 4498 hortatur
2378 4437 2455 4497 ad
2487 4454 2770 4516 sagacem
2812 4435 3123 4498 dictorum
3165 4457 3426 4501 suorum

1932 4532 2450 4614 intelligentiam3
2485 4534 2585 4596 vel
2616 4534 2768 4616 quia
2799 4533 3223 4597 'saluberrima
3253 4545 3424 4612 sunt,

1932 4639 2146 4695 monet
2191 4640 2262 4693 ut
2303 4630 2653 4693 efficaciter
2694 4631 3101 4713 impleantur.
3149 4635 3275 4702 Qui
3311 4637 3428 4696 Ιια-

1933 4731 2029 4790 bet
2078 4749 2267 4789 aures
2316 4731 2657 4801 audiendi,
2699 4729 2819 4792 hoc
2867 4736 2983 4804 est,
3030 4730 3426 4795 intellectum

1932 4826 2122 4889 habet
2178 4826 2342 4888 bene
2399 4827 2778 4908 dispositum
2836 4835 2899 4889 et
2945 4845 3262 4909 capacem,
3314 4852 3428 4892 au-

1932 4928 2102 4995 diat,
2133 4924 2198 4986 id
2236 4931 2351 4994 est,
2394 4925 2698 5001 advertat,
2732 4933 3028 5006 agnoscat
3063 4935 3128 4989 et
3165 4927 3429 5010 impleat

1930 5042 2076 5106 quae
2120 5023 2252 5103 jam
2292 5023 2444 5085 dixi.
2478 5023 2694 5105 Itaque
2738 5026 2816 5087 de
2863 5024 3272 5088 interioribus
3318 5045 3429 5088 au-

1935 5121 2134 5194 ribuS,
2196 5120 2602 5183 obedientiali
2659 5141 2914 5204 quoque
2970 5123 3214 5204 auditu,
3273 5123 3429 5187 dicit

1935 5220 2055 5281 hoc
2098 5218 2404 5281 Christus.
