4300 6259
829 452 908 517 16
1645 470 1998 519 numano
2040 470 2106 517 m
2146 470 2288 516 car.
2332 472 2375 516 x
2418 470 2607 517 Luca,
2652 492 2733 501 —
2771 474 2915 519 Ali-r.
2962 474 3133 520 xxvn

550 662 792 713 nemu,
817 648 1063 720 gantur.
1089 640 1352 724 Propter
1377 642 1552 723 quod
1580 651 1718 705 orat
1747 642 2077 705 Psalmista
2103 660 2118 704 :
2144 642 2333 704 Aver-
2356 640 2411 702 A
2444 642 2761 725 exprimat
2808 644 2932 705 nisi
2970 645 3114 718 tria,
3148 662 3225 706 ex
3264 644 3502 724 quibus
3539 643 3689 707 totis
3731 663 3947 707 aman-

526 727 594 767 ²⁷·
820 746 882 799 te
929 738 1148 802 oculos
1194 758 1368 802 meos
1418 758 1498 801 ne
1547 741 1804 803 videant
1848 741 2215 805 vanitatem.
2258 740 2328 801 In
2440 740 2559 802 dus
2588 750 2685 803 est
2714 741 2900 815 Deus,
2934 761 3050 803 cur
3077 742 3185 804 bic
3214 741 3516 804 dicuntur
3543 750 3820 823 quatuor
3850 760 3947 804 es-

575 858 725 902 sseen.
817 835 1260 901 Ecclesiastico
1301 857 1560 920 quoque
1605 840 1867 902 docetur
1901 858 1915 901 ε
1949 839 2096 921 Sepi
2140 858 2327 901 aures
2437 856 2505 899 se
2544 840 2781 921 scripta
2820 841 2888 902 in
2932 841 3114 920 lege?
3145 841 3237 902 Ad
3286 842 3459 922 quod
3498 841 3939 922 respondetur,

521 934 666 971 ¹’‘'¹''‘
696 923 764 963 ²⁸·
819 941 958 997 tuas
1007 936 1235 1018 spiniS,
1290 946 1354 999 et
1412 938 1542 1001 noli
1592 938 1814 1000 audire
1873 938 2159 1018 linguam
2214 956 2324 998 ne·
2433 938 2607 1019 quod
2638 938 2757 999 tria
2787 938 2897 1000 illa
2924 958 2961 999 a
2990 936 3197 1021 Moyse
3230 938 3399 1001 dicta
3438 939 3778 1001 includunt
3805 938 3941 1001 baec

815 1052 1032 1114 quam.
1064 1035 1375 1097 Jubemur
1403 1054 1554 1116 ergo
1593 1036 1793 1098 Deum
1824 1055 1902 1097 ex
1942 1036 2042 1098 his
2075 1034 2325 1097 viribus
2432 1044 2726 1115 quatuor,
2752 1036 2895 1099 ideo
2922 1044 3197 1117 quatuor
3226 1038 3347 1099 ista
3376 1038 3613 1119 scripta
3642 1043 3793 1099 sunt
3824 1036 3935 1111 ibi,

815 1133 1138 1196 sensitivis
1179 1134 1446 1215 diligere
1481 1154 1495 1197 :
1533 1153 1660 1197 non
1691 1136 1864 1217 quod
1905 1134 2203 1217 potentiae
2242 1134 2325 1195 is-

817 1236 896 1293 tae
934 1232 1246 1311 organicae
1289 1232 1488 1295 Deum
1529 1233 2084 1315 simplicissimum
2128 1231 2327 1294 habe-

815 1336 925 1390 ant
972 1347 1088 1412 pro
1133 1330 1406 1411 objecto,
1453 1331 1552 1394 vel
1596 1332 1675 1393 ad
1721 1329 1862 1411 ejus
1911 1330 2321 1394 dilectionem

815 1426 1052 1491 directe
1099 1447 1172 1490 ac
1219 1428 1584 1491 immediate
1635 1429 2022 1512 pertingant,
2066 1437 2179 1491 aut
2226 1428 2323 1490 di-

813 1525 978 1589 vinae
1034 1526 1394 1591 dilectionis
1453 1528 1764 1590 exsistant
1821 1527 2153 1608 subjecta3
2210 1527 2322 1589 sed

812 1624 966 1706 quia
1009 1626 1220 1689 taliter
1266 1634 1415 1689 sunt
1463 1628 1773 1707 regendae,
1820 1634 1890 1689 ut
1935 1625 2195 1708 expedit
2240 1626 2321 1688 ad

813 1722 1090 1787 caritatis
1118 1724 1544 1807 adeptionem,
1579 1724 2148 1799 conservationem,
2174 1742 2322 1806 pro-

2432 1134 2657 1196 saltem
2700 1136 3056 1198 virtualiter
3095 1144 3287 1217 atque
3328 1136 3664 1218 implicite.
3695 1135 3939 1217 Nempe

2430 1234 2602 1312 quod
2633 1233 2868 1296 dicitur
2898 1234 3025 1309 hic,
3058 1233 3151 1296 Ex
3179 1235 3479 1298 omnibus
3511 1234 3757 1298 viribus
3786 1234 3935 1306 tuiS,

2428 1329 2668 1413 Moyses
2708 1351 2824 1413 per
2854 1331 3297 1396 fortitudinem
3335 1332 3672 1396 intellexit.
3707 1332 3935 1395 Totum

2428 1438 2643 1491 autem
2690 1448 2801 1493 cor
2846 1429 3219 1512 frequenter
3266 1431 3663 1494 intellectum
3714 1437 3780 1492 et
3826 1448 3937 1494 vo-

2432 1526 2739 1590 luntatem
2790 1529 3275 1612 comprehendit
3320 1548 3395 1591 ac
3441 1530 3717 1604 denotat,
3768 1528 3935 1590 sicut

2430 1644 2633 1706 quum
2681 1627 2956 1689 dicimus
2992 1646 3006 1690 :
3040 1628 3408 1691 Confitebor
3454 1627 3593 1703 tibi,
3644 1626 3929 1701 Domine,
4006 1647 4227 1697 P8.11‚2:

2431 1722 2498 1783 in
2538 1730 2669 1787 toto
2706 1725 2895 1787 corde
2934 1743 3097 1788 meo.
3128 1724 3418 1808 Denique
3455 1726 3626 1808 apud
3662 1723 3936 1787 Matthae-
3960 1716 4211 1825 22:3¹¹,-

4180 1716 4227 1763 2;

813 1819 1076 1898 fectum,
1110 1830 1174 1885 et
1211 1824 1848 1888 consummationem.
1883 1823 2001 1886 Pro
2038 1841 2171 1904 quo
2210 1823 2319 1884 ad·
2355 1822 2404 1884 B
2432 1839 2541 1883 um
2590 1830 2919 1903 ponuntur
2957 1824 3098 1900 tria,
3139 1842 3343 1905 quum
3384 1824 3618 1887 dicitur
3651 1842 3665 1887 :
3700 1823 3931 1904 Diliges
3958 1846 4229 1899 Marma,

2430 1918 2767 1984 Dominum
2817 1921 3017 1983 Deum
3054 1930 3239 1984 tuum
3278 1940 3356 1984 ex
3396 1930 3525 1986 toto
3564 1923 3753 1986 corde
3795 1930 3927 1997 tue,
3958 1911 4028 1950 ³⁷·

539 1942 784 1993 matam.
813 1920 1140 2004 implendo
1170 1923 1406 1985 dicitur
1432 1922 1498 1984 in
1529 1921 2006 1985 Ecclesiastico:
2031 1922 2317 1997 Domine,

521 2009 608 2051 ⁴⁴·
814 2027 993 2101 pater
1033 2029 1098 2082 et
1139 2021 1495 2084 dominator
1536 2022 1684 2085 vitae
1731 2038 1910 2096 meae,
1959 2020 2320 2084 extollenti·
2428 2018 2587 2081 etin
2617 2026 2749 2083 tota
2775 2020 2989 2083 anima
3017 2028 3145 2095 tua,
3180 2028 3245 2083 et
3284 2022 3349 2082 in
3387 2028 3517 2085 tota
3556 2028 3927 2084 mentetua.

813 2136 915 2180 am
947 2119 1280 2182 oculorum
1320 2138 1608 2182 meorum
1637 2138 1720 2181 ne
1748 2120 1999 2182 dederis
2035 2118 2221 2193 mihi,
2255 2126 2317 2180 et
2426 2115 2603 2179 Unde
2633 2118 2873 2181 ibidem
2902 2120 3241 2195 omittitur,
3274 2118 3367 2181 Ex
3395 2127 3527 2183 tota
3553 2120 3930 2183 fortitudine

811 2235 1000 2279 omne
1051 2217 1439 2280 desiderium
1493 2237 1764 2300 pravum
1809 2225 2026 2281 averte
2071 2236 2110 2279 a
2158 2235 2313 2297 me3
2428 2222 2556 2290 tua,
2599 2235 2733 2292 seu,
2767 2216 2858 2279 Ex
2906 2217 3208 2280 omnibus
3249 2218 3497 2281 viribus
3543 2218 3723 2281 tuis:
3758 2218 3931 2300 quod

811 2315 994 2378 aufer
1019 2335 1057 2378 a
1085 2334 1188 2379 me
1217 2318 1456 2379 ventris
1487 2316 2054 2398 concupiscentiaS,
2079 2325 2142 2378 et
2173 2334 2318 2378 con·
2428 2320 2640 2377 tamen
2672 2333 2787 2398 per
2813 2324 3010 2380 totam
3038 2316 3317 2379 animam
3350 2317 3501 2379 satis
3540 2317 3927 2379 insinuatur.

813 2414 1064 2477 cubitus
1121 2414 1654 2498 concupiscentiae
1704 2433 1782 2477 ne
1839 2414 2319 2497 apprehendant
2427 2411 2657 2476 Anima
2712 2433 2991 2497 namque
3050 2416 3288 2478 dicitur
3343 2423 3549 2479 totum
3607 2416 3933 2498 potestati-

814 2530 938 2574 me.
971 2516 1058 2575 Et
1099 2534 1182 2573 em
1221 2514 1523 2574 omnibus
1569 2514 1820 2573 viribus
1871 2516 2021 2574 tuis.
2052 2513 2189 2574 Jam
2239 2512 2317 2573 de
2428 2529 2604 2587 vum,
2649 2513 2805 2594 quia
2847 2514 3065 2595 plures
3108 2514 3393 2577 continet
3434 2515 3624 2577 vires,

811 2611 1055 2673 viribus
1089 2630 1202 2694 per
1232 2630 1340 2675 cor
1368 2620 1432 2673 et
1459 2611 1740 2673 animam
1771 2611 2116 2692 designatis
2147 2630 2318 2673 men·
2521 2608 2779 2693 Oportet
2836 2613 3022 2687 scire,
3074 2614 3248 2695 quod
3307 2621 3697 2696 praeceptum
3757 2613 3929 2677 istud

813 2710 902 2774 tio
941 2710 1106 2773 facta
1149 2717 1246 2772 est
1280 2728 1294 2771 :
1329 2728 1445 2772 cur
1487 2727 1638 2790 ergo
1679 2728 1852 2772 nunc
1890 2710 2087 2785 addit,
2120 2710 2196 2772 Et
2236 2729 2316 2772 ex
2425 2709 2766 2791 tripliciter
2805 2718 3012 2793 potest
3052 2712 3324 2794 intelligi
3362 2721 3427 2775 et
3466 2714 3700 2795 exponi
3744 2731 3757 2777 :
3801 2713 3932 2775 Pri-

811 2810 1110 2874 omnibus
1151 2808 1397 2873 viribus
1439 2808 1609 2871 tuis?
1639 2807 1732 2870 Ad
1765 2809 1938 2889 quod
1972 2809 2317 2891 dupliciter
2428 2828 2552 2883 mo,
2594 2820 2908 2891 quantum
2946 2813 3025 2874 ad
3074 2812 3539 2876 indesinentem
3578 2821 3813 2887 actum,
3859 2821 3928 2875 ut

810 2910 1250 2990 respondetur.
1299 2906 1529 2982 Primo,
1584 2914 1654 2967 ut
1702 2906 1873 2969 istud
1926 2907 2318 2988 intelligatur
2424 2908 2669 2970 scilicet
2708 2928 2837 2983 cor,
2872 2929 3075 2987 mens,
3117 2911 3352 2987 anima,
3396 2911 3724 2986 fortitudo,
3758 2930 3927 2973 sem-

811 3008 888 3070 de
945 3007 1192 3071 viribus
1251 3006 1540 3087 reliquiS‚
1595 3007 1672 3068 de
1731 3005 1970 3087 quibus
2030 3008 2316 3069 nondum
2351 3012 2395 3076 C
2426 3024 2561 3088 per,
2594 3009 2924 3070 actualiter
2970 3016 3162 3090 atque
3211 3010 3487 3074 totaliter
3528 3008 3817 3073 ferantur
3858 3011 3925 3073 in

809 3106 966 3188 quid
1006 3106 1249 3168 dictum
1289 3112 1385 3167 est
1419 3122 1433 3167 :
1469 3104 1622 3185 quia
1651 3111 1714 3167 et
1745 3104 1913 3167 vires
1946 3105 2317 3185 vegetativae
2423 3105 2643 3181 Deum,
2686 3107 2931 3189 absque
2979 3109 3431 3172 commixtione
3480 3109 3629 3170 mali
3680 3118 3926 3173 contra-

809 3204 874 3266 in
923 3204 1170 3267 actibus
1214 3204 1345 3265 suis
1396 3202 1686 3282 regendae
1733 3210 1882 3264 sunt
1930 3204 2174 3265 ratione
2224 3221 2315 3265 se·
2421 3205 2501 3266 rii
2537 3223 2551 3267 :
2586 3206 2809 3287 sicque
2840 3215 3230 3289 praeceptum
3261 3208 3430 3269 istud
3462 3227 3587 3271 non
3620 3207 3925 3289 impletur

809 3306 1090 3367 cundum
1128 3303 1348 3377 Deum,
1383 3310 1694 3384 quantum
1726 3301 1871 3363 fieri
1914 3309 2140 3383 potest.
2176 3302 2311 3365 Non
2418 3322 2456 3365 a
2495 3304 2841 3367 viatoribus
2882 3305 3067 3369 nobis
3107 3307 3174 3367 in
3216 3307 3345 3369 vita
3384 3306 3704 3388 praesenti,
3739 3307 3849 3368 sed
3886 3325 3923 3367 a

807 3403 981 3465 enim
1028 3402 1303 3465 totaliter
1352 3400 1578 3464 rationi
1629 3400 2014 3477 subduntur,
2049 3402 2161 3463 sed
2210 3420 2313 3463 na-
2418 3401 2621 3464 Beatis
2651 3403 2718 3465 in
2750 3405 2973 3486 patria.
3008 3403 3184 3466 Unde
3212 3404 3391 3485 juxta
3429 3404 3604 3466 hunc
3634 3423 3917 3477 sensum,

806 3502 1096 3565 turaliter
1142 3505 1488 3582 operantur
1530 3518 1544 3561 :
1587 3504 1864 3560 attamen
1913 3499 2165 3579 objecta
2212 3518 2314 3562 ea—
2418 3501 2683 3581 diligere
2730 3502 2930 3564 Deum
2969 3520 3047 3565 ex
3086 3510 3217 3566 toto
3256 3504 3465 3577 corde,
3507 3509 3602 3565 est
3640 3522 3787 3565 eum
3828 3504 3922 3564 di-

807 3620 948 3663 rum
988 3599 1370 3681 applicanda
1409 3604 1557 3659 sunt
1595 3598 1687 3658 eis
1729 3599 2082 3659 secundum
2123 3606 2311 3661 rectae
2418 3598 2615 3679 ligere
2650 3601 2881 3663 actuali
2930 3619 3146 3665 amore
3184 3602 3572 3664 incessanter
3610 3601 3675 3663 in
3719 3601 3915 3663 Deum

806 3700 1066 3763 rationis
1125 3715 1501 3776 censuram3
1552 3704 1616 3757 et
1671 3702 1985 3777 quantum
2041 3698 2118 3759 ad
2178 3716 2312 3761 mo-
2416 3706 2626 3761 erecto
2670 3700 3021 3762 secundum
3072 3708 3277 3763 totum
3323 3717 3508 3781 posse
3548 3699 3912 3773 voluntatiS,

805 3799 982 3868 dum,
1034 3797 1247 3860 locum
1301 3813 1375 3857 ac
1423 3802 1676 3876 tempus
1734 3794 2024 3869 actionis,
2077 3795 2306 3859 rationi
2416 3796 2555 3858 sine
2584 3797 2971 3861 admixtione
3001 3798 3210 3861 omnis
3242 3797 3582 3861 inordinati
3619 3796 3911 3871 affectuS,

800 3896 1269 3979 quodammodo
1338 3893 1794 3974 subjiciuntur.
1863 3893 2175 3971 Secundo,
2239 3905 2310 3958 ut
2415 3895 2692 3957 caritatis
2732 3895 3118 3958 minorativi.
3154 3896 3423 3976 Diligere
3461 3903 3675 3957 autem
3714 3894 3911 3957 Deum

803 3997 974 4078 quod
1011 3995 1120 4068 ait,
1164 3993 1252 4055 Ex
1295 3992 1596 4056 omnibus
1639 3991 1886 4055 viribus
1933 3994 2080 4069 tuiS‚
2119 3994 2308 4057 intel·
2414 4012 2491 4055 ex
2528 4000 2660 4056 tota
2695 4001 2929 4069 mente,
2963 4002 3058 4056 est
3106 3994 3231 4057 Deo
3279 4013 3392 4076 per
3431 3993 3915 4076 contemplatio-

803 4096 1033 4176 ligatur
1061 4099 1373 4174 quantum
1404 4092 1482 4153 ad
1513 4091 1987 4154 exsecutionem
2020 4100 2082 4154 et
2118 4112 2304 4155 usum
2415 4109 2562 4153 nem
2606 4091 3061 4167 indesinenter,
3105 4108 3379 4173 semper,
3420 4092 3773 4167 actualiter,
3818 4110 3917 4153 se-

805 4194 1040 4259 virium
1071 4192 1135 4253 in
1168 4189 1590 4253 exterioribus
1629 4189 1954 4271 operibuS,
1989 4199 2305 4271 quatenus
2334 4197 2386 4260 D
2413 4192 2697 4253 cundum
2744 4197 3102 4253 extremum
3151 4209 3337 4272 posse
3384 4191 3735 4267 intendere,
3771 4191 3913 4253 abs-

801 4292 993 4355 etiam
1041 4290 1152 4352 illa
1191 4287 1461 4353 viriliter
1508 4288 1588 4349 ad
1637 4287 1745 4349 Dei
1796 4288 2103 4351 honorem
2157 4309 2304 4352 cum
2414 4308 2540 4371 que
2569 4290 2958 4352 admixtione
2988 4290 3195 4353 omnis
3236 4291 3643 4371 evagationiS,
3678 4290 3909 4353 erroris

505 4420 628 4463 Rom„
647 4433 713 4473 m,
736 4423 771 4463 ι,
802 4389 1183 4453 discretione
1219 4395 1506 4469 agantur,
1543 4395 1612 4448 ut
1651 4387 1740 4448 ait
1766 4387 2104 4469 Apostolus
2140 4407 2153 4450 :
2188 4388 2306 4450 Ra·
2413 4396 2477 4449 et
2505 4388 2919 4470 deceptionis.
2960 4389 3228 4469 Diligere
3257 4407 3407 4452 vero
3436 4388 3634 4452 Deum
3676 4408 3753 4451 ex
3786 4396 3912 4452 tota

801 4487 1106 4552 tionabile
1144 4486 1527 4567 obsequium
1557 4494 1863 4548 vestrum.
1898 4488 1986 4547 Ec
2013 4507 2096 4546 ea>
2122 4490 2305 4549 omni
2412 4488 2644 4563 anima,
2679 4494 2775 4549 est
2803 4488 3157 4550 secundum
3197 4495 3435 4549 ceteras
3466 4488 3633 4550 vires
3671 4489 3911 4551 anima-

802 4596 1009 4649 mente
1049 4596 1185 4658 tua,
1227 4585 1291 4646 id
1330 4592 1425 4646 est
1465 4591 1594 4646 toto
1633 4583 1962 4645 intellectu
2001 4592 2063 4646 et
2102 4585 2303 4647 inten-
2413 4585 2504 4647 les
2536 4593 2599 4647 et
2628 4586 2963 4649 sensitivas
2993 4603 3132 4647 esse
3161 4586 3520 4648 ordinatum
3562 4586 3629 4648 in
3661 4586 3783 4650 Deo
3813 4588 3909 4648 in-

801 4686 994 4761 tione,
1028 4702 1110 4747 ne
1149 4685 1212 4745 in
1253 4682 1579 4745 intellectu
1621 4682 1702 4744 sit
1735 4700 1912 4746 error
1953 4701 2064 4744 seu
2105 4684 2305 4747 haere-
2412 4691 2751 4759 cessanter,
2796 4684 3109 4766 complete
3144 4701 3158 4745 :
3191 4685 3364 4765 quod
3413 4684 3479 4745 in
3518 4683 3721 4746 Beatis
3760 4685 3900 4760 erit,

801 4786 910 4859 siS,
962 4791 1073 4846 aut
1128 4782 1396 4844 intentio
1445 4780 1688 4843 caritati
1738 4780 1846 4842 Dei
1907 4799 2296 4863 repugnanS.
2412 4782 2815 4863 potissimum
2848 4789 2989 4864 post
3030 4782 3557 4845 resurrectionem
3597 4783 3900 4857 futuram,

801 4920 879 4928 —
907 4883 1097 4946 Porro
1138 4886 1526 4963 praeceptum
1575 4879 1694 4942 hoc
1737 4879 2048 4961 scriptum
2093 4888 2191 4943 est
2232 4882 2299 4943 in
2412 4881 2563 4941 dum
2604 4898 2825 4943 omnes
2866 4899 3170 4943 sensuum
3212 4880 3586 4944 interiorum
3630 4887 3692 4943 et
3740 4889 3907 4942 exte-

531 5010 768 5063 0,„1‚„‚5‚
799 4979 1306 5053 Deuteronomio,
1343 4976 1453 5039 ubi
1498 4976 1730 5057 legitur
1763 4995 1776 5038 :
1812 4976 2045 5057 Diliges
2090 4978 2302 5042 Domi·-
2413 4979 2651 5043 riorum
2692 4980 3111 5060 sensitivique
3148 4980 3469 5061 appetitus
3506 4979 3904 5061 operationes

801 5097 956 5141 num
997 5078 1194 5139 Deum
1231 5084 1413 5138 tuum
1444 5091 1522 5136 ex
1559 5082 1691 5138 toto
1727 5076 1916 5138 corde
1955 5082 2085 5152 tuo,
2121 5084 2185 5138 et
2221 5095 2299 5139 ex
2408 5079 2893 5141 ordinatissima)
2922 5088 3111 5141 erunt
3139 5079 3206 5141 in
3236 5079 3381 5153 Deo,
3416 5085 3479 5140 et
3510 5080 3587 5141 ad
3620 5078 3726 5140 Dei
3759 5097 3907 5141 con-

800 5185 928 5242 tota
963 5177 1176 5239 anima
1215 5182 1342 5251 tua,
1377 5182 1441 5236 et
1469 5191 1546 5235 ex
1584 5180 1711 5237 tota
1746 5174 2123 5238 fortitudine
2163 5182 2291 5238 tua.

2405 5176 2613 5239 ferent
2659 5176 2934 5253 laudem,
2986 5196 3267 5241 amorem
3318 5186 3379 5239 et
3429 5177 3905 5260 contemplatio-

873 5276 1050 5341 Circa
1077 5276 1249 5358 quod
1276 5272 1587 5355 quaeritur
1619 5291 1634 5335 ε
1666 5291 1870 5354 quum
1897 5272 2136 5357 Moyses
2168 5294 2295 5339 non
2406 5293 2575 5338 nem.
2628 5275 2897 5358 Diligere
2952 5282 3165 5337 autem
3219 5276 3417 5337 Deum
3468 5294 3547 5337 ex
3602 5275 3899 5339 omnibus
