4300 6259
1126 513 1479 561 mAnnn-lo
1521 513 1586 559 m
1627 513 1766 560 cn.
1811 511 1923 558 xm
1966 510 2154 558 Lucia.
2198 531 2281 542 —
2320 512 2463 559 Διιτ.
2509 513 2678 559 xxxv
3382 491 3460 555 77

88 699 297 746 ‚ictam
344 680 439 742 dae
468 678 733 756 Galilaei,
752 682 832 743 de
858 702 989 764 quo
1019 684 1087 746 in
1116 685 1381 748 Actibus
1410 685 1853 766 Apostolorum
1881 680 1931 741 A
1963 681 2472 764 rosolymitarum
2511 684 2741 747 turrim
2780 682 3278 755 aedificaverunt,
3311 699 3456 762 quae

344 777 621 840 habetur
645 797 660 841 ε
685 781 799 861 qui
839 781 1076 855 docuit,
1104 783 1357 845 nullum
1397 791 1627 865 praeter
1657 783 1852 845 Deum

342 875 579 939 debere
630 879 963 942 dominum
1012 882 1347 966 appellari,
1400 899 1610 963 neque
1655 881 1856 944 Judae-

338 992 413 1035 os
452 974 689 1037 debere
736 976 979 1040 tributa
1026 980 1273 1042 solvere
1314 980 1703 1062 imperatori,
1738 997 1855 1042 nec

341 1089 461 1152 pro
492 1072 878 1157 imperatore
908 1076 1277 1158 populoque
1304 1077 1583 1142 Romano
1608 1077 1854 1141 Judaeos

341 1169 579 1233 debere
638 1173 957 1236 sacrificia
1014 1175 1367 1239 immolare.
1420 1175 1579 1238 Hinc
1638 1184 1855 1240 contra

340 1287 450 1332 eos
498 1270 865 1351 indignatus
907 1272 1165 1347 Pilatus,
1202 1274 1374 1355 ipsos
1417 1275 1687 1337 necavit.

424 1371 515 1430 Εἰ
544 1373 933 1447 respondens
959 1370 1163 1446 Jesu8,
1187 1375 1367 1432 dimit
1398 1375 1537 1432 illis
1566 1372 1689 1434 sibi
1720 1372 1853 1434 haec

342 1466 797 1530 nuntiantibus
832 1487 847 1532 ε
880 1472 1147 1531 Putatis
1186 1474 1361 1550 quod
1398 1472 1471 1531 hi
1514 1472 1778 1532 Galiloei
1817 1489 1855 1531 a

338 1563 541 1627 Pilato
581 1565 795 1628 'taliter
842 1567 1185 1642 interfecti,
1214 1589 1355 1646 proe
1391 1571 1688 1630 omnibus
1731 1571 1854 1632 Ga-

337 1667 539 1726 zilaeis
574 1675 928 1742 peccatores
964 1667 1265 1743 fuerunt,
1306 1667 1425 1731 hoc
1468 1676 1565 1730 est
1608 1667 1851 1748 gravio-

336 1761 523 1824 ribus
558 1762 833 1826 involuti
866 1765 1269 1840 criminibus,
1293 1768 1455 1844 quia
1488 1768 1649 1827 talia
1670 1768 1854 1843 passi

1963 779 2176 842 subito
2219 782 2473 855 cadenS,
2517 784 2734 846 decem
2779 789 2840 844 et
2882 789 3022 844 octo
3061 799 3140 842 ex
3182 779 3308 841 illis
3349 798 3458 860 op-

1963 879 2513 959 pressit.Putati3,
2546 883 2703 962 quia
2737 890 2795 942 et
2824 882 2954 957 ipsi
2980 881 3290 940 debitores
3317 881 3458 957 fue-

1960 988 2140 1047 runt,
2168 978 2286 1042 hoc
2316 987 2410 1040 est
2442 986 2950 1060 transgressoreS,
2971 987 3034 1040 et
3061 977 3204 1038 talis
3235 976 3458 1040 mortis

1964 1077 2357 1157 supplicium
2419 1084 2854 1158 promerentes
2901 1079 3224 1158 (peccator
3270 1075 3461 1155 quip-

1964 1192 2043 1255 pe
2073 1183 2169 1236 est
2198 1174 2446 1238 debitor
2485 1193 2709 1257 poenae,
2745 1183 2815 1238 ut
2841 1193 2979 1238 eam
3021 1175 3192 1254 luat3
3232 1182 3297 1236 et
3324 1191 3462 1254 poe-

1964 1291 2043 1333 na
2081 1272 2139 1333 ei
2185 1273 2473 1348 debetur,
2507 1282 2577 1336 ut
2606 1273 2664 1335 ei
2705 1274 3053 1354 infligatur,
3079 1273 3204 1335 nisi
3245 1290 3461 1334 emen-

1962 1372 2114 1450 det),
2140 1383 2382 1451 praeter
2409 1395 2625 1435 omnes
2657 1375 2944 1435 homines
2983 1376 3346 1435 habitantes
3383 1374 3458 1432 in

1958 1473 2341 1543 Jerusalem,
2397 1472 2460 1534 id
2518 1479 2614 1534 est
2669 1472 2894 1535 ceteris
2954 1471 3090 1533 istis
3149 1470 3454 1552 exceptiS,

1961 1568 2047 1630 ita
2086 1571 2260 1649 quod
2299 1570 2401 1632 isti
2453 1571 2688 1633 similia
2721 1579 2830 1633 aut
2877 1570 3116 1651 majora
3159 1569 3288 1651 pati
3331 1588 3458 1631 non

1960 1671 2378 1729 meruerunt?
3325 1659 3334 1668 '

2042 1769 2215 1835 Non,
2265 1769 2409 1827 dico
2459 1768 2654 1838 vobis,
2708 1766 2772 1829 id
2821 1773 2934 1840 cst,
2990 1765 3113 1846 ipsi
3163 1765 3280 1829 soli
3332 1784 3458 1828 non

332 1871 517 1932 sunt,
569 1878 645 1924 eo
691 1862 867 1942 quod
926 1881 1057 1944 prae
1110 1864 1336 1926 ceteris
1395 1872 1545 1927 sunt
1591 1865 1785 1928 occisi
1824 1868 1849 1926 2
1887 1865 1933 1928 B
1960 1863 2224 1926 fuerunt
2271 1865 2381 1926 illo
2427 1865 2648 1928 mortis
2697 1864 3015 1946 supplicio
3057 1863 3254 1944 digni.
3297 1863 3460 1925 Deus

332 1958 465 2022 Hoc
511 1960 688 2022 enim
718 1967 934 2043 posset
969 1961 1161 2023 alicui
1201 1981 1531 2044 apparere,
1567 1981 1641 2026 eo
1679 1965 1849 2044 quod

335 2076 535 2138 poena
578 2058 885 2120 debeatur
926 2060 1575 2142 proportioneturque
1618 2062 1845 2143 culpae.

332 2155 519 2219 Unde
576 2157 691 2238 qui
752 2157 1011 2238 gravius
1078 2159 1461 2240 puniuntur,
1524 2163 1850 2223 enormius

332 2272 641 2336 peccasse
686 2257 1009 2320 videntur.
1062 2256 1183 2320 Sed
1242 2257 1309 2319 in
1360 2258 1479 2320 hac
1538 2258 1668 2320 vita
1724 2277 1849 2320 non

332 2371 597 2436 semper
646 2354 739 2417 sic
786 2355 1040 2430 accidit,
1081 2356 1237 2436 quia
1282 2355 1525 2437 judicia
1571 2356 1852 2418 humana

332 2460 488 2515 sunt
532 2453 928 2534 imperfecta,
964 2472 1083 2516 nec
1111 2453 1361 2534 judices
1401 2455 1596 2536 hujus
1625 2455 1851 2517 mundi

332 2551 411 2612 de
442 2551 753 2614 omnibus
787 2551 1099 2632 judicant.
1139 2551 1371 2615 Verum
1403 2552 1468 2614 in
1510 2553 1729 2617 divino
1755 2553 1852 2634 ju-

334 2650 510 2712 dicio
553 2669 805 2712 summe
844 2651 1130 2733 perfecto
1168 2660 1232 2714 et
1270 2651 1487 2715 omnia
1525 2653 1851 2716 includen-

334 2757 418 2822 te,
482 2766 745 2830 semper
800 2750 894 2812 sic
949 2758 1067 2824 est,
1129 2752 1301 2833 quod
1362 2752 1586 2833 maJori
1646 2752 1853 2834 culpae

335 2846 654 2927 majorem
698 2846 938 2929 infligit
975 2868 1231 2930 poenam
1275 2851 1627 2912 secundum
1668 2850 1853 2930 justi-

333 2945 442 3008 tiae
492 2946 812 3022 ordinem,
847 2957 990 3029 post
1027 2950 1191 3012 hanc
1232 2949 1450 3026 vitam,
1484 2952 1741 3032 quando
1784 2951 1849 3012 in

1960 1963 2132 2024 enim
2172 1964 2597 2044 quorumdam
2639 1970 2895 2044 peccata
2925 1962 2990 2024 in
3035 1962 3330 2044 praesenti
3375 1962 3464 2023 ul-

1961 2061 2242 2134 ciscitur,
2287 2069 2358 2123 ut
2400 2079 2580 2123 suam
2619 2060 2932 2142 justitiam
2975 2060 3465 2143 providentiam-

1958 2178 2086 2240 que
2135 2161 2444 2234 ostendat,
2497 2167 2690 2240 atque
2738 2168 2808 2223 ut
2855 2161 3047 2222 ceteri
3108 2166 3465 2222 terreantur

1961 2266 2025 2320 et
2072 2258 2266 2321 vitam
2315 2259 2677 2333 emendent,
2722 2260 2823 2321 vel
2879 2266 2948 2320 ut
2995 2276 3110 2340 per
3154 2257 3462 2320 ultionem

1962 2357 2107 2419 vitae
2146 2357 2498 2438 praesentiS,
2533 2375 2571 2418 a
2609 2357 3007 2438 gravioribus
3045 2356 3282 2419 futuris
3320 2374 3465 2418 eru-

1960 2461 2150 2517 antur
2207 2455 2568 2536 suppliciiS,
2621 2455 2721 2517 vel
2781 2473 2859 2518 ne
2918 2455 3158 2518 diutius
3218 2455 3324 2518 hic
3375 2453 3467 2516 vi-

1961 2551 2190 2624 vend0,
2217 2551 2506 2630 ,gravius
2563 2558 2850 2632 peccent,
2903 2559 2967 2614 et
3023 2551 3279 2614 duriora
3338 2549 3462 2613 sibi

1963 2656 2188 2730 parent
2217 2656 2542 2712 tormenta.
2557 2648 2975 2721 Quorumdam
3008 2667 3156 2713 vero
3189 2657 3460 2731 peccata,

1962 2748 2257 2830 quamvis
2295 2748 2558 2830 majora,
2604 2767 2726 2811 non
2771 2747 3050 2810 vindicat
3088 2748 3154 2810 in
3195 2766 3466 2830 praesen-

1961 2848 2026 2918 ti,
2062 2866 2243 2909 suam
2285 2846 2350 2908 in
2383 2846 2474 2908 eis
2515 2847 2852 2909 ostendens
2892 2845 3460 2926 longanimitatem,

1964 2945 2357 3026 patientiam,
2413 2945 2733 3027 pietatem,
2787 2951 2852 3008 et
2898 2953 2969 3006 ut
3014 2945 3124 3007 diu
3176 2944 3466 3026 piissime

338 3045 458 3107 hac
510 3045 647 3109 vita
695 3065 820 3110 non
882 3049 1206 3128 praecessit
1254 3050 1559 3113 correctio
1608 3049 1845 3131 aliqua.
1891 3048 1933 3110 C
1966 3043 2228 3118 tolerati,
2248 3044 2502 3106 tandem
2533 3044 2612 3105 ad
2642 3061 2750 3106 cor
2779 3050 3267 3106 convertantur:
3293 3044 3464 3124 quod

337 3143 505 3206 Hinc
552 3143 854 3206 subditur
888 3164 903 3208 :

422 3244 607 3311 Non,
647 3245 792 3302 dico
838 3246 1034 3315 vobis,
1087 3243 1151 3306 id
1200 3252 1315 3318 cst,
1364 3244 1607 3327 praefati
1658 3248 1850 3310 occisi

338 3359 469 3403 non
512 3340 783 3402 fuerunt
824 3341 1123 3404 omnibus
1168 3343 1393 3404 ceteris
1432 3342 1703 3407 Galilaeis
1748 3364 1856 3427 pe-

336 3439 539 3520 joreS,
590 3439 889 3520 quamvis
946 3439 1154 3521 iniqui
1213 3438 1476 3502 fuerunt
1533 3449 1595 3504 et
1653 3452 1853 3507 morte

340 3539 461 3600 hac
500 3536 683 3618 digni
710 3556 726 3616 ;
777 3540 887 3597 sed
916 3539 1053 3597 nisi
1071 3540 1533 3615 poenitentiam
1561 3542 1855 3601 habueri-

340 3639 447 3708 tiS,
502 3635 571 3696 id
621 3642 719 3697 est
776 3634 1057 3698 dolorem
1107 3653 1273 3698 verae
1332 3636 1729 3700 contritionis
1778 3639 1855 3700 de

1964 3143 2015 3206 si
2062 3144 2273 3206 facere
2316 3141 2729 3222 neglexerint,
2775 3149 2992 3223 postea
3036 3141 3271 3221 justius
3316 3161 3466 3205 con-

1964 3244 2367 3315 demnentur,
2417 3241 2802 3322 graviusque
2850 3240 3231 3304 aeternaliter
3278 3241 3467 3321 puni-

1964 3348 2176 3402 antur.
2228 3340 2294 3401 ln
2350 3339 2611 3420 quibuS,
2665 3339 2829 3402 sicut
2885 3340 2952 3402 in
3011 3339 3237 3402 ceteris
3292 3340 3461 3402 mul—

1962 3439 2068 3512 tis,
2100 3444 2365 3520 apparet
2392 3456 2585 3519 quam
2624 3438 3298 3520 incomprehensibilia
3335 3440 3464 3500 sint
3489 3465 3752 3519 amma.

1966 3536 2261 3598 sublimis
2323 3535 2428 3597 Dei
2485 3535 2726 3615 judicia
2779 3554 2792 3598 ε
2843 3555 2988 3618 quae
3047 3554 3164 3598 nec
3221 3544 3460 3598 temere

1966 3633 2373 3716 perscrutari,
2424 3651 2538 3695 nec
2588 3633 3125 3714 comprehendere
3175 3632 3340 3696 velle
3387 3635 3460 3697 li-

340 3733 578 3796 vestris
644 3733 942 3814 peccatiS,
993 3753 1209 3795 omnes
1253 3735 1565 3796 similiter
1606 3737 1853 3810 peribi-

341 3833 449 3900 tis,
489 3831 617 3893 hoc
655 3837 771 3905 est,
815 3830 1196 3894 aeternaliter
1242 3831 1849 3908 condemnabimini,

338 3929 896 4011 quemadmodum
944 3928 1040 3990 illi
1092 3929 1157 3990 in
1207 3929 1339 3991 suis
1390 3930 1713 4012 sacrilegis
1761 3950 1856 3993 sa-

340 4026 623 4090 crificiis
670 4027 1054 4108 deprehensi
1111 4035 1303 4107 atque
1352 4030 1691 4110 perempti.
1744 4029 1853 4092 Vel

1966 3739 2064 3794 cet
2112 3731 2350 3805 conari,
2397 3731 2550 3811 quia
2597 3737 2906 3793 scrutator
2952 3731 3300 3812 majestatis
3348 3751 3462 3814 op-
3507 3765 3751 3822 10me

1967 3831 2281 3914 primetur
2309 3849 2346 3892 a
2371 3828 2738 3910 gloria.Sed
2763 3830 2825 3887 si
2843 3832 3298 3906 poenitentiam
3327 3851 3456 3893 non
3487 3827 3556 3873 ²⁷·

1963 3932 2224 4009 eqeritis
2269 3936 2416 3990 ante
2465 3927 2707 3988 exitum
2763 3927 2991 3991 animae
3041 3929 3117 3991 de
3167 3947 3453 4011 corpore,

1965 4050 2179 4090 omnes
2210 4029 2521 4088 similiter
2544 4026 2867 4103 peribitis.
2903 4026 3065 4088 Deus
3105 4027 3280 4089 enim
3319 4047 3456 4110 pec-
3527 4056 3611 4100 10⁶
3634 4070 3750 4110 xm.

342 4127 491 4189 ideo
542 4125 655 4200 ait,
700 4124 1007 4186 Similiter
1056 4125 1368 4206 peribitiS,
1420 4127 1573 4208 quia
1621 4135 1683 4188 et
1730 4127 1852 4209 ipsi
1966 4136 2176 4190 catum
2226 4125 2499 4187 inultum
2555 4122 2648 4184 ire
2695 4143 2821 4187 non
2883 4123 3140 4205 patitur.
3195 4125 3338 4189 ldeo
3391 4127 3456 4188 in
3487 4120 3556 4164 ¹²·

341 4224 573 4298 Judaei,
615 4223 771 4304 quia
809 4223 887 4285 de
929 4222 1160 4285 Christi
1200 4224 1518 4287 occisione
1556 4243 1682 4288 non
1726 4244 1856 4307 poe-
1884 4229 1935 4290 D
1964 4224 2402 4288 Ecclesiastico
2440 4222 2670 4304 legitur
2704 4241 2717 4287 :
2750 4221 2812 4284 Si
2854 4223 3293 4305 poenitentiam
3331 4245 3458 4290 non
3487 4251 3752 4305 necuim.

343 4323 709 4396 nituerunt,
762 4328 979 4402 postea
1024 4341 1061 4382 a
1108 4320 1404 4384 Romanis
1464 4341 1578 4404 pro
1632 4341 1859 4404 magna
1966 4322 2304 4403 egerimus,
2367 4321 2722 4384 incidemus
2785 4321 2850 4383 in
2915 4341 3141 4385 manus
3203 4323 3335 4400 Dei,
3397 4334 3461 4386 et

344 4429 531 4504 parte
570 4418 765 4482 occisi
805 4425 977 4492 sunt,
1012 4437 1137 4482 non
1178 4419 1466 4482 obstante
1494 4422 1665 4501 quod
1706 4427 1859 4484 tunc
1966 4440 2092 4484 non
2125 4419 2191 4481 in
2221 4438 2448 4481 manus
2479 4419 2834 4482 hominum.
2855 4455 2938 4464 —
2967 4419 3288 4485 Postremo
3318 4441 3461 4485 con-

344 4517 675 4583 sacrificia
708 4516 987 4598 plurima
1023 4516 1149 4579 Deo
1180 4535 1295 4597 pro
1333 4537 1445 4579 sua
1485 4517 1857 4582 liberatione
1966 4526 2088 4581 stat
2133 4536 2210 4580 ex
2260 4519 2382 4594 his,
2424 4518 2595 4598 quod
2643 4535 2716 4579 ea
2758 4536 2902 4598 quae
2938 4519 3276 4582 casualiter
3319 4539 3463 4584 eve-

348 4619 415 4681 in
456 4613 814 4679 Jerusalem
857 4613 1258 4677 obtulissent.
1966 4618 2105 4679 nire
2146 4617 2568 4688 videntur,.et
2611 4633 2756 4696 quae
2805 4632 2921 4696 per
2969 4615 3248 4680 humana
3291 4617 3463 4681 fiunt

186 4729 217 4785 4
428 4717 631 4778 Sicut
670 4714 782 4772 illi
817 4716 1031 4774 decem
1068 4723 1127 4773 et
1165 4723 1323 4780 occo,
1353 4733 1545 4790 super
1573 4737 1726 4794 quos
1764 4737 1859 4776 ce-
1962 4715 2206 4797 judicia
2244 4715 2308 4776 in
2351 4713 2683 4796 punitione
2722 4732 2998 4789 reorum,
3033 4723 3194 4776 nutu
3229 4724 3291 4778 et
3327 4736 3462 4780 mo-

122 4835 203 4886 ’ζει
220 4838 323 4880 ωσι·-
347 4815 521 4876 cidit
569 4811 775 4872 turris
816 4812 889 4872 in
934 4813 1110 4873 Siloe
1130 4813 1175 4872 ⁹¹.
1228 4809 1398 4875 Siloe
1445 4810 1589 4876 sons
1639 4820 1733 4875 est
1792 4814 1857 4877 in
1967 4814 2292 4877 deramine
2336 4810 2748 4893 providentiae
2789 4811 3022 4875 divinae
3062 4822 3358 4894 aguntur.

94 4893 241 5002 Ἓξ,
264 4965 303 5004 ⁶·
344 4909 732 4990 Jerusalem,
762 4908 944 4989 juxta
982 4909 1141 4972 illud
1174 4909 1347 4972 Isaiae
1382 4929 1395 4973 ε
1430 4911 1547 4975 Pro
1576 4930 1650 4976 eo
1688 4915 1861 4995 quod
2045 4911 2283 4973 Deinde
2313 4909 2592 4972 Salvator
2621 4910 2914 4992 exemplo
2943 4910 3304 4992 parabolico
3332 4913 3462 4978 rui-

240 4993 251 5010 ⁹
347 5009 597 5092 abiecit
662 5007 945 5090 populus
1012 5007 1129 5070 iste
1195 5027 1392 5088 aquas
1460 5009 1647 5084 Siloe,
1716 5030 1860 5091 quae
1968 5030 2115 5075 nam
2143 5009 2482 5091 Synagogae
2513 5009 2917 5090 praenuntiat.
2953 5011 3216 5070 Dicebat
3244 5021 3458 5072 autem
3603 5036 3638 5090 6

350 5115 695 5172 transcunt
724 5123 871 5168 cum
912 5106 1187 5168 silentio.
1226 5105 1299 5167 Et
1328 5107 1393 5168 in
1421 5106 1659 5170 Joanne
1688 5109 1864 5172 Chri·
1968 5113 2136 5171 hanc
2160 5108 2691 5177 similitudinem,
2721 5107 2940 5170 volens
2983 5107 3323 5171 humiliare
3357 5108 3463 5170 Ju-

90 5225 327 5280 ιοωιωςι.
354 5218 493 5270 stus
545 5206 837 5288 loquitur
877 5223 1043 5268 caeco
1091 5213 1239 5268 nato
1292 5223 1305 5267 :
1353 5205 1520 5268 Vade
1567 5207 1644 5268 ad
1694 5215 1867 5269 nata-
1972 5208 2159 5281 daeoS,
2209 5205 2322 5287 qui
2373 5222 2626 5286 semper
2668 5224 2734 5267 se
2781 5205 2985 5286 justos
3037 5213 3260 5287 putare
3302 5215 3466 5268 cete-

356 5306 521 5370 toria
552 5303 745 5368 Siloe.
776 5303 963 5365 Juxta
1000 5303 1173 5365 hunc
1202 5303 1441 5366 fontem
1480 5304 1742 5386 quidam
1768 5305 1865 5368 Je-
1974 5305 2191 5387 risquc
2240 5303 2540 5386 praeferre
2587 5304 2770 5385 proni
2819 5304 3218 5367 exstiterunt.
3264 5308 3467 5368 Arbo-
