4300 6259
98 1047 321 1097 Gen.1,11.

78 1539 189 1582 Dent.
200 1542 321 1586 ’1,20.

110 1637 207 1680 Gen.

80 1705 137 1742 33.

84 2717 95 2758 1
108 2719 219 2761 Petr.
232 2733 273 2764 v.
287 2722 327 2760 ⁴1.

226 1650 325 1683 m,
354 1618 587 1682 Genesi
637 1640 898 1703 quoque
943 1623 1133 1686 Jacob
1186 1630 1449 1685 testatur

1142 467 1493 514 numano
1536 467 1599 512 IN
1640 466 1778 512 cAP.
1824 465 1912 511 111
1954 465 2143 512 LUGAE.
2192 485 2272 496 -
2313 467 2455 513 ART.
2501 465 2698 513 XXXIII

3385 447 3465 511 63

354 633 567 696 lilium
608 637 767 717 agri,
804 640 1157 701 secundum
1194 639 1366 718 quod
1408 637 1652 702 foenum
1685 637 1941 700 voca—'A
1975 637 2251 718 partium
2301 646 2365 700 et
2409 639 2682 718 quadam
2733 637 2930 700 veluti
2982 655 3136 719 pace
3183 635 3464 717 reliquit.

356 741 465 792 tur
514 735 850 814 quodlibet
909 737 1277 817 hujusmodi
1334 755 1595 816 germen
1658 743 1859 798 terrae.

352 832 483 893 Alii
545 851 663 914 per
707 834 955 898 foenum
1014 837 1383 916 intelligunt
1433 837 1697 899 herbam
1752 853 1862 897 seu

350 949 649 1010 gramen.
682 933 857 997 Unde
898 936 963 997 in
993 934 1243 1008 Genesi,
1279 935 1389 997 ubi
1430 945 1644 998 nostra
1672 943 1866 997 trans·

353 1030 511 1094 latio
558 1031 771 1108 habet,
823 1034 1133 1098 Producat
1180 1043 1347 1098 terra
1394 1035 1699 1114 herbam3
1742 1036 1865 1098 alia

354 1130 665 1204 continet,
699 1130 1009 1195 Producat
1054 1141 1223 1195 terra
1268 1132 1538 1196 foenum.
1572 1137 1659 1195 Et
1695 1154 1863 1202 cras,

352 1227 423 1288 id
474 1234 569 1289 est
619 1229 811 1310 paulo
858 1239 1023 1311 post,
1075 1249 1189 1294 seu
1239 1232 1304 1293 in
1353 1230 1593 1295 futuro.
1634 1231 1866 1313 Sicque

352 1325 423 1386 in
468 1327 665 1388 veteri
709 1327 1110 1392 Testamento
1146 1327 1518 1411 frequenter
1555 1330 1869 1412 accipitur

353 1422 509 1486 Cras
554 1443 569 1487 ε
616 1433 686 1487 ut
733 1445 935 1508 quum
987 1427 1053 1489 in
1104 1428 1590 1493 Deuteronomio
1628 1427 1864 1510 Moyses

354 1521 471 1596 ait,
504 1520 567 1583 Si
602 1522 1085 1604 interrogaverit
1114 1532 1176 1586 te
1208 1523 1384 1586 filius
1426 1533 1572 1586 tuus
1604 1545 1761 1588 craS.
1796 1527 1864 1588 In

1503 1642 1516 1684 :
1618 1643 1717 1686 ras
1766 1645 1796 1686 r
1835 1660 1864 1671 -

355 1718 705 1798 spondebit
742 1718 902 1781 mihi
940 1719 1187 1801 justitia
1226 1739 1387 1782 mea.
1421 1725 1507 1782 In
1536 1623 1867 1784 σῗίόαηαῗη

1973 735 2150 815 Hugo
2181 755 2458 817 quoque,
2494 737 2658 798 libro
2689 737 2767 798 de
2797 736 3024 798 Tribus
3065 736 3311 808 diebuS,
3348 734 3472 796 dis-

1975 835 2222 896 seruit:
2256 834 2366 896 Est
2410 853 2632 896 verum
2683 842 2746 896 et
2793 835 3052 896 evidens
3102 833 3336 896 divinae
3379 851 3474 894 sa-

1976 933 2232 1014 pientiae
2287 941 2756 1014 argumentum,
2807 935 2978 1014 quod
3032 951 3222 995 omne
3269 950 3472 1012 genus

1974 1031 2186 1092 simile
2222 1031 2344 1093 sibi
2389 1038 2696 1112 procreat,
2741 1039 2803 1092 et
2842 1032 2908 1093 in
2951 1039 3080 1092 tam
3125 1030 3343 1093 multis
3389 1029 3474 1090 si-

1976 1130 2270 1193 militudo
2328 1149 2454 1192 una
2511 1138 2871 1212 propagata,
2929 1130 3152 1212 primae
3207 1129 3472 1210 originis

1973 1228 2245 1292 formam
2294 1247 2420 1292 non
2467 1229 2687 1290 variat.
2731 1229 3244 1309 Unumquodque
3291 1247 3468 1290 suam

1976 1327 2256 1407 speciem
2305 1326 2516 1401 habet,
2561 1334 2624 1388 et
2671 1326 3175 1407 unumquodque
3220 1325 3471 1406 generis

1977 1426 2075 1486 sui
2108 1425 2594 1488 similitudinem
2627 1433 2854 1488 servat.
2874 1424 3030 1486 Vide
3060 1424 3306 1500 folium,
3327 1442 3476 1505 quo-

1978 1525 2166 1587 modo
2232 1524 2487 1585 serratis
2556 1523 2852 1584 dentibus
2914 1541 3027 1605 per
3081 1540 3306 1604 gyrum
3376 1523 3471 1585 di-

1978 1621 2344 1702 stinguitur,
2379 1623 2698 1702 quomodo
2729 1621 3114 1684 intrinsecus
3145 1621 3472 1703 productis

1977 1720 2238 1784 costulis
2296 1720 2422 1782 huc
2479 1720 2762 1800 illucque
2819 1720 3143 1781 intexitur.
3199 1719 3474 1781 Numera

354 1817 681 1888 mittitur,
711 1836 911 1899 quum
956 1819 1201 1881 scilicet
1244 1818 1440 1881 fuerit
1477 1820 1865 1882 desiccatum
1906 1821 1949 1881 B
1980 1838 2202 1897 unum„
2256 1836 2521 1879 numera
2567 1816 2762 1879 aliud.
2815 1816 3014 1879 Omne
3061 1819 3232 1899 quod
3282 1817 3472 1880 unius

356 1922 423 1975 et
471 1922 621 1995 apta
670 1916 934 1978 materia
984 1917 1172 1998 ignis.
1203 1921 1379 1980 Deus
1424 1920 1517 1977 sic
1558 1921 1767 1990 vescit,
1802 1920 1864 1980 id

355 2012 701 2086 est,colore
732 2023 793 2075 et
822 2015 965 2076 aliis
1000 2025 1125 2078 tam
1158 2013 1419 2099 pul‘chre
1450 2025 1645 2080 ornat
1664 2021 1869 2086 Quan-

358 2121 419 2171 ιο
452 2114 667 2190 magis
704 2116 853 2173 vos?
881 2114 943 2175 id
986 2123 1103 2188 est,
1138 2116 1339 2178 multo
1380 2117 1525 2197 plus
1568 2116 1746 2178 vobis
1790 2117 1867 2178 de

358 2211 747 2274 vestimento
786 2212 1170 2293 providebit,
1206 2215 1256 2275 si
1291 2213 1628 2276 confidatis
1667 2214 1734 2276 in
1766 2233 1863 2288 θο,

355 2327 395 2371 o
438 2308 733 2372 homines
764 2312 1055 2386 pusilloe,
1098 2311 1163 2372 id
1212 2319 1308 2373 est
1356 2313 1641 2386 modicae‚
1685 2314 1869 2391 fidei,

356 2407 517 2487 quia
563 2415 693 2470 tam
746 2409 932 2490 proni
984 2410 1135 2470 estis
1188 2412 1265 2472 ad
1315 2409 1739 2473 diffidendum
1793 2412 1871 2473 de

359 2504 735 2584 provisione
772 2505 992 2567 divina
1028 2523 1041 2567 ε
1076 2507 1248 2586 quod
1288 2515 1532 2570 constat
1572 2526 1686 2589 per
1726 2508 1865 2582 hoc,

359 2602 538 2682 quod
575 2609 707 2663 tam
756 2603 1027 2666 sollicite
1074 2612 1267 2686 atque
1316 2604 1646 2687 superflue
1689 2607 1871 2669 vobis

358 2700 743 2781 temporalia
789 2701 1160 2782 providetis
1203 2702 1363 2765 Hinc
1410 2703 1630 2765 Petrus
1676 2722 1689 2766 ε
1732 2703 1876 2766 Om-

360 2817 513 2860 nem
574 2799 1075 2862 sollicitudinem
1126 2810 1401 2864 vestram
1463 2801 1873 2883 projicientes

360 2897 428 2957 in
484 2915 657 2970 eum,
700 2898 1007 2978 quoniam
1058 2899 1182 2980 ipsi
1222 2918 1373 2961 cura
1410 2908 1507 2962 est
1546 2901 1623 2962 de
1665 2900 1869 2964 vobis,

358 3093 635 3156 avaritia
681 3095 963 3156 contenti
1010 3095 1454 3176 praesentibus.
1492 3096 1653 3158 Deus
1704 3099 1877 3158 enim

226 3225 253 3261 ι,
301 3243 313 3254 .
360 3192 530 3254 dixit
553 3211 568 3254 z
591 3191 729 3254 Non
760 3199 825 3254 te
854 3193 1141 3255 deseram
1174 3212 1383 3275 neque
1413 3194 1875 3276 derelinquam.

234 3323 277 3360 ιι,
319 3340 331 3352 .
359 3291 455 3352 lta
488 3297 559 3352 ut
587 3288 989 3353 confidenter
1020 3290 1305 3354 dicamus
1333 3310 1347 3354 t
1383 3292 1685 3355 Dominus
1717 3293 1876 3355 mihi

358 3389 623 3470 adjutor
668 3397 787 3462 est,
839 3407 966 3452 non
1019 3389 1257 3453 timebo
1305 3389 1464 3472 quid
1520 3390 1710 3454 faciat
1762 3392 1881 3453 mi-

360 3487 429 3549 hi
476 3487 693 3550 homo.
736 3485 813 3548 Et
860 3486 1192 3550 Psalmista
1238 3487 1473 3550 fatetur
1517 3507 1530 3550 :
1574 3489 1878 3552 Dominus

358 3585 684 3648 sollicitus
722 3592 819 3646 est
852 3585 1015 3665 mei3
1059 3585 1365 3667 itemque,
1405 3586 1595 3660 Jacta,
1642 3587 1874 3668 inquit,

360 3702 565 3766 super
606 3683 947 3746 Dominum
1000 3702 1218 3745 curam
1268 3691 1466 3759 tuam,
1520 3692 1582 3746 et
1630 3686 1769 3766 ipse
1815 3695 1878 3748 te

354 3782 667 3844 enutriet.
707 3780 757 3843 Ο
802 3800 999 3863 quam
1048 3781 1235 3843 multi
1290 3782 1403 3863 qui
1454 3782 1735 3863 religiosi
1788 3783 1881 3845 vi-

356 3883 618 3952 dentur,
658 3887 879 3942 contra
921 3879 1085 3941 hanc
1134 3879 1364 3942 Christi
1409 3888 1605 3960 agunt
1648 3881 1878 3944 doctri-

358 3999 531 4052 nam,
548 3997 675 4040 non
708 3986 1027 4039 cessantes
1058 3977 1227 4040 circa
1254 3979 1623 4060 temporalia
1651 3998 1877 4060 augen-

358 4079 441 4140 da
484 4075 841 4148 sollicitari,
880 4076 947 4137 in
984 4075 1303 4138 alimentis
1348 4084 1410 4138 et
1451 4078 1869 4154 vestimentiS,

1977 1925 2071 1978 est
2106 1917 2381 1997 generiS,
2419 1916 2609 1978 unius
2652 1916 2938 1978 invenies
2979 1916 3418 1978 similitudinis
3453 1935 3467 1978 ε

1977 2023 2069 2079 tot
2098 2017 2317 2078 dentes
2358 2015 2423 2077 in
2467 2034 2616 2088 uno,
2652 2023 2808 2096 quot
2845 2015 2911 2077 in
2951 2016 3112 2096 alio;
3147 2023 3237 2078 tot
3266 2023 3474 2078 costu-

1979 2114 2069 2175 las
2103 2115 2168 2175 in
2211 2133 2358 2187 uno,
2393 2122 2550 2195 quot
2589 2114 2654 2175 in
2685 2113 2842 2192 ali0;
2875 2114 3065 2175 talem
3104 2114 3377 2177 colorem
3411 2122 3474 2176 et

1978 2212 2250 2276 formam
2294 2213 2360 2274 in
2408 2231 2554 2286 uno,
2601 2212 2856 2293 qualem
2901 2213 2964 2273 in
3009 2212 3154 2275 alio.

2059 2312 2326 2393 Insuper
2365 2328 2441 2372 ex
2483 2310 2713 2372 horum
2756 2311 3289 2392 contemplatione
3329 2311 3476 2373 sub-

1979 2408 2101 2482 tili,
2142 2408 2404 2489 quidam
2455 2407 2740 2488 praeclari
2787 2407 3152 2489 philosophi
3201 2409 3480 2470 attende-

1984 2513 2133 2568 runt
2181 2514 2244 2568 et
2293 2506 2810 2587 conscripserunt
2853 2505 3318 2587 providentiam
3370 2507 3478 2569 Dei

1983 2604 2278 2666 sublimis
2329 2611 2390 2664 et
2437 2603 2754 2666 benedicti
2807 2622 3010 2684 usque
3053 2605 3130 2665 ad
3182 2603 3484 2668 inferiora

1984 2721 2056 2763 ac
2105 2702 2232 2763 ima
2279 2701 2662 2783 pertingere.
2709 2700 2968 2782 Propter
3017 2702 3187 2783 quod
3237 2702 3482 2765 decimo

1984 2801 2061 2861 de
2101 2798 2364 2862 Civitate
2408 2798 2515 2860 Dei
2559 2797 2785 2859 asserit
2827 2799 3213 2878 Augustinus
3249 2819 3264 2862 ε
3297 2799 3484 2863 Ploti—

1985 2916 2105 2959 nus
2157 2897 2510 2959 Platonicus
2555 2897 2633 2958 de
2679 2896 3078 2978 providentia
3124 2899 3478 2979 disputanS,

244 3027 327 3059 xm,
359 2994 439 3056 Et
491 2996 568 3057 ad
616 2995 915 3060 Hebraeos
962 2995 1193 3058 Paulus
1236 3016 1249 3061 :
1293 2997 1433 3060 Sint
1480 3017 1687 3061 mores
1737 2999 1874 3062 sine
1910 2999 1954 3063 C
1984 3015 2121 3058 eam
2154 3015 2191 3057 a
2231 3013 2481 3057 summo
2522 2994 2666 3074 Dec,
2701 2993 2885 3074 cujus
2925 3003 3020 3056 est
3058 2995 3481 3078 intelligibilis

1984 3103 2176 3176 atque
2235 3091 2584 3155 ineffabilis
2650 3092 3080 3174 pulchritudo,
3142 3113 3346 3176 usque
3403 3098 3478 3159 ad

1986 3193 2121 3256 haec
2159 3199 2410 3254 terrena
2447 3198 2511 3252 et
2549 3190 2678 3252 ima
2721 3191 3100 3272 pertingere,
3133 3211 3210 3254 ex
3251 3191 3481 3256 floscu-

1986 3289 2194 3353 lorum
2225 3309 2297 3352 ac
2337 3289 2638 3353 foliorum
2682 3289 3158 3371 pulchritudine
3197 3310 3485 3374 compro-

1986 3389 2095 3450 bat
2128 3406 2141 3450 ε
2177 3407 2322 3470 quae
2364 3387 2577 3449 omnia
2614 3387 2798 3468 quasi
2835 3387 3082 3467 abjecta
3120 3398 3183 3452 et
3221 3390 3486 3453 velocis-

1988 3487 2148 3550 sime
2208 3485 2560 3568 pereuntia,
2609 3485 3088 3550 decentissimos
3137 3487 3484 3551 formarum

1988 3605 2246 3649 suarum
2278 3603 2576 3648 numeros
2609 3586 2842 3648 habere
2883 3605 3008 3650 non
3041 3606 3224 3667 posse
3255 3589 3488 3651 confir-

1988 3692 2136 3756 mat,
2183 3684 2306 3746 nisi
2357 3684 2506 3746 inde
2553 3682 2931 3759 formentur,
2979 3685 3089 3746 ubi
3140 3685 3344 3748 forma
3391 3687 3487 3748 in-

1987 3782 2338 3864 telligibilis
2369 3791 2431 3844 et
2470 3782 3011 3847 incommutabilis
3053 3783 3242 3845 simul
3273 3803 3484 3846 exem-

1986 3882 2250 3962 plariter
2299 3880 2540 3943 habens
2598 3881 2834 3954 omnia,
2889 3891 3270 3962 perseverat.
3323 3882 3482 3946 Hinc

1984 3980 2174 4042 etiam
2205 3979 2368 4040 Beda
2399 3998 2413 4041 :
2446 3979 2614 4056 Quae,
2651 3980 2882 4061 inquit,
2920 3999 3205 4062 purpura
3235 3999 3477 4061 regum,

1984 4097 2127 4159 quae
2167 4077 2414 4160 pictura
2451 4077 2813 4152 textricum,
2853 4085 3059 4159 potest
3103 4077 3372 4141 floribus
3414 4081 3479 4142 in

357 4195 491 4240 non
533 4175 742 4236 solum
784 4173 1169 4248 necessitati,
1205 4175 1313 4236 sed
1352 4183 1415 4236 et
1455 4176 1763 4256 voluptati
1802 4196 1873 4238 ac
1906 4183 1955 4244 D
1987 4176 2466 4259 pulchritudine
2509 4177 2908 4258 comparari?

358 4273 721 4338 curiositati
782 4272 1167 4346 satisfacere,
1220 4280 1282 4334 et
1336 4273 1421 4334 ita
1472 4280 1717 4335 terrena
1774 4293 1874 4336 ac—

357 4372 721 4446 cumulare,
754 4371 939 4452 quasi
979 4388 1105 4433 non
1149 4378 1316 4433 esset
1354 4370 1484 4434 vita
1525 4379 1669 4452 post
1712 4371 1873 4434 hanc

360 4472 565 4534 vitam
602 4475 617 4531 1

440 4569 667 4651 Itaque
696 4585 775 4630 ex
808 4566 1200 4649 praeinducta
1238 4566 1695 4629 irrationalium
1730 4586 1873 4649 pro-

360 4668 637 4739 visione,
660 4667 1286 4745 inanimatorumque
1316 4665 1735 4741 decoratione,
1756 4666 1873 4729 cla-

358 4788 430 4831 re
480 4766 845 4831 ostenditur
894 4763 1293 4846 providentia
1348 4762 1453 4824 Dei
1509 4765 1585 4824 ad
1644 4773 1873 4827 cuncta

360 4867 754 4949 pertingere.
808 4863 969 4924 Hinc
1023 4862 1250 4942 quinto
1308 4862 1386 4922 de
1440 4861 1705 4924 Civitate
1760 4863 1867 4924 Dei

358 4965 593 5028 asserit
638 4961 1035 5043 Augustinus
1088 4979 1101 5022 :
1156 4959 1318 5020 Deus
1375 4978 1491 5022 uec
1544 4961 1755 5041 exigui
1807 4971 1870 5024 et

360 5060 873 5143 contemptibilis
910 5057 1251 5121 animantis
1286 5058 1549 5132 viscera,
1582 5077 1700 5121 nec
1732 5059 1868 5122 avis

364 5162 744 5245 pennulam,
782 5175 899 5220 nec
942 5157 1156 5219 herbae
1205 5156 1570 5231 flosculum,
1608 5175 1725 5220 nec
1774 5178 1871 5220 ar-

2068 4275 2406 4348 Postremo,
2441 4274 2494 4335 si
2534 4272 2698 4335 Deus
2730 4274 3042 4354 gloriosus
3084 4283 3147 4336 et
3174 4274 3352 4350 felix,
3388 4295 3485 4339 re-

1984 4373 2103 4434 bus
2150 4380 2282 4434 tam
2333 4372 2570 4434 vilibus
2625 4379 2870 4434 tantum
2921 4373 3244 4454 impressit
3299 4375 3484 4438 deco-

1986 4488 2142 4545 rem,
2188 4479 2257 4531 ut
2305 4470 2370 4531 in
2421 4469 2649 4551 pennis
2700 4478 2871 4553 patet
2918 4473 3182 4552 pavonis
3229 4491 3243 4534 z
3287 4491 3480 4554 quam

1984 4567 2520 4649 superexcellens,
2554 4568 3070 4650 incomparabilis
3110 4577 3172 4631 et
3215 4571 3483 4634 immen-

1984 4686 2052 4728 sa
2080 4674 2177 4728 est
2207 4665 2616 4747 pulchritudo
2647 4665 2848 4748 ipsius
2881 4667 2946 4728 in
2979 4685 3045 4729 se
3075 4668 3234 4749 ipso,
3260 4688 3478 4750 quam-

1982 4782 2109 4846 que
2138 4763 2694 4826 delectabilissima
2721 4764 2796 4826 ad
2833 4765 3209 4827 videndum?
3239 4767 3477 4833 Idcirco

1984 4873 2051 4924 ut
2097 4881 2232 4924 eam
2277 4881 2447 4924 nunc
2497 4881 2610 4943 per
2649 4862 2845 4925 fidem
2889 4871 2952 4924 et
2994 4865 3320 4945 sapientiae
3366 4869 3474 4931 do-

1983 4981 2159 5036 num,
2213 4961 2441 5022 deinde
2491 4979 2605 5042 per
2653 4961 2932 5043 speciem
2982 4963 3216 5025 intueri
3270 4965 3471 5027 simus

1979 5061 2293 5142 dispositi,
2346 5067 2623 5122 mentem
2677 5060 2756 5122 ab
2806 5061 2978 5124 omni
3040 5061 3182 5124 labe
3234 5065 3472 5145 peccati

1980 5158 2385 5220 mundemus,
2438 5156 2687 5220 Etenim
2737 5159 2904 5221 beati
2963 5162 3200 5224 mundo
3258 5165 3467 5244 corde,
3497 5183 3765 5237 uanam.

367 5261 542 5324 boris
600 5257 856 5330 folium,
912 5255 1050 5317 sine
1108 5273 1368 5316 suarum
1426 5255 1870 5319 convenientia
1978 5257 2282 5338 quoniam
2327 5257 2451 5339 ipsi
2495 5256 2692 5319 Deum
2732 5257 3060 5334 videbunt,
3095 5259 3282 5340 cujus
3329 5263 3472 5344 pul-
