4300 6259
856 475 975 540 314

1664 487 2012 536 muliano
2052 487 2117 534 m
2158 487 2298 535 ω.
2343 488 2388 534 11
2427 488 2706 535 tomis.
2749 508 2832 519 —
2871 490 3014 537 Am.
3059 491 3145 536 vu

857 664 1145 728 Christus
1204 682 1355 727 vero
1413 661 1599 725 scivit
1657 662 1776 725 hoc
1832 679 1960 724 non
2024 661 2346 742 expedire,
2374 658 2425 719 A
2533 663 2753 723 Erant
2779 671 2994 722 autem
3025 663 3119 722 ibi
3147 663 3418 739 lapidem
3445 663 3725 740 hydriae,
3751 662 3806 723 id
3850 668 3954 723 est

854 764 1008 845 quia
1059 771 1208 825 tunc
1266 760 1645 824 miraculum
1704 759 1933 822 fuisset
1979 760 2194 823 minus
2245 779 2350 823 no-

853 871 989 924 tum
1022 870 1085 924 et
1111 869 1382 942 gratum.
1418 859 1725 931 Quoniam
1756 877 1905 939 ergo
1938 860 2138 923 voluit
2169 877 2347 921 suam

853 961 1248 1023 divinitatem
1280 959 1631 1031 ostendere,
1657 957 2250 1039 discipulorumque
2279 955 2352 1017 fi-

854 1060 997 1121 dem
1040 1058 1356 1131 roborare,
1392 1055 1781 1138 exspectavit
1817 1072 2156 1137 quousque
2186 1054 2347 1117 nihil

854 1159 931 1221 de
983 1158 1129 1220 vino
1180 1156 1531 1243 permansit
1581 1173 1595 1217 ε
1649 1174 1777 1235 quo
1835 1153 2022 1228 facto,
2076 1154 2350 1217 miracu-

854 1258 986 1321 lum
1039 1257 1419 1341 provisionis
1468 1257 1545 1317 de
1598 1256 1745 1318 vino
1794 1255 1918 1317 fuit
1966 1254 2164 1336 magis
2211 1273 2351 1335 gra-

851 1365 989 1421 tum
1041 1355 1467 1429 vescentibus,
1521 1354 1718 1435 magis
1777 1372 2037 1435 quoque
2089 1354 2350 1416 manife-

853 1462 1021 1517 stum
1069 1453 1511 1536 praesentibus.
1554 1452 1699 1515 Haec
1740 1452 2053 1533 expositio
2097 1452 2350 1514 videtur

850 1554 1095 1636 aliquid
1125 1552 1555 1633 ambiguitatis
1587 1550 1935 1613 continere.
1958 1549 2147 1613 Maria
2175 1551 2348 1613 enim

850 1652 1139 1716 absolute
1179 1651 1339 1714 dixit
1378 1651 1455 1713 ad
1492 1651 1707 1712 Jesum
1742 1669 1756 1712 :
1800 1650 2031 1711 Vinum
2074 1669 2201 1714 non
2242 1650 2352 1711 ha-

852 1753 1025 1815 bent.
1088 1751 1265 1813 Unde
1322 1748 1591 1812 dubium
1648 1756 1743 1810 est
1799 1747 1851 1810 si
1910 1748 2154 1830 aliquid
2214 1748 2345 1811 vini

851 1849 1193 1933 superfuit.

932 1947 1193 2029 Propter
1221 1946 1393 2028 quod
1424 1945 1676 2007 videtur
1715 1951 1777 2006 et
1816 1943 1909 2007 sic
1948 1946 2180 2027 exponi
2214 1964 2350 2027 pos-

852 2064 941 2109 se.
986 2045 1423 2128 Expositiones
1472 2050 1681 2105 tamen
1733 2049 2059 2125 praetactas
2110 2062 2349 2125 nequa-

851 2164 1042 2227 quam
1106 2144 1432 2222 redarguo.
1488 2143 1660 2211 Quid
1716 2142 1882 2202 milii
1938 2150 1998 2201 et
2059 2144 2178 2203 tibi
2230 2152 2343 2209 esc,

852 2244 1141 2305 mulier?
1189 2242 1252 2303 id
1312 2248 1427 2313 est,
1481 2240 1637 2321 quid
1695 2240 1773 2302 ad
1824 2257 1938 2302 nos
1998 2240 2179 2315 duoS,
2231 2240 2346 2322 qui

850 2359 1163 2424 pauperes
1211 2359 1454 2413 sumuS,
1507 2346 1568 2400 et
1630 2338 2077 2420 temporalium
2129 2356 2346 2401 rerum

850 2439 1343 2505 sollicitudinem
1406 2456 1531 2501 non
1592 2436 1920 2511 habemus,
1974 2437 2040 2499 in
2098 2444 2344 2499 tantum

851 2538 1128 2621 pertinet
1158 2537 1492 2620 providere
1523 2535 1660 2597 istis
1698 2535 1776 2596 de
1806 2534 1999 2598 vino?
2034 2538 2348 2597 Nondum

851 2640 1027 2699 venit
1056 2640 1214 2698 hora
1248 2656 1408 2706 mea,
1445 2634 1507 2697 id
1547 2642 1663 2709 est,
1698 2634 1972 2696 necdum
2008 2634 2345 2716 impletum

848 2744 945 2799 est
987 2744 1238 2817 tempus
1280 2742 1349 2796 ut
1402 2732 1736 2795 manifeste
1774 2752 1847 2795 ac
1888 2733 2125 2816 passim
2165 2752 2344 2814 agam

849 2834 1175 2897 miracula.
1209 2831 1505 2907 Quamvis
1546 2831 1717 2894 enim
1749 2830 2033 2894 Christus
2072 2840 2218 2894 ante
2260 2831 2351 2893 in-

850 2932 1339 2997 carcerationem
1384 2932 1639 2995 loannis
1688 2930 2002 3011 Baptistae,
2051 2929 2349 3013 praedica-

2459 778 2636 822 urnae
2674 778 2784 822 seu
2827 779 2973 822 vasa
3014 779 3127 841 pro
3165 761 3526 843 receptione
3561 779 3746 842 aquae
3771 768 3946 841 apta.

2455 879 2568 919 sem
2597 860 2843 935 positae,
2881 862 3238 919 secundum
3270 860 3794 937 purificationem
3831 861 3954 919 Ju-

2455 960 2764 1025 doeorum,
2787 956 2850 1018 id
2881 964 2978 1019 est
3015 958 3368 1020 secundum
3399 957 3948 1029 consuetudinem,

2459 1055 2674 1131 ritum,
2709 1075 2820 1118 seu
2857 1057 3360 1120 observationem
3401 1074 3592 1137 quam
3635 1055 3956 1118 habebant

2454 1154 2651 1217 Judaei
2681 1153 2744 1215 in
2782 1154 3181 1236 purificando
3221 1173 3331 1217 seu
3375 1155 3640 1217 lavando
3679 1154 3953 1236 seipsos

2457 1260 2520 1314 et
2559 1253 2854 1315 utensilia
2897 1273 3031 1328 sua,
3065 1254 3320 1335 quando
3357 1253 3636 1334 aliquam
3680 1254 3957 1315 immun-

2459 1352 2678 1414 ditiam
2722 1352 3135 1414 incurrebant
3171 1353 3522 1415 secundum
3565 1352 3804 1432 legem3
3847 1351 3952 1413 vel

2459 1451 2808 1512 secundum
2850 1450 3172 1513 seniorum
3214 1469 3473 1514 suorum
3517 1448 3949 1513 traditionem.

2456 1548 2786 1611 Habebant
2831 1548 3001 1611 enim
3063 1549 3586 1613 consuetudinem
3635 1566 3712 1610 ex
3763 1549 3958 1610 tradi-

2457 1648 2628 1710 tione
2659 1648 2982 1711 seniorum
3014 1646 3386 1729 frequenter
3416 1647 3666 1710 lavandi
3696 1666 3951 1724 manuS,

2457 1752 2520 1807 et
2568 1764 2736 1820 vasa,
2785 1765 2859 1808 ac
2891 1753 3116 1813 ,cetera
3162 1746 3363 1808 multa
3410 1764 3423 1808 :
3473 1754 3732 1828 propter
3777 1748 3954 1828 quod

2383 1845 2430 1908 B
2459 1844 2679 1925 positae
2743 1852 2922 1906 erant
2998 1844 3086 1906 ibi
3164 1844 3428 1926 hydriae,
3509 1851 3580 1905 ut
3646 1843 3955 1907 haberent

2455 1962 2684 2025 aquam
2739 1944 2805 2005 in
2857 1951 3178 2025 promptu.
3229 1943 3403 2005 Unde
3455 1944 3624 2025 apud
3671 1942 3952 2005 Marcum

2455 2042 2687 2122 legitur
2741 2060 2754 2104 :

2457 2248 2740 2302 tenentes
2784 2240 3185 2303 traditionem
3228 2238 3591 2319 seniorum;
3633 2247 3698 2301 et
3731 2258 3772 2302 a
3805 2238 3953 2303 foro

2454 2339 2577 2401 nisi
2626 2338 3048 2420 baptizentur,
3103 2356 3227 2401 non
3277 2339 3666 2419 comedunt3
3715 2346 3780 2401 et
3825 2339 3957 2401 alia

2454 2437 2655 2500 multa
2691 2444 2842 2499 sunt
2877 2456 3021 2518 quae
3058 2436 3288 2499 tradita
3323 2444 3474 2499 sunt
3506 2436 3636 2499 illis
3671 2454 3954 2511 servare,

2455 2537 2837 2619 baptismata
2873 2536 3166 2610 calicum,
3202 2543 3264 2598 et
3304 2553 3661 2609 urceorum,
3703 2544 3769 2598 et
3801 2556 3964 2599 aera-

2457 2642 2832 2709 mentorum,
2853 2641 2917 2695 et
2947 2634 3271 2697 lectorum.
3305 2636 3634 2712 Cupientes
3657 2635 3962 2712 sinyuloe,

2457 2734 2520 2795 id
2552 2741 2668 2807 est,
2702 2732 3006 2813 quaelibet
3039 2732 3262 2814 hydria
3289 2731 3598 2813 capiebat,
3633 2742 3960 2802 metretas,

2457 2833 2521 2894 id
2553 2838 2649 2893 est
2685 2849 3010 2893 mensuras
3047 2832 3268 2893 decem
3307 2830 3741 2903 sextariorum,
3765 2832 3961 2891 binas

2460 2934 2559 2992 vel
2607 2941 2840 2991 ternas.
2892 2928 3256 2991 Secundum
3303 2929 3634 3004 Isidorum,
3685 2937 3961 2992 metreta

851 3034 962 3108 vit,
1010 3030 1375 3113 baptizavit,
1417 3029 1639 3092 saltem
1690 3048 1837 3092 suos
1882 3029 2240 3111 Apost0108,
2284 3039 2346 3092 et
2386 3030 2429 3092 C
2460 3039 2557 3092 est
2605 3047 2903 3091 mensura
2961 3027 3293 3091 continens
3350 3028 3566 3090 decem
3621 3028 3957 3092 sextarioS.

742 3120 751 3129 ’
848 3132 1006 3195 alios
1057 3148 1169 3213 per
1216 3130 1380 3202 illos,
1424 3136 1615 3210 atque
1658 3127 1965 3192 miracula
2005 3128 2222 3210 aliqua
2263 3129 2347 3191 fe-

588 3443 755 3487 March.
768 3460 824 3497 w,

565 3508 615 3549 12
637 3512 683 3550 et
703 3520 826 3565 seq..-

561 3568 715 3614 Maro.
727 3584 756 3621 ι,
776 3574 827 3615 Η

560 3637 603 3675 ei
612 3634 826 3688 seq.‚·Luc.

562 3710 615 3745 w,
627 3700 640 3737 1
650 3700 727 3741 ιρι
736 3711 825 3755 aeq.

852 3231 959 3304 cit,
1004 3230 1123 3292 hoc
1170 3236 1380 3291 tamen
1432 3246 1558 3290 non
1602 3225 1755 3289 fecit
1797 3226 2097 3301 ubertim,
2147 3228 2348 3290 mani-

854 3329 1013 3391 feste
1043 3335 1105 3390 et
1136 3328 1395 3411 passim,
1430 3327 1538 3388 sed
1580 3344 1719 3388 raro
1756 3333 1820 3388 et
1857 3344 2067 3389 coram
2101 3328 2343 3408 paucis.

852 3428 1112 3509 Propter
1158 3427 1329 3507 quod
1376 3424 1722 3497 MatthaeuS,
1764 3422 2004 3486 Marcus
2046 3432 2109 3487 et
2149 3424 2349 3488 Lucas

854 3526 1002 3588 talia
1048 3525 1421 3597 omiserunt,
1476 3522 1857 3603 incipientes
1916 3521 1994 3583 ab
2046 3523 2351 3605 operibus

854 3624 1086 3689 Christi
1135 3630 1199 3686 et
1247 3621 1551 3685 doctrinis
1602 3628 1743 3702 post
1789 3622 2351 3684 incarcerationem

852 3722 1109 3787 Ioannis
1149 3720 1443 3802 inceptis,
1478 3727 1668 3802 prout
1708 3718 2042 3781 manifeste
2086 3728 2258 3801 patet
2289 3719 2352 3782 in

854 3821 1160 3895 Matthaeo,
1206 3819 1409 3883 Marco
1453 3826 1515 3881 et
1554 3818 1745 3880 Luca.

935 3922 1111 3981 Dicit
1151 3921 1362 3980 Macer
1403 3918 1545 3995 ejus
1588 3919 1931 3983 ministris,
1966 3917 2079 3999 qui
2130 3925 2353 3999 potum

859 4017 1225 4101 praebebant
1266 4010 1603 4079 edentibus
1638 4034 1651 4079 :
1691 4018 2146 4097 Quodcumque
2176 4017 2355 4077 dime-

854 4119 944 4177 rit
995 4118 1165 4177 vobis
1214 4115 1412 4178 Filius
1461 4132 1644 4177 meus
1691 4115 1892 4189 JesuS,
1940 4116 2162 4193 facite.
2209 4114 2354 4178 Cer-

2460 3128 2780 3191 Sextarius
2823 3146 2973 3191 vero
3015 3128 3296 3190 continet
3325 3127 3479 3188 duas
3520 3126 3737 3189 libras,

2540 3228 2717 3289 Dicit
2745 3228 2855 3295 eis,
2887 3233 3040 3307 puta
3077 3226 3412 3300 ministris,-
3448 3228 3628 3286 Jesus
3657 3246 3680 3285 .·
3718 3229 3962 3303 Impie-

2463 3336 2519 3388 te
2566 3328 2844 3403 hydrias
2891 3344 3088 3404 aqua.
3141 3322 3421 3387 Forsitan
3471 3323 3712 3406 aliquid
3769 3343 3962 3405 aquae

2458 3432 2593 3487 erat
2641 3424 2708 3485 in
2758 3422 3051 3507 hydriis3
3105 3423 3214 3484 sed
3265 3442 3392 3486 non
3443 3430 3622 3484 erant
3671 3412 3956 3504 repletae',

2460 3524 2612 3606 quia
2653 3521 2938 3585 fortassis
2985 3521 3230 3602 aliquid
3281 3521 3428 3584 inde
3471 3520 3596 3584 fuit
3632 3520 3962 3584 sublatum

2463 3642 2577 3705 pro
2620 3621 2856 3684 lotione
2901 3639 3196 3684 vasorum
3242 3620 3339 3682 vel
3386 3619 3957 3683 discumbentium.

2463 3724 2544 3783 Ec
2593 3722 3027 3797 impleverunt
3080 3740 3186 3779 eas
3243 3739 3442 3798 usque
3495 3722 3585 3779 ad
3626 3740 3961 3781 summum

2460 3837 2700 3892 earum,
2726 3817 2809 3879 ita
2840 3818 3010 3898 quod
3044 3817 3188 3898 plus
3220 3834 3445 3898 capere
3477 3835 3600 3879 non
3635 3817 3956 3881 valebant.

2461 3920 2545 3979 Ec
2571 3918 2736 3979 dicit
2763 3918 2856 3977 eis
2880 3918 3060 3977 Jesus
3085 3937 3108 3975 .·
3143 3918 3448 3984 Haurite,
3484 3915 3547 3977 id
3575 3924 3691 3987 est,
3728 3914 3959 3979 vinum

2460 4017 2537 4078 de
2585 4016 2828 4097 hydriis
2872 4014 3124 4087 sumite,
3160 4034 3356 4085 nunc,
3387 4013 3692 4095 quoniam
3736 4014 3964 4079 divina

2461 4115 2716 4188 virtute,
2748 4113 2878 4195 jam
2910 4114 2975 4175 in
3019 4112 3276 4175 instanti
3319 4131 3625 4176 conversa
3657 4122 3752 4175 est
3785 4132 3962 4196 aqua

852 4216 1098 4277 tissima
1138 4214 1434 4297 equidem
1480 4213 1604 4276 fuit
1647 4214 2109 4276 amabilissima
2137 4214 2347 4294 VirgO,
2385 4220 2431 4281 D
2461 4214 2524 4275 in
2579 4212 2823 4287 vinum,
2871 4222 2934 4273 et
2981 4212 3168 4289 ferte,
3221 4211 3283 4274 id
3339 4219 3454 4285 est,
3507 4212 3781 4275 de'vino
3828 4212 3961 4277 isto

852 4332 919 4377 se
958 4321 1205 4376 tantum
1242 4312 1439 4375 amari
1479 4332 1552 4375 ac
1594 4311 1889 4375 honorari
1930 4312 2008 4374 ab
2042 4313 2232 4375 unico
2265 4312 2357 4394 pi-

848 4429 1047 4492 gnore
1085 4410 1324 4473 ventris
1366 4411 1489 4483 sui,
1532 4429 1567 4471 a
1607 4409 1838 4472 dilecto
1878 4428 2014 4482 suo,
2050 4429 2085 4471 a
2124 4410 2354 4473 dilecto

854 4512 1016 4572 uteri
1075 4509 1197 4585 sui,
1249 4529 1286 4571 a
1338 4508 1569 4571 dilecto
1630 4516 1919 4571 votorum
1981 4527 2268 4588 suorum,
2319 4527 2356 4571 a

850 4628 980 4691 quo
1024 4626 1354 4689 nunquam
1398 4606 1643 4690 aliquid
1685 4606 2070 4669 austeritatis
2114 4608 2213 4669 vel
2261 4624 2357 4668 re·-

853 4709 1055 4791 pulsae
1084 4706 1207 4769 fuit
1236 4714 1519 4787 experta,
1544 4706 1715 4786 quod
1747 4706 2192 4768 incunctanter
2220 4723 2356 4786 age-

855 4814 949 4868 ret
992 4806 1055 4868 id
1100 4805 1271 4887 quod
1317 4804 1457 4885 ipsa
1500 4804 1835 4885 suggessit.
1872 4802 2008 4867 Non
2048 4804 2222 4865 enim
2262 4823 2356 4867 ac-

855 4902 1026 4985 cepit
1056 4902 1250 4965 verba
1278 4901 1419 4983 ejus
1458 4902 1640 4983 quasi
1684 4902 2104 4984 increpatorie
2134 4902 2302 4965 dicta
2336 4922 2350 4965 :

856 5001 1012 5083 quia
1054 5008 1116 5063 et
1157 5002 1328 5083 quod
1366 5001 1475 5075 ait,
1518 5000 1760 5075 Mulier,
1805 5020 1929 5064 non
1975 5009 2156 5064 sonat
2198 5004 2357 5065 dure

859 5101 1211 5163 secundum
1262 5099 1497 5163 idioma
1538 5099 1895 5176 Hebraeum,
1940 5100 2004 5162 in
2050 5119 2178 5182 quo
2223 5120 2360 5164 om-

862 5200 961 5262 nis
1000 5218 1270 5281 persona
1307 5197 1569 5261 feminei
1611 5217 1820 5273 sexuS‚
1866 5199 2097 5262 mulier
2140 5200 2361 5282 appel-

865 5298 1055 5359 latur.

2464 4320 2726 4395 portate,
2780 4312 3255 4372 architriclino.
3301 4310 3674 4372 Triclinium
3723 4320 3820 4373 est
3871 4312 3966 4376 lo-

2461 4428 2730 4473 cus‘seu
2776 4411 3000 4472 domus
3047 4407 3408 4482 sublimata,
3453 4410 3802 4471 secundum
3846 4409 3968 4473 Be—

2461 4511 2627 4585 dam,
2665 4509 2836 4572 trino
2880 4507 3421 4570 discumbentium
3467 4508 3688 4572 ordine
3735 4508 3968 4572 distin-

2462 4617 2580 4682 cta,
2643 4590 2940 4672 videlicet
3000 4606 3065 4668 in
3125 4624 3254 4687 quo
3313 4613 3462 4668 sunt
3518 4614 3646 4668 tres
3701 4607 3965 4671 ordines

2462 4724 2844 4768 mensarum.
2882 4703 3368 4767 Architriclinus
3409 4722 3558 4768 vero
3595 4706 3966 4768 nominatur

2463 4804 2837 4888 principalis
2877 4802 3042 4865 inter
3080 4802 3400 4877 convivaS,
3426 4803 3526 4867 vel
3565 4804 3968 4885 dispensator

2462 4922 2534 4965 ac
2601 4902 2924 4965 ordinator
2990 4901 3291 4965 convivii.
3352 4901 3536 4963 Juxta
3597 4902 3968 4981 chrysosto-

2464 5020 2664 5075 mum,
2704 5000 3229 5063 voluit-Christus
3269 5008 3339 5061 ut
3383 4999 3442 5062 ei
3493 5000 3698 5082 primo
3736 5001 3962 5065 vinum

2463 5099 2633 5162 istud
2668 5099 3055 5181 praeberetur
3091 5099 3474 5178 gustandum
3504 5116 3518 5160 :
3554 5098 3776 5180 primo,
3808 5100 3967 5181 quia

2467 5196 2918 5278 unusquisque
2985 5196 3389 5260 honorandus
3450 5205 3545 5259 est
3609 5198 3966 5261 secundum

2471 5296 2855 5379 exigentiam
2902 5297 3135 5378 gradus
3183 5303 3376 5377 atque
3421 5294 3624 5359 officii
3675 5296 3817 5379 sui3
3869 5316 3970 5361 se-

2807 2041 3102 2105 Pharisaei
3163 2050 3224 2103 et
3277 2058 3497 2103 omnes
3550 2042 3770 2114 Judaei,
3821 2042 3948 2103 nisi
4011 2054 4212 2097 nom,

2454 2140 2679 2203 crebro
2729 2140 2999 2203 laverint
3048 2159 3298 2214 manuS,
3350 2158 3474 2203 non
3535 2142 3948 2213 manducant,
3982 2120 4080 2168 Μ·
