4300 6259
579 2470 746 2513 lemna.
765 2485 824 2521 m,

561 2537 628 2576 ³⁴.

595 4546 713 4590 [bid.
735 4550 801 4589 35.

853 499 976 565 202

1305 519 1626 567 rmum
1667 520 1731 565 IN
1771 519 2115 567 PAssmmffl
2157 519 2371 568 Dolum
2415 519 2737 568 SECUNDO!
2778 521 3002 569 Lucu.
3045 541 3127 552 —
3170 521 3312 569 Am.
3356 523 3497 570 nv!

854 700 948 752 tas
977 697 1168 772 atque
1209 689 1514 772 perfectio
1548 690 1960 753 humanitatis
1990 690 2243 763 Christi,
2277 707 2352 754 eo
2381 690 2432 751 A
2462 709 2601 754 esse
2630 692 2818 756 Verbi
2850 697 3091 769 aeterni,
3127 697 3213 758 ita
3250 699 3421 779 quod
3460 697 3527 759 in
3558 699 3777 761 eodem
3817 717 3963 761 esse

853 788 1043 850 etiam
1083 806 1162 850 ex
1201 798 1376 870 parte
1418 789 1644 870 ipsiuS,
1680 788 1802 850 fuit
1839 809 1953 851 sua
1989 789 2353 852 obedientia

853 905 926 948 ac
975 887 1184 968 passio
1231 887 1442 948 meriti
1491 887 1842 969 amplioriS.
1897 887 2090 949 Tanta
2137 896 2351 950 autem

854 991 949 1047 est
981 985 1299 1059 sanctitaS,
1347 985 1618 1066 dignitas
1667 993 1728 1048 et
1777 984 2084 1068 perfectio
2131 987 2353 1048 huma-

855 1084 1070 1146 nitatis
1101 1084 1354 1157 Christi,
1391 1093 1458 1146 ut
1499 1085 1638 1166 ipsa
1667 1085 1800 1148 sola
1827 1085 2088 1146 excedat
2125 1084 2353 1146 sancti-

854 1190 1060 1252 tatem,
1086 1183 1455 1263 dignitatem
1485 1192 1547 1246 et
1577 1183 2033 1264 perfectionem
2061 1183 2351 1246 omnium

854 1287 1308 1354 creaturarum,
1335 1281 1630 1343 videlicet
1659 1282 1945 1344 omnium
1979 1280 2351 1344 Sanctorum

854 1387 916 1440 et
964 1377 1333 1452 electorum,
1387 1386 1513 1441 tam
1569 1379 1941 1460 angelorum
1989 1398 2183 1461 quam
2242 1380 2352 1443 ho-

857 1477 1126 1549 minum,
1175 1479 1588 1559 universique
1636 1479 1799 1540 entis
1849 1478 2064 1541 creati.
2109 1477 2185 1539 Et
2233 1479 2351 1541 hoc

855 1577 1258 1658 potissimum
1317 1577 1618 1658 competit
1681 1577 2058 1638 humanitati
2118 1575 2350 1639 Christi

855 1677 1097 1739 ratione
1153 1694 1283 1738 suae
1349 1675 1757 1756 hypostaticae
1821 1694 1931 1738 seu
1998 1675 2349 1757 personalis

857 1775 1110 1838 unionis
1159 1793 1306 1836 cum
1357 1773 1559 1837 Verbo
1607 1782 1863 1846 aeterne,
1909 1774 2153 1837 scilicet
2202 1792 2351 1836 vero

2466 792 2780 872 personali
2830 794 3119 857 subsistit
3166 795 3395 859 Christi
3457 797 3835 869 humanitas,
3890 797 3961 860 in

2462 909 2593 971 quo
2622 891 2898 954 Verbum
2928 901 3240 956 aeternum
3274 895 3653 958 aeternaliter
3682 904 3774 958 est
3813 897 3963 958 sub-

2464 989 2694 1052 sistens
2738 1009 2753 1054 :
2798 992 3039 1054 clarum
3088 1001 3202 1067 est,
3242 996 3413 1075 quod
3462 994 3669 1075 majus
3712 994 3959 1059 bonum

2464 1091 2678 1151 datum
2742 1091 2824 1152 sit
2882 1092 3259 1155 humanitati
3314 1093 3567 1170 Christi,
3622 1113 3813 1176 quam
3876 1096 3965 1158 sit

2464 1195 2665 1252 totum
2727 1190 3099 1253 universum
3158 1199 3437 1255 creatum
3491 1211 3505 1255 :
3559 1193 3701 1256 ideo
3754 1195 3962 1274 magis

2466 1285 2589 1350 Deo
2636 1286 2866 1350 dilecta
2912 1297 3027 1351 est.
3061 1291 3279 1372 ltaque
3312 1290 3596 1354 Christus
3638 1292 3827 1354 etiam
3878 1311 3961 1354 ex

2464 1386 2583 1448 hac
2622 1394 2821 1467 parte,
2855 1386 2979 1450 fuit
3018 1388 3433 1452 ineffabiliter
3462 1390 3727 1453 idoneus
3764 1397 3831 1452 et
3856 1410 3965 1453 ac-

2464 1492 2687 1566 ceptus
2725 1486 2804 1547 ad
2848 1488 3240 1568 operandum
3286 1497 3350 1550 et
3386 1490 3693 1552 orandum
3732 1508 3805 1551 ac
3849 1509 3965 1572 pa—

2464 1581 2749 1648 tiendum
2798 1603 2911 1664 pro
2954 1584 3160 1648 nobis,

2543 1678 2865 1754 Praeterea,
2900 1682 3065 1744 sicut
3102 1684 3331 1746 docent
3369 1685 3565 1746 sancti
3611 1683 3822 1747 Patres
3868 1693 3966 1748 at-

2462 1795 2589 1860 que
2638 1780 2947 1855 doctoreS,
2999 1783 3297 1862 quamvis
3346 1781 3508 1846 Deus
3554 1783 3965 1866 omnipotens

855 1873 1016 1952 Deo:
1069 1880 1131 1934 et
1178 1873 1367 1935 etiam
1419 1873 1581 1945 ideo,
1633 1872 1938 1953 quoniam
1986 1872 2189 1953 gratia
2236 1873 2353 1934 hu·
2390 1870 2435 1932 B
2462 1884 2525 1938 et
2574 1885 2849 1939 aeternus
2889 1881 3095 1960 potuit
3133 1899 3246 1963 per
3284 1881 3809 1964 omnipotentiam
3854 1903 3968 1944 su·-

857 1971 1140 2034 manitati
1191 1970 1419 2033 Christi
1469 1971 1716 2044 collata,
1760 1969 1973 2032 infusa
2017 1978 2080 2032 et
2129 1970 2349 2042 indita,

855 2070 979 2132 fuit
1025 2077 1088 2132 et
1133 2077 1230 2132 est
1275 2069 1742 2151 quodammodo
1790 2067 2065 2142 infinita,
2099 2067 2354 2130 habuit-

855 2187 982 2250 que
1040 2168 1304 2230 virtutes
1363 2175 1426 2230 et
1483 2168 1667 2241 dona,
1721 2175 1784 2229 et
1841 2175 2079 2230 ceteras
2136 2167 2353 2247 gratiae

859 2266 1280 2350 perfectiones
1338 2285 1410 2328 ac
1459 2283 1746 2344 munera,
1800 2265 1864 2328 in
1920 2266 2197 2328 maxima
2254 2265 2352 2326 in-

855 2365 1398 2447 comparabilique
1446 2363 1840 2426 excellentia.
1883 2363 2146 2445 Propter
2183 2364 2351 2444 quod

852 2463 1120 2527 loannes
1157 2462 1433 2544 Baptista
1471 2461 1631 2524 dixit
1669 2463 1748 2524 de
1779 2461 2025 2525 Christo
2059 2481 2072 2523 :
2107 2461 2241 2524 Non
2274 2461 2350 2522 ad

855 2581 1220 2624 mensuram
1269 2562 1372 2624 dat
1414 2561 1576 2622 Deus
1625 2560 1934 2642 Spiritum
1985 2560 2251 2632 homini,
2289 2559 2351 2621 id

853 2671 949 2725 est
990 2661 1258 2742 gratiam
1301 2669 1364 2722 et
1401 2661 1564 2722 dona
1609 2659 1884 2741 Spiritus
1927 2658 2137 2721 Sancti
2178 2657 2353 2721 Chri-

851 2770 968 2834 sto,
1003 2760 1356 2822 secundum
1396 2759 1568 2839 quod
1614 2758 1803 2820 homo
1847 2766 1962 2819 est.
1997 2757 2215 2838 ltaque
2256 2756 2354 2819 in-

851 2859 1139 2932 notescit,
1174 2857 1343 2939 quod
1376 2856 1662 2918 Christus
1695 2874 1820 2918 non
1861 2854 2067 2918 solum
2109 2856 2351 2919 ratione

849 2978 980 3020 suae
1026 2956 1399 3029 divinitatis,
1452 2955 1562 3016 sed
1610 2954 1801 3016 etiam
1858 2972 1935 3015 ex
1987 2961 2165 3034 parte
2222 2971 2352 3015 sum

2462 1993 2581 2046 am,
2610 1974 2989 2057 simpliciter
3017 1977 3353 2059 loquendo,
3374 1997 3575 2060 genus
3607 1980 3964 2043 humanum

2464 2072 2588 2135 alio
2632 2075 2819 2137 modo
2867 2075 3201 2150 redimere,
3240 2096 3433 2158 quam
3485 2097 3599 2160 per
3645 2079 3965 2160 unigeniti

2465 2170 2606 2232 Filii
2638 2172 2736 2233 sui
2769 2173 3269 2237 incarnationem
3298 2193 3371 2238 ac
3403 2175 3795 2258 passionem:
3830 2178 3969 2239 nul·

2465 2268 2565 2330 lus
2605 2278 2815 2333 tamen
2857 2271 3097 2334 exstitit
3132 2271 3295 2334 alius
3340 2274 3565 2336 modus
3607 2274 3693 2336 ita
3734 2293 3971 2338 conve-

2466 2367 2647 2428 niens
2694 2367 2860 2430 sicut
2898 2369 3016 2431 iste
3051 2388 3064 2432 :
3102 2371 3189 2432 ita
3226 2372 3397 2453 quod
3437 2372 3969 2435 decentissimum

2464 2464 2607 2537 fuit,
2642 2465 2875 2529 Filium
2917 2467 3021 2530 Dei
3070 2475 3330 2550 propter
3366 2478 3645 2532 nostram
3690 2471 3965 2532 salutem

2464 2561 2777 2623 incarnari
2828 2580 2899 2624 ac
2947 2563 3133 2626 mori.
3175 2563 3348 2636 Quod
3401 2565 3607 2646 primo
3656 2566 3971 2647 probatur

2461 2658 2570 2721 Dei
2603 2660 3037 2724 incarnatione
3069 2679 3083 2724 :
3117 2662 3270 2743 quia
3306 2663 3371 2724 in
3408 2662 3843 2727 incarnatione
3872 2664 3973 2727 Fi-

2462 2758 2531 2819 lii
2581 2759 2711 2834 Dei,
2762 2759 2888 2823 Deo
2934 2759 3099 2822 Patri
3149 2761 3434 2842 aequaliS.
3487 2761 3811 2844 praecipue
3861 2764 3973 2825 de-

2462 2864 2851 2920 monstratur
2894 2865 3087 2940 atque
3136 2858 3375 2922 relucet
3423 2858 3673 2922 bonitas
3724 2860 3855 2936 Dei,
3888 2880 3971 2924 eo

2461 2957 2633 3036 quod
2680 2973 2749 3016 se
2804 2975 2933 3018 suae
2986 2965 3289 3019 creaturae
3346 2964 3473 3019 tam
3522 2958 3969 3040 copiosissime

850 3054 1262 3118 humanitatis
1294 3061 1418 3116 tam
1453 3051 1750 3134 perfectae
1779 3070 1854 3114 ac
1882 3052 2202 3126 virtuosae,
2229 3050 2255 3112 f
2261 3051 2353 3112 uit
2388 3055 2432 3119 C
2461 3053 2969 3126 communicavit,
2996 3063 3059 3116 et
3086 3054 3528 3118 infirmitatem
3561 3056 3805 3140 proprii
3838 3058 3971 3140 pla.

850 3152 1198 3217 ineffabilis
1242 3151 1602 3214 idoneitatis
1644 3152 1721 3212 ad
1768 3149 2285 3231 promerendum.

943 3251 1165 3313 Adhuc
1222 3257 1456 3321 autem,
1511 3267 1640 3329 quo
1699 3247 1984 3310 Christus
2043 3247 2170 3309 fuit
2222 3247 2349 3311 Deo

851 3351 1014 3413 Patri
1060 3348 1258 3430 magis
1297 3348 1588 3420 dilectuS,
1623 3364 1697 3409 eo
1737 3345 2063 3409 efficacior
2099 3345 2225 3407 fuit
2272 3348 2349 3408 ad

853 3446 1368 3511 satisfaciendum
1415 3463 1528 3527 pro
1572 3444 1802 3508 nostris
1844 3444 2140 3525 peccatiS,
2176 3451 2240 3506 et
2276 3463 2351 3506 eo

853 3546 1062 3610 omnis
1105 3563 1220 3606 sua
1258 3543 1674 3616 conversatio,
1708 3542 1929 3616 oratio,
1964 3541 2347 3614 obedientia,

851 3664 924 3707 ac
974 3642 1182 3727 passio
1229 3660 1344 3723 pro
1392 3640 1576 3704 nobis
1623 3641 1687 3702 in
1729 3641 1849 3702 hoc
1887 3641 2128 3703 mundo
2177 3638 2354 3701 exhi-

853 3744 1004 3817 bita,
1042 3742 1163 3805 Deo
1200 3739 1363 3803 Patri
1404 3739 1681 3820 amplius
1719 3746 1897 3819 grata
1943 3738 2065 3800 fuit
2103 3758 2177 3801 ac
2222 3739 2353 3820 pla-

854 3861 1024 3914 cenS,
1059 3841 1260 3921 magis
1299 3855 1556 3920 quoque
1597 3837 1823 3900 idonea
1852 3839 1930 3900 ad
1970 3837 2355 3900 subvenien-

853 3942 1004 4003 dum
1039 3938 1427 4010 hominibuS,
1462 3955 1574 3998 seu
1607 3936 1818 3998 meriti
1851 3935 2202 4016 amplioris.
2232 3934 2353 3996 Sed

856 4039 1016 4100 Deus
1055 4037 1232 4099 Pater
1262 4036 1467 4116 diligit
1497 4035 1816 4098 Christum
1861 4034 2214 4095 secundum
2252 4053 2355 4095 su-

853 4155 954 4198 am
1013 4136 1432 4214 divinitatem,
1482 4151 1695 4196 amore
1755 4131 2009 4214 penitus
2070 4130 2350 4205 infinito,

2463 3153 2682 3214 smatis
2725 3171 2849 3215 non
2892 3154 3294 3234 contempsit,
3329 3155 3438 3216 sed
3484 3163 3771 3217 naturam
3818 3175 3857 3217 a
3896 3175 3969 3218 se

2462 3259 2753 3327 creatam,
2776 3257 2921 3332 puta
2952 3250 3427 3328 humanitatem,
3448 3253 3525 3314 ad
3556 3271 3747 3314 suum
3776 3253 3971 3336 hypo-

2460 3349 2756 3410 staticum
2796 3365 2937 3410 esse
2984 3349 3351 3429 assumpsit.
3386 3349 3739 3431 Proprietas
3786 3352 3971 3433 equi-

2461 3448 2605 3509 dem
2656 3446 2830 3520 boni,
2866 3453 2961 3508 est
3007 3463 3145 3508 esse
3189 3447 3795 3510 communicativum
3844 3449 3971 3512 dif-

2460 3544 2876 3626 fusivumque
2926 3545 3047 3606 sui.
3092 3545 3379 3627 Insuper,
3414 3545 3479 3608 in
3529 3546 3969 3611 incarnatione

2461 3643 2601 3704 Filii
2651 3643 2781 3718 Dei,
2831 3641 3247 3705 ineffabiliter
3297 3643 3563 3725 pulchre
3606 3646 3971 3708 ostenditur

2461 3749 2524 3804 et
2554 3740 2820 3822 patescit
2850 3741 3104 3803 dilectio
3142 3741 3249 3803 Dei
3282 3743 3361 3804 ad
3396 3760 3533 3805 nos.
3562 3743 3759 3806 Amor
3786 3743 3965 3806 enim

2462 3847 2557 3901 est
2610 3839 2810 3902 virtus
2862 3838 3109 3902 unitiva
3156 3859 3171 3902 :
3225 3839 3462 3904 idcirco
3510 3840 3573 3902 in
3625 3840 3745 3904 hoc
3788 3844 3967 3923 quod

2464 3937 2626 4000 Deus
2676 3945 2954 4000 nostram
3010 3945 3297 4000 naturam
3348 3937 3470 4000 sibi
3521 3946 3649 4001 tam
3700 3941 3971 4021 propin-

2463 4035 2773 4118 quissime
2812 4035 3023 4097 univit
3058 4054 3131 4098 ac
3169 4035 3415 4110 intime,
3452 4044 3623 4118 patet
3660 4038 3831 4118 quod
3864 4057 3969 4100 ve—

2464 4133 2941 4196 hementissime
2970 4152 3045 4196 ac
3074 4133 3531 4215 specialissime
3570 4155 3684 4198 nos
3715 4136 3963 4198 dilexit.

857 4243 919 4296 et
971 4242 1212 4297 tantum
1267 4233 1488 4314 utique
1537 4232 1704 4294 sicut
1751 4251 1818 4293 se
1869 4230 2080 4312 ipsum
2135 4249 2148 4292 :
2202 4230 2355 4312 quia
2392 4237 2437 4298 D
2465 4231 2530 4292 ln
2574 4231 3005 4294 incarnatione
3047 4249 3305 4312 quoque
3348 4240 3735 4295 monstratur
3774 4235 3969 4297 mise—

857 4333 1156 4395 divinitas
1205 4332 1432 4395 Christi
1485 4332 1650 4393 sicut
1695 4338 1789 4391 est
1841 4329 2113 4392 infinitae
2176 4329 2357 4392 boni-

859 4431 1026 4501 tatis,
1061 4430 1152 4492 sic
1190 4437 1252 4491 et
1289 4428 1561 4490 infinitae
1597 4427 2004 4490 amabilitatis
2040 4428 2350 4492 consistit.

858 4528 1076 4609 Diligit
1119 4545 1376 4609 quoque
1414 4525 1592 4588 Pater
1631 4525 1950 4588 Christum
2001 4528 2353 4589 secundum

857 4646 1039 4690 suam
1098 4625 1575 4698 humanitatem,
1636 4624 1839 4706 magis
1896 4643 2088 4706 quam
2152 4632 2355 4688 totum

858 4726 1252 4796 universum,
1286 4740 1635 4804 omnesque
1675 4723 1866 4784 simul
1912 4730 2200 4804 sumptas
2244 4742 2358 4805 pu-

857 4846 956 4889 ras
1007 4831 1346 4888 creaturas.
1393 4821 1662 4902 Diligere
1708 4822 1974 4904 quippe,
2023 4829 2119 4884 est
2164 4822 2356 4885 alicui

857 4924 1099 4988 bonum
1141 4922 1326 4984 velle.
1361 4920 1536 4983 Unde
1585 4920 1748 4982 Deus
1798 4928 1972 4983 tanto
2022 4921 2169 5001 plus
2215 4921 2359 4983 dili-

858 5023 950 5104 git
981 5039 1136 5092 rem,
1172 5026 1410 5100 quanto
1451 5017 1656 5098 majus
1695 5019 1936 5082 bonum
1969 5019 2026 5081 ei
2070 5019 2355 5100 largitur.

861 5121 1064 5194 Quum
1114 5135 1285 5198 ergo,
1330 5116 1452 5180 Deo
1503 5116 1678 5179 Patre
1731 5117 2002 5192 volente,
2053 5125 2114 5180 et
2160 5117 2361 5181 Verbo

863 5227 1098 5281 aeterno
1153 5224 1540 5288 assumente,
1599 5223 1923 5298 assumpta
1990 5216 2071 5279 sit
2130 5217 2363 5280 Christi

869 5315 1232 5378 humanitas
1279 5314 1358 5376 ad
1397 5313 1748 5376 increatum
1789 5321 1852 5375 et
1896 5315 2363 5398 hypostaticum

2466 4329 2737 4391 ricordia
2776 4337 2839 4391 et
2876 4330 3154 4410 dignatio
3195 4329 3303 4391 Dei
3334 4330 3409 4392 ad
3452 4348 3588 4404 noS,
3622 4333 3793 4412 quod
3834 4339 3965 4394 tam

2466 4427 2961 4490 clementissime
3008 4447 3189 4490 suam
3244 4427 3635 4508 maJ‘estatem
3685 4431 3765 4492 ad
3818 4449 3965 4512 par-

2467 4527 2725 4589 vitatem
2774 4525 3211 4608 vilitatemque
3270 4535 3545 4590 nostram
3607 4527 3963 4603 inclinavit,

2466 4633 2528 4687 et
2588 4633 2711 4686 tam
2772 4623 3364 4687 misericordissime
3430 4624 3614 4688 nobis
3670 4626 3965 4688 auxiliari

2468 4723 2759 4804 dignatus
2790 4729 2907 4796 est,
2943 4723 3175 4784 nostris
3217 4722 3548 4803 ignoscens
3590 4722 3963 4796 sceleribuS‚

2467 4840 2585 4884 nec
2638 4821 2811 4882 illam
2864 4837 3212 4900 aspernans
3271 4829 3557 4882 naturam
3614 4840 3963 4895 assumere,

2466 4941 2503 4982 a
2554 4919 2747 4999 cujus·
2786 4917 2993 5000 primo
3037 4917 3366 4980 individuo
3414 4919 3769 5000 ceterisque
3816 4939 3971 5004 sup-

2471 5019 2693 5102 positis
2731 5024 2859 5079 tam
2905 5015 3350 5098 multipliciter
3386 5024 3577 5099 atque
3624 5020 3969 5083 enormiter

2470 5117 2594 5179 fuit
2634 5115 2945 5179 offensus.

2552 5215 2813 5289 Rursus,
2846 5215 2913 5276 in
2964 5213 3399 5278 incarnatione
3436 5213 3579 5276 Filii
3616 5214 3722 5276 Dei
3772 5216 3969 5297 potis-

2472 5313 2709 5378 simum
2752 5312 3107 5375 declaratur
3134 5310 3595 5395 omnipotentia
3624 5311 3732 5375 Dei
3767 5331 3783 5376 ε
3816 5314 3971 5396 quia
