4300 6259
586 1181 671 1225 Job
691 1195 829 1233 xxxiv,

568 1248 635 1287 ¹4.

572 1377 716 1421 Zach.
737 1391 766 1429 ι,
790 1380 829 1422 3.

563 1572 827 1625 Jacob.1v‚8.

859 477 981 542 278

1682 493 2035 541 mammo
2076 492 2141 541 m
2182 492 2321 541 CAP.
2371 494 2392 538 1
2437 493 2714 541 mamus.
2759 513 2840 525 —
2881 494 3024 540 Am.
3069 493 3138 539 111

860 676 1012 731 runt
1066 668 1306 731 bonum
1358 687 1395 730 a
1445 668 1646 731 vobis.
1701 666 2157 729 Removeamus
2205 683 2353 746 ergo
2382 663 2433 724 A
2541 665 2618 727 Et
2667 666 3204 747 respondendum,
3251 666 3422 746 quod
3467 682 3790 745 nunquam
3841 662 3962 725 ali-

860 767 1185 830 obstacula
1244 768 1381 840 ista,
1445 766 1736 830 faciendo
1794 766 1966 847 quod
2035 765 2100 826 in
2169 763 2353 827 nobis

860 874 976 939 est,
1020 874 1441 948 aptemusque
1490 884 1603 929 nos
1654 864 1961 927 infusioni
2005 864 2351 945 gratiarum

862 965 1253 1045 coelestium3
1302 973 1365 1025 et
1409 973 1563 1026 tunc
1606 962 2120 1025 illuminabimur
2163 970 2353 1043 atque

860 1062 1276 1145 implebimur
1315 1082 1462 1125 mox
1505 1082 1541 1124 a
1582 1062 1727 1135 Deo,
1760 1062 1941 1142 juxta
1982 1060 2141 1122 illud
2183 1060 2298 1122 Job
2334 1078 2347 1120 ε

860 1160 923 1224 Si
984 1162 1288 1224 direxerit
1342 1163 1532 1225 homo
1590 1162 1667 1222 ad
1728 1160 1926 1222 Deum
1978 1178 2085 1222 cor
2135 1179 2346 1233 suum,

858 1260 1158 1342 spiritum
1202 1260 1373 1322 illius
1413 1267 1475 1321 et
1511 1258 1739 1322 flatum
1780 1260 1856 1320 ad
1899 1276 1965 1319 se
2010 1259 2233 1319 trahet.
2278 1256 2353 1319 Et

860 1378 974 1442 per
1024 1359 1384 1422 Zachariam
1429 1378 1443 1422 :
1491 1356 1945 1421 Convertimini
1995 1358 2071 1418 ad
2122 1374 2245 1432 me,
2291 1363 2354 1417 et

858 1466 1190 1521 convertar
1226 1458 1304 1519 ad
1343 1476 1477 1531 VOS,
1512 1456 1665 1519 dicit
1705 1456 2027 1519 Dominus.
2062 1455 2222 1517 Hinc
2257 1454 2353 1516 Ja-

858 1557 1054 1621 cobus
1105 1558 1401 1619 admonet
1448 1575 1459 1619 :
1516 1556 2042 1637 Appropinquate
2092 1554 2236 1629 Deo,
2291 1562 2353 1616 et

857 1654 1401 1738 appropinquabit
1444 1654 1647 1718 vobis.

2460 765 2607 846 quis
2660 784 2859 845 purus
2905 764 3324 846 philosophus
3367 763 3644 843 agnovit,
3675 763 3846 844 quod
3889 763 3956 824 in

2465 863 2588 926 Deo
2646 871 2810 925 esset
2869 862 3182 924 emanatio
3233 863 3312 923 ad
3372 862 3535 923 intra
3590 860 3874 923 Personae
3921 880 3960 921 a

2465 962 2749 1035 Persona,
2785 961 2882 1025 vel
2916 962 3086 1043 quod
3115 960 3361 1042 aliquid
3391 960 3736 1042 procedens
3765 979 3802 1021 a
3831 960 3960 1023 Deo

2463 1067 2629 1122 esset
2675 1060 2731 1121 ei
2783 1060 3027 1141 aequale
3073 1068 3135 1121 ct
3193 1058 3728 1123 consubstantiale
3769 1077 3784 1121 ε
3826 1059 3961 1122 imo

2462 1160 2582 1221 hoc
2654 1158 3029 1241 reputabant
3085 1159 3346 1221 omnino
3404 1157 3821 1239 impossibile,
3889 1166 3960 1218 ut

2462 1265 2633 1340 patet
2662 1276 2738 1319 ex
2777 1256 3276 1320 Elementation'e
3316 1256 3514 1319 Procli
3557 1257 3790 1318 summi
3821 1255 3963 1317 Pla-

2461 1355 2677 1419 tonici.
2713 1355 2831 1418 Sed
2884 1374 2998 1418 nec
3049 1354 3352 1437 possibile
3400 1363 3494 1417 est
3543 1355 3811 1417 naturali
3861 1374 3962 1417 ra-

2460 1455 2630 1517 tione
2662 1456 3092 1517 demonstrare
3123 1455 3220 1517 vel
3264 1454 3550 1517 invenire
3588 1454 3787 1517 Deum
3815 1473 3960 1517 esse

2460 1554 2527 1616 in
2576 1554 2864 1617 Personis
2915 1554 3176 1628 trinum,
3214 1554 3311 1617 vel
3355 1554 3604 1627 binum,
3639 1562 3699 1615 et
3747 1554 3814 1615 in
3859 1572 3962 1615 es-

2461 1652 2664 1715 sentia
2706 1673 2905 1714 unum
2941 1672 2954 1715 :
2990 1652 3142 1734 quia
3181 1652 3487 1735 perfectio
3519 1651 3826 1715 Creatoris
3861 1672 3962 1714 re—

2461 1752 2632 1813 lucet
2660 1752 2726 1813 in
2766 1751 3070 1813 creaturis
3101 1769 3176 1815 eo
3217 1752 3402 1815 medo
3436 1770 3565 1833 quo
3603 1752 3964 1833 procedunt

938 1853 1264 1926 QUAEmrtm
1310 1853 1479 1915 circa
1529 1852 1896 1934 praehabita,
1950 1871 2026 1913 an
2082 1852 2352 1913 naturali
2391 1852 2435 1912 B
2462 1869 2497 1912 a
2535 1850 2843 1913 Creatore.
2873 1849 3079 1922 Quum
3127 1868 3275 1930 ergo
3323 1859 3451 1912 tres
3493 1850 3780 1913 Personae
3827 1851 3966 1913 sint

859 1952 1100 2015 ratione
1166 1952 1365 2035 possit
1428 1950 1702 2014 inveniri
1767 1958 1877 2012 aut
1933 1952 2352 2013 demonstrari

858 2052 1189 2133 pluralitas
1236 2051 1650 2119 Personarum
1698 2050 1762 2110 in
1803 2049 1949 2123 Dec,
1985 2056 2047 2110 et
2083 2068 2164 2111 an
2203 2068 2354 2130 gen-

856 2150 999 2212 tiles
1033 2146 1397 2232 philosophi
1430 2148 1791 2211 habuerunt
1820 2147 2245 2229 cognitionem
2277 2149 2354 2211 de

856 2247 1035 2310 Patre
1092 2256 1155 2309 et
1212 2248 1368 2310 Filio
1428 2265 1542 2329 per
1600 2247 1950 2309 naturalem
2016 2247 2346 2309 rationem.

857 2344 1128 2419 Quaestio
1159 2346 1276 2407 ista
1308 2346 1627 2428 praecipue
1654 2345 1855 2408 oritur
1885 2344 2354 2407 difficultatem-

857 2464 983 2527 que
1040 2444 1229 2508 habet
1284 2463 1361 2506 ex
1412 2444 1622 2507 verbis
1666 2444 2025 2524 Augustini,
2077 2444 2352 2526 septimo

857 2542 1341 2607 Confessionum
1391 2542 1659 2605 dicentis
1696 2560 1707 2604 :
1742 2542 1857 2617 Ibi,
1894 2549 2110 2624 utpote
2161 2544 2225 2604 in
2275 2543 2352 2605 li-

854 2641 989 2704 bris
1040 2641 1310 2705 Platonis
1360 2641 1458 2704 vel
1508 2640 1993 2714 Platonicorum,
2036 2659 2160 2702 non
2210 2642 2352 2722 qui-

857 2741 999 2803 dem
1033 2739 1132 2802 his
1164 2740 1391 2815 verbiS,
1410 2740 1519 2801 sed
1550 2738 1805 2802 omnino
1837 2739 1954 2801 hoc
1985 2739 2155 2813 idem
2183 2741 2350 2822 quod

858 2839 957 2901 his
1008 2838 1218 2902 verbis
1280 2837 1699 2918 significatur,
1754 2837 1971 2898 multis
2018 2857 2092 2899 ac
2136 2838 2354 2900 multi-

856 2936 1134 3019 plicibus
1184 2935 1533 2999 rationibus
1585 2934 1790 3015 reperi
1842 2935 2346 3018 comprobatum,

2465 1968 2589 2011 una
2637 1969 2826 2012 causa
2875 1957 3328 2024 creaturarum,
3373 1950 3460 2011 ita
3505 1950 3672 2031 quod
3723 1950 3964 2012 creatio

2463 2048 2760 2111 convenit
2808 2048 2898 2109 eis
2943 2056 3251 2129 quantum
3296 2048 3372 2109 ad
3416 2048 3481 2110 id
3529 2048 3592 2109 in
3638 2067 3765 2130 quo
3806 2067 3968 2111 con-

2465 2148 2752 2221 veniunt,
2787 2145 3029 2209 scilicet
3069 2146 3310 2209 ratione
3350 2154 3588 2210 naturae
3625 2156 3815 2229 atque
3853 2167 3968 2230 po-

2463 2246 2694 2319 tentiae,
2743 2246 2949 2327 palam
3005 2253 3099 2306 est
3145 2246 3315 2326 quod
3368 2264 3584 2307 earum
3632 2247 3966 2309 distinctio

2463 2362 2539 2405 ex
2600 2344 2902 2406 creaturis
2961 2350 3232 2425 nequeat
3290 2344 3458 2419 elici,
3513 2346 3960 2419 demonstrari,

2462 2452 2570 2505 aut
2615 2443 2910 2506 inveniri.

2531 2542 2977 2604 Verumtamen
3006 2542 3461 2604 advertendum
3493 2544 3660 2624 quod
3696 2542 3967 2625 profun-

2463 2641 2709 2703 dissimi
2742 2640 3264 2723 philosophorum
3297 2640 3513 2722 aliqua
3543 2641 3863 2713 dixerunt,
3901 2652 3970 2705 et

2465 2740 2529 2801 in
2571 2739 2826 2821 scriptis
2867 2738 2998 2800 suis
3041 2739 3460 2820 reliquerunt,
3497 2738 3559 2801 in
3599 2740 3837 2822 quibus
3874 2743 3968 2804 vi-

2464 2841 2695 2902 dentur
2743 2838 3168 2919 cognitionem
3227 2838 3577 2901 divinitatis
3632 2838 3828 2901 Patris
3887 2861 3967 2904 ac

2461 2938 2602 2999 Filii
2635 2937 2954 3012 habuisse,
2991 2946 3249 3019 propter
3279 2938 3788 3001 communionem
3820 2959 3968 3002 ver-

855 3037 1026 3117 quod
1077 3036 1140 3096 in
1194 3034 1513 3117 principio
1560 3040 1694 3094 erat
1742 3032 2042 3109 Verbum,
2096 3043 2160 3097 et
2203 3035 2352 3097 Vcr-
2389 3037 2431 3099 C
2461 3035 2687 3099 borum
2737 3035 2973 3118 quibus
3027 3042 3294 3097 utuntur
3340 3036 3658 3117 loquendo
3704 3038 3780 3099 de
3829 3037 3967 3102 Deo

854 3133 1010 3196 bum
1054 3142 1188 3195 crat
1234 3134 1405 3215 apud
1446 3132 1665 3206 Deum,
1698 3140 1845 3207 etc„
1882 3152 2084 3214 usque
2130 3133 2241 3207 ibi,
2277 3133 2352 3196 Et

856 3232 985 3293 vita
1015 3240 1148 3294 erat
1186 3232 1296 3294 lux
1328 3230 1683 3294 hominum.
1720 3230 2165 3311 Trismegistus
2196 3252 2353 3314 quo-

855 3349 983 3413 que
1034 3331 1358 3394 invenitur
1401 3329 1635 3391 dixisse
1670 3347 1684 3390 :
1718 3328 1927 3392 Menas
1970 3330 2174 3411 gignit
2217 3351 2351 3395 mo-

856 3431 1105 3504 nadem,
1141 3436 1202 3491 et
1250 3429 1315 3490 in
1368 3446 1434 3491 sc
1478 3446 1665 3489 suum
1716 3427 1988 3491 reflectit
2034 3431 2345 3492 ardorem.

854 3528 932 3591 Et
981 3528 1233 3591 videtur
1280 3528 1343 3589 id
1392 3544 1576 3609 posse
1626 3525 1881 3607 probari
1932 3546 1944 3589 :
1993 3528 2220 3601 Primo,
2273 3547 2351 3592 ex

855 3626 1281 3689 immensitate
1331 3626 1563 3688 divinae
1606 3624 1927 3701 bonitatiS,
1962 3646 2105 3708 quae
2148 3646 2348 3709 quum

856 3726 939 3789 sit
984 3726 1257 3789 infinitae
1305 3723 1993 3799 communicabilitatiS,
2042 3726 2352 3806 processit

855 3824 921 3888 in
971 3833 1183 3887 actum
1228 3824 1351 3885 sibi
1397 3824 1966 3905 proportionatum,
2004 3824 2352 3905 producen-

857 3925 936 3987 do
979 3941 1241 4004 germen
1291 3923 1699 3997 immensum,
1742 3924 1915 4004 quod
1968 3941 2091 3985 non
2146 3930 2352 4005 potest

856 4040 993 4083 esse
1044 4022 1165 4083 nisi
1207 4021 1390 4083 DeuS.
1426 4020 1737 4095 Secundo,
1773 4021 1923 4103 quia
1971 4021 2212 4082 nullius
2259 4022 2346 4083 rei

857 4118 1171 4202 possessio
1216 4119 1498 4200 jucunda
1545 4127 1640 4180 est
1687 4120 1825 4181 sine
1881 4119 2238 4200 consortio;
2289 4128 2351 4181 et

2459 3141 2521 3197 et
2579 3134 2981 3215 processione
3037 3151 3254 3196 eorum
3315 3153 3460 3215 quae
3517 3135 3966 3216 producuntur

2457 3232 2538 3293 ab
2587 3232 2747 3314 ipso.
2785 3232 2956 3294 Plato
3005 3249 3280 3313 namque
3329 3239 3391 3293 et
3437 3232 3576 3313 ejus
3624 3251 3960 3313 sequaces,

2459 3330 2644 3392 multi
2711 3348 2968 3412 quoque
3039 3328 3455 3411 Peripatetici,
3517 3331 3964 3395 disseruerunt

2459 3430 2904 3493 universorum
2964 3447 3330 3510 processum
3381 3448 3416 3490 a
3465 3430 3670 3511 primo
3719 3430 3966 3512 princi-

2459 3529 2566 3611 pio
2597 3527 2740 3591 sieri
2773 3546 2886 3609 per
2913 3529 3253 3609 quamdam
3291 3528 3834 3605 assimilationem,
3873 3532 3965 3594 ita

2459 3629 2630 3709 quod
2679 3628 2892 3690 omnia
2945 3625 3389 3709 profluxerunt
3437 3646 3474 3689 a
3521 3627 3644 3691 Deo
3695 3647 3805 3710 per
3863 3651 3966 3692 ra-

2457 3727 2696 3789 tionem
2755 3724 3219 3797 similitudiniS,
3273 3726 3392 3789 hoc
3450 3734 3545 3788 est
3599 3728 3962 3791 secundum

2459 3824 2946 3887 similitudinem
2995 3825 3356 3905 quamdam,
3409 3825 3710 3907 quoniam
3761 3844 3962 3889 omne

2457 3942 2648 4005 agens
2690 3922 2983 4005 producit
3021 3922 3142 3985 sibi
3186 3923 3416 3998 simile,
3450 3933 3513 3986 et
3549 3924 3812 3986 effectus
3851 3945 3966 3989 vo-

2459 4029 2637 4084 catur
2696 4022 3068 4104 participata
3127 4021 3478 4085 similitudo
3539 4042 3668 4085 suae
3721 4042 3960 4087 causae.

2459 4120 2662 4193 Quum
2704 4139 2850 4201 ergo
2881 4119 3042 4181 Deus
3074 4119 3155 4181 sit
3196 4120 3303 4181 lux
3341 4139 3518 4202 pura,
3553 4121 3967 4203 supersplen-

856 4237 1057 4300 quum
1089 4217 1154 4279 in
1186 4217 1311 4281 Deo
1340 4217 1421 4280 sit
1459 4236 1636 4281 amor
1666 4217 1985 4301 perfectus
2016 4226 2207 4299 atque
2239 4219 2352 4281 im·
2381 4225 2432 4286 D
2460 4219 2787 4281 didissima
2816 4228 2879 4281 et
2919 4219 3249 4294 immensa,
3285 4218 3346 4281 id
3389 4221 3557 4301 quod
3595 4220 3965 4283 immediate

857 4334 1137 4391 mensuS,
1190 4316 1381 4379 habet
1426 4316 1588 4379 Deus
1638 4318 1915 4400 aliquem
1967 4336 2160 4399 quem
2209 4318 2352 4381 dili-

854 4416 947 4497 git
987 4415 1242 4479 infinito
1290 4434 1525 4490 amore,
1559 4435 1633 4480 eo
1671 4417 1841 4497 quod
1884 4436 2062 4479 amor
2102 4436 2228 4480 non
2269 4418 2352 4480 sit

856 4513 1114 4595 proprie
1151 4514 1227 4576 ad
1268 4532 1334 4576 se
1376 4514 1608 4596 ipsum.
1644 4514 1871 4587 Tertio,
1906 4515 2210 4596 quoniam
2251 4534 2352 4596 ge-

856 4612 1099 4675 neratio
1127 4620 1223 4674 est
1252 4611 1712 4693 perfectissima
1742 4613 2107 4695 productio:
2132 4633 2352 4677 conve-

855 4710 952 4772 nit
987 4728 1136 4791 ergo
1175 4708 1640 4792 perfectissimo
1669 4710 1823 4785 enti,
1858 4711 1981 4773 Deo
2014 4711 2345 4774 altissimo.

855 4807 1109 4882 Quarto,
1133 4808 1437 4890 quoniam
1468 4808 1783 4890 quidquid
1818 4809 2226 4891 perfectionis
2257 4818 2354 4872 est

856 4905 922 4968 in
976 4907 1305 4981 creaturis,
1340 4906 1656 4989 reperitur
1706 4908 1771 4969 in
1821 4907 1964 4969 Deo.
2000 4906 2203 4979 Quum
2256 4926 2353 4970 er-

852 5023 932 5086 go
971 5006 1035 5067 in
1081 5013 1292 5067 mente
1330 5012 1536 5067 creata
1578 5006 1661 5068 sit
1698 5006 2011 5069 emanatio
2051 5007 2228 5070 verbi
2269 5007 2348 5070 ab

852 5103 1196 5178 intellectu,
1220 5112 1285 5166 et
1312 5104 1544 5166 amoris
1575 5124 1611 5166 a
1642 5105 1981 5179 voluntate,
2008 5104 2131 5167 erit
2159 5106 2344 5168 etiam

855 5203 917 5264 in
976 5208 1187 5264 mente
1247 5202 1462 5265 divina
1519 5221 1851 5284 processus
1914 5203 2091 5267 verbi
2153 5211 2348 5285 atque

852 5299 1108 5374 amoriS,
1156 5317 1267 5361 seu
1310 5300 1507 5363 Prolis
1550 5321 1622 5364 ac
1663 5301 1935 5384 Spiritus
1979 5301 2212 5365 Sancti.

2461 4326 2754 4380 causatur
2801 4317 2880 4380 ab
2931 4336 3026 4393 ec,
3075 4318 3374 4380 dixerunt
3419 4337 3557 4381 esse
3599 4320 3654 4381 ei
3707 4319 3966 4383 similli-

2460 4437 2660 4479 mum.
2695 4416 2870 4479 Unde
2921 4416 3228 4479 vocabant
3278 4417 3549 4499 primam
3601 4418 3966 4499 intelligen—

2463 4516 2612 4578 tiam
2646 4535 2754 4577 seu
2800 4516 3069 4598 primam
3104 4525 3380 4578 mentem
3419 4524 3713 4590 creatam,
3749 4517 3965 4598 signa-

2461 4615 2675 4676 culum
2718 4614 2879 4676 lucis
2921 4614 3173 4689 divinae,
3207 4614 3610 4696 splendorem
3651 4615 3959 4678 claritatis

2461 4719 2730 4783 aeternae‚
2784 4712 3086 4792 itemque,
3138 4713 3308 4793 quod
3356 4721 3519 4775 esset
3569 4711 3774 4793 imago
3823 4716 3962 4776 evi-

2461 4810 2831 4873 dentissima
2858 4829 2931 4872 ac
2963 4810 3444 4893 praeclarissima
3481 4810 3828 4891 majestatis
3861 4814 3961 4875 di—

2460 4909 2644 4983 vinae,
2681 4909 3143 4991 speculumque
3183 4908 3589 4991 perfectionis
3635 4911 3956 4975 increatae.

2458 5007 2533 5070 Et
2585 5008 2888 5089 quoniam
2945 5009 3101 5070 ratio
3157 5007 3485 5071 filiationis
3538 5010 3602 5071 in
3656 5009 3960 5073 similitu-

2460 5107 2606 5168 dine
2665 5108 2936 5188 quadam
2995 5106 3303 5181 consistit,
3359 5106 3596 5170 idcirco
3654 5108 3958 5171 dixerunt

2456 5213 2734 5266 mentem
2787 5205 2960 5266 illam
3013 5205 3372 5267 immediate
3411 5224 3448 5267 a
3495 5224 3744 5267 summa
3792 5207 3960 5269 divi-

2459 5322 2667 5385 naque
2708 5310 2919 5365 mente
2957 5310 3250 5379 creatam,
3283 5321 3424 5366 esse
3461 5302 3690 5365 Filium
3729 5303 3863 5367 imo
3893 5313 3955 5367 et
