4300 6259
1187 498 1535 545 manuario
1579 496 1642 543 m
1685 496 1824 543 car.
1873 496 1935 543 xi
1979 495 2167 543 Lucra.
2212 516 2295 527 —
2336 497 2477 543 aar.
2526 498 2676 545 xxix
3410 483 3485 547 31

99 690 339 739 Jonmu.
369 670 544 752 apud
593 669 924 743 hannem,
977 668 1105 750 Ego
1156 688 1298 731 sum
1352 668 1536 751 panis
1589 666 1781 744 vitae3
1824 672 1887 728 et
1913 664 1965 724 A
1993 666 2178 745 quasi
2207 666 2520 747 gloriosus
2559 687 2631 730 ac
2674 668 3066 731 invariabilis
3097 667 3258 730 Deus
3292 670 3491 751 possit

73 756 136 795 ⁴⁸·
373 769 559 851 panis
611 767 1168 850 contemplationis
1219 768 1506 829 internae.
1565 765 1632 826 Hi
1687 782 1882 847 panes

371 867 764 930 commodari
799 866 984 929 nobis
1013 884 1050 927 a
1079 865 1204 927 Deo
1236 866 1553 937 dicuntur,
1579 862 1882 945 quoniam

369 966 450 1027 de
491 964 680 1027 donis
722 964 908 1027 nobis
948 966 1226 1046 desuper
1265 962 1448 1037 datis,
1485 962 1643 1025 ratio
1673 961 1884 1041 exige-

371 1072 478 1126 tur
514 1082 553 1124 a
593 1062 802 1134 nobis,
839 1070 910 1124 ut
945 1062 1034 1125 ait
1062 1060 1347 1125 Salvator
1385 1062 1555 1143 apud
1595 1060 1826 1121 Lucam
1864 1076 1878 1121 ε

73 1183 336 1231 Lat-aum.
369 1161 484 1223 Cui
539 1161 686 1244 plus
747 1163 964 1225 datum
1025 1168 1142 1235 est,
1195 1160 1342 1243 plus
1393 1159 1756 1241 requiretur
1803 1157 1882 1219 ab

370 1278 470 1323 eo.
529 1260 596 1321 Et
648 1259 988 1341 Gregorius
1037 1260 1266 1323 asserit
1311 1279 1326 1322 ε
1373 1258 1536 1321 Dum
1585 1262 1883 1320 crescunt

185 1366 220 1418 6
369 1359 560 1433 dona,
598 1360 874 1422 rationes
919 1367 1216 1422 crescunt
1259 1360 1594 1422 donorum.
1641 1360 1882 1427 Quom·-

369 1480 482 1519 am
511 1461 767 1518 amicus
797 1478 976 1519 meus
1006 1461 1184 1519 venit
1223 1460 1304 1519 de
1343 1461 1452 1517 via
1494 1459 1581 1516 ad
1611 1476 1730 1515 me.
1764 1453 1880 1515 Per

365 1558 654 1619 amicum
715 1556 934 1630 istum,
985 1558 1338 1619 secundum
1399 1557 1730 1637 quosdam,
1785 1552 1882 1614 in-

370 1654 686 1735 telligitur
729 1654 983 1717 animus
1033 1672 1144 1716 seu
1189 1653 1454 1734 spiritus
1499 1659 1733 1727 noster,
1767 1650 1878 1733 qui

368 1752 528 1813 dum
559 1771 675 1835 per
709 1760 978 1827 terrena,
1015 1771 1175 1814 vana
1218 1758 1410 1832 atque
1450 1750 1728 1813 carnalia
1757 1750 1884 1813 dis-

1993 764 2255 845 proprie
2303 765 2533 827 dictam
2588 766 2903 827 sustinere
2951 766 3330 841 molestiam,
3384 775 3493 828 aut

1993 862 2327 925 hominum
2381 864 2677 945 precibus
2736 865 3131 947 inquietari:
3182 866 3289 927 sed
3341 866 3493 947 quia

1991 960 2365 1043 frequenter
2394 959 2627 1023 affectu
2662 971 2726 1026 et
2754 980 2931 1025 more
2972 964 3251 1026 humano
3288 964 3495 1045 loqui-

1994 1066 2098 1119 tur
2137 1059 2203 1121 in
2240 1058 2607 1141 ScripturiS,
2644 1060 2955 1124 debilitati
2998 1070 3227 1125 nostrae
3260 1062 3495 1124 intelli-

1991 1158 2222 1237 gentiae
2256 1159 2791 1234 condescendenS,
2826 1162 3363 1241 quemadmodum
3405 1162 3493 1223 ait

1995 1274 2109 1338 per
2147 1257 2369 1319 lsaiam
2408 1277 2422 1320 ε
2463 1258 2767 1321 Laboravi
2812 1261 3178 1341 sustinens3
3220 1269 3285 1323 et
3322 1261 3493 1323 holo·
3546 1278 3755 1331 12.·,u.

1993 1364 2210 1417 causta
2266 1374 2378 1417 seu
2436 1356 2598 1419 festa
2646 1368 2853 1420 vestra
2912 1356 3075 1421 facta
3132 1367 3282 1421 sunt
3330 1359 3487 1421 mihi

1993 1456 2278 1517 molesta.
2314 1455 2685 1538 Rursusque
2720 1457 3005 1539 loquitur
3034 1458 3221 1520 Isaias
3258 1478 3271 1522 :
3305 1458 3491 1521 Num·
3518 1476 3780 1527 masma.

1992 1553 2149 1633 quid
2202 1572 2425 1635 parum
2471 1555 2652 1617 vobis
2700 1564 2797 1617 est
2846 1574 2983 1618 esse
3033 1556 3331 1619 molestos
3381 1557 3491 1621 ho-

1993 1651 2299 1725 minibuS‚
2344 1652 2497 1734 quia
2541 1654 2790 1716 molesti
2830 1655 2981 1716 estis
3027 1663 3089 1717 et
3132 1656 3255 1719 Deo
3304 1660 3491 1719 meo?

1989 1748 2208 1831 Itaque
2237 1750 2397 1811 Deus
2428 1750 2531 1827 ait,
2550 1750 2687 1813 Noli
2721 1752 2877 1813 mihi
2912 1754 3211 1816 molestus
3242 1772 3395 1828 esse,
3414 1756 3492 1817 ad

373 1851 672 1925 trahitur,
723 1851 1076 1915 oblectatur
1129 1857 1192 1911 et
1233 1856 1556 1930 evagatur,
1610 1868 1646 1910 a
1695 1848 1880 1911 nobis
1919 1846 1964 1907 B
1992 1847 2447 1909 insinuandum
2481 1867 2673 1929 quam
2707 1849 3059 1913 difficulter
3088 1858 3149 1913 et
3182 1861 3493 1933 protracte

95 1967 336 2015 munz.
373 1949 636 2023 recedit,
669 1952 852 2030 juxta
889 1948 1050 2011 illud
1085 1948 1151 2009 in
1183 1948 1430 2010 Psalmo
1465 1965 1478 2009 ε
1515 1947 1632 2009 Cor
1665 1965 1878 2009 meum

75 2032 136 2071 ¹³·
371 2048 725 2129 dereliquit
751 2066 878 2109 me.
903 2047 1166 2128 Propter
1196 2047 1370 2127 quod
1403 2064 1516 2127 per
1540 2045 1878 2107 Jeremiam

101 2164 194 2206 aer.
219 2178 336 2216 xm,
372 2144 758 2227 prophetam
791 2143 1028 2206 dicitur
1059 2162 1073 2206 ε
1109 2142 1452 2223 Usquequo
1483 2141 1728 2203 deliciis
1760 2142 1882 2204 dis·

75 2229 120 2253 ⁴'
371 2242 668 2316 solveriS,
701 2242 843 2304 filia
871 2244 1070 2322 vaga?
1102 2240 1308 2313 Quum
1349 2248 1560 2302 autem
1603 2241 1681 2302 ad
1721 2240 1881 2301 inte-

371 2340 542 2403 riora
586 2359 704 2401 sua
747 2338 1126 2420 regreditur,
1169 2346 1234 2399 et
1275 2336 1576 2399 salutaria
1619 2337 1882 2399 medita-

372 2447 500 2513 tur,
543 2440 624 2501 de
669 2438 774 2500 via
817 2438 942 2499 lata
988 2435 1366 2520 perditionis
1416 2437 1494 2498 ad
1543 2454 1656 2499 nos
1707 2436 1880 2517 ipsos

89 2558 336 2605 1⁸.m1.s.
373 2538 742 2611 revertitur,
797 2537 963 2599 sicut
1009 2536 1200 2597 lsaias
1249 2542 1516 2597 testatur
1569 2553 1583 2598 ε
1635 2534 1878 2607 Redite,

373 2636 917 2719 praevaricatorcs,
967 2636 1046 2697 ad
1097 2652 1226 2699 cor.
1273 2670 1346 2679 —
1397 2632 1722 2705 Praeterea,
1769 2650 1882 2714 per

375 2735 808 2817 postulantem
867 2741 995 2795 tres
1058 2750 1276 2814 paneS‚
1339 2731 1610 2812 intelligi
1675 2738 1883 2813 potest

368 2834 773 2915 quicumque
803 2831 1064 2893 alterius
1097 2830 1474 2904 exhortator,
1497 2836 1560 2892 et
1591 2848 1704 2911 per
1729 2830 1884 2891 ami-

370 2952 520 2995 cum
562 2933 644 2993 de
674 2930 779 2993 via
812 2930 1194 2999 venientem,
1231 2928 1628 3009 quicumque
1669 2928 1883 3011 proxi-

1991 1964 2159 2027 saepe
2206 1947 2424 2009 audiat
2471 1948 2905 2028 deprecanteS,
2952 1951 3491 2031 quemadmodum

1991 2052 2247 2107 sanctus
2274 2044 2389 2107 Job
2421 2044 2705 2127 loquitur
2736 2046 2860 2109 Deo
2895 2066 2907 2110 ε
2944 2046 3157 2111 Clamo
3194 2049 3273 2110 ad
3311 2056 3395 2123 te,
3430 2057 3494 2111 et
3518 2072 3601 2115 aab
3619 2074 3783 2123 mae,

1991 2161 2118 2207 non
2180 2144 2493 2223 exaudis3
2548 2152 2665 2218 sto,
2716 2152 2778 2207 et
2826 2163 2953 2208 non
3007 2146 3271 2227 respicis
3320 2166 3423 2209 me
3470 2136 3587 2211 :²¹·

1993 2248 2272 2303 mutatus
2312 2259 2379 2303 es
2422 2242 2579 2303 mihi
2624 2242 2687 2303 in
2731 2244 3076 2320 crudelem,
3113 2252 3176 2306 et
3215 2245 3281 2307 in
3318 2247 3494 2309 duri-

1992 2339 2080 2401 tia
2123 2358 2349 2401 manus
2399 2347 2523 2402 tuae
2572 2341 2925 2403 adversaris
2970 2342 3152 2404 mihi.
3203 2343 3491 2408 Jeremiae

1992 2455 2252 2519 quoque
2300 2435 2586 2517 loquitur
2628 2437 2792 2499 Deus
2840 2440 2919 2501 de
2970 2440 3241 2522 reprobo
3291 2461 3495 2524 popu-

1993 2536 2056 2597 lo
2093 2534 2453 2597 Judaeorum
2502 2554 2515 2597 :
2564 2535 2727 2611 Noli,
2774 2537 3098 2619 inquienS‚
3146 2557 3326 2601 orare
3377 2561 3493 2623 pro
3519 2564 3781 2615 lem-nar.

1996 2633 2235 2715 populo
2285 2633 2406 2696 hoc
2450 2633 2515 2694 in
2556 2633 2821 2709 bonum,
2870 2654 2987 2698 nec
3030 2656 3317 2701 assumas
3362 2640 3495 2702 lau-

1993 2732 2136 2793 dem
2178 2739 2241 2793 et
2278 2731 2629 2795 orationem
2667 2751 2784 2814 pro
2823 2734 2932 2811 eiS,
2966 2743 3031 2796 et
3066 2754 3190 2797 non
3222 2736 3493 2799 obsistas

1993 2829 2178 2904 mihi,
2221 2830 2375 2911 quia
2419 2848 2545 2893 non
2590 2832 2925 2894 exaudiam
2968 2841 3051 2895 te.

2070 2931 2221 2989 Jam
2254 2928 2425 2990 enim
2456 2931 2693 2989 ostium
2727 2934 3021 2991 clausum
3059 2942 3174 2999 est,
3208 2932 3329 2996 hoc
3370 2941 3489 3008 est,

373 3050 520 3093 mus
559 3028 1112 3091 exhortationibus
1150 3027 1466 3107 indigena.
1503 3024 1736 3109 Sicque
1777 3044 1884 3088 ex·
1920 3026 1963 3088 C
1991 3025 2206 3087 aditus
2267 3044 2377 3088 seu
2436 3045 2729 3089 accessus
2787 3028 2865 3089 ad
2926 3028 3400 3110 impetrandum
3456 3051 3493 3093 a

369 3126 706 3201 hortatori,
741 3144 854 3188 seu
897 3125 1291 3207 praedicatori
1333 3133 1460 3186 tres
1503 3141 1696 3205 panes
1733 3132 1883 3187 sunt

371 3226 744 3298 necessarii,
789 3232 1008 3306 utpote
1055 3223 1368 3305 sapientia
1417 3223 1671 3295 mentiS,
1715 3223 1882 3285 ordi-

369 3332 520 3387 nata
569 3324 810 3387 locutio
857 3323 1007 3393 oriS,
1055 3321 1502 3403 exemplaritas
1549 3338 1881 3383 conversa-

371 3423 591 3487 tionis.

453 3524 543 3583 Ec
581 3541 715 3582 non
753 3521 951 3581 habeo
989 3522 1164 3597 quod
1191 3538 1436 3597 ponam
1475 3528 1625 3579 ante
1659 3519 1876 3589 illum,

371 3620 498 3684 hoc
537 3627 656 3693 est,
695 3638 734 3679 a
771 3635 872 3679 me
913 3616 1054 3698 ipso
1095 3615 1184 3677 nil
1227 3616 1482 3678 virtutis
1519 3622 1630 3678 aut
1663 3616 1880 3695 gratiae

371 3718 604 3790 habe0,
653 3724 724 3777 ut
761 3714 1060 3796 spiritum
1105 3731 1320 3775 meum
1363 3732 1476 3775 seu
1517 3713 1881 3795 proximum

373 3814 804 3898 spiritualiter
851 3813 1097 3875 valeam
1149 3811 1444 3875 roborare
1491 3820 1681 3893 atque
1731 3812 1882 3874 refi-

87 3931 342 3980 {Cor.1v,7.
375 3932 544 3987 cere,
581 3912 836 3976 dicente
880 3909 1182 3991 Apostolo
1216 3928 1229 3970 ε
1274 3908 1434 3981 Quid
1473 3909 1668 3971 habes
1707 3911 1878 3991 quod

85 4032 344 4083 neumate».
375 4032 506 4075 non
537 4010 888 4092 accepisti?
923 4007 996 4069 Et
1025 4026 1246 4068 rursus
1282 4025 1295 4069 z
1329 4006 1464 4069 Non
1495 4026 1716 4069 sumus
1751 4008 1882 4069 suf-

374 4110 676 4173 ficientes
725 4107 1000 4187 cogitare
1049 4104 1291 4187 aliquid
1337 4122 1414 4167 ex
1467 4105 1670 4177 nobiS,
1727 4126 1882 4187 qua-

1993 3142 2115 3199 me,
2152 3126 2339 3187 modo
2380 3124 2493 3187 tibi
2536 3144 2663 3188 non
2704 3134 2895 3207 patet,
2931 3128 3016 3191 ita
3060 3131 3231 3211 quod
3272 3148 3490 3211 preces

1993 3230 2116 3284 tuae
2157 3223 2364 3285 adhuc
2414 3222 2627 3286 locum
2677 3244 2803 3287 non
2844 3225 3101 3289 habent.
3136 3227 3491 3300 Quocontra

1993 3320 2058 3382 in
2090 3320 2833 3391 Ecclesiasticohabetur
2862 3342 2875 3386 :
2911 3323 3119 3388 Oratio
3149 3326 3491 3389 humilian-
3568 3345 3719 3390 Εωιε.

1992 3420 2072 3481 tis
2103 3438 2173 3481 se
2202 3419 2406 3482 nubes
2438 3420 2816 3502 penetrabit.
2845 3420 2921 3483 Et
2949 3422 3315 3487 beatissimo
3346 3424 3491 3488 Cor·
3518 3421 3644 3457 ¹¹¹¹¹
3668 3410 3736 3453 ²¹·

1993 3518 2163 3580 nelio
2202 3519 2561 3581 centurioni
2604 3520 2845 3582 dictum
2887 3528 2983 3583 est
3020 3521 3099 3584 ab
3138 3523 3382 3603 angelo,
3420 3531 3487 3585 ut

1992 3616 2263 3679 habetur
2294 3617 2359 3680 in
2398 3618 2663 3680 Actibus
2699 3637 2713 3681 ε
2747 3617 3071 3681 Orationes
3110 3629 3235 3683 tuae
3273 3640 3490 3684 ascen-

1993 3716 2225 3779 derunt
2253 3716 2317 3776 in
2352 3717 2724 3779 memoriam
2763 3715 2827 3779 in
2861 3727 3203 3799 conspectu
3235 3718 3367 3781 Dei.
3401 3722 3489 3782 Et

1985 3816 2184 3891 pueri
2210 3817 2363 3883 mei,
2395 3814 2515 3877 hoc
2550 3822 2645 3876 est
2683 3815 2866 3876 electi
2898 3824 3088 3897 atque
3117 3815 3283 3879 beati
3316 3817 3487 3879 cives

1997 3912 2173 3992 regni
2225 3911 2522 3983 coelestis,
2566 3932 2812 3974 mecum
2849 3924 3003 3974 sunt
3040 3915 3115 3974 in
3152 3918 3382 3985 cubili,
3424 3917 3488 3977 id

1993 4018 2090 4073 est
2118 4012 2182 4071 in
2216 4010 2638 4073 secretissima
2678 4011 2898 4091 requie
2940 4012 3214 4074 coelestis
3246 4014 3485 4095 palatii,

1997 4109 2104 4171 ubi
2137 4107 2319 4191 quasi
2354 4108 2416 4169 in
2446 4108 2741 4181 thalamo,
2776 4108 3055 4171 Ecclesia
3084 4110 3487 4193 triumphans

377 4210 430 4271 si
491 4227 571 4271 ex
623 4206 852 4285 nobis3
914 4205 1024 4266 sed
1086 4202 1480 4265 sufficientia
1541 4211 1754 4267 nostra
1804 4225 1880 4267 ex
1915 4206 1964 4267 D
1995 4226 2111 4271 suo
2141 4207 2385 4289 Sponso
2414 4213 2648 4269 aeterno
2688 4206 3173 4270 inavertibiliter
3208 4218 3304 4271 est
3342 4230 3491 4274 con-

375 4308 506 4370 Deo
551 4313 670 4368 est.
713 4303 910 4366 Nemo
949 4321 1100 4382 ergo
1142 4321 1210 4364 se
1250 4301 1464 4382 jactet,
1510 4320 1626 4365 nec
1669 4304 1748 4365 de
1789 4305 1884 4367 vi-

379 4406 562 4468 ribus
603 4404 738 4467 suis
785 4408 1148 4485 praesumat‚
1183 4418 1394 4483 neque
1435 4401 1709 4463 inaniter
1748 4403 1885 4483 glo—

377 4504 606 4566 rietur.

197 4600 230 4653 7
467 4604 550 4664 Εἰ
579 4602 696 4661 ille
722 4601 986 4659 deintus
1023 4600 1437 4675 respondem,
1465 4601 1660 4660 dic-at.
1695 4598 1884 4661 Recte

375 4701 490 4773 ait,
523 4698 788 4761 Deintus
822 4696 1235 4777 respondens.
1270 4694 1434 4757 Deus
1466 4695 1636 4757 enim
1670 4697 1885 4759 omnia

377 4798 634 4881 implet,
677 4802 742 4857 et
783 4793 1119 4857 animabus
1161 4793 1395 4856 nostris
1441 4793 1748 4865 illabitur,
1792 4794 1886 4856 in—

376 4905 618 4977 tusque
647 4912 752 4956 eas
782 4892 1032 4956 occulta
1061 4892 1478 4973 inspiratione
1511 4892 1879 4973 alloquitur.

111 5006 348 5057 mmm,
378 4994 648 5076 Propter
685 4991 859 5073 quod
897 4990 986 5053 ait
1013 4989 1344 5052 Psalmista
1378 5008 1390 5053 :
1425 4990 1694 5051 Audiam
1728 4992 1885 5073 quid

98 5072 133 5113 ⁹‘
381 5093 684 5175 loquatur
725 5091 792 5152 in
837 5108 940 5151 me
969 5088 1276 5151 Dominus
1309 5087 1492 5150 Deus.
1531 5091 1690 5153 Noli
1718 5092 1887 5151 mihi

381 5194 684 5253 molestus
721 5208 870 5259 esse,
915 5188 1036 5250 hoc
1085 5194 1181 5249 est
1229 5187 1528 5269 precibus
1580 5188 1888 5251 immode—

383 5296 598 5353 ranter
628 5287 908 5370 pulsare.
943 5284 1070 5349 Hoc
1101 5285 1580 5368 intelligendum
1614 5293 1730 5361 est,
1757 5305 1884 5350 non

1990 4306 2233 4386 juncta,
2285 4313 2347 4365 et
2408 4304 2768 4367 immediate
2824 4304 3226 4387 feliciterque
3286 4310 3483 4387 unita,

1991 4404 2304 4467 facialiter
2334 4420 2599 4464 cernens
2630 4402 2955 4479 dilectum,
2991 4422 3108 4467 nec
3140 4424 3254 4488 per
3282 4408 3489 4491 culpae

1994 4500 2581 4565 dissimilitudinem
2613 4500 2851 4563 distans
2880 4500 2959 4563 ab
2991 4502 3152 4584 ipso,
3185 4507 3490 4586 quemad-

1994 4602 2255 4664 modum
2285 4600 2582 4673 viatoreS‚
2615 4598 2853 4681 quibus
2884 4599 3189 4664 Dominus
3222 4622 3336 4685 per
3364 4604 3489 4667 Isa-

1995 4699 2116 4761 iam
2152 4699 2377 4759 asserit
2411 4716 2423 4760 :
2458 4697 2829 4780 Iniquitates
2870 4706 3095 4762 vestrae
3132 4702 3491 4766 diviserunt
3534 4722 3696 4774 lanx,
3718 4724 3759 4767 2.

1995 4797 2161 4859 inter
2201 4795 2397 4858 Deum
2445 4803 2725 4858 vestrum
2770 4802 2831 4857 et
2877 4815 3006 4859 vos‚

2087 4896 2235 4957 Non
2272 4914 2535 4973 possum
2572 4912 2854 4970 suryere,
2902 4894 2965 4956 id
3015 4903 3109 4957 est
3160 4896 3224 4959 in
3274 4906 3486 4961 actum

1995 4991 2417 5054 exauditionis
2469 4992 2830 5073 procedere,
2872 5002 2933 5053 et
2974 4996 3134 5054 dare
3178 4996 3298 5055 cibi
3344 5015 3489 5077 quae

1997 5091 2182 5172 petis.
2216 5089 2501 5173 Denique
2540 5091 2711 5172 quod
2741 5089 2905 5151 Deus
2936 5091 3023 5153 ait
3059 5092 3485 5175 omnipotenS,

1993 5188 2130 5251 Non
2190 5206 2471 5269 possum,
2535 5206 2659 5251 non
2720 5188 3323 5270 impossibilitatem,
3380 5194 3490 5256 sed

1996 5286 2443 5349 difficultatem
2500 5285 2879 5350 exaudiendi
2938 5290 3225 5371 designat
3284 5311 3299 5355 ε
3360 5312 3487 5357 non
