4300 6259
525 1307 591 1350 Cf.
621 1307 666 1349 in
696 1306 747 1350 lv

485 1369 590 1426 Reg.
605 1383 650 1422 u,
667 1371 710 1414 9.

485 1505 652 1548 Matth.
665 1517 746 1556 xiv,

487 1570 632 1610 19-21.

780 503 904 570 552
1491 525 1842 572 numm-10
1886 524 1948 570 m
1991 524 2130 571 car.
2178 526 2260 570 xv
2301 523 2577 572 somnis.
2623 545 2704 556 —
2745 525 2887 573 Ali-r.
2934 527 3171 574 xxxvm

777 701 875 756 est
921 695 1427 776 supernaturalia
1483 694 1647 761 facta
1693 714 1949 760 omnem
1999 703 2273 758 creatam
2303 694 2353 756 Α
2383 695 2857 759 detrimentum.
2909 698 3068 761 lllud
3123 705 3333 761 autem
3391 699 3585 779 gratis
3636 699 3877 772 oditur,

775 801 1149 875 potestatem
1181 797 1702 870 transcendentia,
1720 815 1864 877 quae
1892 815 2074 855 nemo
2099 797 2272 855 alius
2381 811 2459 855 ex
2510 794 2693 875 cujus
2742 796 2887 858 odio
2930 797 3181 858 nullum
3231 797 3733 860 emolumentum
3775 816 3883 859 ac-

772 893 952 970 fecit,
995 893 1058 955 id
1109 901 1204 955 est
1251 901 1378 955 tam
1429 913 1654 976 magna
1700 903 1762 956 et
1807 893 2028 966 multa,
2070 912 2272 974 quan-
2382 891 2683 972 quiritur.
2717 893 2893 956 Unde
2940 902 3002 956 et
3046 895 3347 957 Ieremias
3397 896 3688 977 praedixit
3722 915 3737 957 :
3769 897 3880 958 At·
3936 921 4195 965 namn,

773 998 838 1052 ta
875 999 938 1052 et
967 992 1180 1072 qualia
1218 993 1434 1055 nullus
1465 994 1957 1076 praecedentium
1996 992 2273 1074 Prophe-
2382 991 2593 1065 tende,
2629 989 2914 1066 Domine,
2948 1000 3012 1054 et
3056 994 3205 1055 audi
3256 1012 3441 1056 voce-s
3488 994 3879 1056 adversario·
3910 987 3983 1032 ¹⁹*
4008 985 4081 1026 ²⁰·
4196 1013 4207 1020 ·

774 1097 984 1152 tarum
1037 1091 1135 1152 vel
1185 1091 1683 1154 Patriarcharum
1737 1091 2000 1174 peregit.
2049 1090 2275 1163 Quam-
2386 1107 2527 1152 rum
2560 1107 2869 1165 meorum,
2901 1093 3214 1174 numquid
3246 1092 3529 1154 redditur
3560 1110 3676 1175 pro
3705 1092 3877 1155 bono

776 1188 874 1251 vis
913 1189 1084 1250 enim
1124 1190 1384 1271 quidam
1425 1191 1681 1252 illorum
1717 1209 1943 1271 magna
1978 1189 2268 1263 fecerint,
2384 1188 2667 1249 malum?
2699 1188 2887 1252 Porro
2934 1190 2999 1251 in
3050 1191 3294 1271 psalmo
3336 1191 3731 1273 praeallegato
3782 1192 3877 1254 sic

778 1287 1022 1349 scilicet
1074 1287 1332 1370 MoyseS,
1388 1289 1595 1363 Josue,
1655 1289 1820 1351 Elias
1882 1295 1945 1350 et
2001 1288 2268 1361 EliseuS,
2384 1286 2693 1368 scriptum
2736 1295 2832 1348 est
2864 1305 2878 1348 :
2912 1288 3311 1370 Multiplicati
3349 1297 3499 1351 sunt
3546 1307 3739 1372 super
3778 1309 3879 1352 ca-
3934 1316 4193 1364 1³..qu

778 1404 903 1448 non
936 1393 1144 1448 tamen
1191 1388 1542 1468 comparari
1583 1396 1827 1469 queunt
1858 1387 2125 1460 Christo,
2160 1385 2273 1468 qui
2384 1384 2571 1465 pillos
2620 1385 2845 1467 capitis
2885 1387 3010 1448 mei
3050 1387 3161 1468 qui
3202 1388 3474 1450 oderunt
3513 1405 3615 1450 me
3652 1389 3874 1468 gratis.
3908 1381 3955 1420 ⁵·

778 1485 854 1546 de
897 1484 1186 1566 quinque
1225 1486 1498 1566 panibus
1541 1486 1918 1567 duobusque
1961 1485 2267 1567 piscibus,
2384 1482 2553 1544 Idem
2602 1502 2860 1564 quoque
2899 1485 3169 1547 habetur
3215 1487 3281 1547 in
3331 1486 3576 1568 psalmo
3624 1485 3687 1548 in
3746 1505 3880 1567 quo

483 1629 752 1680 Ibida-„-
777 1583 1066 1664 quinque
1097 1583 1299 1646 millia
1327 1585 1598 1658 satiavit,
1633 1585 1710 1646 de
1741 1591 1983 1666 septem
2014 1601 2272 1665 quoque
2385 1580 2616 1661 legitur
2649 1600 2663 1643 t
2695 1581 2829 1644 Non
2881 1585 3386 1664 supergaudeant
3426 1583 3581 1646 mihi
3620 1585 3733 1665 qui
3770 1586 3881 1646 ad-
3944 1603 4199 1653 ptum.

484 1696 551 1737 38.

511 1797 672 1840 Joann.
691 1809 747 1846 ix,

485 1863 525 1910 1,
544 1862 585 1910 6,
610 1862 649 1901 7.

480 1923 602 1966 Ibid.
615 1935 670 1972 xi,
688 1924 750 1972 Π,

483 1988 551 2036 3⁹,
570 1988 641 2035 4³,
661 1987 730 2028 Η.

483 2047 747 2097 Manlaxtv,

481 2113 550 2154 25.

482 2200 606 2244 Ibid.
617 2215 670 2243 xx
676 2214 748 2253 vu,

481 2265 550 2306 4⁵.

481 2397 744 2448 Ibid.52,53.

476 2981 543 3024 Is.
559 2994 658 3034 xxx,
675 2983 743 3028 20.

567 3652 640 3708 25

479 4059 744 4113 Panum&

519 4547 642 4591 [bid.
665 4549 704 4590 5.

512 4843 676 4887 Joann.
700 4857 743 4894 x,

480 4907 548 4948 ³2.

505 4967 585 5011 Pa.
602 4981 743 5019 xxxiv,

481 5034 546 5074 ¹2.

481 5094 557 5138 Pe.
575 5108 688 5147 cvm.
701 5097 742 5138 5.

779 1681 1052 1764 panibus
1085 1701 1158 1745 ac
1195 1683 1413 1764 paucis
1455 1683 1780 1764 pisciculis
1819 1691 2093 1764 quatuor
2131 1683 2274 1744 mil·
2386 1687 2717 1742 versantur
2766 1681 2925 1743 mihi
2982 1681 3225 1762 inique,
3276 1682 3392 1764 qui
3449 1683 3718 1745 oderunt
3774 1701 3880 1745 me
3910 1669 3985 1708 ¹⁹·

778 1780 907 1859 lia;
959 1781 1072 1861 qui
1131 1799 1370 1843 caecum
1427 1801 1464 1842 a
1521 1782 1848 1844 nativitate
1906 1781 2268 1856 illustravit,
2382 1777 2598 1856 gratis,
2632 1785 2696 1839 et
2741 1789 3036 1841 annuunt
3080 1780 3305 1842 oculis,
3344 1778 3433 1842 Ex
3481 1800 3611 1861 quo
3659 1781 3725 1842 in
3772 1801 3883 1843 ex-

777 1880 1274 1960 quatriduanum
1307 1889 1630 1944 mortuum
1663 1881 1914 1944 reduxit
1942 1882 2018 1943 ad
2051 1881 2268 1956 vitam,
2309 1878 2356 1940 B
2386 1875 2699 1957 positione
2745 1876 2894 1940 libri
2943 1877 3333 1941 Psalmorum
3386 1879 3673 1961 probavi,
3706 1881 3879 1961 quod

777 1997 972 2060 super
1010 1979 1215 2060 pelagi
1256 1980 1456 2040 undas
1490 1979 1800 2054 transivit,
1837 1987 1896 2042 et
1929 1980 2052 2041 alia
2087 1979 2274 2041 innu-
2384 1975 2667 2056 psalmus
2716 1974 2825 2036 ille
2868 1976 3053 2057 cujus
3096 1977 3425 2040 exordium
3477 1984 3593 2052 est,
3632 1977 3877 2052 Judica,
3954 1999 4151 2040 mai-

777 2077 1106 2139 merabilia
1154 2077 1306 2139 fecit
1354 2078 1673 2160 prodigia3
1728 2078 1790 2140 in
1842 2078 2026 2158 cujus
2075 2078 2275 2160 passi·
2382 2071 2667 2147 Domine,
2704 2082 3001 2136 nocentes
3052 2093 3174 2148 me,
3210 2075 3293 2138 sit
3339 2077 3417 2138 ad
3460 2074 3735 2138 litteram
3772 2095 3883 2138 ex-

775 2193 896 2239 one
938 2176 1504 2257 supernaturaliter
1541 2177 1883 2257 eclipsatus
1926 2184 2022 2238 est
2065 2176 2171 2248 sol,
2210 2185 2271 2238 et
2384 2172 2717 2252 ponendus
2767 2172 2844 2232 de
2894 2171 3161 2235 Christo.
3212 2173 3373 2255 Lyra
3420 2191 3569 2236 vero
3617 2173 3883 2256 exponit

777 2273 928 2336 luna
985 2274 1243 2336 solitum
1305 2293 1562 2336 cursum
1615 2274 2024 2338 vehementer
2070 2283 2273 2336 muta-
2383 2287 2531 2331 eum
2581 2270 2936 2333 litteraliter
2986 2273 3063 2333 de
3109 2271 3324 2335 David.
3376 2272 3453 2336 Et
3498 2280 3709 2335 tamen
3760 2273 3881 2337 hoc

775 2372 903 2451 vit3
946 2391 1092 2434 cum
1140 2391 1269 2454 quo
1317 2372 1518 2434 multa
1565 2372 1938 2436 Sanctorum
1978 2373 2089 2454 qui
2131 2374 2273 2436 dor-
2384 2368 2521 2432 loco
2580 2369 2731 2431 dicit
2791 2368 3109 2432 Christum
3167 2370 3437 2451 allegare
3494 2372 3877 2454 scripturam

775 2470 1046 2532 mierant
1084 2489 1350 2551 corpora
1387 2479 1819 2545 surrexerunt,
1854 2479 1917 2532 et
1943 2472 2271 2534 venientes
2385 2466 2579 2547 hujus
2649 2467 2878 2547 psalmi
2933 2486 2947 2530 t
2999 2486 3128 2548 quo
3194 2469 3357 2556 dato,
3414 2469 3695 2551 psalmus
3760 2470 3881 2532 iste

773 2569 838 2630 in
873 2577 1153 2631 sanctam
1184 2569 1527 2643 civitatem,
1561 2578 1996 2651 apparuerunt
2026 2571 2268 2632 multis.
2386 2566 2797 2646 exponendus
2854 2572 2948 2627 est
3006 2567 3083 2628 ad
3143 2566 3413 2629 litteram
3473 2568 3551 2629 de
3608 2567 3876 2643 Christo,

771 2671 1120 2730 Peccatum
1167 2688 1297 2729 non
1344 2669 1667 2728 haberent.
1717 2671 1911 2730 Nunc
1949 2679 2166 2729 autem
2214 2679 2274 2730 ec
2383 2682 2583 2744 quum
2630 2663 2919 2743 probatio
2961 2683 3087 2727 non
3130 2665 3353 2739 valeat,
3396 2666 3521 2728 nisi
3563 2683 3643 2728 ex
3685 2685 3879 2728 sensu

772 2761 1078 2826 ciderunt
1119 2783 1221 2827 me
1271 2774 1670 2847 praesentem,
1715 2783 1909 2846 quem
1957 2773 2275 2847 exspecta·
2387 2763 2665 2836 litterali,
2700 2763 3050 2825 secundum
3101 2764 3547 2844 Augustinum.
3586 2765 3685 2827 Illi
3728 2783 3881 2846 ergo

772 2863 926 2925 bant
967 2862 1280 2939 futurum,
1318 2872 1381 2925 et
1422 2881 1614 2945 opera
1654 2882 1793 2926 mea
1831 2864 2213 2928 miraculosa
2255 2875 2269 2919 τ
2384 2862 2655 2924 oderunt
2706 2879 2806 2922 me
2852 2863 3070 2941 gratiss,
3121 2863 3301 2943 quasi
3356 2882 3479 2926 non
3530 2863 3651 2925 sim
3702 2863 3881 2927 Chri-

773 2961 940 3024 sicut
987 2961 1172 3023 lsaias
1225 2962 1536 3043 praedixit,
1580 2961 1782 3024 Erunt
1822 2963 1989 3025 oculi
2041 2963 2133 3025 tui
2183 2964 2275 3026 vi-
2385 2967 2541 3034 stus,
2590 2960 2698 3022 sed
2742 2961 3055 3044 seductor.

774 3060 994 3122 dentes
1025 3067 1480 3142 praeceptorem
1511 3068 1728 3134 tuum;
1760 3069 1818 3119 ec
1848 3063 2124 3124 oderunt
2154 3083 2271 3132 me,
2311 3060 2354 3125 C
2467 3061 2681 3128 Quum
2729 3067 2945 3119 autem
2994 3062 3265 3128 venerit,
3306 3079 3434 3124 non
3484 3061 3693 3123 locum
3742 3081 3879 3123 mu·
4024 3075 4105 3128 26

771 3168 831 3219 et
873 3161 1140 3220 Patrem
1187 3178 1421 3219 meum.
1463 3157 1556 3219 Me
1605 3158 1778 3220 enim
1827 3157 2169 3222 voluerunt
2210 3169 2274 3222 et
2381 3157 2593 3230 tando,
2629 3158 2736 3218 sed
2779 3157 2860 3222 in,
2886 3157 3066 3238 signo
3106 3158 3367 3232 visibili,
3401 3159 3480 3221 de
3528 3179 3692 3222 novo
3730 3179 3882 3242 ope-

773 3256 997 3318 volunt
1052 3255 1364 3328 occidere,
1424 3254 1754 3337 Patrisque
1803 3257 2023 3319 aeterni
2074 3258 2273 3320 hono-
2384 3256 2599 3328 rando,
2641 3264 2707 3316 et
2753 3255 3095 3317 maximam
3140 3257 3405 3338 gratiam
3456 3257 3877 3333 infundendO,

773 3371 909 3415 rem
957 3361 1020 3415 et
1063 3354 1307 3415 cultum
1353 3352 1626 3416 auferre.
1675 3354 1798 3417 Cur
1845 3362 2054 3417 autem
2107 3354 2270 3418 Deus
2381 3357 2787 3423 Paracletus,
2846 3353 2965 3417 hoc
3031 3363 3127 3416 est
3188 3356 3541 3420 consolator
3603 3355 3880 3439 Spiritus

774 3451 1139 3534 permiserit
1195 3459 1439 3514 tantum
1495 3452 1757 3526 malum,
1805 3460 1867 3514 et
1913 3453 2068 3534 quid
2115 3453 2269 3517 boni
2380 3451 2668 3526 Sanctus,
2704 3453 2815 3534 qui
2860 3471 3038 3534 spem
3072 3454 3273 3516 veniae
3312 3455 3741 3536 imprimendo
3779 3456 3881 3518 lae-

774 3556 1185 3613 consecutum
1233 3550 1316 3611 sit
1363 3549 1544 3624 illud,
1592 3549 2023 3631 subjungitur.
2380 3548 2586 3612 tificat
2627 3549 3067 3631 poenitentem,
3102 3559 3162 3613 et
3194 3551 3556 3614 divinorum
3590 3553 3878 3634 sapidam

854 3651 984 3710 Sed
1014 3658 1088 3709 ut
1115 3648 1338 3728 (dictio
1371 3649 1508 3722 ista,
1534 3658 1631 3719 ut,
1663 3649 1937 3710 sumitur
1964 3649 2094 3730 jam
2126 3669 2271 3713 con·
2383 3647 2806 3727 cognitionem
2856 3649 3211 3729 praestando
3254 3648 3562 3711 exhilarat
3601 3659 3879 3713 contem-

774 3746 1169 3821 comitanter,
1224 3765 1350 3810 non
1410 3747 1773 3828 causaliter)
1825 3751 2269 3827 adimpleatur
2385 3745 2687 3828 plantem,
2740 3767 2923 3826 quem
2975 3767 3086 3822 eqo
3132 3749 3384 3808 mittam
3436 3750 3609 3808 vobis
3655 3770 3697 3808 α
3745 3752 3880 3811 Ρα-

770 3865 974 3906 sermo
1007 3844 1417 3925 propheticus
1447 3847 1564 3926 qui
1594 3848 1664 3906 in
1700 3849 1831 3922 leqe
1867 3866 2111 3920 eorum,
2147 3847 2269 3908 sci-
2386 3855 2499 3915 tre,
2533 3845 2738 3907 dando
2786 3851 2850 3907 et
2896 3843 3227 3908 influendo
3274 3845 3597 3908 mentibus
3646 3847 3875 3910 vestris

773 3942 923 4004 licet
963 3943 1029 4004 in
1079 3942 1244 4006 libro
1291 3942 1706 4018 Psalmorum,
1742 3944 1806 4005 in
1861 3944 2104 4025 psalmo
2152 3947 2265 4026 qui
2382 3961 2647 4004 munera
2694 3942 2834 4022 ejus
2880 3961 2893 4004 ε
2935 3943 3063 4005 imo
3109 3951 3172 4004 et
3218 3944 3451 4026 ipsum,
3484 3943 3663 4025 juxta
3710 3945 3873 4007 illud

775 4041 1023 4122 incipit,
1073 4041 1330 4104 Salvum
1387 4059 1490 4104 me
1545 4041 1667 4118 fac,
1721 4042 1906 4118 DeuS,
1960 4045 2266 4124 quoniam
2378 4040 2686 4122 Apostoli,
2738 4041 2973 4104 Caritas
3022 4041 3128 4102 Dei
3183 4041 3421 4106 diffusa
3468 4049 3564 4104 est
3614 4043 3679 4104 in
3734 4062 3873 4107 cor-
3918 4061 4187 4110 amns.

775 4141 1172 4202 intraverunt
1219 4159 1400 4221 aquae
1433 4159 1446 4202 ε
1481 4141 1592 4222 qui
1647 4141 1927 4222 psalmus
1977 4142 2055 4203 ad
2103 4141 2269 4204 litte-
2381 4138 2566 4200 dibus
2610 4139 2842 4201 nostris
2887 4157 3001 4221 per
3043 4139 3349 4221 Spiritum
3392 4139 3713 4214 Sanctum,
3752 4143 3871 4224 qui

775 4257 908 4300 ram
967 4237 1243 4319 scriptus
1302 4245 1398 4299 est
1453 4239 1531 4300 de
1578 4237 1806 4301 Christi
1859 4239 2152 4320 passione
2207 4247 2270 4301 et
2301 4241 2349 4303 D
2381 4239 2561 4302 datus
2601 4245 2697 4300 est
2735 4237 2941 4300 nobis,
2976 4237 3186 4314 Porro,
3222 4256 3337 4321 per
3374 4240 3543 4321 quod
3582 4239 3871 4304 Christus

769 4336 1129 4399 Judaeorum
1175 4336 1631 4417 excaecatione3
1676 4339 1956 4414 scriptus
2004 4349 2094 4398 est
2133 4338 2269 4418 (hic
2376 4337 2669 4411 asseruit,
2711 4335 2909 4408 Quem
2958 4355 3071 4417 ego
3120 4337 3365 4399 mittam
3416 4337 3619 4412 vobiS,
3658 4346 3875 4402 osten-

774 4435 1050 4498 sumitur
1100 4434 1222 4510 lex,
1258 4453 1372 4517 pro
1422 4442 1550 4498 tota
1604 4435 1834 4498 veteris
1885 4434 2267 4499 Testamenti
2378 4435 2468 4497 dit
2508 4436 2679 4516 quod
2718 4433 2990 4515 Spiritus
3040 4433 3303 4497 Sanctus
3343 4435 3422 4498 ab
3462 4436 3601 4519 ipso
3651 4455 3875 4519 proce-

774 4533 1127 4615 Scriptura)
1161 4551 1174 4596 :
1213 4534 1380 4603 Quia
1409 4535 1556 4594 odio
1595 4536 1962 4594 habuerunt
1993 4555 2091 4595 me
2118 4557 2271 4612 θνα·
2379 4536 2503 4597 dat.
2538 4533 2671 4596 Non
2704 4535 2877 4596 enim
2916 4533 3027 4596 uni
3059 4534 3423 4597 divinarum
3452 4535 3872 4600 Personarum

777 4634 858 4692 tis
901 4631 1291 4712 dupliciter:
1335 4630 1566 4706 Primo,
1598 4631 1902 4713 quoniam
1942 4632 2082 4694 sine
2122 4634 2269 4696 rati·
2378 4631 2681 4712 competit
2738 4633 2886 4693 dare
2937 4633 3033 4694 vel
3094 4633 3346 4695 mittere
3402 4631 3586 4696 aliam
3647 4653 3876 4700 secun-

773 4728 1013 4792 onabili
1055 4748 1242 4791 causa
1281 4731 1551 4792 oderunt
1590 4747 1705 4791 me.
1730 4728 1859 4810 Ego
1899 4729 2070 4792 enim
2112 4733 2267 4793 mul·
2380 4729 2531 4791 dum
2581 4737 2871 4792 naturam
2921 4729 3225 4804 divinam,
3279 4731 3402 4793 nisi
3454 4732 3693 4795 ratione
3744 4736 3877 4798 ori-

774 4834 836 4889 ta
884 4827 1202 4890 beneficia
1240 4827 1479 4891 contuli
1520 4828 1635 4902 eiS,
1672 4828 1782 4889 sed
1833 4828 2268 4892 retribuerunt
2375 4827 2544 4907 ginis
2579 4845 2691 4889 seu
2725 4828 3113 4890 auctoritatis
3152 4830 3229 4890 ad
3268 4829 3444 4892 illam
3479 4849 3492 4891 :
3527 4831 3669 4895 ideo
3707 4852 3875 4896 nun-

774 4925 932 4987 mihi
983 4925 1148 4987 mala
1185 4917 1306 5006 'pro
1355 4925 1562 4998 bonis,
1597 4926 1814 4988 odium
1861 4945 1976 5008 pro
2026 4927 2270 4989 dilecti·
2378 4946 2571 5007 quam
2638 4927 2869 5007 legitur
2925 4926 3103 4989 Pater
3166 4928 3402 4991 missus
3458 4949 3495 4991 a
3550 4929 3709 4995 Filio
3763 4932 3871 4994 ‘vel

773 5041 914 5098 one,
950 5024 1454 5105 persecutionem
1506 5043 1620 5106 pro
1669 5023 2064 5099 liberatione,
2104 5045 2269 5088 mor·
2378 5025 2617 5107 Spiritu
2668 5025 2914 5099 Sancto,
2968 5027 3078 5088 sed
3136 5035 3411 5089 econtra.
3462 5027 3594 5092 Non
3654 5031 3871 5112 itaque

773 5128 899 5184 tem
949 5140 1065 5203 pro
1114 5121 1394 5184 veritatis
1443 5120 1908 5186 testificatione.
1951 5121 2262 5200 Secundo,
2377 5133 2754 5204 congrueret
2810 5124 2968 5187 Filio
3029 5125 3279 5187 mittere
3341 5125 3648 5208 Spiritum
3712 5127 3871 5191 San-

770 5220 1076 5303 quoniam
1107 5238 1184 5282 ex
1215 5221 1334 5284 hoc
1363 5221 1536 5302 quod
1567 5239 1669 5284 me
1699 5221 1990 5296 oderunt,
2016 5222 2266 5284 nullum
2377 5231 2573 5299 ctum,
2605 5222 2729 5284 nisi
2774 5231 2940 5284 esset
2981 5223 3047 5284 in
3085 5222 3244 5287 Filio
3281 5225 3617 5288 auctoritas
3657 5245 3873 5309 respe—

771 5317 1093 5381 consecuti
1125 5325 1274 5380 sunt
1303 5320 1728 5395 commodum,
1765 5319 1874 5381 sed
1915 5320 2265 5382 maximum
2377 5328 2482 5383 ctu
2526 5320 2802 5403 Spiritus
2840 5319 3072 5397 Sancti,
3108 5321 3425 5400 videlicet,
3463 5323 3586 5386 nisi
3624 5343 3661 5387 a
3710 5325 3869 5390 Filio
