4300 6259
698 445 706 450 ’
823 465 943 530 586

824 661 888 716 et
933 673 1047 735 ego
1099 673 1224 717 non
1284 674 1423 717 sum
1476 656 1554 718 de
1603 655 1842 718 mundo
1893 674 1906 717 :

825 754 904 816 do
956 771 1068 835 per
1115 755 1422 816 mundum
1484 754 1774 817 homines
1826 761 2129 827 terrenOS,
2184 771 2319 814 car-

557 866 705 911 Zaeh.
736 880 791 918 nx.
826 852 1021 926 naleS,
1047 853 1422 915 mundanos.
1460 853 1744 914 Christus
1775 870 2034 934 quoque
2065 853 2130 913 in
2167 871 2319 933 pau-

530 928 789 1050 }‚jssffm'
827 957 1066 1032 pertate
1133 959 1194 1012 et
1262 951 1642 1024 humilitate,
1705 951 1771 1012 in
1837 950 2191 1013 afflictione
2257 957 2319 1011 et

824 1050 1204 1114 adversitate
1253 1049 1507 1131 praefuit
1547 1049 1701 1124 5015,
1743 1049 1855 1130 qui
1910 1048 2120 1130 potius
2170 1055 2320 1110 sunt

825 1146 1113 1210 coelestes
1169 1166 1362 1229 quam
1421 1147 1798 1222 mundialeS‚
1851 1147 2100 1209 dicente
2156 1146 2321 1228 Apo-

531 1251 796 1308 Pht'lt'mm.
827 1245 986 1307 stolo
1037 1263 1050 1307 :
1101 1245 1323 1309 Nostra
1378 1247 1770 1309 conversatio
1820 1245 1884 1306 in
1942 1245 2120 1308 coelis
2180 1251 2315 1317 est:

532 1317 794 1430 {gama
825 1351 908 1417 et,
960 1342 1074 1416 Qui
1135 1345 1200 1406 in
1251 1362 1439 1406 carne
1487 1353 1656 1419 sunt,
1709 1344 1959 1426 placere
2007 1343 2131 1406 Deo
2189 1361 2315 1406 non

825 1451 1112 1524 possunt.

901 1543 984 1603 Si
1019 1562 1102 1601 em
1139 1545 1254 1602 hoc
1285 1544 1524 1603 mundo
1567 1551 1720 1602 esset
1760 1562 2034 1619 reqnum
2075 1560 2313 1612 meum,

822 1640 886 1702 id
919 1648 1012 1702 est
1043 1642 1434 1703 mundanum
1465 1647 1527 1700 et
1559 1641 1928 1722 temporale.
1963 1640 2315 1702 consistens

822 1740 884 1801 in
926 1739 1346 1802 exterioribus
1387 1748 1450 1801 et
1491 1740 1919 1803 dominat-ione
1959 1747 2207 1801 terrena
2244 1759 2316 1802 ac

1555 485 1903 532 mammo
1946 486 2007 531 IN
2049 485 2188 532 cAP.
2234 485 2387 532 xvm
2428 485 2703 532 JoANMs.
2748 505 2831 516 —
2872 486 3013 534 Aur.
3058 488 3201 533 xmv

1963 654 2319 734 intelligen-
2347 653 2399 714 A
2428 663 2543 730 est,
2576 658 2749 737 quod
2798 675 2908 719 rex
2958 677 3122 719 sum.
3160 656 3455 729 Quamvis
3502 655 3678 718 enim
3728 657 3923 719 inter-

2428 755 2667 834 rogatio
2696 755 3144 836 interrogative
3175 755 3517 837 proposita,
3552 774 3683 818 non
3713 755 3798 816 sit
3826 774 3923 820 ve·

2429 871 2497 914 ra
2526 871 2642 915 nec
2681 851 2856 930 salsa,
2890 863 3101 916 tamen
3132 855 3253 918 hoc
3283 854 3496 936 ipsum
3525 855 3700 935 quod
3740 854 3923 934 signi-

2428 949 2601 1025 ficat,
2634 960 2731 1014 est
2770 971 2991 1016 verum
3027 954 3127 1016 vel
3168 952 3416 1026 falsum,
3452 952 3505 1014 si
3546 953 3924 1034 simpliciter

2429 1049 2809 1131 proferatur,
2860 1050 3158 1115 videlicet
3212 1051 3517 1112 assertive
3574 1050 3677 1112 vel
3734 1069 3925 1132 nega-

2428 1149 2557 1212 tive
2593 1168 2606 1211 :
2640 1148 2863 1231 sicque
2903 1150 3172 1212 verbum
3211 1149 3389 1211 Pilati
3429 1168 3560 1231 quo
3602 1149 3785 1223 dixit,
3816 1149 3927 1211 Er-

2424 1264 2505 1328 go
2536 1265 2645 1309 rex
2676 1265 2744 1310 es
2782 1251 2898 1310 tu?
2930 1265 3153 1312 verum
3190 1247 3313 1309 fuit
3351 1247 3733 1329 simpliciter
3760 1267 3927 1310 sum·

2428 1354 2633 1428 ptum,
2696 1365 2809 1408 seu
2871 1347 3176 1410 assertive
3239 1347 3577 1428 prolatum.
3636 1345 3924 1410 Christus

2425 1453 2637 1506 autem
2677 1446 2864 1507 talem
2908 1445 3131 1507 habuit
3169 1446 3428 1508 modum
3470 1445 3919 1526 respondendi.

2424 1543 2577 1606 Nam
2618 1563 2820 1625 quum
2857 1544 3045 1607 Judas
3094 1544 3357 1607 dixisset
3388 1563 3403 1606 :
3436 1543 3762 1625 Numquid
3806 1562 3923 1624 ego

2426 1661 2591 1718 sum,
2634 1642 2939 1705 Domine?
2970 1643 3299 1724 respondit
3332 1661 3345 1705 :
3380 1643 3472 1704 Tu
3511 1642 3753 1704 dixisti.
3784 1641 3925 1705 Por·
3950 1639 3999 1666 ¹¹

2426 1759 2518 1814 ro,
2550 1742 2721 1822 quod
2753 1741 3039 1804 Christus
3078 1742 3161 1803 sit
3196 1759 3306 1803 rex
3348 1741 3683 1822 utriusque
3712 1740 3926 1802 Testa-

821 1839 1054 1902 virtute
1083 1857 1428 1912 armorum,
1465 1840 1758 1899 ministri
1785 1841 1939 1908 mei,
1968 1857 2129 1920 quos
2166 1845 2318 1900 tunc
2353 1835 2399 1899 B
2428 1840 2647 1914 menti,
2692 1847 3003 1902 testantur
3050 1839 3416 1922 Scripturae.
3458 1838 3784 1921 Scriptum
3828 1847 3926 1902 est

821 1936 1142 2010 haberem,
1205 1937 1314 1999 sed
1371 1937 1558 1999 modo
1618 1955 1744 1999 non
1808 1936 2032 2010 habeo,
2099 1944 2317 2018 utpote

821 2035 1112 2097 homines
1153 2035 1484 2096 saeculares
1523 2034 1764 2096 similes
1808 2034 2189 2096 satellitibus
2228 2043 2318 2096 at-

818 2151 948 2215 que
995 2132 1308 2194 militibus
1368 2151 1587 2213 regum
1637 2133 2136 2213 mundanorum3
2192 2133 2313 2207 vel,

821 2231 1098 2293 ministri
1149 2231 1273 2293 mei
1322 2251 1482 2313 quos
1532 2251 1703 2293 nunc
1751 2231 1973 2305 110000,
2022 2231 2319 2294 videlicet

821 2329 1029 2409 angeli
1079 2330 1279 2391 sancti
1320 2329 1644 2410 ceterique
1694 2330 2058 2402 credentes;
2091 2333 2319 2409 utique

819 2433 1242 2496 decertarent,
1278 2428 1340 2490 id
1382 2437 1496 2502 est,
1534 2437 1890 2516 pugnarent
1929 2447 2043 2511 pro
2086 2447 2211 2503 me,
2246 2439 2317 2490 ιιι

819 2547 950 2588 non
995 2529 1286 2587 traderer
1321 2529 1589 2588 Judaeis.
1626 2525 1802 2588 Tales
1853 2527 2088 2588 etenim
2138 2545 2315 2607 reges

823 2625 1048 2687 nolunt
1085 2625 1388 2707 opprimi,
1427 2625 1589 2706 capi,
1632 2632 1738 2687 aut
1780 2624 2069 2688 hostibus
2117 2625 2318 2706 subji-

822 2723 902 2796 ci,
947 2723 1184 2785 subditi
1224 2740 1482 2805 quoque
1526 2741 1745 2785 eorum
1789 2741 1993 2805 usque
2035 2726 2112 2786 ad
2153 2743 2319 2788 mor-

822 2831 949 2884 tem
1013 2829 1298 2903 pugnant
1357 2839 1472 2903 pro
1529 2821 1643 2883 015.
1701 2825 1895 2884 Nunc
1949 2833 2165 2884 autem
2220 2845 2317 2884 re-

822 2940 1029 2998 qnum
1069 2941 1280 2981 meum
1319 2940 1448 2982 non
1485 2930 1577 2980 est
1615 2923 1791 2991 hinc,
1828 2921 1890 2982 id
1935 2929 2032 2982 est
2078 2922 2156 2983 de
2201 2922 2319 2984 hoc

2427 1938 2599 1999 enim
2629 1938 2707 1999 de
2736 1956 2810 2000 eo
2840 1939 3011 2020 apud
3038 1937 3375 2000 Jeremiam
3399 1956 3413 2000 :
3441 1937 3750 2018 Regnabit
3776 1937 3921 2015 Rex,
3950 1956 4205 1999 scamas,

2426 2045 2489 2098 et
2518 2037 2771 2118 sapiens
2812 2037 2957 2098 erit.
2994 2036 3319 2099 Zacharias
3357 2055 3616 2118 quoque
3644 2037 3736 2098 ait
3767 2055 3781 2098 :
3816 2036 3925 2099 Ec-
3950 2053 4205 2096 zanua.

2428 2153 2499 2196 00
2550 2134 2675 2196 Rex
2724 2142 2873 2196 tuus
2918 2135 3133 2198 veniet
3174 2134 3294 2197 tibi
3345 2141 3736 2197 mansuetus.
3767 2135 3925 2198 ltcm

2428 2233 2626 2294 Lucas
2670 2252 2683 2296 :
2730 2232 3057 2314 Regnabit,
3101 2234 3333 2315 inquit,
3382 2233 3447 2294 in
3500 2233 3691 2295 domo
3733 2233 3923 2298 Jacob
3980 2251 4203 2296 ’,κιαι

2430 2331 2492 2392 10
2539 2338 2869 2408 aeternum,
2904 2338 2967 2393 et
3004 2331 3181 2410 regni
3222 2332 3361 2411 ejus
3402 2349 3525 2394 000
3568 2331 3692 2392 erit
3731 2331 3921 2413 finis;
3953 2317 4021 2355 ³³·

2426 2430 2693 2493 Joannes
2732 2447 2992 2510 quoque
3032 2429 3097 2490 in
3128 2429 3525 2511 Apocalypsi,
3562 2429 3777 2510 Agnus
3811 2430 3927 2494 Do-
3972 2446 4205 2501 apuam.

2429 2528 2643 2590 minus
2684 2527 3086 2590 dominorum
3137 2536 3231 2589 051
3279 2535 3343 2589 01
3386 2527 3513 2589 Rex
3559 2545 3805 2608 regum.
3838 2527 3925 2590 De
3956 2511 4024 2552 ¹⁴·

2432 2646 2506 2689 cu
2512 2627 2617 2706 jus
2657 2644 2849 2706 regno
2887 2627 3058 2708 quod
3098 2646 3222 2689 non
3268 2633 3364 2688 est
3412 2625 3582 2700 hinc,
3617 2635 3928 2689 contesta-

2431 2734 2536 2789 tur
2583 2725 2920 2806 Apostolus
2965 2743 2979 2788 :
3022 2723 3227 2797 Quum
3282 2723 3606 2787 tradiderit
3654 2743 3925 2806 regnum
3996 2741 4205 2785 teos-m.

2432 2823 2558 2885 Deo
2603 2831 2665 2884 et
2708 2823 2894 2884 Patri.
3954 2807 4025 2846 ²⁸·

2514 2925 2650 2998 Εζᾳο
2699 2923 2771 2982 in
2822 2923 2959 2990 Ῐιοο,
2992 2921 3054 2982 id
3104 2927 3198 2983 est
3249 2929 3507 3003 propter
3558 2921 3699 2996 hoc,
3734 2932 3931 2982 natus

828 3019 1088 3092 mundo,
1149 3027 1216 3080 ut
1274 3018 1495 3100 patuit.
1551 3018 1798 3081 Primus
1856 3020 2027 3081 enim
2087 3020 2319 3083 Christi
2358 3017 2403 3082 C
2432 3042 2576 3081 sum
2626 3019 2958 3101 temporali
3012 3020 3337 3083 nativitate
3384 3038 3461 3081 ex
3508 3019 3768 3100 Virgine
3803 3038 3816 3082 :
3850 3021 3931 3082 de

828 3115 1136 3177 adventus
1176 3115 1527 3196 promissus
1565 3117 2156 3197 praenuntiatusque
2198 3116 2321 3178 suit

533 3229 796 3279 Zamam.
830 3212 894 3274 in
931 3219 1320 3295 paupertate,
1353 3213 1711 3293 abjectione
1738 3223 1801 3277 et
1838 3214 2217 3289 humilitate,
2255 3224 2323 3277 ut

831 3319 1150 3393 pateretur
1191 3330 1304 3393 pro
1346 3312 1567 3373 mundi
1609 3311 1834 3373 salute.
1869 3312 2196 3375 Secundus
2230 3333 2326 3376 ve-

587 3417 758 3461 Mami.

535 3494 634 3522 mv
675 3483 727 3523 30
829 3428 897 3472 ro
947 3409 1067 3471 erit
1115 3409 1179 3470 in
1229 3408 1559 3489 majestate
1607 3417 1668 3470 et
1709 3410 1932 3490 gloria,
1969 3419 2036 3472 ut
2082 3411 2324 3491 judicet

828 3508 1160 3580 mundum,
1214 3513 1275 3568 01
1317 3525 1536 3569 010005
1583 3508 1973 3572 adversarios
2023 3529 2170 3572 suos
2221 3511 2326 3573 de-

824 3606 1004 3686 jiciat
1039 3614 1102 3668 et
1141 3606 1538 3667 condemnet.
1577 3605 1664 3667 Ex
1705 3625 1833 3687 quo
1871 3608 2173 3670 elucescit
2211 3628 2327 3671 010-

826 3705 980 3767 citas
1045 3703 1403 3766 Judaeorum
1474 3704 1972 3785 praestolantium
2043 3707 2323 3788 primum

827 3802 1055 3864 Christi
1115 3803 1456 3863 adventum
1519 3802 1582 3863 in
1643 3810 1814 3864 tanta
1877 3803 2206 3884 majestate
2263 3813 2325 3866 et

823 3903 1046 3982 gloria,
1075 3903 1244 3983 quod
1275 3901 1488 3965 omnia
1519 3902 1740 3963 mundi
1773 3919 1965 3982 regna
1996 3902 2153 3983 ipsis
2185 3903 2327 3964 500-

823 4001 1022 4082 jiciet,
1056 4001 1409 4082 mundique
1456 4002 1799 4064 monarcha
1837 4001 2160 4075 consistet,
2198 4021 2323 4064 non

826 4100 1219 4161 attendentes
1258 4101 1429 4180 quod
1467 4099 1766 4161 Jeremias
1808 4098 2128 4162 Christum
2175 4100 2327 4162 allo-

2434 3128 2669 3182 aeterna
2705 3119 2952 3200 quippe
2988 3119 3394 3198 generatione
3440 3120 3625 3182 modo
3671 3137 3796 3181 non
3841 3117 3937 3180 10-

2432 3218 2691 3298 quitur3
2731 3226 2792 3276 et
2840 3219 2929 3277 ad
2974 3219 3089 3278 Izoc
3136 3219 3287 3277 veni
3332 3219 3405 3277 in
3454 3219 3781 3277 mundum
3818 3235 3937 3297 per

2436 3314 2888 3378 incarnationis
2936 3315 3333 3396 mysterium,
3368 3333 3494 3378 non
3544 3333 3659 3396 per
3709 3314 3937 3377 divini-

2434 3414 2579 3476 tatis
2612 3413 3049 3486 mutationem,
3085 3413 3184 3477 vel
3222 3413 3593 3474 descensum
3636 3413 3929 3486 localem,

2434 3523 2507 3574 ut
2539 3512 2975 3572 testimonium
3000 3513 3375 3588 perhibeam
3406 3513 3687 3580 veritati,
3721 3509 3785 3574 id
3816 3518 3934 3584 est,

2435 3628 2583 3672 vera
2638 3607 2983 3680 affirmem,
3026 3609 3355 3670 veritatem
3412 3609 3775 3690 praedicem,
3816 3608 3934 3670 fal-

2435 3727 2503 3770 sa
2552 3707 2910 3790 reprobem,
2959 3707 3197 3788 injusta
3252 3708 3691 3771 condemnem.
3744 3707 3931 3770 Venit
3960 3725 4201 3768 mmm.

2434 3807 2607 3868 enim
2655 3805 2852 3867 Filius
2901 3805 3031 3879 Dei,
3086 3813 3155 3866 ut
3202 3806 3505 3868 dissolvat
3551 3824 3744 3887 opera
3796 3806 3933 3868 dia-
3958 3791 4003 3832 ⁸·

2434 3904 2587 3967 boli.
2621 3904 2949 3966 Perhibuit
2994 3911 3206 3966 autem
3247 3903 3530 3967 Christus
3578 3904 3933 3967 testimoni-

2434 4023 2543 4065 010
2593 4003 2839 4065 veritati
2891 4003 3211 4076 doctrinae,
3246 4002 3673 4082 evangelicam
3725 4003 3930 4083 legem

2435 4103 2766 4176 docendo;
2822 4101 3069 4162 veritati
3116 4100 3402 4181 justitiae,
3452 4119 3645 4182 opera
3690 4101 3935 4164 1011100-

533 4210 797 4260 aemma.
828 4217 1032 4279 quens
1084 4198 1487 4279 prophetavit
1527 4217 1540 4259 ε
1584 4197 1786 4270 Quare
1829 4199 2010 4279 quasi
2061 4198 2323 4261 colonus
2361 4201 2405 4262 D
2436 4220 2577 4261 rum
2630 4200 3083 4280 redarguendo,
3137 4206 3326 4280 prout
3372 4217 3565 4279 supra
3611 4197 3791 4272 dixit,
3838 4199 3932 4260 Me
3976 4223 4199 4264 lanan.

830 4304 1135 4358 venturus
1166 4313 1233 4357 es
1276 4296 1340 4358 in
1382 4302 1570 4370 terra,
1605 4304 1668 4357 et
1705 4297 1871 4358 sicut
1901 4297 2102 4360 viator
2131 4297 2327 4359 decli-

830 4413 986 4456 nans
1029 4395 1107 4456 ad
1153 4395 1586 4456 manendum?

623 4489 693 4545 37
909 4494 1100 4552 Dixit
1149 4494 1366 4572 itaque
1412 4493 1474 4551 ei
1517 4494 1780 4553 Pilatus
1819 4513 1842 4552 .·
1882 4495 2057 4570 Erqo
2105 4514 2221 4554 rea:
2263 4514 2327 4553 es

833 4601 903 4652 tu
925 4593 954 4650 ?
982 4589 1216 4652 Pilatus
1246 4590 1461 4652 audita
1487 4588 1716 4652 Christi
1752 4591 2183 4672 responsione,
2219 4611 2328 4654 no-

829 4688 987 4752 tavit
1024 4688 1194 4769 quod
1243 4686 1498 4749 admisit
1543 4705 1610 4748 se
1653 4705 1792 4749 esse
1836 4706 2070 4769 regem,
2105 4708 2327 4771 quam-

829 4787 926 4849 vis
970 4805 1095 4850 non
1138 4794 1464 4848 terrenum
1504 4803 1517 4847 ε
1564 4785 1705 4849 ideo
1747 4787 2017 4850 sollicite
2059 4787 2328 4868 inquisi-

831 4886 924 4948 vit
963 4886 1040 4947 de
1085 4884 1454 4965 hujusmodi
1499 4901 1714 4964 regno,
1755 4886 1928 4966 quod
1973 4887 2324 4947 secundum

834 4984 1028 5048 verba
1068 4983 1300 5046 Christi
1344 5001 1470 5045 non
1519 4983 1829 5064 pertinuit
1870 4985 1948 5045 ad
1987 4983 2254 5046 Judaeos.

922 5083 1278 5158 Respondit
1324 5082 1504 5141 Jesus
1553 5100 1575 5140 .·
1627 5084 1722 5142 Tu
1769 5082 1960 5154 dicia,
2009 5083 2169 5159 quia
2210 5101 2330 5141 rem

830 5200 976 5240 sum
1003 5198 1139 5256 eqo,
1171 5178 1234 5241 id
1273 5184 1390 5257 est,
1425 5178 1754 5240 veritatem
1792 5198 1987 5260 quam
2027 5197 2063 5240 a
2092 5197 2195 5240 me
2235 5179 2331 5240 in·

831 5283 1134 5357 terrogas,
1187 5283 1254 5338 tu
1313 5277 1450 5358 ipse
1507 5274 1777 5359 proserS,
1829 5277 1982 5358 quia
2031 5295 2180 5340 vere
2238 5276 2330 5341 sic

2435 4299 2567 4360 odit
2615 4298 2915 4370 mundus,
2949 4297 3104 4378 quia
3146 4315 3259 4377 ego
3300 4297 3733 4360 testimonium
3788 4315 3935 4378 per-
3962 4287 4003 4330 ⁷·

2436 4396 2625 4458 hibeo
2665 4396 2741 4456 de
2782 4395 2892 4458 illo
2936 4394 3090 4476 quia
3130 4412 3321 4476 opera
3354 4394 3493 4474 ejus
3536 4394 3699 4456 mala
3739 4402 3931 4474 sunt;

2436 4494 2684 4556 veritati
2740 4510 2999 4575 quoque
3048 4493 3214 4567 vitae,
3264 4492 3415 4574 quia
3470 4494 3640 4572 quod
3690 4493 3931 4567 docuit,

2434 4591 2831 4673 adimplevit.
2884 4590 3169 4671 Denique
3226 4590 3661 4653 testimonium
3721 4591 3939 4671 perhi-

2436 4689 2576 4752 buit
2634 4688 2906 4763 veritati‚
2969 4695 3187 4769 utpote
3246 4687 3649 4769 sibimetipsi,
3712 4696 3784 4749 ut
3842 4689 3936 4750 di-

2437 4795 2609 4849 ctum
2640 4795 2737 4848 est
2764 4805 2995 4868 supra:
3022 4784 3150 4866 Ego
3180 4804 3321 4846 sum
3351 4785 3463 4867 qui
3493 4785 3933 4848 testimonium
3990 4807 4099 4850 tosa.
4126 4819 4193 4844 m.

2441 4883 2745 4966 perhibeo
2785 4884 2863 4946 de
2902 4900 3005 4944 me
3044 4883 3205 4964 ipso.
3241 4883 3381 4964 lpse
3419 4890 3628 4944 autem
3668 4891 3765 4944 est
3806 4883 3929 4955 via,
3960 4875 4029 4976 ¹122
4030 4933 4193 4974 ame.

2440 4983 2671 5046 veritas
2711 4989 2775 5044 et
2816 4981 2965 5044 vita.
3004 4983 3227 5043 Omnis
3265 4983 3384 5060 qui
3420 4990 3509 5040 est
3544 5001 3625 5040 ea>
3662 4983 3935 5042 veritate

2438 5089 2672 5144 aeterna
2719 5088 2781 5142 et
2829 5079 3127 5154 increata,
3168 5098 3293 5143 non
3345 5079 3551 5142 solum
3603 5095 3717 5160 per
3766 5097 3933 5140 crea-

2439 5179 2701 5254 tionem,
2736 5185 2805 5240 ut
2854 5177 3088 5252 omnia,
3124 5179 3231 5240 sed
3284 5195 3397 5260 per
3440 5176 3935 5259 praedestinatio-

2443 5295 2591 5338 nem
2640 5283 2701 5338 et
2749 5275 3196 5350 imitationem,
3246 5275 3364 5339 hoc
3420 5282 3535 5350 est,
3580 5273 3693 5356 qui
3745 5275 3934 5357 perti-
