4300 6259
132 1880 141 1922 Ι
162 1881 269 1925 mn.
287 1897 342 1933 vl,

98 1949 153 1987 26.

143 2967 286 3011 Ετοά.

98 3042 227 3081 nnn,
250 3032 316 3073 20.

98 3262 221 3305 Num.
233 3265 346 3314 1113.

126 3454 155 3497 ll
168 3454 264 3503 Cor.
274 3470 347 3507 ιιι,

1237 501 1587 549 annum-m
1630 501 1696 547 m
1736 502 1875 551 «m».
1921 503 1943 549 1
1984 503 2262 551 'omi-us.
2303 524 2385 535 —
2425 506 2568 553 aar.
2611 508 2650 553 v
3369 490 3493 555 295

374 695 563 739 mans
619 677 791 758 quod
842 674 1317 757 ‘perfectissima
1371 676 1646 755 cognitio
1694 695 1885 758 quam
1915 672 1969 735 A
2001 675 2120 737 nisi
2173 676 2254 738 ab
2305 677 2630 741 intellectu
2677 679 2949 743 infinitae
2997 680 3270 743 virtutis.
3320 679 3494 745 Hanc

372 774 693 837 habemus
733 776 811 838 de
848 776 975 839 Deo
1013 776 1080 838 in
1122 777 1253 839 vita
1290 777 1611 859 praesenti,
1644 784 1741 839 est
1775 795 1889 857 per

372 893 609 956 puram
654 894 730 937 ac
778 894 1019 937 meram
1067 877 1551 957 abnegationem
1598 876 1887 940 omnium

371 992 597 1036 rerum
638 994 676 1035 a
716 973 861 1049 Deo,
896 975 983 1037 ita
1028 983 1098 1037 ut
1141 977 1441 1038 uniamur
1482 976 1541 1038 ei
1584 983 1888 1056 tanquam

373 1092 645 1155 prorsus
696 1073 929 1154 ignoto.
983 1074 1160 1137 Unde
1206 1075 1396 1137 tertio
1445 1074 1723 1156 capitulo
1770 1072 1890 1157 My-

372 1172 557 1235 stieae
607 1172 965 1253 Theologiae
1008 1192 1022 1236 :
1065 1171 1195 1236 Hoc
1242 1182 1339 1236 est
1381 1173 1650 1255 (inquit)
1692 1172 1887 1235 Deum

374 1289 533 1333 vere
590 1288 992 1351 cognoscere,
1046 1272 1726 1353 supersubstantialem
1784 1288 1889 1333 su-

376 1369 1006 1451 persubstantialiter
1034 1388 1151 1452 per
1178 1370 1468 1434 omnium
1498 1370 1744 1433 entium
1773 1369 1886 1432 ab-

376 1468 687 1531 lationem
744 1468 1023 1531 laudare.
1078 1467 1153 1531 Et
1204 1468 1271 1531 in
1327 1469 1596 1551 epistola
1641 1470 1717 1531 ad
1776 1469 1890 1531 Do-

376 1567 681 1630 rotheum
748 1585 763 1628 :
822 1566 1173 1629 Invisibilis
1236 1575 1334 1629 est
1394 1567 1559 1629 Deus
1629 1574 1888 1648 propter

375 1665 797 1727 excedentem
838 1682 969 1727 suae
1008 1664 1170 1727 lucis
1200 1665 1574 1728 claritatem.
1609 1664 1743 1726 Lux
1780 1683 1890 1725 au-

378 1772 511 1826 tem
562 1762 800 1837 divina,
846 1763 1162 1826 immensa
1207 1771 1272 1826 et
1322 1763 1619 1838 increata,
1664 1782 1889 1826 secun-

2000 774 2290 837 ultimam
2338 778 2798 858 expositionem
2849 778 3034 841 multi
3086 786 3311 861 putant
3361 798 3496 841 am-

1999 874 2169 955 plius
2200 876 2278 937 ad
2311 877 2707 957 propositum
2751 878 3088 960 pertinere.
3123 877 3353 959 Sicque
3382 877 3496 941 Da-

1999 991 2333 1035 mascenus
2373 974 2437 1035 in
2481 975 2800 1057 principio
2839 976 2937 1038 sui
2984 976 3129 1038 libri
3169 976 3490 1052 disseruit,

1997 1072 2171 1152 quod
2231 1090 2356 1134 non
2417 1073 2622 1136 solum
2685 1074 2900 1137 nullus
2965 1076 3320 1148 hominum,
3384 1077 3493 1138 sed

2000 1188 2116 1232 nec
2146 1170 2381 1251 aliquis
2412 1174 3076 1253 supermundanorum
3107 1173 3489 1250 animorum,

1998 1269 2199 1331 Deum
2259 1269 2418 1332 vidit
2474 1290 2779 1352 unquam.
2833 1271 2952 1334 Sed
3009 1273 3488 1348 advertendum,

1999 1370 2174 1450 quod
2228 1387 2326 1431 res
2377 1371 2610 1432 dicitur
2661 1391 2697 1433 a
2747 1380 3162 1453 cognoscente
3208 1390 3495 1454 compre-

2000 1468 2194 1531 hendi
2249 1469 2591 1551 dupliciter
2643 1490 2656 1533 ε
2708 1470 2937 1547 Primo,
2992 1472 3294 1554 quoniam
3353 1472 3492 1553 ejus

2000 1568 2274 1629 essentia
2323 1568 2624 1642 cernitur,
2678 1576 2740 1630 et
2796 1569 2888 1631 sic
2937 1569 3075 1651 ipsa
3131 1568 3495 1631 immediate

1999 1666 2352 1747 attingitur.
2388 1666 2516 1729 Hoc
2543 1668 2730 1731 modo
2763 1666 2973 1730 Sancti
3006 1668 3072 1730 in
3103 1667 3304 1750 patria
3333 1687 3495 1731 com-

2002 1765 2407 1847 prehendunt
2444 1764 2663 1840 Deum,
2698 1774 2761 1828 et
2799 1768 3362 1849 comprehensores
3403 1766 3496 1830 di-

378 1864 539 1925 dum
598 1863 773 1943 quod
832 1861 1293 1925 inaccessibilis
1354 1882 1466 1925 seu
1524 1863 1886 1944 incompre-
1927 1862 1972 1923 B
2001 1864 2569 1945 cuntur‚quoniam
2599 1865 2832 1941 vident,
2850 1866 2970 1929 hoe
2999 1873 3107 1941 est,
3130 1866 3496 1947 intelligunt

376 1961 746 2035 hensibiliS,
800 1961 921 2024 hoc
971 1963 1158 2025 modo
1207 1969 1467 2025 vocatur
1509 1981 1548 2023 a
1594 1961 1889 2045 Dionysio

376 2060 604 2124 divina
651 2060 877 2140 caligo.
922 2058 1006 2121 De
1049 2078 1181 2141 qua
1228 2060 1294 2121 in
1342 2060 1613 2142 epistola
1656 2078 1771 2123 sua
1809 2061 1886 2122 ad

376 2158 603 2222 Caium
640 2157 1028 2221 monachum
1060 2165 1447 2221 contestatur
1480 2178 1494 2221 ε
1530 2158 1769 2221 Divinae
1799 2166 1890 2220 tc-

376 2257 601 2320 nebrae
642 2257 1100 2340 cooperiuntur
1141 2257 1315 2320 omni
1360 2258 1615 2333 lumini,
1654 2264 1717 2319 et
1752 2258 1890 2319 abs-

376 2358 750 2419 conduntur
776 2356 951 2419 omni
987 2354 1237 2431 visioni,
1264 2364 1525 2438 propter
1554 2356 1891 2418 incircum-

377 2453 809 2536 scriptibilem
842 2454 1115 2536 propriae
1142 2454 1439 2517 claritatis
1470 2454 1886 2536 splendorem.

374 2552 609 2616 Omnia
666 2554 801 2615 haec
852 2552 916 2614 in
974 2550 1479 2615 Elementatione
1540 2553 1891 2633 theologica

376 2650 609 2725 Procli,
643 2658 708 2712 et
749 2651 817 2713 in
861 2650 1027 2716 libro
1069 2652 1148 2713 de
1190 2650 1429 2725 CausiS,
1472 2651 1892 2714 subtilissime

379 2749 808 2813 inveniuntur
850 2750 1136 2831 probata.

462 2848 626 2912 Hinc
667 2867 927 2931 quoque
976 2848 1281 2912 Dominus
1332 2848 1421 2911 ait
1462 2850 1543 2911 ad
1584 2848 1834 2931 Moysen
1873 2868 1887 2911 ε

376 2946 517 3011 Νοη
580 2948 819 3029 poteris
878 2947 1095 3010 videre
1154 2946 1383 3009 faciem
1442 2965 1703 3025 meam3
1765 2966 1891 3010 non

2000 1969 2062 2023 et
2102 1970 2453 2043 agnoscunt
2498 1962 2698 2024 Deum
2747 1963 2935 2025 sicuti
2981 1972 3097 2038 est,
3141 1965 3493 2029 secundum
3524 1986 3783 2039 mmmm.

1997 2060 2324 2133 Joannem,
2359 2078 2470 2123 seu
2518 2059 2680 2123 facie
2721 2063 2797 2124 ad
2840 2061 3093 2135 faciem,
3125 2062 3306 2143 juxta
3345 2062 3495 2125 Pau·
3521 2050 3565 2155 ²1·
3574 2111 3680 2156 Cor·
3697 2124 3770 2155 xm

2001 2159 2157 2222 lum.
2211 2158 2523 2233 Secundo,
2578 2178 2677 2222 res
2734 2160 2968 2223 dicitur
3014 2161 3491 2242 comprehendi,
3525 2176 3591 2218 ιι.
3773 2143 3785 2162 ’

2000 2261 2154 2341 quia
2196 2259 2261 2321 in
2304 2266 2549 2321 tantum
2596 2259 2997 2339 cognoscitur
3048 2259 3216 2321 sicut
3259 2278 3336 2322 ex
3382 2279 3497 2321 sua

2002 2367 2225 2421 natura
2264 2357 2709 2437 cognoscibilis
2747 2365 2862 2431 est,
2899 2358 2986 2419 ita
3013 2359 3184 2438 quod
3226 2358 3317 2419 nil
3355 2358 3496 2439 ejus

2003 2458 2172 2529 latet,
2209 2458 2316 2519 sed
2355 2457 2538 2537 quasi
2578 2455 2745 2517 infra
2775 2463 2978 2520 certos
3021 2457 3324 2520 terminos
3356 2476 3498 2520 con-

1998 2556 2239 2619 tinetur
2281 2555 2346 2617 in
2385 2554 2600 2617 animo
2641 2555 3098 2635 cognoscentis.
3144 2554 3268 2618 Hoc
3311 2556 3498 2620 modo

2001 2654 2330 2717 infinitum
2379 2673 2416 2715 a
2464 2652 2651 2716 finito
2707 2653 3159 2735 comprehendi
3211 2672 3336 2717 non
3389 2673 3498 2736 po-

2000 2761 2123 2815 test
2157 2773 2170 2816 :
2207 2752 2428 2835 sicque
2457 2752 2794 2833 Apostolus
2835 2752 3140 2833 loquitur,
3173 2750 3322 2824 Quae
3349 2760 3497 2815 sunt
3523 2769 3788 2823 launna.

2000 2851 2132 2925 Dei,
2182 2869 2370 2913 nemo
2413 2849 2610 2923 novit,
2658 2849 2782 2911 nisi
2826 2848 3100 2931 Spiritus
3143 2849 3306 2930 ejus.

2081 2950 2310 3012 Praeter
2352 2949 2572 3011 modos
2617 2954 3161 3023 commemoratoS,
3208 2948 3499 3011 videmus

377 3047 559 3109 enim
607 3044 854 3109 videbit
900 3064 1002 3107 me
1051 3046 1243 3109 homo
1290 3052 1353 3107 et
1396 3045 1589 3108 vivet.
1632 3045 1894 3109 Verum·
1931 3050 1973 3113 C
2005 3048 2202 3110 Deum
2252 3046 2590 3129 tripliciter
2641 3066 2654 3109 :
2711 3063 2824 3127 per
2881 3043 3102 3120 fidem,
3157 3064 3271 3128 per
3321 3054 3503 3108 natu-

378 3155 622 3219 tamen,
663 3144 970 3226 quoniam
1018 3144 1083 3206 in
1134 3144 1300 3208 libro
1345 3143 1765 3207 Numerorum
1816 3145 1894 3207 de

374 3243 593 3326 Moyse
632 3242 885 3327 legitur,
921 3241 1155 3317 Palam,
1188 3249 1252 3305 et
1286 3261 1413 3305 non
1456 3260 1571 3323 per
1599 3240 1895 3321 aenigma-

375 3350 445 3405 ta
500 3349 563 3404 et
618 3339 883 3422 figuraS,
937 3340 1109 3403 videt
1165 3339 1408 3421 Deum3
1467 3347 1531 3401 et
1587 3338 1892 3420 quoniam

378 3440 616 3503 Paulus
647 3440 727 3502 de
765 3458 833 3501 se
862 3439 1003 3520 ipso
1044 3437 1299 3513 fatetur,
1334 3438 1505 3519 quod
1550 3446 1766 3518 raptus
1797 3444 1892 3498 est

378 3556 593 3620 usque
632 3538 713 3599 ad
758 3536 1022 3599 tertium
1072 3536 1329 3611 coelum,
1372 3534 1747 3615 audivitque
1793 3554 1891 3596 ar-

374 3656 541 3699 cana
578 3635 773 3699 verba
815 3653 959 3717 quae
1010 3653 1134 3697 non
1184 3634 1332 3697 licet
1370 3633 1614 3697 homini
1658 3632 1833 3714 loqui
1871 3652 1884 3695 :

372 3741 720 3816 propterea
751 3730 1145 3812 Augustinus
1186 3730 1252 3792 in
1293 3730 1460 3793 libro
1500 3731 1577 3792 de
1606 3729 1890 3792 Videndo

368 3832 603 3905 Deum,
666 3839 729 3893 et
786 3830 1079 3905 ThomaS,
1141 3830 1365 3892 dicunt
1420 3830 1591 3911 quod
1650 3828 1888 3911 Moyses

366 3932 739 3995 Judaeorum
799 3930 1121 4010 magister,
1184 3934 1249 3990 et
1307 3928 1534 3990 Paulus
1595 3927 1883 4009 gentium

370 4032 619 4103 doctor,
672 4029 971 4093 viderunt
1031 4027 1227 4089 Deum
1284 4027 1349 4089 in
1410 4027 1528 4089 hac
1587 4026 1716 4091 vita
1774 4045 1889 4107 per

370 4129 685 4212 speeiem.
726 4127 848 4189 Sed
898 4127 1017 4189 hoc
1061 4144 1189 4188 non
1240 4133 1337 4188 est
1387 4133 1608 4189 contra
1658 4125 1886 4207 praedi-

2005 3147 2201 3209 ralem
2247 3146 2575 3220 rationem,
2625 3164 2738 3227 per
2777 3145 3182 3226 anagogicam
3225 3145 3503 3207 illustra-

2002 3246 2265 3308 tionem.

2084 3344 2556 3425 Consequenter
2611 3342 2832 3423 pandit
2885 3340 3299 3423 Evangelista‚
3352 3342 3498 3423 quis

2001 3462 2117 3506 nos
2165 3441 2467 3503 instruxit
2504 3442 2582 3503 de
2620 3440 3054 3503 invisibilibus
3099 3440 3229 3501 Dei.
3269 3442 3499 3518 Uniqe-

2000 3544 2182 3603 nitus
2222 3542 2464 3609 Filius,
2506 3538 2668 3601 Patri
2719 3537 3297 3613 consubstantialiS,
3349 3558 3500 3603 eon-

2000 3639 2428 3721 sempiternus
2465 3645 2528 3699 et
2566 3636 2924 3718 coaequaliS,
2958 3635 3076 3715 qui·
3102 3646 3193 3697 esc
3227 3636 3500 3699 invaria-

2000 3738 2216 3802 biliter
2260 3736 2340 3799 ab
2387 3743 2642 3809 aeterno,
2690 3736 2762 3795 in
2801 3736 2954 3795 sinu
2996 3736 3245 3807 Patria,
3289 3733 3354 3796 id
3401 3740 3498 3796 est

1998 3835 2160 3898 Patri
2224 3834 2448 3897 intime
2494 3840 2685 3914 atque
2742 3830 3275 3893 affectuosissime
3323 3832 3493 3894 inse-

2001 3933 2498 4016 parabiliterque
2532 3930 2934 4012 conjunctus,
2969 3930 3104 4006 ipse
3129 3932 3492 3998 enarravit,

1998 4032 2061 4095 id
2103 4040 2218 4107 est,
2256 4032 2321 4093 in
2361 4029 2702 4111 Evangelio
2747 4028 2962 4092 docuit
3003 4027 3161 4109 quid
3205 4029 3283 4090 de
3327 4027 3496 4091 Divi-

1996 4131 2213 4193 nitatis
2273 4129 2534 4205 unitate,
2595 4135 2657 4190 et
2714 4126 3130 4190 Personarum
3188 4126 3490 4204 trinitate,

370 4236 496 4303 cta,
544 4225 699 4309 quia
742 4244 859 4308 pro
898 4232 1053 4287 tunc
1098 4243 1224 4287 non
1268 4223 1565 4287 Vixerunt
1604 4224 1733 4287 Vita
1776 4223 1889 4284 hu-
1921 4234 1969 4297 D
1997 4231 2155 4312 quid
2214 4232 2291 4292 de
2348 4228 2656 4291 Creatoris
2719 4226 3139 4317 providentia,
3201 4227 3495 4309 omnipo-

370 4344 589 4399 mana‚
614 4342 732 4386 nec
760 4322 1116 4405 quidquam
1147 4328 1506 4383 senserunt.
1532 4320 1705 4394 Quod
1738 4338 1887 4401 ergo

370 4424 615 4505 legitur
660 4419 854 4502 Moysi
914 4427 1211 4501 negatum
1264 4419 1329 4480 in
1384 4418 1616 4493 Exodo,
1672 4426 1887 4500 postea

372 4538 756 4586 concessum
802 4525 900 4582 est
939 4518 1021 4593 ei,
1058 4524 1127 4579 ut
1168 4518 1401 4598 legitur
1444 4517 1509 4579 in
1559 4517 1724 4580 libro
1762 4515 1889 4579 Nu·-

373 4636 732 4683 merorum.
1306 4688 1311 4695 Ι

454 4718 695 4791 Quarto
734 4716 827 4778 sic
864 4733 879 4777 ε
923 4714 1121 4777 Deum
1164 4732 1373 4789 nemo,
1418 4714 1538 4776 hoe
1578 4721 1674 4775 est
1714 4712 1890 4775 nulla

372 4824 694 4890 creatura,
747 4814 909 4877 vidit
957 4813 1204 4877 visione
1257 4811 1555 4895 perfectae
1604 4830 1891 4894 compre-

374 4914 714 4979 hensionis
769 4931 1076 4994 unquam.
1134 4910 1237 4973 Sic
1285 4911 1456 4973 enim
1513 4929 1631 4973 nec
1677 4910 1891 4972 anima

377 5012 617 5079 Christi
664 5012 839 5075 videt
873 5010 1094 5084 Deum,
1128 5009 1241 5092 qui
1284 5010 1449 5072 sicut
1487 5018 1581 5071 est
1620 5008 1892 5072 infinitae

378 5111 793 5186 actualitatiS,
846 5110 939 5173 sic
986 5115 1084 5171 est
1130 5107 1403 5171 infinitae
1452 5106 1894 5188 cognoscibili-

382 5212 533 5275 tatis
579 5231 593 5275 :
642 5216 903 5292 propter
949 5208 1121 5289 quod
1170 5205 1452 5289 perfecte
1497 5214 1690 5287 atque
1740 5213 1894 5268 tota-

383 5312 535 5373 liter
576 5307 873 5391 cognosci
918 5315 981 5369 et
1022 5304 1477 5387 comprehendi
1530 5322 1654 5367 non
1703 5303 1888 5377 valet,

1998 4329 2217 4405 tentia,
2270 4327 2626 4409 ceterisque
2685 4325 2943 4389 secretis
2999 4324 3256 4401 diviniS,
3308 4331 3372 4387 et
3418 4327 3496 4388 ad

1999 4430 2267 4491 salutem
2328 4426 2819 4509 pertinentibuS,
2871 4425 3106 4487 sentire
3162 4424 3490 4487 debemus.

1997 4528 2158 4591 Hinc
2207 4526 2373 4590 infra
2430 4525 2716 4607 loquitur
2768 4544 2781 4588 ε
2837 4523 3036 4599 Pater,
3092 4523 3494 4588 manifestavi
3521 4547 3786 4599 Joamxm,

2000 4645 2233 4690 nomen
2273 4634 2454 4687 tuum
2495 4623 2864 4687 hominibus
2903 4641 3064 4703 quos
3105 4622 3333 4685 dedisti
3377 4622 3495 4684 mi·
3523 4614 3564 4653 ⁶·

1998 4726 2065 4787 hi
2105 4728 2184 4789 de
2230 4724 2489 4787 mundo.
2531 4721 2608 4785 Et
2651 4729 2722 4785 ut
2767 4722 2855 4784 ait
2894 4722 3161 4785 Joannes
3197 4740 3210 4784 :
3245 4720 3492 4783 Scimus
3541 4743 3786 4795 υοωω,

1998 4826 2302 4907 quoniam
2351 4823 2547 4884 Filius
2599 4820 2706 4883 Dei
2747 4820 2944 4895 venit,
2986 4828 3049 4882 et
3095 4820 3268 4883 dedit
3309 4819 3494 4883 nobis
3522 4809 3591 4851 ²⁰·

1998 4942 2282 4996 sensum,
2346 4928 2416 4983 ut
2473 4938 2926 5000 cognoscamus
2987 4917 3185 4980 Deum
3244 4936 3490 4981 verum.

2002 5022 2127 5085 Hoc
2160 5021 2381 5102 utique
2419 5017 2937 5100 insuperabiliter
2970 5036 3043 5080 ac
3083 5016 3497 5079 ineffabiliter

2002 5121 2256 5185 roborat
2295 5119 2491 5180 fidem
2545 5124 2845 5189 nostram,
2887 5117 3058 5196 quod
3099 5134 3136 5177 a
3182 5115 3341 5178 Filio
3386 5116 3496 5177 Dei

2005 5218 2332 5299 unigenito
2372 5233 2521 5279 vero
2564 5216 2687 5278 Deo
2730 5234 2952 5277 sumus
2995 5214 3222 5278 edocti.
3257 5214 3494 5294 ltaque,

2000 5318 2174 5401 quod
2217 5316 2324 5391 ait,
2359 5314 2591 5377 Filium
2633 5331 2772 5376 esse
2816 5313 2881 5375 in
2926 5312 3070 5375 sinu
3114 5311 3333 5387 Patris,
3371 5330 3498 5374 non
