4300 6259
126 839 203 891 12

134 2021 215 2077 13

1203 478 1553 528 numano
1596 479 1658 526 m
1700 479 1839 526 car.
1884 477 1945 524 v1
1986 478 2263 526 somnis.
2309 499 2389 510 —
2429 479 2571 527 Anr.
2617 481 2724 527 xvi
3377 464 3500 528 383

386 643 699 712 videlicet
728 649 1151 726 sufficienter,
1186 671 1391 734 usque
1430 652 1508 715 ad
1546 651 1896 714 satietatem
1928 649 1977 710 A
2107 650 2511 732 collegerunt
2565 671 2714 734 ergo
2770 661 2976 715 tantas
3033 653 3358 735 reliquias,
3419 673 3502 713 em

384 742 710 825 ipsorum.

488 847 569 906 Ue
598 857 814 908 autem
856 851 1111 926 impleti
1148 859 1320 921 sunt,
1355 849 1417 911 id
1460 856 1577 923 est,
1621 849 1897 910 discum-

382 941 699 1006 bentibus
773 947 1030 1028 copiose
1104 946 1357 1009 refectis
1434 966 1507 1008 ac
1576 946 1891 1020 saturatiS‚

378 1041 572 1102 dimit
609 1045 958 1122 discipulis
994 1046 1133 1105 suis
1166 1062 1189 1105 .·
1222 1047 1515 1122 Colliqite
1543 1065 1687 1124 quw
1714 1063 1898 1121 supe-

380 1150 709 1201 raverunt
736 1143 1035 1220 fraqmen
1047 1153 1131 1211 ta,
1152 1143 1216 1205 id
1246 1151 1358 1216 est,
1390 1141 1623 1204 famem
1654 1159 1766 1203 seu
1798 1160 1897 1222 ap-

380 1237 665 1317 petitum
716 1240 1189 1303 comedentium
1240 1241 1551 1314 vicerunt,
1591 1239 1675 1301 ita
1722 1239 1895 1320 quod

378 1334 671 1417 amplius
735 1339 1121 1400 manducare
1179 1357 1304 1402 non
1368 1345 1706 1421 poterant3
1769 1337 1891 1410 vel,

379 1431 539 1504 Quae
582 1445 1067 1517 superaverunt,
1103 1437 1166 1500 id
1211 1445 1327 1512 est,
1372 1435 1897 1518 superfluxerunt

384 1532 733 1595 edentibus
759 1553 777 1614 3
809 1556 889 1596 ne
908 1545 1209 1613 pereant,
1241 1536 1350 1597 scd
1383 1533 1773 1616 pauperibus
1807 1550 1897 1594 re-

384 1630 756 1694 meantibus
808 1651 923 1715 pro
975 1633 1204 1697 viatico
1248 1632 1676 1696 conferantur.
1719 1631 1896 1693 Unde

386 1727 681 1792 Christus
714 1731 931 1794 docuit
969 1732 1090 1794 hoc
1128 1732 1423 1813 exemplo
1452 1730 1754 1812 reliquias
1783 1730 1896 1791 ali-

2005 751 2294 829 quinque
2314 753 2599 828 panibus
2628 754 3016 820 hordeacei&
3046 752 3110 814 id
3151 759 3248 821 est
3283 770 3360 814 ex
3395 770 3502 833 pa-

2005 846 2198 909 nibus
2236 848 2302 910 in
2349 867 2509 929 quos
2554 849 2962 931 multiplicati
3013 849 3274 911 fuerunt
3313 851 3503 931 quin-

2005 964 2129 1026 que
2160 964 2353 1027 panes
2385 948 2816 1029 praedicti,qui
2849 956 3027 1010 erant
3055 948 3230 1029 quasi
3263 947 3503 1009 semina

2004 1044 2292 1105 omnium
2325 1063 2561 1126 panum
2601 1046 3100 1128 antepositorum
3137 1045 3495 1107 edentibus.

2004 1139 2296 1224 Quinque
2325 1143 2561 1204 etenim
2595 1162 2789 1225 panes
2831 1163 2954 1207 non
2995 1143 3355 1206 habuerunt
3385 1144 3502 1205 im-

2004 1240 2276 1302 mediate
2335 1249 2507 1304 tanta
2563 1242 2936 1324 fragmenta.
2987 1243 3171 1325 Apud
3225 1242 3498 1305 Marcum

2003 1339 2372 1420 adjungitur
2415 1358 2428 1402 :
2474 1339 2550 1402 Et
2591 1342 2667 1402 de
2713 1340 3020 1423 piscibus.
3056 1340 3144 1402 Ex
3192 1359 3321 1422 quo
3362 1358 3503 1422 per-
3559 1361 3792 1412 aaran,

2005 1437 2306 1516 penditur
2355 1438 2526 1517 quod
2569 1437 2758 1498 etiam
2799 1455 2876 1499 ex
2915 1437 3164 1500 duobus
3215 1436 3499 1519 piscibus
3528 1425 3596 1467 ⁴⁸·

2004 1533 2160 1595 tanti
2202 1534 2328 1596 cibi
2372 1533 2642 1616 piscium
2688 1542 3155 1616 processerunt,
3189 1537 3359 1617 quod
3409 1536 3504 1597 di-

2008 1632 2238 1714 scipuli
2299 1632 2529 1695 Christi
2597 1643 3140 1715 congregaverunt
3199 1634 3502 1715 reliquias

2010 1730 2179 1804 inde,
2215 1731 2507 1812 quamvis
2549 1751 2675 1794 non
2715 1731 2830 1794 fiat
2867 1732 3056 1815 plena
3101 1733 3378 1794 narratio
3425 1733 3505 1794 de

387 1835 759 1892 mentorum
815 1831 1163 1912 prudenter
1211 1830 1472 1904 servari,
1524 1828 1895 1910 utiliterque
1934 1831 1981 1894 B
2012 1828 2154 1892 hoc.

391 1928 696 2008 expendi.

478 2027 885 2104 Colleyerunt
930 2047 1101 2104 erqo,
1136 2027 1416 2109 Apostoli
1463 2025 1805 2108 principue,
1838 2033 1898 2084 et
1942 2097 1945 2104 Ι

388 2126 832 2202 impleverunt
859 2127 1203 2186 duodecim
1240 2127 1544 2202 cophinos
1572 2128 1899 2204 fraqmen-

393 2233 638 2294 coru-m,
669 2223 969 2288 videlicet
1002 2224 1279 2305 quilibet
1308 2224 1648 2307 Apostolus
1679 2222 1899 2304 cophi-

390 2340 553 2383 num
602 2342 815 2396 suum,
850 2323 903 2384 si
954 2331 1167 2385 tamen
1220 2323 1337 2386 soli
1386 2321 1669 2404 Apostoli
1712 2321 1901 2384 colle-

383 2429 624 2499 gerunt
668 2441 681 2483 :
724 2423 901 2503 quod
951 2440 1079 2484 non
1128 2430 1413 2502 apparet,
1448 2419 1601 2501 quia
1640 2428 1899 2502 propter

388 2519 877 2582 multitudinem
908 2519 1436 2586 manducantium
1468 2518 1577 2580 diu
1608 2517 1900 2599 occupati

389 2617 673 2680 fuissent
720 2619 787 2680 in
838 2618 1297 2680 circumeundo
1336 2624 1399 2678 et
1438 2617 1895 2698 congregando.

392 2749 475 2759 —
534 2714 655 2776 Sed
715 2715 1033 2796 numquid
1092 2714 1369 2777 increata
1423 2713 1533 2774 Dei
1594 2712 1903 2794 sapientia

28 2823 285 2877 Sep-vm„
306 2824 355 2864 ¹·
392 2812 707 2886 ChristuS,
742 2814 1059 2893 attingens
1092 2831 1129 2874 a
1156 2811 1293 2874 fine
1334 2829 1538 2893 usque
1567 2812 1644 2873 ad
1678 2810 1900 2885 finem,

26 2923 347 2970 Jbid.1=.2¹.
392 2918 460 2972 et
512 2911 574 2972 in
626 2929 915 2985 numero,
950 2929 1251 2973 mensura
1298 2929 1370 2972 ac
1421 2909 1702 2991 pondere
1752 2927 1907 2970 cun-

393 3017 497 3071 cta
544 3010 965 3084 constituenS,
1018 3009 1157 3071 sine
1210 3009 1338 3070 alto
1388 3007 1692 3090 mysterio
1739 3007 1907 3069 ordi·
1941 3007 1986 3071 C
2016 3027 2141 3071 non
2188 3009 2700 3092 qualiscumque,
2746 3012 2856 3073 sed
2896 3013 3012 3092 qui
3051 3021 3364 3072 venturus
3399 3021 3514 3083 est,

390 3111 573 3172 navit
617 3116 689 3171 ut
726 3109 1062 3172 duodecim
1102 3107 1363 3189 cophini
1401 3105 1903 3186 fragmentorum

388 3209 745 3270 secundum
803 3201 1170 3270 duodenum
1232 3223 1578 3267 numerum
1632 3203 1903 3286 Aposto-

390 3306 605 3369 lorum
636 3307 1081 3368 remanerent?
1120 3304 1244 3368 Cur
1283 3322 1431 3384 ergo
1472 3303 1571 3365 sic·
1603 3302 1901 3383 contigit?

386 3403 528 3468 Non
572 3405 762 3488 plane
799 3423 837 3466 a
874 3422 1047 3478 casu,
1082 3404 1195 3465 sed
1236 3420 1311 3465 eo
1351 3403 1740 3475 moderante,
1775 3418 1903 3482 quo

389 3511 701 3586 operante
755 3502 924 3565 facta
980 3509 1078 3564 est
1135 3499 1584 3581 multiplicatio
1637 3516 1905 3580 praeme-

394 3610 662 3664 morata.
695 3600 905 3663 Palam
951 3606 1046 3662 est
1085 3599 1259 3661 enim
1302 3598 1472 3680 quod
1515 3615 1631 3680 per
1672 3615 1903 3679 panem

394 3700 768 3782 designetur
797 3698 1091 3762 salutaris
1128 3697 1436 3770 doctrina,
1468 3697 1542 3759 ad
1577 3695 1761 3775 cujus
1790 3712 1903 3775 gu-

32 3828 355 3877 Pm.·x,s.
396 3807 569 3862 stum
628 3799 859 3864 invitat
912 3797 1236 3881 Sapientia
1297 3796 1513 3858 dicens
1578 3814 1592 3858 :
1652 3794 1899 3870 Venite,

395 3898 713 3961 comedite
780 3915 1009 3981 panem
1079 3914 1316 3958 meum.
1379 3893 1495 3955 Per
1551 3892 1905 3973 fragmenta

390 4005 606 4059 autem
668 4015 932 4079 panum,
995 3995 1327 4076 signantur
1384 3991 1902 4074 participationes

392 4094 789 4178 imperfectae
825 4093 1031 4176 ipsius
1072 4091 1374 4156 doctrinae
1413 4089 1731 4173 perfectae.
1767 4088 1904 4151 Per-

2088 1926 2209 1989 Sed
2257 1927 2414 2008 quid
2464 1927 2767 1991 biberunt
2817 1930 2915 1992 hae
2964 1928 3208 1992 turbaef
3251 1928 3504 1992 Certum

2009 2025 2261 2088 videtur
2310 2027 2479 2107 quod
2540 2027 2592 2088 si
2651 2047 2779 2090 non
2839 2027 3200 2090 habuerunt
3247 2027 3506 2091 aliunde

2009 2131 2252 2205 potum,
2289 2122 2574 2186 Christus
2615 2126 2788 2187 dedit
2831 2125 3087 2188 cibariis
3129 2125 3268 2187 istis
3309 2125 3509 2188 virtu-

2008 2229 2135 2283 tem
2185 2222 2408 2302 agendi
2458 2224 2626 2303 quod
2677 2222 2883 2285 efficit
2939 2229 3146 2305 potus,
3201 2223 3286 2285 ita
3335 2223 3506 2304 quod

2009 2320 2183 2381 sitim
2242 2320 2530 2402 perpessi
2591 2340 2717 2384 non
2785 2328 2955 2384 sunt.
3017 2321 3219 2404 Opera
3275 2339 3507 2404 nempe

2011 2417 2238 2480 Christi
2285 2419 2520 2480 summi
2559 2417 2837 2501 opificiS,
2873 2419 3153 2502 perfecta
3193 2419 3455 2482 fuerunt
3489 2439 3502 2484 :
3537 2443 3800 2494 munzun,

2012 2535 2172 2598 quos
2214 2535 2362 2597 ergo
2403 2516 2646 2592 refecit,
2680 2517 2960 2600 perfecte
3003 2518 3246 2581 refecit.
3537 2508 3580 2550 ⁴·

2090 2617 2211 2675 Illi
2243 2634 2392 2692 erqo
2433 2617 2744 2688 homines,
2777 2619 3345 2696 quum'vidissenc,
3379 2617 3510 2680 imo
3645 2623 3715 2679 u

2012 2721 2075 2775 et
2113 2715 2554 2777 manducando
2598 2715 2844 2796 experti
2893 2715 3187 2790 fuissent,
3220 2719 3390 2796 quod
3415 2718 3512 2778 Je-

2012 2833 2119 2874 sus
2167 2815 2407 2890 fecerat
2451 2815 2741 2891 siynum,
2785 2817 3082 2877 dicebant
3123 2835 3146 2874 .·
3188 2817 3358 2884 Quia
3407 2817 3514 2875 hic

2014 2911 2172 2972 tanti
2223 2911 2514 2973 miraculi
2565 2910 2788 2987 factor,
2834 2923 2923 2974 est
2974 2933 3116 2974 vere
3161 2915 3511 2990 Propheta,

2016 3107 2079 3169 id
2138 3114 2254 3180 est,
2313 3115 2618 3170 venturus
2686 3127 2824 3171 esse
2892 3109 3353 3191 praenuntiatus
3420 3117 3516 3170 est

2014 3222 2131 3286 per
2157 3204 2315 3267 alios
2357 3205 2720 3287 Prophetas,
2755 3211 2829 3267 in
2859 3210 3178 3268 mundum
3218 3206 3391 3268 hunc
3421 3207 3518 3268 in-

2014 3302 2336 3377 feriorem,
2387 3305 2466 3366 ad
2525 3304 2899 3368 salvandum
2950 3322 3121 3378 eum,
3174 3305 3236 3366 id
3295 3312 3390 3366 est
3437 3306 3515 3367 ad

2014 3401 2305 3464 homines
2339 3401 2763 3466 redimendos.
2791 3401 2925 3466 Non
2957 3420 3105 3483 ergo
3135 3401 3340 3464 solum
3373 3420 3516 3465 con-

2010 3499 2164 3562 fessi
2205 3507 2353 3562 sunt
2389 3501 2602 3563 Jesum
2651 3519 2790 3563 esse
2830 3501 3226 3583 prophetam,
3261 3502 3369 3563 sed
3412 3519 3516 3564 ve-

2015 3599 2242 3661 raciter
2271 3617 2409 3660 esse
2449 3618 2770 3661 summum
2814 3599 2994 3661 illum
3029 3598 3400 3680 Prophetam
3433 3601 3511 3662 de

2013 3697 2199 3778 cujus
2257 3698 2532 3760 adventu
2591 3697 2700 3758 alii
2759 3697 3131 3759 cecinerunt
3180 3716 3193 3759 :
3245 3699 3323 3760 de
3380 3717 3509 3780 quo

2012 3803 2075 3858 et
2110 3795 2348 3879 Moyses
2387 3795 2568 3869 dixit,
2609 3793 2983 3877 Prophetam
3029 3795 3364 3858 suscitabit
3403 3815 3509 3860 vo·
3550 3815 3798 3866 meum,

2012 3893 2111 3956 bis
2155 3893 2480 3957 DominuS.
3535 3879 3798 3988 {{{A⁶‘·¹¹¹·

2090 3992 2422 4067 Quaeritur,
2455 4011 2536 4054 an
2569 3991 2854 4055 Christus
2885 3990 2912 4053 f
2917 3991 3008 4054 uit
3038 3991 3368 4074 propheta.
3405 3992 3508 4054 vi-

2012 4092 2197 4153 detur
2239 4091 2412 4172 quod
2464 4109 2614 4166 non,
2649 4091 2800 4173 quia
2847 4099 2918 4152 ut
2960 4090 3170 4166 homo,
3205 4098 3336 4152 erat
3377 4111 3508 4173 prae

391 4191 559 4256 fecta
590 4211 740 4255 vero
780 4191 1068 4254 doctrina
1108 4188 1406 4253 convenit
1436 4188 1705 4250 Christo.
1741 4187 1904 4268 Apo-
1930 4190 1982 4255 D
2017 4187 2330 4251 universis
2362 4189 2581 4251 electis
2611 4188 3183 4251 excellentissimus
3224 4207 3510 4272 compre-

391 4290 541 4354 stoli
579 4309 732 4353 vero
772 4288 1215 4372 participando
1254 4286 1606 4350 doctrinam
1643 4285 1899 4359 Christi,

392 4389 579 4471 quasi
610 4389 965 4469 fragmenta
1001 4395 1065 4448 et
1102 4392 1312 4468 partes
1348 4383 1644 4466 perfectae
1674 4383 1905 4470 doctri-

394 4506 493 4549 nae
539 4507 578 4548 a
623 4488 801 4550 fonte
844 4475 1172 4567 sapientiae
1218 4482 1628 4564 collegerunt.
1663 4481 1902 4544 Horum

396 4583 903 4666 fragmentorum
935 4601 1083 4646 vasa
1114 4601 1228 4644 seu
1260 4581 1541 4664 cophini,
1567 4587 1747 4642 erant
1776 4598 1905 4643 cor-

398 4685 479 4746 da
543 4683 1018 4766 Apostolorum,
1082 4681 1147 4741 in
1216 4678 1454 4762 quibus
1523 4696 1638 4761 per
1703 4686 1901 4742 totum

398 4783 714 4846 mundum
753 4780 1111 4862 fragmenta
1152 4778 1485 4860 sapientiae
1529 4777 1760 4840 Christi
1805 4784 1907 4838 tu-

394 4881 631 4956 lerunt,
664 4881 1111 4962 disperserunt
1147 4885 1211 4940 et
1239 4876 1899 4960 communicaverunt.

390 4979 572 5044 Unde
626 4980 707 5042 ad
765 4976 1309 5060 praefigurandum
1362 4981 1609 5036 tantum
1663 4981 1903 5056 myste-

394 5079 587 5152 rium,
623 5077 872 5159 impleti
904 5083 1055 5138 sunt
1082 5073 1419 5137 duodecim
1450 5073 1710 5155 cophini
1740 5072 1906 5154 frag-

394 5185 776 5248 mentorum,
798 5174 980 5255 juxta
1009 5191 1350 5236 numerum
1381 5171 1901 5235 beatissimorum

394 5275 873 5360 Apostolorum.

652 5405 719 5460 T.
756 5405 835 5456 12.

2013 4288 2246 4350 hensor
2308 4306 2322 4350 ε
2393 4287 3035 4370 comprehensoribus
3107 4295 3320 4349 autem
3394 4306 3506 4350 seu

2010 4385 2212 4447 Beatis
2252 4385 2317 4447 in
2368 4386 2591 4468 patria,
2635 4405 2762 4449 non
2813 4385 3111 4449 convenit
3158 4385 3316 4448 ratio
3366 4404 3510 4468 pro-

2014 4483 2268 4565 phetiae,
2305 4492 2565 4566 propter
2605 4481 3060 4565 perfectionem
3098 4499 3341 4545 eorum.
3374 4481 3510 4545 Pro-

2014 4581 2232 4663 phetia
2281 4582 2476 4657 enim,
2515 4588 2584 4642 ut
2627 4581 2895 4645 Thomas
2945 4587 3009 4643 et
3056 4581 3242 4643 multi
3293 4598 3510 4643 secum

2011 4686 2346 4754 testantur,
2377 4677 2926 4762 imperfectionem
2955 4679 3194 4742 notitiae
3224 4696 3514 4760 compre-

2014 4778 2259 4841 hendit.
2301 4777 2378 4839 Et
2425 4778 2960 4860 respondendum,
3002 4779 3174 4859 quod
3225 4777 3512 4841 Christus

2015 4876 2139 4939 fuit
2189 4893 2337 4940 vere
2384 4884 2448 4937 et
2493 4893 2681 4938 verus
2726 4876 3057 4958 propheta,
3091 4876 3244 4957 quia
3287 4895 3518 4939 secun-

2016 4978 2170 5039 dum
2207 4974 2452 5057 aliquid
2490 4972 2614 5035 fuit
2655 4974 2854 5038 viator
2890 4983 2952 5036 et
2989 4975 3321 5038 hominum
3364 4994 3517 5039 con-

2014 5081 2317 5147 versator,
2361 5071 2710 5154 praedicens
2751 5071 2842 5134 eis
2888 5091 3036 5134 cum
3082 5072 3318 5154 quibus
3369 5092 3516 5136 con-

2012 5171 2402 5246 versabatur,
2427 5170 2454 5232 f
2459 5178 2642 5232 utura
2670 5171 3100 5252 contingentia
3127 5179 3319 5252 atque
3348 5191 3515 5254 prae-

2012 5269 2216 5334 sentia
2261 5268 2354 5330 eis
2401 5268 2633 5350 ignota.
2685 5267 2996 5352 Propheta
3051 5269 3225 5332 enim
3274 5269 3512 5336 dicitur

3193 5401 3256 5456 25
