4300 6259
861 492 983 559 326
1644 512 1995 561 mma-1³10
2036 513 2101 560 m
2143 512 2282 560 cu.
2327 513 2398 560 111
2437 513 2714 592 somma.
2759 533 2840 544 -
2881 515 3024 561 aar.
3067 514 3178 561 vm

866 693 1151 744 ventrem
1190 685 1421 745 matris
1447 705 1581 746 suae
1609 686 1837 746 iterato
1876 685 2153 747 introire
2179 692 2240 743 ει
2265 703 2363 744 νε-
2392 680 2443 743 Α
2474 691 2762 765 possunt.
2813 684 3022 749 Primo
3071 685 3162 747 sic
3195 703 3210 748 :
3247 687 3428 754 Quod
3473 693 3703 745 natum
3748 692 3840 743 εει
3881 703 3962 742 ex
4089 693 4120 746 6

864 783 1047 842 nasci
1067 784 1098 842 ?
1147 782 1499 864 praesertim
1549 801 1753 864 quum
1800 790 2031 844 matres
2080 800 2367 846 commu·
2469 802 2682 850 carne,
2725 782 2784 845 id
2837 791 2931 846 est
2979 803 3210 866 corpus
3255 781 3382 845 filii
3429 789 3840 864 propagatum
3891 799 3964 841 ac

868 879 1033 941 niter
1073 885 1337 943 mortuae
1382 881 1510 942 sint
1549 887 1836 963 tempore
1872 880 2217 943 senectutis
2257 898 2366 941 na-
2473 887 2692 942 natum
2723 898 2802 942 ex
2831 881 3075 943 semine
3106 881 3324 964 patriS,
3357 900 3504 942 caro
3532 889 3623 940 εει
3639 903 3669 952 ,·
3708 880 3964 958 ecquod

868 983 1101 1040 torum.
2471 986 2704 1040 natum
2720 989 2811 1040 εει
2827 999 2908 1039 ex
2925 981 3189 1057 spiritu,
3199 979 3263 1041 id
3289 986 3386 1041 est
3407 979 3622 1042 anima
3643 975 3964 1040 rationalis

690 1077 727 1131 5
968 1079 1321 1153 Respondit
1372 1081 1577 1149 Iesu-3,
1636 1077 1940 1142 solvendo
1997 1077 2365 1140 instantiam
2475 1085 2682 1138 creata
2717 1095 2756 1138 a
2791 1077 2940 1152 Deo,
2974 1077 3085 1159 qui
3128 1077 3390 1160 spiritus
3428 1076 3802 1159 appellatur,
3835 1075 3965 1151 spi-
4015 1087 4245 1141 :mmm

869 1172 1216 1251 Nicodemi‚
1249 1182 1312 1237 et
1340 1176 1714 1257 exponendo
1744 1176 1939 1240 verba
1975 1195 2119 1258 quae
2154 1175 2314 1239 dixit
2347 1193 2361 1237 :
2472 1175 2642 1234 ritus
2669 1184 2782 1246 εει,
2816 1175 2880 1238 id
2909 1183 3004 1237 est
3043 1175 3394 1257 spiritualis
3433 1173 3802 1237 substantia.
3837 1171 3966 1234 Hoc
3991 1159 4054 1200 ²⁴·

869 1275 1105 1342 Amen,
1141 1293 1331 1334 amen
1367 1276 1511 1335 dico
1564 1276 1706 1344 tibi,
1738 1277 1873 1336 nisi
1916 1277 2063 1354 quis
2102 1284 2368 1335 renatus
2475 1281 2684 1336 tamen
2717 1294 2844 1339 non
2875 1282 2972 1338 est
3000 1275 3093 1338 sic
3119 1275 3586 1358 accipiendum,
3619 1273 3798 1355 quasi
3831 1291 3967 1334 cor-

869 1372 1100 1450 fuerit,
1133 1369 1197 1432 id
1238 1377 1332 1432 est
1382 1371 1799 1454 spiritualiter
1846 1377 2250 1452 regeneratus
2299 1370 2366 1432 in
2476 1372 2716 1452 poralia
2757 1392 2882 1436 non
2927 1374 3057 1436 sint
3094 1373 3456 1436 immediate
3493 1379 3698 1434 creata
3734 1390 3771 1432 a
3805 1369 3965 1448 Deo;

872 1466 1046 1531 fonte
1091 1469 1515 1551 Baptismatis‚
1548 1491 1629 1530 ex
1675 1491 1877 1549 aqua,
1915 1489 2059 1552 quae
2096 1476 2194 1532 est
2239 1488 2370 1531 ma-
2476 1471 2585 1533 sed
2631 1471 2694 1533 in
2746 1472 3005 1535 homine
3048 1479 3197 1534 sunt
3235 1473 3378 1534 duae
3425 1479 3656 1553 parteS,
3696 1487 3968 1551 quarum

873 1566 1092 1629 teriale
1140 1569 1527 1631 elementum
1574 1587 1805 1651 corpus
1857 1570 2097 1644 lavam,
2139 1576 2204 1631 et
2243 1568 2370 1631 dis·
2477 1587 2604 1630 una
2649 1577 2745 1631 est
2799 1589 2966 1644 caro,
3017 1589 3054 1632 a
3104 1577 3282 1652 patre
3339 1569 3575 1632 carnali
3629 1573 3966 1638 contracta,

873 1665 1145 1745 positive
1174 1684 1573 1747 regeneran8‚
1591 1678 1651 1728 ει
1679 1669 1944 1744 Spiritu
1973 1670 2231 1735 Sancto,
2255 1666 2367 1747 qui
2473 1666 2596 1728 alia
2637 1675 2734 1729 est
2771 1667 3056 1749 spiritus,
3093 1686 3131 1729 a
3169 1677 3346 1750 patre
3384 1665 3700 1749 spirituali
3739 1665 3974 1747 produ-

870 1770 966 1824 est
1023 1763 1367 1826 invisibilis
1416 1773 1589 1828 actor
1647 1765 1820 1827 intus
1864 1773 2142 1828 mentem
2196 1764 2370 1847 puri·
2479 1774 2597 1828 cta.
2646 1765 2831 1828 Juxta
2884 1766 3056 1828 hunc
3113 1783 3372 1828 sensum
3430 1765 3587 1828 dicit
3629 1762 3970 1846 Apostolus

871 1860 1071 1923 ficans
1121 1869 1183 1925 et
1238 1861 1596 1927 efficienter
1654 1881 2053 1944 regeneranS‚
2100 1863 2369 1945 gratiam
2405 1863 2452 1927 B
2477 1865 2554 1927 ad
2602 1864 2893 1928 Hebraeos
2927 1883 2942 1927 ε
2977 1865 3185 1927 Patres
3230 1865 3436 1927 carnis
3477 1872 3705 1928 nostrae
3745 1860 3972 1924 habui·
3997 1875 4216 1923 umus.

606 3261 735 3306 Rom.
747 3275 803 3313 vi.
834 3291 845 3312 .

636 3849 805 3893 unuh.

587 3925 729 3964 xxviii,
756 3915 823 3959 19.

870 1958 1223 2037 influendo,
1257 1980 1401 2043 quae
1430 1969 1525 2025 est
1554 1981 1653 2025 res
1684 1962 2058 2025 sacramenti
2090 1969 2156 2024 et
2182 1980 2372 2025 causa

869 2056 1153 2121 formalis
1198 2059 1543 2124 intrinseca
1591 2060 1785 2143 hujus
1830 2059 2366 2141 regenerationis3

872 2177 1000 2218 non
1037 2169 1241 2237 potest
1280 2161 1555 2220 introire
1594 2161 1663 2221 in
1705 2181 1981 2238 requam
2018 2162 2166 2229 Dei,
2197 2159 2368 2242 quod

873 2262 969 2317 est
1015 2255 1418 2339 triumphans
1463 2256 1763 2332 Ecclesia,
1798 2258 1927 2321 vita
1966 2265 2222 2334 aeterna,
2256 2275 2369 2320 seu

874 2353 1076 2435 patria
1112 2354 1479 2418 electorum.
1512 2354 1690 2429 Quod
1726 2357 2210 2437 intelligendum
2249 2363 2366 2430 est,

872 2452 1215 2516 dummodo
1252 2453 1415 2516 adsit
1459 2452 1725 2517 facultas
1767 2455 2117 2536 recipiendi
2167 2474 2373 2518 sacra-

872 2559 1159 2614 mentum
1204 2551 1508 2635 Baptismi
1544 2571 1557 2616 :
1592 2553 1747 2615 alias
1795 2551 2127 2616 sufficeret
2166 2554 2372 2637 bapti-

872 2667 1047 2710 smus
1097 2649 1419 2726 FlaminiS,
1472 2652 1537 2714 id
1586 2660 1681 2715 est
1729 2653 1993 2716 interior
2040 2653 2372 2716 mundatio

870 2745 1079 2810 Sancti
1137 2748 1432 2830 SpirituS,
1489 2756 1553 2812 et
1608 2750 1964 2832 baptismus
2016 2751 2366 2832 sanguiniS,

872 2853 1025 2928 puta
1068 2847 1466 2931 martyrium,
1510 2867 1657 2911 cum
1696 2857 1842 2912 voto
1892 2867 2005 2911 seu
2055 2849 2370 2913 desiderio

870 2945 1172 3026 baptismi
1238 2945 1552 3010 fluminis.
1614 2948 1684 3010 In
1748 2947 2067 3030 Baptismo
2126 2949 2371 3030 quippe

2479 1982 2622 2025 mus
2661 1963 3033 2038 eruditoreS,
3066 1970 3129 2025 et
3167 1962 3618 2025 reverebamur
3651 1979 3757 2024 eos
3788 1979 3803 2023 ε
3839 1979 3970 2023 non

2479 2061 2680 2124 multo
2737 2061 2938 2141 magis
2995 2060 3578 2142 obtemperabimus
3622 2058 3783 2134 Patri
3841 2058 3973 2140 spi-

2479 2159 2742 2232 rituum,
2767 2167 2829 2221 et
2860 2160 3184 2223 vivemus?
3207 2194 3284 2205 —
3314 2157 3602 2222 Secundo
3632 2157 3762 2220 sic:
3785 2159 3973 2226 Quod

2479 2269 2710 2320 natum
2743 2269 2835 2320 εει
2872 2280 2954 2320 εω
2989 2279 3206 2328 carne,
3247 2259 3311 2321 id
3361 2266 3456 2320 est
3498 2277 3536 2320 a
3576 2256 3808 2320 carnali
3865 2274 3975 2338 pa-

2480 2365 2679 2429 rente,
2731 2377 2878 2418 caro
2925 2368 3034 2428 εει,
3087 2357 3152 2420 id
3199 2365 3294 2420 est
3351 2375 3450 2420 res
3501 2355 3788 2430 carnaliS,
3842 2372 3973 2417 non

2480 2455 2720 2518 habens
2763 2456 2885 2518 nisi
2927 2473 3065 2518 esse
3107 2456 3356 2518 carnale
3393 2474 3466 2518 ac
3508 2454 3809 2528 naturale,
3848 2453 3978 2516 vir-

2479 2561 2614 2616 tute
2653 2554 3079 2635 generationis
3128 2555 3396 2616 carnalis
3431 2571 3445 2617 :
3481 2554 3648 2616 unde
3692 2560 3763 2615 ut
3798 2551 3972 2632 talis,

2481 2670 2608 2716 non
2651 2660 2856 2734 potest
2895 2652 3165 2732 salvari;
3203 2663 3264 2714 ει
3299 2656 3470 2733 quod
3505 2661 3737 2712 natum
3763 2661 3858 2711 εει
3893 2671 3978 2710 ea:

2479 2753 2744 2829 spiritu,
2794 2751 2860 2814 id
2909 2758 3004 2814 est
3061 2750 3478 2833 spiritualiter
3535 2757 3978 2830 regeneratum

2480 2867 2555 2911 ac
2593 2850 2871 2931 positum
2913 2850 2977 2911 in
3017 2867 3155 2911 esse
3191 2848 3506 2930 spirituali
3546 2849 3798 2929 vitaque
3835 2864 3978 2927 gra-

2485 2947 2606 3022 tiae,
2649 2965 2728 3009 ex
2764 2967 2930 3030 aqua
2971 2955 3034 3009 et
3078 2946 3317 3030 Spiritu
3367 2945 3614 3021 Sancto,
3657 2946 3724 3007 in
3767 2943 3980 3026 Bapti-

871 3041 1344 3107 conformamur
1382 3044 1629 3108 Christo
1666 3055 1731 3108 et
1766 3046 1825 3108 ei
1864 3046 2368 3128 incorporamur,
2409 3046 2453 3110 C
2483 3045 2702 3108 smatis
2755 3047 3026 3121 lavacro,
3057 3049 3333 3124 spiritus
3371 3057 3485 3115 εει,
3524 3045 3588 3107 id
3636 3051 3750 3114 est,
3781 3043 3982 3125 spiri-

874 3143 1412 3224 quemadmodum
1450 3145 1528 3207 ad
1567 3143 1877 3209 Romanos
1914 3152 2179 3207 testatur
2208 3145 2373 3228 Apo-

876 3241 1075 3304 stolus
1136 3259 1151 3304 :
1213 3239 1607 3324 Quicumque
1668 3243 1967 3325 baptizati
2026 3262 2247 3305 sumus
2305 3241 2371 3303 in

877 3339 1124 3403 Christo
1148 3339 1317 3417 Jesu,
1352 3340 1417 3403 in
1450 3349 1651 3405 morte
1689 3341 1893 3424 ipsius
1932 3341 2232 3424 baptizati
2271 3358 2375 3403 su-

878 3456 1021 3500 mus
1075 3456 1089 3500 :
1142 3439 1499 3521 consepulti
1556 3439 1729 3502 enim
1779 3459 2001 3501 sumus
2061 3458 2205 3502 cum
2265 3439 2374 3503 illo

878 3555 992 3619 per
1038 3536 1430 3619 Baptismum
1485 3539 1551 3600 in
1601 3546 1892 3613 mortem,
1938 3547 2008 3600 ut
2054 3538 2374 3620 quomodo

878 3636 1224 3698 resurrexit
1262 3636 1547 3700 Christus
1578 3656 1615 3699 a
1644 3637 1912 3701 mortuis
1955 3655 2069 3719 per
2105 3637 2371 3718 gloriam

877 3734 1095 3810 PatriS,
1139 3734 1226 3798 ita
1264 3742 1327 3797 et
1365 3755 1479 3798 nos
1527 3736 1594 3799 in
1646 3736 1923 3800 novitate
1962 3737 2107 3800 vitae
2154 3736 2376 3798 ambu-

878 3832 1107 3895 lemus,
1139 3831 1261 3896 Sed
1298 3853 1500 3916 quum
1531 3833 1888 3916 Baptismus
1928 3836 2111 3897 detur
2148 3834 2214 3900 in
2266 3852 2378 3897 no-

880 3933 1053 3994 mine
1093 3939 1325 3996 sanctas
1360 3932 1706 4007 Trinitatis,
1738 3951 1777 3994 a
1812 3951 1941 4014 qua
1972 3940 2069 3995 est
2105 3931 2376 3994 effectus

881 4029 1183 4112 Baptismi
1224 4049 1335 4093 seu
1363 4032 1564 4112 gratia
1592 4031 2086 4106 sacramentaliS‚
2120 4050 2234 4093 cur
2276 4048 2381 4113 po·

882 4127 1007 4190 tius
1057 4128 1212 4191 dicit
1258 4128 1559 4203 Salvator,
1604 4129 1736 4191 Nisi
1782 4129 1928 4210 quis
1978 4137 2233 4192 renatus
2277 4129 2378 4190 fu-

2480 3143 2652 3206 tuale
2699 3143 3003 3220 efficitur,
3048 3144 3290 3207 scilicet
3335 3144 3524 3206 homo
3565 3141 3978 3206 invisibiliter

2484 3241 2656 3304 intus
2687 3251 2942 3305 renatus
2971 3251 3035 3305 et
3065 3243 3194 3306 Deo
3219 3243 3618 3322 conjunctuS,
3651 3259 3796 3304 cum
3825 3258 3978 3322 quo,

2485 3342 2837 3403 secundum
2881 3341 3275 3424 Apostolum,
3327 3359 3492 3402 unus
3541 3348 3638 3402 est
3683 3338 4222 3420 spiritus.1c:0r.n.1=.

2483 3436 2575 3500 Ex
2622 3457 2752 3520 quo
2800 3446 2990 3521 patet,
3033 3439 3201 3520 quod
3255 3437 3374 3499 ista
3417 3436 3801 3518 regeneratio
3849 3453 3978 3497 non

2487 3536 2570 3598 sit
2612 3537 3050 3619 impossibilis,
3095 3537 3206 3600 sed
3247 3536 3620 3609 necessaria,
3662 3543 3725 3596 et
3762 3554 3799 3596 a
3851 3553 3982 3597 car-

2487 3635 2613 3698 nali
2658 3635 3065 3717 generatione
3107 3635 3418 3698 distincta.
3451 3633 3536 3696 De
3580 3653 3708 3715 qua
3746 3633 3838 3695 ait
3881 3633 3983 3696 Jo-
4244 3711 4245 3720 ἵ

2484 3751 2680 3796 ann-es
2712 3734 2778 3796 in
2809 3752 2924 3796 sua
2953 3733 3264 3798 Canonica
3289 3752 3305 3797 :
3332 3731 3528 3795 Omne
3557 3733 3726 3813 quod
3756 3739 3982 3794 natum
4035 3751 4218 3796 ums.

2485 3841 2580 3896 est
2629 3851 2706 3895 ex
2752 3833 2890 3907 Deo,
2944 3833 3143 3897 vincit
3190 3834 3516 3896 mundum.
3559 3831 3719 3895 Hinc
3763 3831 3981 3893 subdit
4007 3819 4046 3858 ⁴·

2485 3931 2768 3994 Salvator
2811 3951 2825 3994 :

2571 4033 2717 4094 Non
2771 4032 3029 4091 mireris
3085 4047 3160 4093 eo
3217 4030 3403 4093 modo
3457 4047 3586 4110 quo
3645 4029 3980 4110 hucusque
4105 4027 4136 4080 7

2487 4129 2752 4190 miratus
2782 4146 2871 4200 eS,
2907 4127 3201 4190 videlicet
3238 4126 3652 4190 admiratione
3685 4126 3982 4188 incredu-

879 4226 1002 4289 erit
1048 4244 1126 4289 ex
1171 4246 1338 4309 aqua
1384 4236 1447 4290 et
1494 4226 1757 4311 Spiritu,
1810 4246 2025 4309 quam,
2072 4226 2165 4289 Ex
2210 4246 2377 4310 aqua
2409 4228 2458 4290 D
2487 4226 2701 4301 litatis,
2737 4227 2836 4291 vel
2867 4245 2946 4289 ex
2985 4226 3151 4289 malo
3188 4225 3513 4288 intellectu
3554 4224 3976 4306 procedentis,

879 4333 943 4388 et
999 4325 1198 4401 Patre,
1251 4326 1373 4400 vel,
1425 4325 1516 4388 Ex
1570 4345 1737 4408 aqua
1792 4333 1854 4388 et
1910 4325 2112 4390 Filio?
2156 4326 2379 4389 Dicen-

880 4425 1055 4499 dum,
1096 4425 1269 4506 quod
1306 4423 1662 4506 Baptismus
1706 4432 1801 4487 est
1838 4422 2108 4487 effectus
2159 4425 2380 4506 praeci-

878 4541 1023 4606 puae
1051 4522 1445 4586 liberalitatis
1473 4542 1546 4585 ac
1577 4523 1829 4604 pietatis
1861 4523 2109 4585 divinae.
2130 4522 2378 4585 Libera-

877 4621 1023 4685 litas
1056 4640 1204 4687 vero
1242 4630 1305 4685 et
1342 4622 1543 4705 pietas
1581 4623 2077 4705 appropriantur
2107 4622 2373 4704 Spiritui

877 4720 1126 4799 Sancto,
1177 4722 1716 4803 quemadmodum
1763 4740 1942 4785 amor
1989 4731 2052 4784 et
2098 4720 2370 4784 bonitas.

956 4820 1192 4883 Deinde
1222 4819 1508 4884 Christus
1547 4819 1825 4883 ostendit
1859 4819 2147 4884 ordinem
2189 4819 2376 4901 spiri—

877 4919 1067 4981 tualis
1096 4917 1612 5000 regenerationiS,
1646 4936 1916 5000 eamque
1944 4937 1981 4980 a
2012 4917 2248 4980 carnali
2276 4935 2378 4998 ge-

879 5017 1203 5081 neratione
1251 5016 1605 5098 distinguit.
1652 5019 1834 5087 Quod
1877 5025 2109 5078 natum
2157 5025 2247 5077 εει
2291 5037 2374 5077 ex

876 5135 1094 5184 carne,
1144 5135 1292 5177 caro
1348 5124 1485 5188 est,·
1538 5125 1599 5176 ει
1644 5119 1817 5195 quod
1871 5125 2100 5177 natum
2157 5125 2248 5176 εει
2293 5135 2375 5175 em

873 5213 1139 5289 spiritu,
1178 5214 1452 5291 spiritus
1492 5221 1604 5274 εει.
1647 5212 1851 5275 Verba
1898 5213 2033 5276 haec
2080 5211 2373 5275 intricata

878 5316 941 5371 et
977 5307 1271 5372 difficilia
1306 5315 1476 5384 sunt,
1517 5316 1580 5372 et
1616 5309 2059 5393 multipliciter
2096 5309 2368 5391 intelligi

2486 4324 2587 4387 vel
2617 4326 2902 4388 animum
2935 4324 3356 4407 opprimentis
3384 4343 3458 4386 ac
3485 4323 3669 4386 taedio
3697 4321 3984 4385 afficien—

2483 4422 2588 4485 tis.
2623 4423 2724 4486 Sic
2763 4424 2934 4486 enim
2975 4423 3326 4486 mirabatur
3362 4421 3761 4495 NicodemuS,
3792 4420 3979 4502 quasi

2485 4539 2693 4585 sermo
2724 4522 2952 4585 Christi
2993 4521 3569 4604 impossibilitatem
3607 4519 3973 4582 contineret.

2483 4619 2692 4683 Potest
2749 4627 2958 4682 tamen
3018 4621 3096 4682 de
3151 4619 3435 4683 doctrina
3491 4617 3718 4681 Christi
3777 4619 3973 4680 admi-

2483 4719 2643 4783 ratio
2678 4719 2966 4782 ordinata
2999 4719 3242 4792 haberi,
3276 4736 3478 4800 quum
3517 4716 3683 4779 dicat
3716 4716 3974 4779 Psalmi·
4244 4789 4245 4796 ἶ

2483 4824 2578 4880 sta
2629 4835 2643 4879 :
2695 4816 3002 4879 mirabilia
3047 4816 3410 4881 testimonia
3463 4821 3591 4877 tua.
3641 4813 3776 4878 Non
3823 4832 3972 4895 ergo
4025 4837 4245 4879 pamm:

2483 4914 2838 4978 inordinate
2877 4914 3153 4991 mireris,
3185 4916 3344 4994 quia
3382 4915 3534 4974 dimi
3575 4913 3694 4974 cibi
3721 4931 3746 4974 .·
3777 4917 3972 4990 Opor-
4001 4901 4084 4942 ¹²⁰·

2484 5023 2568 5074 ιει
2604 5014 2977 5076 necessitate
3013 5013 3458 5086 conditIOnata,
3493 5030 3618 5075 non
3657 5010 3967 5086 absoluta,

2481 5112 2798 5187 videlicet,
2861 5113 2914 5175 si
2972 5111 3254 5176 debeatis
3312 5110 3564 5185 salvari,
3625 5131 3731 5171 υοε
3789 5113 3972 5172 nasci

2477 5213 2690 5272 denuo
2734 5231 2758 5270 .·
2806 5212 3158 5274 secundum
3210 5210 3470 5274 modum
3519 5227 3692 5271 nunc
3739 5227 3970 5291 praeos-

2479 5317 2755 5371 tensum.
