4300 6259
577 1266 726 1309 Ecclt‘.

523 1344 668 1381 xxxxxx
689 1331 756 1373 2⁴.

611 1556 681 1609 49

523 1660 538 1702 l
557 1660 662 1703 Cor.
676 1676 704 1712 ι,
717 1663 784 1705 2⁴.

516 2460 625 2504 Luc.
638 2458 780 2508 vnde.

518 3351 620 3395 Ace.
643 3366 713 3402 ιιι,
729 3354 769 3395 2.

593 3728 665 3783 50

523 4829 604 4873 Pe.
635 4842 671 4881 ι,
697 4830 738 4873 6.

825 474 905 539 48

1637 494 1985 542 mannum
2027 494 2090 540 IN
2132 494 2271 541 CAP.
2319 495 2382 540 xl
2428 494 2615 542 LucAE.
2664 515 2744 528 -
2786 494 2929 544 Am.
2978 498 3127 544 ml

821 663 1114 739 nasteria,
1160 671 1593 737 monumenta,
1639 663 1954 740 basilicas,
1998 672 2061 727 et
2107 673 2319 727 tamen
2352 664 2405 726 A
2434 673 2557 727 tur.
2593 665 2771 729 Sicut
2808 670 2978 731 enim
3020 686 3241 731 omnes
3280 669 3465 731 electi
3497 676 3560 732 et
3597 668 3749 732 boni
3788 677 3937 731 sunt

822 762 1187 825 violentiam
1220 761 1485 824 faciunt.
1522 762 1642 825 Sed
1673 782 1800 826 non
1837 765 2115 844 gaudent
2156 783 2321 826 mar-

822 869 988 942 tyres
1038 868 1146 921 aut
1193 861 1386 921 ceteri
1429 860 1663 935 Sancti,
1706 864 1961 944 quando
1999 864 2078 924 de
2127 880 2322 942 pecu-

822 958 946 1020 niis
980 959 1372 1021 honorantur
1403 978 1518 1041 pro
1555 960 1792 1040 quibus
1833 978 2144 1041 pauperes
2186 960 2321 1041 plo-

822 1064 983 1117 rant.
1044 1054 1256 1127 Qualis
1315 1063 1411 1117 est
1471 1058 1593 1119 ista
1651 1057 1918 1137 justitia,
1982 1075 2319 1119 munerare

822 1162 1126 1227 mortuoS,
1170 1161 1232 1215 et
1280 1155 1635 1236 exspoliare
1686 1156 2016 1217 viventes?
2059 1155 2322 1236 Propter

819 1253 940 1315 hoc
989 1253 1055 1315 in
1103 1251 1543 1317 Ecclesiastico
1582 1256 1887 1317 asseritur
1923 1274 1934 1317 :
1971 1254 2087 1327 Qui
2129 1253 2323 1317 offert

819 1350 1207 1413 sacrificium
1255 1352 1332 1413 de
1375 1352 1728 1415 substantia
1772 1353 2093 1435 pauperis,
2135 1353 2320 1434 quasi

816 1450 928 1532 qui
973 1451 1257 1513 victimat
1297 1450 1510 1513 filium
1554 1452 1619 1514 in
1666 1460 2008 1535 conspectu
2056 1452 2275 1534 patris.

897 1552 1246 1627 Propterea
1295 1560 1354 1611 et
1399 1553 1728 1628 sapientia
1773 1554 1896 1612 Dei
1941 1552 2143 1622 dixit,
2198 1551 2319 1613 hoc

817 1654 932 1722 θεῖ,
966 1665 1082 1728 ego
1127 1647 1435 1723 Christus,
1471 1650 1582 1730 qui
1628 1668 1770 1711 sum
1809 1648 2012 1711 virtus
2051 1656 2114 1711 et
2154 1649 2321 1731 sapi-

814 1747 984 1807 entia
1027 1746 1134 1808 Dei
1178 1747 1398 1821 PatriS,
1431 1747 1512 1809 ab
1551 1755 1787 1811 aeterno
1828 1748 2170 1810 dicendum
2211 1749 2320 1811 de—

2436 782 2635 826 unum
2666 784 2897 847 corpus
2928 775 2992 828 et
3021 786 3147 828 una
3176 766 3399 829 civitas
3430 766 3684 841 Christi,
3718 774 3782 828 et
3810 786 3939 828 una

2430 862 2753 940 generatio
2800 864 3233 938 nominantur,
3286 865 3363 926 de
3412 883 3541 946 qua
3585 864 3818 926 fatetur
3867 864 3931 926 in

2431 958 2697 1035 Psalmo,
2726 960 2865 1023 Haec
2894 969 2990 1023 est
3018 962 3343 1041 generatio
3372 963 3796 1044 quaerentium
3830 962 3935 1025 Do-
3961 980 4185 1031 Pam...
4204 986 4245 1023 ε.

2434 1057 2724 1137 minum;
2772 1060 2864 1121 sic
2906 1078 3129 1123 omnes
3175 1060 3325 1122 mali
3366 1080 3439 1123 ac
3484 1060 3738 1142 reprobi
3785 1069 3935 1123 sunt

2432 1174 2632 1217 unum
2673 1175 2905 1238 corpus
2945 1166 3009 1219 et
3038 1158 3260 1221 civitas
3304 1177 3429 1220 una
3468 1159 3727 1233 diaboli,
3764 1160 3933 1221 unde

2430 1259 2493 1313 et
2522 1272 2649 1315 una
2684 1256 3008 1334 generatio
3048 1258 3480 1331 nominantur,
3513 1257 3734 1339 sicque
3764 1276 3935 1320 com-

2430 1352 2610 1413 muni
2659 1353 3063 1416 damnatione
3120 1354 3515 1436 dispereunt,
3571 1362 3633 1416 et
3689 1354 3930 1416 similes

2429 1456 2579 1511 sunt
2608 1450 2673 1511 in
2706 1451 2935 1532 poenis.
2972 1450 3160 1514 Poena
3190 1470 3448 1534 quoque
3479 1453 3670 1515 unius
3700 1454 3933 1515 redun—

2428 1548 2579 1609 dare
2622 1557 2829 1630 potest
2868 1550 2932 1611 in
2973 1550 3214 1632 alium3
3259 1570 3386 1615 non
3427 1559 3637 1613 tamen
3680 1552 3931 1632 singula

2428 1646 2593 1707 mala
2632 1647 2712 1709 ab
2757 1648 2975 1729 impiis
3026 1649 3383 1731 impetrata,
3426 1668 3463 1711 a
3501 1650 3769 1730 singulis
3810 1650 3932 1712 im-

2426 1744 2551 1825 piis
2601 1746 3059 1828 requiruntur3
3112 1766 3231 1809 nec
3288 1748 3564 1829 quilibet
3618 1748 3927 1829 reprobus

813 1845 1006 1919 crevi,
1040 1854 1103 1907 et
1133 1864 1304 1908 nunc
1334 1846 1497 1921 dieo,
1533 1848 1704 1927 quod
1737 1854 1799 1908 et
1829 1864 1943 1928 per
1967 1845 2314 1929 'Prophetas
2350 1853 2398 1915 Β
2428 1860 2543 1923 pro
2587 1844 2861 1926 peccatis
2907 1844 3251 1926 cujuslibet
3298 1846 3552 1927 reprobi
3598 1848 3921 1928 punietur,

813 1944 1100 2025 praedixi,
1154 1943 1449 2007 videlicet
1503 1963 1517 2006 t
1571 1946 1836 2006 Mittam
1891 1948 1979 2005 ad
2025 1948 2200 2015 ictos,
2250 1946 2313 2007 id

811 2051 906 2105 est
933 2044 1012 2106 ad
1043 2063 1152 2107 vos
1184 2043 1434 2107 Scribas
1464 2063 1536 2107 ac
1565 2044 1909 2109 Pharisaeos
1941 2053 2313 2127 ceterosque

809 2140 1074 2217 Judaeos,
1118 2146 1476 2220 Prophetas
1524 2152 1583 2203 et
1633 2147 1981 2221 Apostolos.
2025 2144 2311 2226 Apostoli

811 2260 1087 2323 namque
1133 2242 1395 2304 fuerunt
1442 2243 1790 2324 prophetae,
1843 2250 1909 2304 et
1953 2252 2100 2305 ante
2147 2242 2314 2325 Apo-

811 2340 1119 2403 stolorum
1164 2342 1534 2404 missionem
1582 2341 1760 2403 misit
1803 2341 2087 2404 Christus
2128 2342 2313 2405 loan-

813 2456 957 2501 nem
993 2438 1358 2521 Baptistam,
1394 2439 1791 2521 prophetam,
1827 2447 1889 2501 et
1931 2439 2076 2521 plus
2114 2458 2311 2521 quam

814 2537 1230 2618 prophetam3
1284 2539 1393 2599 sed
1433 2547 1494 2599 et
1536 2536 1867 2619 Prophetae
1914 2538 2309 2619 antiquiores

808 2636 987 2697 missi
1020 2643 1189 2710 sunt,
1211 2654 1336 2699 non
1367 2636 1571 2699 solum
1607 2636 1706 2697 his
1736 2637 1850 2717 qui
1883 2637 2016 2698 suis
2045 2636 2310 2699 fuerunt

806 2733 1226 2815 temporibus,
1279 2735 1388 2796 sed
1439 2741 1502 2795 et
1560 2734 1833 2815 posteris
1889 2752 2134 2810 eorum,
2188 2734 2309 2798 hoc

807 2839 901 2893 θεῖ
947 2831 1026 2893 ad
1075 2830 1592 2895 informationem
1655 2832 2064 2914 praesentium
2115 2840 2309 2914 atque

807 2929 1238 3011 sequentium.
1270 2933 1355 2991 Et
1393 2951 1475 2989 eoe
1511 2932 1650 2989 illis
1685 2932 1973 2990 occident
2007 2941 2065 2992 et
2093 2952 2308 3009 perse-

2427 1942 2778 2004 secundum
2829 1942 3368 2024 chrysostomum,
3422 1945 3533 2006 sed
3582 1945 3927 2025 unusquis-
3956 1964 4238 2012 catanus.

2424 2058 2551 2121 que
2606 2060 2768 2103 onus
2822 2061 3010 2104 suum
3070 2042 3369 2123 portabit,
3424 2050 3494 2104 ut
3549 2043 3705 2105 dicit
3760 2045 3927 2126 Apo-

2424 2138 2643 2200 stolus,
2694 2139 2907 2204 Nihilo
2955 2141 3169 2202 minus
3218 2140 3427 2204 omnis
3478 2140 3734 2222 sanguis
3782 2140 3926 2205 Pro-

2423 2237 2759 2317 phetarum
2815 2246 3173 2320 praetactuS,
3226 2258 3262 2300 a
3306 2240 3713 2319 generatione
3760 2241 3925 2302 mala

2420 2336 2812 2416 exquiretur,
2867 2336 2985 2400 hoc
3042 2345 3137 2399 est
3182 2336 3263 2398 ab
3312 2354 3385 2397 ea
3432 2337 3534 2399 vel
3581 2336 3661 2399 ab
3708 2337 3924 2420 aliqua
4030 2386 4033 2389 .

2420 2432 2561 2513 ejus
2604 2442 2804 2515 parte.

2497 2535 2556 2594 A
2600 2534 2922 2609 sanquine
2959 2535 3121 2594 Abel
3150 2553 3173 2593 .·
3203 2533 3316 2615 qui
3366 2532 3532 2594 inter
3580 2532 3920 2615 Prophetas

2416 2639 2892 2705 annumeratur,
2946 2649 3073 2694 non
3131 2632 3285 2713 quia
3333 2631 3528 2695 verbo
3587 2632 3923 2714 propheta-

2420 2730 2532 2803 vit,
2567 2730 2677 2791 sed
2715 2729 3021 2811 quoniam
3062 2729 3247 2801 facto,
3284 2737 3502 2811 utpote
3540 2740 3743 2794 morte
3781 2750 3916 2805 sua,

2416 2828 2778 2909 passionem
2821 2828 3075 2903 Christi,
3110 2846 3221 2889 seu
3264 2828 3771 2909 persecutionem
3813 2846 3921 2891 cu-

2413 2925 2677 3006 juslibet
2704 2926 2860 3006 justi
2895 2926 3334 3008 praefiguravit
3365 2945 3379 2989 :
3416 2926 3527 3007 qui
3560 2928 3915 2989 secundum

805 3038 1111 3108 quentur,
1163 3028 1280 3090 hoc
1327 3035 1442 3101 est,
1490 3029 1802 3109 quosdam
1853 3046 2070 3092 eorum
2125 3046 2309 3091 neca-
2342 3029 2387 3095 C
2415 3023 2665 3099 Bedam,
2702 3025 2948 3107 primus
2988 3025 3364 3107 martyrium
3408 3043 3628 3106 passus
3668 3032 3783 3100 est,
3818 3044 3916 3087 oc-

805 3125 969 3187 bunt
1007 3134 1070 3187 et
1111 3124 1527 3188 infestabunt.
1570 3126 1726 3187 Nam
1766 3126 2068 3190 Jacobum
2113 3126 2309 3191 Mino-

807 3242 939 3286 rem
972 3223 1688 3305 occiderunt31acobum
1720 3243 1980 3307 quoque
2009 3224 2307 3306 Maiorem

803 3322 883 3384 ab
929 3321 1168 3386 Herode
1211 3323 1414 3386 occidi
1461 3331 1981 3404 procuraverunt,
2025 3324 2163 3386 sive
2201 3342 2309 3405 ga-

803 3420 921 3484 visi
975 3428 1144 3482 sunt.
1189 3420 1417 3482 Omnes
1466 3438 1726 3502 quoque
1766 3421 2098 3503 Apostolos
2147 3423 2308 3484 mul-

803 3518 1109 3601 tipliciter
1171 3520 1490 3601 persecuti
1553 3520 1853 3600 leguntur
1917 3520 1981 3582 in
2039 3520 2305 3583 Actibus

800 3618 1270 3699 Apostolorum.

883 3719 961 3779 Ut
989 3717 1375 3797 inquiratur
1401 3718 1674 3793 sanquis
1706 3720 2002 3778 omnium
2021 3720 2306 3795 Prophe-

800 3822 1036 3883 tarum,
1057 3818 1174 3893 qui
1201 3819 1442 3892 effiaesus
1470 3823 1619 3873 esta
1642 3817 2096 3877 constitutione
2121 3836 2305 3877 mun—

796 3915 894 3981 di,
941 3934 982 3973 a
1017 3916 1433 3990 yeneratione
1475 3914 1622 3973 ista.
1665 3911 1840 3984 Quod
1879 3914 1988 3989 ait,
2022 3914 2072 3974 A
2112 3932 2304 3995 gene-

799 4011 1042 4073 ratione
1103 4011 1243 4085 ista‚
1307 4010 1531 4072 referri
1595 4018 1802 4092 potest
1867 4012 1947 4073 ad
2006 4013 2297 4087 verbum,

799 4109 1204 4191 Inquiratur3
1244 4110 1393 4171 item
1436 4110 1512 4170 ad
1555 4110 1959 4191 complexum
2005 4111 2148 4185 hoc,
2183 4110 2299 4183 Qui

2415 3124 2584 3186 cisus
2622 3142 2660 3185 a
2698 3123 2847 3187 Cain
2887 3123 3081 3186 fratre
3120 3143 3237 3187 suo
3276 3132 3538 3206 propter
3575 3122 3909 3204 justitiam.

2426 3225 2631 3301 Usque
2662 3226 2751 3283 ad
2787 3226 3178 3301 sanquinem
3215 3224 3579 3291 Zachariae,
3618 3224 3737 3302 qui
3768 3243 3916 3300 per-

2416 3323 2522 3389 iit,
2565 3322 2684 3383 hoc
2733 3329 2848 3395 est,
2896 3321 3143 3384 occisus
3194 3329 3312 3395 est,
3364 3323 3539 3382 inter
3576 3324 3808 3388 altare,
3856 3331 3917 3382 et

2414 3422 2639 3487 oedem,
2672 3418 2737 3481 id
2768 3428 2863 3481 est
2901 3418 3215 3502 templum
3252 3438 3265 3481 :
3301 3418 3366 3479 in
3398 3438 3529 3500 quo
3563 3420 3915 3481 secundum

2413 3516 2717 3593 Glossam,
2761 3526 2942 3579 erant
2983 3519 3109 3581 duo
3150 3517 3373 3579 altaria
3406 3536 3420 3580 :
3457 3536 3659 3579 unum
3702 3518 3919 3579 incen-

2414 3615 2491 3691 si,
2545 3618 2716 3697 quod
2764 3616 2889 3679 fuit
2936 3616 3245 3696 interius3
3296 3616 3469 3677 aliud
3521 3616 3917 3679 holocausto—

2415 3733 2579 3789 rum,
2604 3716 2775 3795 quod
2805 3715 2933 3776 fuit
2960 3713 3261 3788 exterius,
3297 3722 3451 3796 puta
3482 3714 3547 3775 in
3578 3714 3739 3778 atrio
3768 3722 3913 3775 ante

2412 3811 2640 3875 faciem
2690 3814 2936 3895 templi,
2981 3814 3147 3875 inter
3192 3814 3367 3895 quod
3415 3814 3611 3875 altare
3652 3820 3716 3874 et
3754 3821 3915 3874 tem-

2415 3911 2594 3993 plum
2632 3913 2866 3975 dicitur
2908 3912 3237 3975 Zacharias
3284 3912 3405 3973 iste
3447 3912 3717 3975 occisus.

2519 4009 2668 4082 Quis
2726 4018 2937 4073 autem
2998 4009 3196 4073 fuerit
3254 4010 3581 4073 Zacharias
3642 4009 3913 4092 inquirit

2410 4108 2852 4191 HieronymuS,
2904 4109 3353 4191 improbatque
3400 4108 3767 4191 opinionem
3818 4109 3913 4169 di-

797 4207 1046 4269 effusus
1100 4216 1216 4269 est.
1273 4207 1345 4269 Et
1396 4209 1567 4289 quod
1620 4208 1793 4284 dicit,
1843 4208 1937 4283 Ut,
1991 4218 2137 4285 etc.,
2192 4216 2377 4279 no-D
2412 4208 2693 4270 centium
2740 4208 2911 4289 quod
2961 4207 3086 4270 fuit
3127 4208 3475 4281 ZachariaS,
3530 4226 3695 4269 unus
3747 4207 3911 4269 inter

796 4314 883 4368 tat
913 4306 1489 4381 concomitantiam,
1515 4326 1642 4369 non
1675 4308 2103 4370 causalitatem
2135 4310 2302 4372 dire-

795 4412 958 4467 ctam
996 4424 1009 4468 :
1044 4406 1198 4488 quia
1241 4424 1367 4467 non
1417 4405 1496 4467 ad
1535 4406 1656 4468 hoc
1699 4405 1883 4487 impii
1929 4407 2300 4469 occiderunt

793 4503 1158 4586 ProphetaS,
1195 4511 1265 4565 ut
1303 4504 1560 4585 sanguis
1592 4502 2046 4585 Prophetarum
2086 4508 2299 4587 requi-

796 4610 1042 4665 reretur
1091 4602 1170 4665 ab
1222 4604 1336 4677 eiS,
1391 4604 1500 4665 sed
1557 4603 1637 4665 ad
1684 4602 2069 4666 occisionem
2119 4605 2295 4667 illam

793 4708 1132 4765 consecuta
1179 4709 1275 4763 est
1322 4701 1655 4782 requisitio
1707 4701 1846 4777 ista,
1889 4704 2299 4783 quemadmo-

793 4801 943 4862 dum
989 4800 1078 4861 ait
1120 4799 1450 4861 Psalmista
1491 4818 1504 4861 ε
1551 4799 1690 4862 Tibi
1736 4800 1852 4863 soli
1899 4802 2182 4883 peccavi,
2230 4810 2298 4864 ut

789 4898 1187 4979 justificeriS,
1223 4906 1342 4959 etc.
1369 4897 1586 4979 Itaque
1616 4916 1841 4960 sensus
1873 4906 1968 4961 cst
2004 4918 2017 4961 ε
2053 4899 2129 4961 Ut
2159 4919 2297 4961 san-

787 4997 930 5077 guis
959 4997 1252 5060 omnium
1282 4995 1738 5078 Prophetarum
1776 4997 1888 5079 qui
1920 4998 2114 5060 occisi
2145 5005 2296 5059 sunt

787 5094 866 5156 ab
917 5094 1101 5158 initio
1150 5093 1396 5167 mundi,
1442 5094 1806 5175 requiratur
1853 5114 1890 5156 a
1936 5096 2293 5175 generatio-

788 5210 868 5254 ne
917 5193 1055 5267 ista‚
1100 5192 1220 5255 hoc
1267 5200 1383 5267 est,
1427 5191 1616 5274 culpa
1663 5192 2018 5255 effusionis·
2045 5194 2295 5274 sangui-

786 5292 887 5354 nis
932 5291 1190 5355 illorum
1225 5290 1620 5372 generationi
1659 5292 1972 5355 malorum
2012 5292 2291 5374 impute-

2410 4307 2743 4371 duodecim
2774 4305 3115 4388 Prophetas
3146 4307 3442 4369 minores.
3459 4305 3763 4367 Similiter
3784 4306 3911 4387 opi·

2409 4406 2667 4469 nionem
2708 4404 2942 4467 refutat
2979 4406 3329 4467 dicentium
3360 4406 3531 4486 quod
3568 4403 3693 4466 fuit
3732 4412 3909 4486 pater

2404 4503 2659 4566 Joannis
2689 4502 3002 4584 Baptistae,
3024 4520 3219 4584 quem
3255 4502 3455 4583 aliqui
3496 4500 3909 4563 affirmabant

2405 4620 2443 4663 a
2476 4602 2708 4664 Judaeis
2751 4602 3033 4665 occisum
3075 4601 3229 4683 quia
3266 4601 3586 4664 Christum
3625 4600 3757 4681 jam
3799 4618 3911 4662 na-

2404 4708 2542 4762 ·tum
2600 4700 2892 4762 asseruit.
2944 4698 3119 4772 Quod
3177 4699 3595 4782 Hieronymus
3648 4716 3909 4780 apocry-

2406 4800 2607 4881 phum
2652 4805 3056 4881 protestatur,
3090 4797 3423 4860 affirmans
3465 4798 3635 4879 quod
3680 4797 3908 4859 Zacha-

2406 4899 2531 4961 rias
2581 4900 2700 4962 iste
2748 4898 2872 4961 fuit
2921 4898 3212 4962 sacerdos
3260 4905 3322 4959 θῖ
3372 4897 3677 4979 pontifex,
3725 4896 3903 4958 filius

2401 4998 2629 5061 Joiadae
2676 4998 3017 5059 sacerdotis
3075 5004 3266 5078 atque
3324 4995 3671 5077 pontificiS,
3719 4995 3903 5075 jussu
3930 5018 4215 5123 ¹2¹P{²'''²‘¹¹''

3958 5086 4000 5124 0·
4032 5086 4077 5124 ΕΞ.

2399 5096 2538 5159 Joas
2592 5097 2755 5177 regis
2803 5097 3117 5178 lapidatus
3166 5096 3233 5157 in
3284 5094 3543 5177 templo,
3593 5104 3663 5156 ut
3711 5095 3776 5156 in
3826 5093 3905 5155 li-

2400 5195 2517 5258 bro
2560 5193 3081 5277 Paralipomenon
3129 5194 3383 5276 legitur.
3424 5194 3637 5257 Joiada
3684 5200 3895 5254 autem

2402 5302 2581 5377 pater
2638 5294 2864 5377 ipsiuS,
2922 5294 3065 5369 fuit,
3124 5301 3194 5356 ut
3248 5292 3447 5375 aliqui
3506 5292 3749 5367 dicunt,
3804 5291 3901 5353 bi-

4058 2544 4129 2598 51

3962 3140 4076 3186 Gen.
4098 3157 4157 3193 iv,
4212 3178 4225 3187 .
