<?xml version="1.0" encoding="UTF-8"?>
<!DOCTYPE html PUBLIC "-//W3C//DTD XHTML 1.0 Transitional//EN"
    "http://www.w3.org/TR/xhtml1/DTD/xhtml1-transitional.dtd">
<html xmlns="http://www.w3.org/1999/xhtml" xml:lang="en" lang="en">
 <head>
  <title>
</title>
<meta http-equiv="Content-Type" content="text/html;charset=utf-8" />
  <meta name='ocr-system' content='tesseract 3.04.00' />
  <meta name='ocr-capabilities' content='ocr_page ocr_carea ocr_par ocr_line ocrx_word'/>
</head>
<body>
  <div class='ocr_page' id='page_1' title='image "./doctorisecstati09unkngoog_0345.png"; bbox 0 0 4300 6259; ppageno 0'>
   <div class='ocr_carea' id='block_1_1' title="bbox 1286 508 2712 558">
    <p class='ocr_par' dir='ltr' id='par_1_1' title="bbox 1286 508 2712 558">
     <span class='ocr_line' id='line_1_1' title="bbox 1286 508 2712 558; baseline -0.002 0"><span class='ocrx_word' id='word_1_1' title='bbox 1286 510 1639 558; x_wconf 62' lang='lat' dir='ltr'><strong>malumno</strong></span> <span class='ocrx_word' id='word_1_2' title='bbox 1680 510 1743 557; x_wconf 84' lang='lat' dir='ltr'><strong>IN</strong></span> <span class='ocrx_word' id='word_1_3' title='bbox 1786 509 1927 557; x_wconf 73' lang='lat' dir='ltr'><strong>GAP.</strong></span> <span class='ocrx_word' id='word_1_4' title='bbox 1972 510 1993 555; x_wconf 84' lang='lat'>1</span> <span class='ocrx_word' id='word_1_5' title='bbox 2034 508 2311 557; x_wconf 75' lang='lat' dir='ltr'><strong>JOANNIS.</strong></span> <span class='ocrx_word' id='word_1_6' title='bbox 2356 529 2437 540; x_wconf 90' lang='lat'><strong>—</strong></span> <span class='ocrx_word' id='word_1_7' title='bbox 2478 508 2619 557; x_wconf 70' lang='grc' dir='ltr'><strong>ΛΒΤ.</strong></span> <span class='ocrx_word' id='word_1_8' title='bbox 2667 508 2712 556; x_wconf 90' lang='lat'><strong>11</strong></span> 
     </span>
    </p>
   </div>
   <div class='ocr_carea' id='block_1_2' title="bbox 3422 493 3543 556">
    <p class='ocr_par' dir='ltr' id='par_1_2' title="bbox 3422 493 3543 556">
     <span class='ocr_line' id='line_1_2' title="bbox 3422 493 3543 556; baseline 0 0"><span class='ocrx_word' id='word_1_9' title='bbox 3422 493 3543 556; x_wconf 78' lang='lat'><strong>273</strong></span> 
     </span>
    </p>
   </div>
   <div class='ocr_carea' id='block_1_3' title="bbox 424 679 3543 765">
    <p class='ocr_par' dir='ltr' id='par_1_3' title="bbox 424 679 3543 765">
     <span class='ocr_line' id='line_1_3' title="bbox 424 679 3543 765; baseline 0 -24"><span class='ocrx_word' id='word_1_10' title='bbox 424 679 519 741; x_wconf 84' lang='lat' dir='ltr'><strong>ab</strong></span> <span class='ocrx_word' id='word_1_11' title='bbox 564 686 806 745; x_wconf 83' lang='lat' dir='ltr'><strong>aeterno</strong></span> <span class='ocrx_word' id='word_1_12' title='bbox 847 681 1097 758; x_wconf 80' lang='lat' dir='ltr'><strong>fuisset,</strong></span> <span class='ocrx_word' id='word_1_13' title='bbox 1142 682 1243 745; x_wconf 89' lang='lat' dir='ltr'><strong>vel</strong></span> <span class='ocrx_word' id='word_1_14' title='bbox 1285 701 1397 765; x_wconf 90' lang='lat' dir='ltr'><strong>pes</strong></span> <span class='ocrx_word' id='word_1_15' title='bbox 1442 682 1509 744; x_wconf 91' lang='lat' dir='ltr'><strong>in</strong></span> <span class='ocrx_word' id='word_1_16' title='bbox 1560 682 1823 764; x_wconf 90' lang='lat' dir='ltr'><strong>pulvere</strong></span> <span class='ocrx_word' id='word_1_17' title='bbox 1866 681 1945 743; x_wconf 92' lang='lat' dir='ltr'><strong>ab</strong></span> <span class='ocrx_word' id='word_1_18' title='bbox 1975 680 2026 741; x_wconf 83' lang='lat' dir='ltr'>A</span> <span class='ocrx_word' id='word_1_19' title='bbox 2054 683 2591 764; x_wconf 88' lang='lat' dir='ltr'><strong>quemadmodum</strong></span> <span class='ocrx_word' id='word_1_20' title='bbox 2635 680 2852 743; x_wconf 88' lang='lat' dir='ltr'><strong>Petrus</strong></span> <span class='ocrx_word' id='word_1_21' title='bbox 2899 680 3056 745; x_wconf 81' lang='lat' dir='ltr'><strong>vivit·</strong></span> <span class='ocrx_word' id='word_1_22' title='bbox 3105 698 3219 763; x_wconf 89' lang='lat' dir='ltr'><strong>per</strong></span> <span class='ocrx_word' id='word_1_23' title='bbox 3265 680 3543 742; x_wconf 88' lang='lat' dir='ltr'><strong>animam</strong></span> 
     </span>
    </p>
   </div>
   <div class='ocr_carea' id='block_1_4' title="bbox 419 780 1949 1552">
    <p class='ocr_par' dir='ltr' id='par_1_4' title="bbox 419 780 1949 1552">
     <span class='ocr_line' id='line_1_4' title="bbox 422 780 1944 864; baseline 0.001 -25"><span class='ocrx_word' id='word_1_24' title='bbox 422 786 679 841; x_wconf 83' lang='lat' dir='ltr'><strong>aeterno</strong></span> <span class='ocrx_word' id='word_1_25' title='bbox 710 781 1008 855; x_wconf 83' lang='lat' dir='ltr'><strong>stetisset,</strong></span> <span class='ocrx_word' id='word_1_26' title='bbox 1044 781 1347 864; x_wconf 78' lang='lat' dir='ltr'><strong>splendor</strong></span> <span class='ocrx_word' id='word_1_27' title='bbox 1382 788 1575 863; x_wconf 87' lang='lat' dir='ltr'><strong>atque</strong></span> <span class='ocrx_word' id='word_1_28' title='bbox 1606 780 1944 861; x_wconf 88' lang='lat' dir='ltr'><strong>vestigium</strong></span> 
     </span>
     <span class='ocr_line' id='line_1_5' title="bbox 422 877 1947 961; baseline 0.003 -24"><span class='ocrx_word' id='word_1_29' title='bbox 422 877 824 940; x_wconf 80' lang='lat' dir='ltr'><strong>aeternaliter</strong></span> <span class='ocrx_word' id='word_1_30' title='bbox 854 880 1263 942; x_wconf 73' lang='lat' dir='ltr'><strong>exstitissent.</strong></span> <span class='ocrx_word' id='word_1_31' title='bbox 1298 880 1366 940; x_wconf 92' lang='lat' dir='ltr'><strong>In</strong></span> <span class='ocrx_word' id='word_1_32' title='bbox 1399 880 1499 941; x_wconf 81' lang='lat' dir='ltr'><strong>liis</strong></span> <span class='ocrx_word' id='word_1_33' title='bbox 1530 880 1774 961; x_wconf 90' lang='lat' dir='ltr'><strong>quippe</strong></span> <span class='ocrx_word' id='word_1_34' title='bbox 1804 898 1947 959; x_wconf 82' lang='lat' dir='ltr'><strong>quae</strong></span> 
     </span>
     <span class='ocr_line' id='line_1_6' title="bbox 420 976 1949 1061; baseline 0.001 -25"><span class='ocrx_word' id='word_1_35' title='bbox 420 976 817 1039; x_wconf 79' lang='lat' dir='ltr'><strong>naturaliter</strong></span> <span class='ocrx_word' id='word_1_36' title='bbox 861 978 1217 1061; x_wconf 86' lang='lat' dir='ltr'><strong>profluunt,</strong></span> <span class='ocrx_word' id='word_1_37' title='bbox 1254 979 1602 1061; x_wconf 84' lang='lat' dir='ltr'><strong>procedens</strong></span> <span class='ocrx_word' id='word_1_38' title='bbox 1647 996 1758 1039; x_wconf 90' lang='lat' dir='ltr'><strong>seu</strong></span> <span class='ocrx_word' id='word_1_39' title='bbox 1804 996 1949 1039; x_wconf 89' lang='lat' dir='ltr'><strong>cau-</strong></span> 
     </span>
     <span class='ocr_line' id='line_1_7' title="bbox 421 1076 1945 1159; baseline 0.001 -24"><span class='ocrx_word' id='word_1_40' title='bbox 421 1081 651 1136; x_wconf 84' lang='lat' dir='ltr'><strong>satum</strong></span> <span class='ocrx_word' id='word_1_41' title='bbox 701 1095 985 1140; x_wconf 80' lang='lat' dir='ltr'><strong>eoaevum</strong></span> <span class='ocrx_word' id='word_1_42' title='bbox 1035 1087 1131 1139; x_wconf 86' lang='lat' dir='ltr'><strong>est</strong></span> <span class='ocrx_word' id='word_1_43' title='bbox 1190 1096 1305 1142; x_wconf 93' lang='lat' dir='ltr'><strong>suo</strong></span> <span class='ocrx_word' id='word_1_44' title='bbox 1355 1077 1695 1159; x_wconf 89' lang='lat' dir='ltr'><strong>principio.</strong></span> <span class='ocrx_word' id='word_1_45' title='bbox 1748 1076 1945 1137; x_wconf 88' lang='lat' dir='ltr'><strong>Filius</strong></span> 
     </span>
     <span class='ocr_line' id='line_1_8' title="bbox 422 1172 1948 1254; baseline 0.002 -22"><span class='ocrx_word' id='word_1_46' title='bbox 422 1189 597 1235; x_wconf 82' lang='lat' dir='ltr'><strong>vero</strong></span> <span class='ocrx_word' id='word_1_47' title='bbox 644 1175 934 1254; x_wconf 88' lang='lat' dir='ltr'><strong>procedit</strong></span> <span class='ocrx_word' id='word_1_48' title='bbox 974 1195 1010 1237; x_wconf 88' lang='lat' dir='ltr'><strong>a</strong></span> <span class='ocrx_word' id='word_1_49' title='bbox 1054 1174 1233 1237; x_wconf 87' lang='lat' dir='ltr'><strong>Patre</strong></span> <span class='ocrx_word' id='word_1_50' title='bbox 1282 1174 1553 1237; x_wconf 85' lang='lat' dir='ltr'><strong>naturali</strong></span> <span class='ocrx_word' id='word_1_51' title='bbox 1604 1172 1948 1235; x_wconf 88' lang='lat' dir='ltr'><strong>emanatio-</strong></span> 
     </span>
     <span class='ocr_line' id='line_1_9' title="bbox 420 1270 1948 1346; baseline 0.001 -15"><span class='ocrx_word' id='word_1_52' title='bbox 420 1288 544 1344; x_wconf 89' lang='lat' dir='ltr'><strong>ne,</strong></span> <span class='ocrx_word' id='word_1_53' title='bbox 582 1270 709 1334; x_wconf 86' lang='lat' dir='ltr'><strong>imo</strong></span> <span class='ocrx_word' id='word_1_54' title='bbox 740 1291 776 1333; x_wconf 89' lang='lat' dir='ltr'><strong>a</strong></span> <span class='ocrx_word' id='word_1_55' title='bbox 814 1273 1169 1336; x_wconf 86' lang='lat' dir='ltr'><strong>substantia</strong></span> <span class='ocrx_word' id='word_1_56' title='bbox 1204 1273 1403 1335; x_wconf 89' lang='lat' dir='ltr'><strong>Patris</strong></span> <span class='ocrx_word' id='word_1_57' title='bbox 1442 1273 1828 1346; x_wconf 84' lang='lat' dir='ltr'><strong>immediate,</strong></span> <span class='ocrx_word' id='word_1_58' title='bbox 1863 1271 1948 1333; x_wconf 91' lang='lat' dir='ltr'><strong>si—</strong></span> 
     </span>
     <span class='ocr_line' id='line_1_10' title="bbox 420 1370 1945 1454; baseline 0.001 -25"><span class='ocrx_word' id='word_1_59' title='bbox 420 1386 523 1429; x_wconf 87' lang='lat' dir='ltr'><strong>ne</strong></span> <span class='ocrx_word' id='word_1_60' title='bbox 562 1370 813 1433; x_wconf 88' lang='lat' dir='ltr'><strong>actione</strong></span> <span class='ocrx_word' id='word_1_61' title='bbox 851 1371 1231 1434; x_wconf 90' lang='lat' dir='ltr'><strong>intermedia</strong></span> <span class='ocrx_word' id='word_1_62' title='bbox 1268 1390 1411 1454; x_wconf 85' lang='lat' dir='ltr'><strong>quae</strong></span> <span class='ocrx_word' id='word_1_63' title='bbox 1450 1372 1533 1433; x_wconf 88' lang='lat' dir='ltr'><strong>sit</strong></span> <span class='ocrx_word' id='word_1_64' title='bbox 1576 1371 1830 1433; x_wconf 82' lang='lat' dir='ltr'><strong>realiter</strong></span> <span class='ocrx_word' id='word_1_65' title='bbox 1865 1370 1945 1431; x_wconf 91' lang='lat' dir='ltr'><strong>ab</strong></span> 
     </span>
     <span class='ocr_line' id='line_1_11' title="bbox 419 1468 1945 1552; baseline 0.001 -24"><span class='ocrx_word' id='word_1_66' title='bbox 419 1468 720 1530; x_wconf 77' lang='lat' dir='ltr'><strong>essentia</strong></span> <span class='ocrx_word' id='word_1_67' title='bbox 757 1468 955 1532; x_wconf 88' lang='lat' dir='ltr'><strong>Patris</strong></span> <span class='ocrx_word' id='word_1_68' title='bbox 988 1470 1305 1532; x_wconf 85' lang='lat' dir='ltr'><strong>distincta.</strong></span> <span class='ocrx_word' id='word_1_69' title='bbox 1340 1470 1447 1531; x_wconf 87' lang='lat' dir='ltr'><strong>His</strong></span> <span class='ocrx_word' id='word_1_70' title='bbox 1487 1470 1701 1552; x_wconf 89' lang='lat' dir='ltr'><strong>itaque</strong></span> <span class='ocrx_word' id='word_1_71' title='bbox 1734 1468 1945 1531; x_wconf 86' lang='lat' dir='ltr'><strong>verbis</strong></span> 
     </span>
    </p>
   </div>
   <div class='ocr_carea' id='block_1_5' title="bbox 2052 780 3548 1549">
    <p class='ocr_par' dir='ltr' id='par_1_5' title="bbox 2054 780 3118 863">
     <span class='ocr_line' id='line_1_12' title="bbox 2054 780 3118 863; baseline -0.001 -21"><span class='ocrx_word' id='word_1_72' title='bbox 2054 800 2259 855; x_wconf 88' lang='lat' dir='ltr'><strong>suam,</strong></span> <span class='ocrx_word' id='word_1_73' title='bbox 2307 787 2368 842; x_wconf 89' lang='lat' dir='ltr'><strong>et</strong></span> <span class='ocrx_word' id='word_1_74' title='bbox 2411 780 2635 843; x_wconf 86' lang='lat' dir='ltr'><strong>scribit</strong></span> <span class='ocrx_word' id='word_1_75' title='bbox 2678 799 2792 863; x_wconf 91' lang='lat' dir='ltr'><strong>per</strong></span> <span class='ocrx_word' id='word_1_76' title='bbox 2832 799 3118 842; x_wconf 90' lang='lat' dir='ltr'><strong>manum.</strong></span> 
     </span>
    </p>

    <p class='ocr_par' dir='ltr' id='par_1_6' title="bbox 2052 877 3548 1549">
     <span class='ocr_line' id='line_1_13' title="bbox 2134 877 3546 960; baseline -0.002 -20"><span class='ocrx_word' id='word_1_77' title='bbox 2134 878 2394 950; x_wconf 82' lang='lat' dir='ltr'><strong>Rursus,</strong></span> <span class='ocrx_word' id='word_1_78' title='bbox 2437 898 2638 960; x_wconf 91' lang='lat' dir='ltr'><strong>quum</strong></span> <span class='ocrx_word' id='word_1_79' title='bbox 2681 878 2924 960; x_wconf 88' lang='lat' dir='ltr'><strong>aliquid</strong></span> <span class='ocrx_word' id='word_1_80' title='bbox 2968 878 3201 940; x_wconf 87' lang='lat' dir='ltr'><strong>dieitur</strong></span> <span class='ocrx_word' id='word_1_81' title='bbox 3241 877 3384 939; x_wconf 82' lang='lat' dir='ltr'><strong>fieri</strong></span> <span class='ocrx_word' id='word_1_82' title='bbox 3432 896 3546 959; x_wconf 90' lang='lat' dir='ltr'><strong>per</strong></span> 
     </span>
     <span class='ocr_line' id='line_1_14' title="bbox 2052 975 3546 1059; baseline -0.002 -21"><span class='ocrx_word' id='word_1_83' title='bbox 2052 976 2247 1052; x_wconf 86' lang='lat' dir='ltr'><strong>aliud,</strong></span> <span class='ocrx_word' id='word_1_84' title='bbox 2273 977 2543 1058; x_wconf 84' lang='lat' dir='ltr'><strong>intelligi</strong></span> <span class='ocrx_word' id='word_1_85' title='bbox 2576 985 2781 1059; x_wconf 87' lang='lat' dir='ltr'><strong>potest</strong></span> <span class='ocrx_word' id='word_1_86' title='bbox 2811 976 3153 1058; x_wconf 85' lang='lat' dir='ltr'><strong>dupliciter</strong></span> <span class='ocrx_word' id='word_1_87' title='bbox 3182 995 3194 1038; x_wconf 92' lang='lat'>:</span> <span class='ocrx_word' id='word_1_88' title='bbox 3224 975 3454 1049; x_wconf 89' lang='lat' dir='ltr'><strong>Primo,</strong></span> <span class='ocrx_word' id='word_1_89' title='bbox 3476 981 3546 1036; x_wconf 92' lang='lat' dir='ltr'><strong>ut</strong></span> 
     </span>
     <span class='ocr_line' id='line_1_15' title="bbox 2052 1074 3543 1157; baseline -0.001 -22"><span class='ocrx_word' id='word_1_90' title='bbox 2052 1074 2416 1137; x_wconf 87' lang='lat' dir='ltr'><strong>insinuetur</strong></span> <span class='ocrx_word' id='word_1_91' title='bbox 2445 1076 2742 1138; x_wconf 83' lang='lat' dir='ltr'><strong>mediatio</strong></span> <span class='ocrx_word' id='word_1_92' title='bbox 2780 1076 3070 1157; x_wconf 65' lang='lat' dir='ltr'><strong>quaedam</strong></span> <span class='ocrx_word' id='word_1_93' title='bbox 3110 1093 3222 1137; x_wconf 89' lang='lat' dir='ltr'><strong>seu</strong></span> <span class='ocrx_word' id='word_1_94' title='bbox 3263 1074 3543 1136; x_wconf 90' lang='lat' dir='ltr'><strong>medium</strong></span> 
     </span>
     <span class='ocr_line' id='line_1_16' title="bbox 2054 1171 3542 1255; baseline -0.002 -21"><span class='ocrx_word' id='word_1_95' title='bbox 2054 1191 2318 1235; x_wconf 89' lang='lat' dir='ltr'><strong>causans</strong></span> <span class='ocrx_word' id='word_1_96' title='bbox 2358 1174 2524 1235; x_wconf 89' lang='lat' dir='ltr'><strong>inter</strong></span> <span class='ocrx_word' id='word_1_97' title='bbox 2563 1173 2844 1255; x_wconf 90' lang='lat' dir='ltr'><strong>primum</strong></span> <span class='ocrx_word' id='word_1_98' title='bbox 2885 1191 3076 1253; x_wconf 81' lang='lat' dir='ltr'><strong>agens</strong></span> <span class='ocrx_word' id='word_1_99' title='bbox 3115 1181 3178 1235; x_wconf 90' lang='lat' dir='ltr'><strong>et</strong></span> <span class='ocrx_word' id='word_1_100' title='bbox 3217 1171 3542 1235; x_wconf 79' lang='lat' dir='ltr'><strong>effectum.</strong></span> 
     </span>
     <span class='ocr_line' id='line_1_17' title="bbox 2052 1270 3546 1353; baseline -0.001 -20"><span class='ocrx_word' id='word_1_101' title='bbox 2052 1270 2362 1348; x_wconf 89' lang='lat' dir='ltr'><strong>Secundo,</strong></span> <span class='ocrx_word' id='word_1_102' title='bbox 2417 1280 2487 1333; x_wconf 89' lang='lat' dir='ltr'><strong>ut</strong></span> <span class='ocrx_word' id='word_1_103' title='bbox 2533 1272 2739 1336; x_wconf 90' lang='lat' dir='ltr'><strong>solum</strong></span> <span class='ocrx_word' id='word_1_104' title='bbox 2800 1272 3179 1353; x_wconf 86' lang='lat' dir='ltr'><strong>importetur</strong></span> <span class='ocrx_word' id='word_1_105' title='bbox 3228 1270 3546 1353; x_wconf 89' lang='lat' dir='ltr'><strong>processio</strong></span> 
     </span>
     <span class='ocr_line' id='line_1_18' title="bbox 2056 1369 3548 1453; baseline 0.001 -23"><span class='ocrx_word' id='word_1_106' title='bbox 2056 1369 2246 1431; x_wconf 86' lang='lat' dir='ltr'><strong>unius</strong></span> <span class='ocrx_word' id='word_1_107' title='bbox 2275 1371 2355 1432; x_wconf 90' lang='lat' dir='ltr'><strong>ab</strong></span> <span class='ocrx_word' id='word_1_108' title='bbox 2384 1370 2508 1433; x_wconf 88' lang='lat' dir='ltr'><strong>alio</strong></span> <span class='ocrx_word' id='word_1_109' title='bbox 2535 1388 2547 1433; x_wconf 92' lang='lat'>:</span> <span class='ocrx_word' id='word_1_110' title='bbox 2582 1370 2804 1452; x_wconf 89' lang='lat' dir='ltr'><strong>sicque</strong></span> <span class='ocrx_word' id='word_1_111' title='bbox 2833 1369 2977 1432; x_wconf 85' lang='lat' dir='ltr'><strong>sieri</strong></span> <span class='ocrx_word' id='word_1_112' title='bbox 3010 1388 3124 1453; x_wconf 92' lang='lat' dir='ltr'><strong>per</strong></span> <span class='ocrx_word' id='word_1_113' title='bbox 3151 1369 3418 1452; x_wconf 90' lang='lat' dir='ltr'><strong>aliquid,</strong></span> <span class='ocrx_word' id='word_1_114' title='bbox 3453 1376 3548 1431; x_wconf 88' lang='lat' dir='ltr'><strong>est</strong></span> 
     </span>
     <span class='ocr_line' id='line_1_19' title="bbox 2053 1466 3548 1549; baseline 0.001 -21"><span class='ocrx_word' id='word_1_115' title='bbox 2053 1466 2199 1529; x_wconf 82' lang='lat' dir='ltr'><strong>fieri</strong></span> <span class='ocrx_word' id='word_1_116' title='bbox 2241 1486 2352 1529; x_wconf 89' lang='lat' dir='ltr'><strong>seu</strong></span> <span class='ocrx_word' id='word_1_117' title='bbox 2390 1469 2654 1549; x_wconf 87' lang='lat' dir='ltr'><strong>produci</strong></span> <span class='ocrx_word' id='word_1_118' title='bbox 2685 1468 2765 1531; x_wconf 91' lang='lat' dir='ltr'><strong>ab</strong></span> <span class='ocrx_word' id='word_1_119' title='bbox 2797 1468 2928 1531; x_wconf 90' lang='lat' dir='ltr'><strong>illo.</strong></span> <span class='ocrx_word' id='word_1_120' title='bbox 2960 1468 3143 1530; x_wconf 86' lang='lat' dir='ltr'><strong>Juxta</strong></span> <span class='ocrx_word' id='word_1_121' title='bbox 3181 1486 3375 1549; x_wconf 92' lang='lat' dir='ltr'><strong>quem</strong></span> <span class='ocrx_word' id='word_1_122' title='bbox 3415 1485 3548 1530; x_wconf 91' lang='lat' dir='ltr'><strong>mo-</strong></span> 
     </span>
    </p>
   </div>
   <div class='ocr_carea' id='block_1_6' title="bbox 421 1558 3897 1847">
    <p class='ocr_par' dir='ltr' id='par_1_7' title="bbox 421 1558 3897 1847">
     <span class='ocr_line' id='line_1_20' title="bbox 421 1558 3897 1649; baseline -0.001 -23"><span class='ocrx_word' id='word_1_123' title='bbox 421 1564 738 1628; x_wconf 90' lang='lat' dir='ltr'><strong>innuitur</strong></span> <span class='ocrx_word' id='word_1_124' title='bbox 767 1569 1161 1631; x_wconf 82' lang='lat' dir='ltr'><strong>eoaeternitas</strong></span> <span class='ocrx_word' id='word_1_125' title='bbox 1191 1568 1388 1631; x_wconf 90' lang='lat' dir='ltr'><strong>Patris</strong></span> <span class='ocrx_word' id='word_1_126' title='bbox 1418 1588 1492 1631; x_wconf 90' lang='lat' dir='ltr'><strong>ae</strong></span> <span class='ocrx_word' id='word_1_127' title='bbox 1522 1567 1728 1629; x_wconf 86' lang='lat' dir='ltr'><strong>Verbi.</strong></span> <span class='ocrx_word' id='word_1_128' title='bbox 1748 1566 1944 1639; x_wconf 89' lang='lat' dir='ltr'><strong>Quam</strong></span> <span class='ocrx_word' id='word_1_129' title='bbox 2055 1567 2207 1628; x_wconf 90' lang='lat' dir='ltr'><strong>dum</strong></span> <span class='ocrx_word' id='word_1_130' title='bbox 2266 1567 2421 1630; x_wconf 90' lang='lat' dir='ltr'><strong>dicit</strong></span> <span class='ocrx_word' id='word_1_131' title='bbox 2475 1566 2811 1649; x_wconf 86' lang='lat' dir='ltr'><strong>Apostolus</strong></span> <span class='ocrx_word' id='word_1_132' title='bbox 2868 1585 2883 1629; x_wconf 91' lang='lat'><strong>:</strong></span> <span class='ocrx_word' id='word_1_133' title='bbox 2932 1564 3168 1629; x_wconf 81' lang='lat' dir='ltr'><strong>‘Paulus</strong></span> <span class='ocrx_word' id='word_1_134' title='bbox 3225 1566 3548 1649; x_wconf 89' lang='lat' dir='ltr'><strong>apostolus</strong></span> <span class='ocrx_word' id='word_1_135' title='bbox 3594 1578 3833 1630; x_wconf 53' lang='lat' dir='ltr'><strong>neor-‚tn</strong></span> <span class='ocrx_word' id='word_1_136' title='bbox 3878 1558 3897 1577; x_wconf 81' lang='lat'><em>⁰</em></span> 
     </span>
     <span class='ocr_line' id='line_1_21' title="bbox 422 1641 3838 1755; baseline -0.001 -30"><span class='ocrx_word' id='word_1_137' title='bbox 422 1662 775 1727; x_wconf 86' lang='lat' dir='ltr'><strong>Psalmista</strong></span> <span class='ocrx_word' id='word_1_138' title='bbox 821 1685 1081 1749; x_wconf 90' lang='lat' dir='ltr'><strong>quoque</strong></span> <span class='ocrx_word' id='word_1_139' title='bbox 1132 1668 1461 1730; x_wconf 85' lang='lat' dir='ltr'><strong>evidenter</strong></span> <span class='ocrx_word' id='word_1_140' title='bbox 1506 1667 1803 1741; x_wconf 91' lang='lat' dir='ltr'><strong>ostendit,</strong></span> <span class='ocrx_word' id='word_1_141' title='bbox 1855 1666 1949 1728; x_wconf 90' lang='lat' dir='ltr'><strong>di·</strong></span> <span class='ocrx_word' id='word_1_142' title='bbox 2050 1664 2196 1727; x_wconf 86' lang='lat' dir='ltr'><strong>Jesu</strong></span> <span class='ocrx_word' id='word_1_143' title='bbox 2244 1665 2474 1729; x_wconf 88' lang='lat' dir='ltr'><strong>Christi</strong></span> <span class='ocrx_word' id='word_1_144' title='bbox 2529 1684 2642 1748; x_wconf 90' lang='lat' dir='ltr'><strong>per</strong></span> <span class='ocrx_word' id='word_1_145' title='bbox 2689 1666 3077 1729; x_wconf 82' lang='lat' dir='ltr'><strong>voluntatem</strong></span> <span class='ocrx_word' id='word_1_146' title='bbox 3125 1665 3257 1741; x_wconf 87' lang='lat' dir='ltr'><strong>Dei,</strong></span> <span class='ocrx_word' id='word_1_147' title='bbox 3312 1664 3374 1727; x_wconf 90' lang='lat' dir='ltr'><strong>id</strong></span> <span class='ocrx_word' id='word_1_148' title='bbox 3427 1671 3542 1737; x_wconf 90' lang='lat' dir='ltr'><strong>est,</strong></span> <span class='ocrx_word' id='word_1_149' title='bbox 3575 1641 3838 1755; x_wconf 40' lang='lat' dir='ltr'><strong>gssl‘gfiffiss</strong></span> 
     </span>
     <span class='ocr_line' id='line_1_22' title="bbox 422 1763 3836 1847; baseline -0 -23"><span class='ocrx_word' id='word_1_150' title='bbox 422 1764 647 1826; x_wconf 81' lang='lat' dir='ltr'><strong>cendo</strong></span> <span class='ocrx_word' id='word_1_151' title='bbox 689 1782 703 1826; x_wconf 94' lang='lat'><strong>:</strong></span> <span class='ocrx_word' id='word_1_152' title='bbox 745 1764 822 1825; x_wconf 86' lang='lat' dir='ltr'><strong>Et</strong></span> <span class='ocrx_word' id='word_1_153' title='bbox 868 1766 1270 1847; x_wconf 86' lang='lat' dir='ltr'><strong>permanebit</strong></span> <span class='ocrx_word' id='word_1_154' title='bbox 1317 1786 1465 1829; x_wconf 91' lang='lat' dir='ltr'><strong>cum</strong></span> <span class='ocrx_word' id='word_1_155' title='bbox 1514 1766 1646 1829; x_wconf 89' lang='lat' dir='ltr'><strong>sole</strong></span> <span class='ocrx_word' id='word_1_156' title='bbox 1695 1773 1757 1827; x_wconf 90' lang='lat' dir='ltr'><strong>et</strong></span> <span class='ocrx_word' id='word_1_157' title='bbox 1800 1773 1947 1826; x_wconf 90' lang='lat' dir='ltr'><strong>ante</strong></span> <span class='ocrx_word' id='word_1_158' title='bbox 2054 1783 2089 1825; x_wconf 91' lang='lat' dir='ltr'><strong>a</strong></span> <span class='ocrx_word' id='word_1_159' title='bbox 2137 1764 2353 1827; x_wconf 84' lang='lat' dir='ltr'><strong>divina</strong></span> <span class='ocrx_word' id='word_1_160' title='bbox 2399 1766 2720 1829; x_wconf 88' lang='lat' dir='ltr'><strong>voluntate</strong></span> <span class='ocrx_word' id='word_1_161' title='bbox 2770 1766 3149 1828; x_wconf 88' lang='lat' dir='ltr'><strong>constitutus</strong></span> <span class='ocrx_word' id='word_1_162' title='bbox 3198 1763 3542 1846; x_wconf 83' lang='lat' dir='ltr'><strong>apostoluS.</strong></span> <span class='ocrx_word' id='word_1_163' title='bbox 3575 1765 3609 1808; x_wconf 90' lang='lat'><strong>¹¹</strong></span> <span class='ocrx_word' id='word_1_164' title='bbox 3632 1766 3836 1818; x_wconf 64' lang='lat' dir='ltr'><strong>Tim-*d-</strong></span> 
     </span>
    </p>
   </div>
   <div class='ocr_carea' id='block_1_7' title="bbox 422 1859 3551 1947">
    <p class='ocr_par' dir='ltr' id='par_1_8' title="bbox 422 1859 3551 1947">
     <span class='ocr_line' id='line_1_23' title="bbox 422 1859 3551 1947; baseline 0 -25"><span class='ocrx_word' id='word_1_165' title='bbox 422 1861 686 1936; x_wconf 88' lang='lat' dir='ltr'><strong>lunam,</strong></span> <span class='ocrx_word' id='word_1_166' title='bbox 739 1863 806 1925; x_wconf 91' lang='lat' dir='ltr'><strong>in</strong></span> <span class='ocrx_word' id='word_1_167' title='bbox 852 1865 1261 1945; x_wconf 83' lang='lat' dir='ltr'><strong>generatione</strong></span> <span class='ocrx_word' id='word_1_168' title='bbox 1310 1874 1373 1927; x_wconf 92' lang='lat' dir='ltr'><strong>et</strong></span> <span class='ocrx_word' id='word_1_169' title='bbox 1417 1865 1890 1947; x_wconf 84' lang='lat' dir='ltr'><strong>generationem</strong></span> <span class='ocrx_word' id='word_1_170' title='bbox 1928 1883 1943 1941; x_wconf 84' lang='lat'>3</span> <span class='ocrx_word' id='word_1_171' title='bbox 1984 1859 2029 1921; x_wconf 89' lang='grc' dir='ltr'><strong>Β</strong></span> <span class='ocrx_word' id='word_1_172' title='bbox 2059 1862 2215 1923; x_wconf 87' lang='lat' dir='ltr'><strong>Dum</strong></span> <span class='ocrx_word' id='word_1_173' title='bbox 2254 1880 2402 1944; x_wconf 86' lang='lat' dir='ltr'><strong>ergo</strong></span> <span class='ocrx_word' id='word_1_174' title='bbox 2441 1863 2740 1926; x_wconf 88' lang='lat' dir='ltr'><strong>dicuntur</strong></span> <span class='ocrx_word' id='word_1_175' title='bbox 2778 1864 2993 1927; x_wconf 88' lang='lat' dir='ltr'><strong>omnia</strong></span> <span class='ocrx_word' id='word_1_176' title='bbox 3042 1863 3204 1925; x_wconf 79' lang='lat' dir='ltr'><strong>sacta</strong></span> <span class='ocrx_word' id='word_1_177' title='bbox 3253 1881 3366 1945; x_wconf 91' lang='lat' dir='ltr'><strong>per</strong></span> <span class='ocrx_word' id='word_1_178' title='bbox 3403 1862 3551 1923; x_wconf 89' lang='lat' dir='ltr'><strong>Ver-</strong></span> 
     </span>
    </p>
   </div>
   <div class='ocr_carea' id='block_1_8' title="bbox 60 1782 381 1831">
    <p class='ocr_par' dir='ltr' id='par_1_9' title="bbox 60 1782 381 1831">
     <span class='ocr_line' id='line_1_24' title="bbox 60 1782 381 1831; baseline -0.003 -7"><span class='ocrx_word' id='word_1_179' title='bbox 60 1782 147 1824; x_wconf 65' lang='lat' dir='ltr'><strong>Pe.</strong></span> <span class='ocrx_word' id='word_1_180' title='bbox 168 1796 301 1831; x_wconf 66' lang='lat' dir='ltr'><strong>uxi,</strong></span> <span class='ocrx_word' id='word_1_181' title='bbox 324 1783 381 1823; x_wconf 80' lang='lat'><strong>5.</strong></span> 
     </span>
    </p>
   </div>
   <div class='ocr_carea' id='block_1_9' title="bbox 60 1960 3560 3621">
    <p class='ocr_par' dir='ltr' id='par_1_10' title="bbox 91 1960 3556 2145">
     <span class='ocr_line' id='line_1_25' title="bbox 91 1960 3549 2045; baseline 0 -24"><span class='ocrx_word' id='word_1_182' title='bbox 91 1978 227 2022; x_wconf 64' lang='lat' dir='ltr'><strong>zaid.</strong></span> <span class='ocrx_word' id='word_1_183' title='bbox 256 1980 344 2022; x_wconf 70' lang='grc' dir='ltr'><strong>ιτ.</strong></span> <span class='ocrx_word' id='word_1_184' title='bbox 420 1960 777 2042; x_wconf 85' lang='lat' dir='ltr'><strong>itemque:</strong></span> <span class='ocrx_word' id='word_1_185' title='bbox 813 1962 907 2024; x_wconf 90' lang='lat' dir='ltr'><strong>Sit</strong></span> <span class='ocrx_word' id='word_1_186' title='bbox 955 1982 1187 2027; x_wconf 91' lang='lat' dir='ltr'><strong>nomen</strong></span> <span class='ocrx_word' id='word_1_187' title='bbox 1232 1964 1372 2045; x_wconf 89' lang='lat' dir='ltr'><strong>ejus</strong></span> <span class='ocrx_word' id='word_1_188' title='bbox 1420 1964 1827 2027; x_wconf 87' lang='lat' dir='ltr'><strong>benedictum</strong></span> <span class='ocrx_word' id='word_1_189' title='bbox 1878 1962 1944 2023; x_wconf 92' lang='lat' dir='ltr'><strong>in</strong></span> <span class='ocrx_word' id='word_1_190' title='bbox 2057 1960 2234 2034; x_wconf 89' lang='lat' dir='ltr'><strong>bum,</strong></span> <span class='ocrx_word' id='word_1_191' title='bbox 2289 1969 2559 2043; x_wconf 90' lang='lat' dir='ltr'><strong>utroque</strong></span> <span class='ocrx_word' id='word_1_192' title='bbox 2609 1962 2844 2027; x_wconf 88' lang='lat' dir='ltr'><strong>horum</strong></span> <span class='ocrx_word' id='word_1_193' title='bbox 2895 1964 3229 2025; x_wconf 89' lang='lat' dir='ltr'><strong>modorum</strong></span> <span class='ocrx_word' id='word_1_194' title='bbox 3279 1961 3549 2041; x_wconf 85' lang='lat' dir='ltr'><strong>intelligi</strong></span> 
     </span>
     <span class='ocr_line' id='line_1_26' title="bbox 422 2059 3556 2145; baseline -0 -24"><span class='ocrx_word' id='word_1_195' title='bbox 422 2060 714 2141; x_wconf 79' lang='lat' dir='ltr'><strong>saecula3</strong></span> <span class='ocrx_word' id='word_1_196' title='bbox 746 2069 895 2124; x_wconf 88' lang='lat' dir='ltr'><strong>ante</strong></span> <span class='ocrx_word' id='word_1_197' title='bbox 923 2061 1124 2125; x_wconf 91' lang='lat' dir='ltr'><strong>solem</strong></span> <span class='ocrx_word' id='word_1_198' title='bbox 1157 2071 1485 2145; x_wconf 90' lang='lat' dir='ltr'><strong>permanet</strong></span> <span class='ocrx_word' id='word_1_199' title='bbox 1518 2080 1747 2125; x_wconf 90' lang='lat' dir='ltr'><strong>nomen</strong></span> <span class='ocrx_word' id='word_1_200' title='bbox 1780 2060 1941 2142; x_wconf 89' lang='lat' dir='ltr'><strong>ejus.</strong></span> <span class='ocrx_word' id='word_1_201' title='bbox 2058 2059 2227 2135; x_wconf 89' lang='lat' dir='ltr'><strong>licet,</strong></span> <span class='ocrx_word' id='word_1_202' title='bbox 2262 2060 2557 2123; x_wconf 88' lang='lat' dir='ltr'><strong>videlicet</strong></span> <span class='ocrx_word' id='word_1_203' title='bbox 2591 2080 2604 2123; x_wconf 92' lang='lat'><strong>:</strong></span> <span class='ocrx_word' id='word_1_204' title='bbox 2639 2060 2754 2123; x_wconf 89' lang='lat' dir='ltr'><strong>Per</strong></span> <span class='ocrx_word' id='word_1_205' title='bbox 2783 2061 3081 2134; x_wconf 86' lang='lat' dir='ltr'><strong>Verbum,</strong></span> <span class='ocrx_word' id='word_1_206' title='bbox 3117 2062 3180 2123; x_wconf 93' lang='lat' dir='ltr'><strong>id</strong></span> <span class='ocrx_word' id='word_1_207' title='bbox 3219 2068 3314 2123; x_wconf 91' lang='lat' dir='ltr'><strong>est</strong></span> <span class='ocrx_word' id='word_1_208' title='bbox 3341 2080 3378 2122; x_wconf 93' lang='lat' dir='ltr'><strong>a</strong></span> <span class='ocrx_word' id='word_1_209' title='bbox 3411 2060 3556 2121; x_wconf 87' lang='lat' dir='ltr'><strong>Ver-</strong></span> 
     </span>
    </p>

    <p class='ocr_par' dir='ltr' id='par_1_11' title="bbox 420 2156 3558 2243">
     <span class='ocr_line' id='line_1_27' title="bbox 420 2156 3558 2243; baseline 0.001 -25"><span class='ocrx_word' id='word_1_210' title='bbox 420 2156 589 2219; x_wconf 81' lang='lat' dir='ltr'><strong>Haec</strong></span> <span class='ocrx_word' id='word_1_211' title='bbox 646 2158 819 2221; x_wconf 90' lang='lat' dir='ltr'><strong>enim</strong></span> <span class='ocrx_word' id='word_1_212' title='bbox 868 2161 946 2222; x_wconf 92' lang='lat' dir='ltr'><strong>de</strong></span> <span class='ocrx_word' id='word_1_213' title='bbox 996 2160 1175 2224; x_wconf 91' lang='lat' dir='ltr'><strong>nullo</strong></span> <span class='ocrx_word' id='word_1_214' title='bbox 1231 2160 1434 2243; x_wconf 84' lang='lat' dir='ltr'><strong>accipi</strong></span> <span class='ocrx_word' id='word_1_215' title='bbox 1496 2167 1763 2242; x_wconf 89' lang='lat' dir='ltr'><strong>possunt</strong></span> <span class='ocrx_word' id='word_1_216' title='bbox 1823 2158 1946 2221; x_wconf 89' lang='lat' dir='ltr'><strong>nisi</strong></span> <span class='ocrx_word' id='word_1_217' title='bbox 2057 2157 2162 2231; x_wconf 88' lang='lat' dir='ltr'><strong>bo,</strong></span> <span class='ocrx_word' id='word_1_218' title='bbox 2204 2166 2507 2240; x_wconf 88' lang='lat' dir='ltr'><strong>tanquam</strong></span> <span class='ocrx_word' id='word_1_219' title='bbox 2550 2159 2628 2220; x_wconf 90' lang='lat' dir='ltr'><strong>ab</strong></span> <span class='ocrx_word' id='word_1_220' title='bbox 2673 2159 3107 2241; x_wconf 85' lang='lat' dir='ltr'><strong>omnipotente</strong></span> <span class='ocrx_word' id='word_1_221' title='bbox 3149 2158 3460 2239; x_wconf 80' lang='lat' dir='ltr'><strong>creatore,</strong></span> <span class='ocrx_word' id='word_1_222' title='bbox 3495 2166 3558 2220; x_wconf 93' lang='lat' dir='ltr'><strong>et</strong></span> 
     </span>
    </p>

    <p class='ocr_par' dir='ltr' id='par_1_12' title="bbox 422 2256 3555 2340">
     <span class='ocr_line' id='line_1_28' title="bbox 422 2256 3555 2340; baseline 0 -22"><span class='ocrx_word' id='word_1_223' title='bbox 422 2256 521 2319; x_wconf 87' lang='lat' dir='ltr'><strong>de</strong></span> <span class='ocrx_word' id='word_1_224' title='bbox 566 2256 816 2321; x_wconf 87' lang='lat' dir='ltr'><strong>Christo</strong></span> <span class='ocrx_word' id='word_1_225' title='bbox 866 2258 1024 2322; x_wconf 87' lang='lat' dir='ltr'><strong>Filio</strong></span> <span class='ocrx_word' id='word_1_226' title='bbox 1066 2259 1251 2340; x_wconf 85' lang='lat' dir='ltr'><strong>Regis</strong></span> <span class='ocrx_word' id='word_1_227' title='bbox 1300 2260 1541 2333; x_wconf 66' lang='lat' dir='ltr'><strong>interni,</strong></span> <span class='ocrx_word' id='word_1_228' title='bbox 1587 2260 1665 2321; x_wconf 91' lang='lat' dir='ltr'><strong>de</strong></span> <span class='ocrx_word' id='word_1_229' title='bbox 1707 2277 1835 2340; x_wconf 92' lang='lat' dir='ltr'><strong>quo</strong></span> <span class='ocrx_word' id='word_1_230' title='bbox 1880 2258 1945 2320; x_wconf 91' lang='lat' dir='ltr'><strong>in</strong></span> <span class='ocrx_word' id='word_1_231' title='bbox 2060 2256 2269 2337; x_wconf 88' lang='lat' dir='ltr'><strong>primo</strong></span> <span class='ocrx_word' id='word_1_232' title='bbox 2315 2257 2759 2321; x_wconf 85' lang='lat' dir='ltr'><strong>universorum</strong></span> <span class='ocrx_word' id='word_1_233' title='bbox 2810 2256 3030 2321; x_wconf 85' lang='lat' dir='ltr'><strong>fontali</strong></span> <span class='ocrx_word' id='word_1_234' title='bbox 3079 2266 3270 2339; x_wconf 87' lang='lat' dir='ltr'><strong>atque</strong></span> <span class='ocrx_word' id='word_1_235' title='bbox 3321 2257 3555 2320; x_wconf 90' lang='lat' dir='ltr'><strong>causali</strong></span> 
     </span>
    </p>

    <p class='ocr_par' dir='ltr' id='par_1_13' title="bbox 106 2355 3560 2538">
     <span class='ocr_line' id='line_1_29' title="bbox 106 2355 3558 2438; baseline 0 -22"><span class='ocrx_word' id='word_1_236' title='bbox 106 2367 248 2411; x_wconf 69' lang='grc' dir='ltr'><strong>ιὺῑᾰ.</strong></span> <span class='ocrx_word' id='word_1_237' title='bbox 273 2368 331 2411; x_wconf 79' lang='lat'><strong>2.</strong></span> <span class='ocrx_word' id='word_1_238' title='bbox 424 2355 705 2418; x_wconf 83' lang='lat' dir='ltr'><strong>exordio</strong></span> <span class='ocrx_word' id='word_1_239' title='bbox 749 2356 982 2420; x_wconf 90' lang='lat' dir='ltr'><strong>Psalmi</strong></span> <span class='ocrx_word' id='word_1_240' title='bbox 1034 2357 1209 2420; x_wconf 88' lang='lat' dir='ltr'><strong>illius</strong></span> <span class='ocrx_word' id='word_1_241' title='bbox 1257 2366 1592 2421; x_wconf 86' lang='lat' dir='ltr'><strong>cantatur:</strong></span> <span class='ocrx_word' id='word_1_242' title='bbox 1628 2357 1811 2430; x_wconf 90' lang='lat' dir='ltr'><strong>Deus,</strong></span> <span class='ocrx_word' id='word_1_243' title='bbox 1845 2356 1948 2437; x_wconf 87' lang='lat' dir='ltr'><strong>ju-</strong></span> <span class='ocrx_word' id='word_1_244' title='bbox 2060 2355 2429 2437; x_wconf 85' lang='lat' dir='ltr'><strong>principio:</strong></span> <span class='ocrx_word' id='word_1_245' title='bbox 2467 2356 2560 2419; x_wconf 88' lang='lat' dir='ltr'><strong>sic</strong></span> <span class='ocrx_word' id='word_1_246' title='bbox 2607 2374 2886 2438; x_wconf 89' lang='lat' dir='ltr'><strong>namque</strong></span> <span class='ocrx_word' id='word_1_247' title='bbox 2934 2357 3149 2419; x_wconf 90' lang='lat' dir='ltr'><strong>omnia</strong></span> <span class='ocrx_word' id='word_1_248' title='bbox 3196 2355 3360 2419; x_wconf 86' lang='lat' dir='ltr'><strong>sacta</strong></span> <span class='ocrx_word' id='word_1_249' title='bbox 3407 2363 3558 2417; x_wconf 89' lang='lat' dir='ltr'><strong>sunt</strong></span> 
     </span>
     <span class='ocr_line' id='line_1_30' title="bbox 426 2454 3560 2538; baseline 0.001 -23"><span class='ocrx_word' id='word_1_250' title='bbox 426 2454 685 2517; x_wconf 88' lang='lat' dir='ltr'><strong>dicium</strong></span> <span class='ocrx_word' id='word_1_251' title='bbox 736 2462 922 2518; x_wconf 92' lang='lat' dir='ltr'><strong>tuum</strong></span> <span class='ocrx_word' id='word_1_252' title='bbox 972 2457 1100 2537; x_wconf 82' lang='lat' dir='ltr'><strong>regi</strong></span> <span class='ocrx_word' id='word_1_253' title='bbox 1154 2459 1251 2529; x_wconf 90' lang='lat' dir='ltr'><strong>da,</strong></span> <span class='ocrx_word' id='word_1_254' title='bbox 1301 2465 1363 2519; x_wconf 90' lang='lat' dir='ltr'><strong>et</strong></span> <span class='ocrx_word' id='word_1_255' title='bbox 1408 2456 1720 2538; x_wconf 89' lang='lat' dir='ltr'><strong>justitiam</strong></span> <span class='ocrx_word' id='word_1_256' title='bbox 1772 2463 1940 2518; x_wconf 89' lang='lat' dir='ltr'><strong>tuam</strong></span> <span class='ocrx_word' id='word_1_257' title='bbox 2058 2472 2095 2515; x_wconf 90' lang='lat' dir='ltr'><strong>a</strong></span> <span class='ocrx_word' id='word_1_258' title='bbox 2142 2454 2793 2535; x_wconf 86' lang='lat' dir='ltr'><strong>supergloriosissima</strong></span> <span class='ocrx_word' id='word_1_259' title='bbox 2841 2455 3166 2529; x_wconf 87' lang='lat' dir='ltr'><strong>Trinitate,</strong></span> <span class='ocrx_word' id='word_1_260' title='bbox 3215 2463 3277 2517; x_wconf 91' lang='lat' dir='ltr'><strong>et</strong></span> <span class='ocrx_word' id='word_1_261' title='bbox 3323 2475 3360 2517; x_wconf 89' lang='lat' dir='ltr'><strong>a</strong></span> <span class='ocrx_word' id='word_1_262' title='bbox 3408 2474 3560 2537; x_wconf 87' lang='lat' dir='ltr'><strong>qua-</strong></span> 
     </span>
    </p>

    <p class='ocr_par' dir='ltr' id='par_1_14' title="bbox 422 2552 3554 2637">
     <span class='ocr_line' id='line_1_31' title="bbox 422 2552 3554 2637; baseline 0 -24"><span class='ocrx_word' id='word_1_263' title='bbox 422 2552 585 2615; x_wconf 87' lang='lat' dir='ltr'><strong>filio</strong></span> <span class='ocrx_word' id='word_1_264' title='bbox 636 2555 820 2635; x_wconf 85' lang='lat' dir='ltr'><strong>regis.</strong></span> <span class='ocrx_word' id='word_1_265' title='bbox 864 2552 1151 2637; x_wconf 89' lang='lat' dir='ltr'><strong>Denique</strong></span> <span class='ocrx_word' id='word_1_266' title='bbox 1193 2556 1361 2618; x_wconf 91' lang='lat' dir='ltr'><strong>idem</strong></span> <span class='ocrx_word' id='word_1_267' title='bbox 1413 2562 1698 2637; x_wconf 87' lang='lat' dir='ltr'><strong>patenter</strong></span> <span class='ocrx_word' id='word_1_268' title='bbox 1740 2562 1949 2617; x_wconf 89' lang='lat' dir='ltr'><strong>osten-</strong></span> <span class='ocrx_word' id='word_1_269' title='bbox 2058 2554 2218 2615; x_wconf 90' lang='lat' dir='ltr'><strong>libet</strong></span> <span class='ocrx_word' id='word_1_270' title='bbox 2276 2554 2492 2616; x_wconf 90' lang='lat' dir='ltr'><strong>divina</strong></span> <span class='ocrx_word' id='word_1_271' title='bbox 2547 2553 2837 2617; x_wconf 91' lang='lat' dir='ltr'><strong>Persona.</strong></span> <span class='ocrx_word' id='word_1_272' title='bbox 2889 2554 3066 2626; x_wconf 90' lang='lat' dir='ltr'><strong>Item,</strong></span> <span class='ocrx_word' id='word_1_273' title='bbox 3121 2552 3334 2617; x_wconf 88' lang='lat' dir='ltr'><strong>omnia</strong></span> <span class='ocrx_word' id='word_1_274' title='bbox 3389 2553 3554 2615; x_wconf 82' lang='lat' dir='ltr'><strong>faeta</strong></span> 
     </span>
    </p>

    <p class='ocr_par' dir='ltr' id='par_1_15' title="bbox 60 2651 3554 3130">
     <span class='ocr_line' id='line_1_32' title="bbox 108 2651 3554 2737; baseline 0 -23"><span class='ocrx_word' id='word_1_275' title='bbox 108 2666 185 2711; x_wconf 72' lang='lat'><strong>1⁸.</strong></span> <span class='ocrx_word' id='word_1_276' title='bbox 202 2678 387 2715; x_wconf 72' lang='lat' dir='ltr'><strong>xum.</strong></span> <span class='ocrx_word' id='word_1_277' title='bbox 428 2651 623 2714; x_wconf 86' lang='lat' dir='ltr'><strong>ditur</strong></span> <span class='ocrx_word' id='word_1_278' title='bbox 660 2671 774 2734; x_wconf 91' lang='lat' dir='ltr'><strong>per</strong></span> <span class='ocrx_word' id='word_1_279' title='bbox 812 2653 877 2715; x_wconf 90' lang='lat' dir='ltr'><strong>id</strong></span> <span class='ocrx_word' id='word_1_280' title='bbox 907 2656 1081 2735; x_wconf 90' lang='lat' dir='ltr'><strong>quod</strong></span> <span class='ocrx_word' id='word_1_281' title='bbox 1122 2656 1433 2737; x_wconf 88' lang='lat' dir='ltr'><strong>scriptum</strong></span> <span class='ocrx_word' id='word_1_282' title='bbox 1472 2661 1567 2715; x_wconf 90' lang='lat' dir='ltr'><strong>est</strong></span> <span class='ocrx_word' id='word_1_283' title='bbox 1601 2672 1615 2716; x_wconf 90' lang='lat'>:</span> <span class='ocrx_word' id='word_1_284' title='bbox 1650 2653 1777 2734; x_wconf 81' lang='lat' dir='ltr'><strong>Ego</strong></span> <span class='ocrx_word' id='word_1_285' title='bbox 1818 2654 1946 2735; x_wconf 86' lang='lat' dir='ltr'><strong>pri-</strong></span> <span class='ocrx_word' id='word_1_286' title='bbox 2060 2660 2208 2716; x_wconf 88' lang='lat' dir='ltr'><strong>sunt</strong></span> <span class='ocrx_word' id='word_1_287' title='bbox 2256 2671 2369 2735; x_wconf 91' lang='lat' dir='ltr'><strong>per</strong></span> <span class='ocrx_word' id='word_1_288' title='bbox 2411 2651 2713 2728; x_wconf 87' lang='lat' dir='ltr'><strong>Verbum,</strong></span> <span class='ocrx_word' id='word_1_289' title='bbox 2765 2660 3065 2734; x_wconf 88' lang='lat' dir='ltr'><strong>tanquam</strong></span> <span class='ocrx_word' id='word_1_290' title='bbox 3115 2670 3229 2734; x_wconf 89' lang='lat' dir='ltr'><strong>per</strong></span> <span class='ocrx_word' id='word_1_291' title='bbox 3278 2652 3340 2713; x_wconf 88' lang='lat' dir='ltr'><strong>id</strong></span> <span class='ocrx_word' id='word_1_292' title='bbox 3383 2653 3554 2733; x_wconf 92' lang='lat' dir='ltr'><strong>quod</strong></span> 
     </span>
     <span class='ocr_line' id='line_1_33' title="bbox 60 2730 3548 2833; baseline 0.001 -22"><span class='ocrx_word' id='word_1_293' title='bbox 60 2730 355 2781; x_wconf 70' lang='lat'><strong>¹²‘¹³&#39;¹⁶·</strong></span> <span class='ocrx_word' id='word_1_294' title='bbox 427 2769 613 2825; x_wconf 80' lang='lat' dir='ltr'><strong>muS,</strong></span> <span class='ocrx_word' id='word_1_295' title='bbox 664 2759 728 2813; x_wconf 89' lang='lat' dir='ltr'><strong>et</strong></span> <span class='ocrx_word' id='word_1_296' title='bbox 768 2771 885 2833; x_wconf 86' lang='lat' dir='ltr'><strong>ego</strong></span> <span class='ocrx_word' id='word_1_297' title='bbox 932 2753 1361 2833; x_wconf 74' lang='lat' dir='ltr'><strong>novissimus:</strong></span> <span class='ocrx_word' id='word_1_298' title='bbox 1412 2772 1637 2815; x_wconf 89' lang='lat' dir='ltr'><strong>manus</strong></span> <span class='ocrx_word' id='word_1_299' title='bbox 1686 2769 1944 2833; x_wconf 89' lang='lat' dir='ltr'><strong>quoque</strong></span> <span class='ocrx_word' id='word_1_300' title='bbox 2057 2752 2226 2815; x_wconf 89' lang='lat' dir='ltr'><strong>inter</strong></span> <span class='ocrx_word' id='word_1_301' title='bbox 2274 2753 2516 2815; x_wconf 90' lang='lat' dir='ltr'><strong>Patrem</strong></span> <span class='ocrx_word' id='word_1_302' title='bbox 2565 2760 2627 2814; x_wconf 90' lang='lat' dir='ltr'><strong>et</strong></span> <span class='ocrx_word' id='word_1_303' title='bbox 2675 2761 2991 2815; x_wconf 86' lang='lat' dir='ltr'><strong>creaturas</strong></span> <span class='ocrx_word' id='word_1_304' title='bbox 3046 2760 3142 2815; x_wconf 89' lang='lat' dir='ltr'><strong>est</strong></span> <span class='ocrx_word' id='word_1_305' title='bbox 3199 2752 3482 2815; x_wconf 88' lang='lat' dir='ltr'><strong>medium</strong></span> <span class='ocrx_word' id='word_1_306' title='bbox 3533 2771 3548 2815; x_wconf 75' lang='grc' dir='ltr'><strong><em>ε</em></strong></span> 
     </span>
     <span class='ocr_line' id='line_1_34' title="bbox 422 2848 3554 2933; baseline 0.001 -23"><span class='ocrx_word' id='word_1_307' title='bbox 422 2868 585 2911; x_wconf 86' lang='lat' dir='ltr'><strong>mea</strong></span> <span class='ocrx_word' id='word_1_308' title='bbox 632 2848 927 2915; x_wconf 83' lang='lat' dir='ltr'><strong>fundavit</strong></span> <span class='ocrx_word' id='word_1_309' title='bbox 964 2860 1239 2932; x_wconf 82' lang='lat' dir='ltr'><strong>terram3</strong></span> <span class='ocrx_word' id='word_1_310' title='bbox 1282 2870 1409 2915; x_wconf 90' lang='lat' dir='ltr'><strong>non</strong></span> <span class='ocrx_word' id='word_1_311' title='bbox 1443 2870 1478 2913; x_wconf 91' lang='lat' dir='ltr'><strong>a</strong></span> <span class='ocrx_word' id='word_1_312' title='bbox 1521 2851 1837 2933; x_wconf 90' lang='lat' dir='ltr'><strong>principio</strong></span> <span class='ocrx_word' id='word_1_313' title='bbox 1875 2852 1940 2911; x_wconf 91' lang='lat' dir='ltr'><strong>in</strong></span> <span class='ocrx_word' id='word_1_314' title='bbox 2058 2871 2185 2915; x_wconf 91' lang='lat' dir='ltr'><strong>non</strong></span> <span class='ocrx_word' id='word_1_315' title='bbox 2229 2860 2439 2914; x_wconf 91' lang='lat' dir='ltr'><strong>tamen</strong></span> <span class='ocrx_word' id='word_1_316' title='bbox 2484 2852 2668 2933; x_wconf 87' lang='lat' dir='ltr'><strong>quasi</strong></span> <span class='ocrx_word' id='word_1_317' title='bbox 2713 2869 2828 2933; x_wconf 92' lang='lat' dir='ltr'><strong>per</strong></span> <span class='ocrx_word' id='word_1_318' title='bbox 2866 2870 3120 2913; x_wconf 89' lang='lat' dir='ltr'><strong>causam</strong></span> <span class='ocrx_word' id='word_1_319' title='bbox 3164 2851 3554 2913; x_wconf 88' lang='lat' dir='ltr'><strong>instrumen-</strong></span> 
     </span>
     <span class='ocr_line' id='line_1_35' title="bbox 418 2948 3548 3031; baseline 0.001 -22"><span class='ocrx_word' id='word_1_320' title='bbox 418 2948 812 3012; x_wconf 85' lang='lat' dir='ltr'><strong>abscondito</strong></span> <span class='ocrx_word' id='word_1_321' title='bbox 856 2949 1104 3012; x_wconf 90' lang='lat' dir='ltr'><strong>locutus</strong></span> <span class='ocrx_word' id='word_1_322' title='bbox 1151 2969 1315 3011; x_wconf 90' lang='lat' dir='ltr'><strong>sum.</strong></span> <span class='ocrx_word' id='word_1_323' title='bbox 1359 2949 1569 3024; x_wconf 87' lang='lat' dir='ltr'><strong>Porro,</strong></span> <span class='ocrx_word' id='word_1_324' title='bbox 1613 2950 1784 3031; x_wconf 91' lang='lat' dir='ltr'><strong>quod</strong></span> <span class='ocrx_word' id='word_1_325' title='bbox 1826 2950 1945 3011; x_wconf 86' lang='lat' dir='ltr'><strong>ista</strong></span> <span class='ocrx_word' id='word_1_326' title='bbox 2056 2950 2269 3025; x_wconf 90' lang='lat' dir='ltr'><strong>talem,</strong></span> <span class='ocrx_word' id='word_1_327' title='bbox 2314 2949 2852 3023; x_wconf 87' lang='lat' dir='ltr'><strong>ministratoriam,</strong></span> <span class='ocrx_word' id='word_1_328' title='bbox 2885 2969 2922 3011; x_wconf 89' lang='lat' dir='ltr'><strong>a</strong></span> <span class='ocrx_word' id='word_1_329' title='bbox 2957 2948 3135 3012; x_wconf 89' lang='lat' dir='ltr'><strong>Patre</strong></span> <span class='ocrx_word' id='word_1_330' title='bbox 3174 2958 3548 3031; x_wconf 87' lang='lat' dir='ltr'><strong>separatam,</strong></span> 
     </span>
     <span class='ocr_line' id='line_1_36' title="bbox 421 3046 3549 3130; baseline 0.001 -23"><span class='ocrx_word' id='word_1_331' title='bbox 421 3046 737 3108; x_wconf 88' lang='lat' dir='ltr'><strong>dicantur</strong></span> <span class='ocrx_word' id='word_1_332' title='bbox 780 3048 858 3109; x_wconf 90' lang='lat' dir='ltr'><strong>de</strong></span> <span class='ocrx_word' id='word_1_333' title='bbox 899 3046 1082 3122; x_wconf 87' lang='lat' dir='ltr'><strong>Filio,</strong></span> <span class='ocrx_word' id='word_1_334' title='bbox 1129 3055 1299 3130; x_wconf 88' lang='lat' dir='ltr'><strong>patet</strong></span> <span class='ocrx_word' id='word_1_335' title='bbox 1343 3065 1419 3109; x_wconf 85' lang='lat' dir='ltr'><strong>ex</strong></span> <span class='ocrx_word' id='word_1_336' title='bbox 1464 3065 1539 3109; x_wconf 91' lang='lat' dir='ltr'><strong>eo</strong></span> <span class='ocrx_word' id='word_1_337' title='bbox 1581 3047 1752 3129; x_wconf 91' lang='lat' dir='ltr'><strong>quod</strong></span> <span class='ocrx_word' id='word_1_338' title='bbox 1796 3047 1946 3108; x_wconf 92' lang='lat' dir='ltr'><strong>sub-</strong></span> <span class='ocrx_word' id='word_1_339' title='bbox 1983 3047 2026 3110; x_wconf 90' lang='lat' dir='ltr'>C</span> <span class='ocrx_word' id='word_1_340' title='bbox 2057 3048 2193 3110; x_wconf 88' lang='lat' dir='ltr'><strong>sive</strong></span> <span class='ocrx_word' id='word_1_341' title='bbox 2232 3048 2650 3111; x_wconf 86' lang='lat' dir='ltr'><strong>extrinsecam</strong></span> <span class='ocrx_word' id='word_1_342' title='bbox 2681 3048 2763 3122; x_wconf 90' lang='lat' dir='ltr'><strong>ei,</strong></span> <span class='ocrx_word' id='word_1_343' title='bbox 2797 3049 2907 3109; x_wconf 91' lang='lat' dir='ltr'><strong>sed</strong></span> <span class='ocrx_word' id='word_1_344' title='bbox 2949 3047 3113 3110; x_wconf 90' lang='lat' dir='ltr'><strong>sicut</strong></span> <span class='ocrx_word' id='word_1_345' title='bbox 3146 3067 3260 3129; x_wconf 88' lang='lat' dir='ltr'><strong>per</strong></span> <span class='ocrx_word' id='word_1_346' title='bbox 3295 3067 3549 3110; x_wconf 88' lang='lat' dir='ltr'><strong>causam</strong></span> 
     </span>
    </p>

    <p class='ocr_par' dir='ltr' id='par_1_16' title="bbox 422 3144 3556 3229">
     <span class='ocr_line' id='line_1_37' title="bbox 422 3144 3556 3229; baseline 0 -21"><span class='ocrx_word' id='word_1_347' title='bbox 422 3146 666 3208; x_wconf 87' lang='lat' dir='ltr'><strong>ditur:</strong></span> <span class='ocrx_word' id='word_1_348' title='bbox 700 3144 775 3207; x_wconf 87' lang='lat' dir='ltr'><strong>Et</strong></span> <span class='ocrx_word' id='word_1_349' title='bbox 816 3165 989 3209; x_wconf 90' lang='lat' dir='ltr'><strong>nunc</strong></span> <span class='ocrx_word' id='word_1_350' title='bbox 1032 3146 1336 3209; x_wconf 86' lang='lat' dir='ltr'><strong>Dominus</strong></span> <span class='ocrx_word' id='word_1_351' title='bbox 1377 3146 1552 3208; x_wconf 91' lang='lat' dir='ltr'><strong>misit</strong></span> <span class='ocrx_word' id='word_1_352' title='bbox 1592 3164 1693 3208; x_wconf 92' lang='lat' dir='ltr'><strong>me</strong></span> <span class='ocrx_word' id='word_1_353' title='bbox 1724 3154 1785 3206; x_wconf 90' lang='lat' dir='ltr'><strong>et</strong></span> <span class='ocrx_word' id='word_1_354' title='bbox 1816 3146 1947 3228; x_wconf 92' lang='lat' dir='ltr'><strong>spi-</strong></span> <span class='ocrx_word' id='word_1_355' title='bbox 2054 3146 2482 3228; x_wconf 89' lang='lat' dir='ltr'><strong>conjunctam,</strong></span> <span class='ocrx_word' id='word_1_356' title='bbox 2519 3164 2734 3227; x_wconf 87' lang='lat' dir='ltr'><strong>parem</strong></span> <span class='ocrx_word' id='word_1_357' title='bbox 2778 3165 2850 3208; x_wconf 88' lang='lat' dir='ltr'><strong>ac</strong></span> <span class='ocrx_word' id='word_1_358' title='bbox 2897 3147 3314 3229; x_wconf 90' lang='lat' dir='ltr'><strong>principalem</strong></span> <span class='ocrx_word' id='word_1_359' title='bbox 3361 3154 3424 3209; x_wconf 87' lang='lat' dir='ltr'><strong>et</strong></span> <span class='ocrx_word' id='word_1_360' title='bbox 3465 3145 3556 3209; x_wconf 82' lang='lat' dir='ltr'><strong>ef-</strong></span> 
     </span>
    </p>

    <p class='ocr_par' dir='ltr' id='par_1_17' title="bbox 422 3244 3556 3426">
     <span class='ocr_line' id='line_1_38' title="bbox 422 3244 3550 3327; baseline 0.001 -21"><span class='ocrx_word' id='word_1_361' title='bbox 422 3244 607 3306; x_wconf 86' lang='lat' dir='ltr'><strong>ritus</strong></span> <span class='ocrx_word' id='word_1_362' title='bbox 650 3244 812 3326; x_wconf 87' lang='lat' dir='ltr'><strong>ejus.</strong></span> <span class='ocrx_word' id='word_1_363' title='bbox 1948 3249 1961 3256; x_wconf 82' lang='grc'><em>“</em></span> <span class='ocrx_word' id='word_1_364' title='bbox 2054 3245 2374 3308; x_wconf 83' lang='lat' dir='ltr'><strong>fectivam.</strong></span> <span class='ocrx_word' id='word_1_365' title='bbox 2407 3244 2581 3316; x_wconf 88' lang='lat' dir='ltr'><strong>Quod</strong></span> <span class='ocrx_word' id='word_1_366' title='bbox 2627 3263 2846 3306; x_wconf 88' lang='lat' dir='ltr'><strong>rursus</strong></span> <span class='ocrx_word' id='word_1_367' title='bbox 2893 3245 3378 3327; x_wconf 80' lang='lat' dir='ltr'><strong>intelligendum</strong></span> <span class='ocrx_word' id='word_1_368' title='bbox 3426 3264 3550 3309; x_wconf 90' lang='lat' dir='ltr'><strong>non</strong></span> 
     </span>
     <span class='ocr_line' id='line_1_39' title="bbox 520 3332 3556 3426; baseline 0.001 -21"><span class='ocrx_word' id='word_1_369' title='bbox 520 3343 849 3407; x_wconf 89' lang='lat' dir='ltr'><strong>Declarato</strong></span> <span class='ocrx_word' id='word_1_370' title='bbox 878 3332 1156 3426; x_wconf 83' lang='lat' dir='ltr'><strong>quando,</strong></span> <span class='ocrx_word' id='word_1_371' title='bbox 1190 3343 1505 3425; x_wconf 90' lang='lat' dir='ltr'><strong>ubi,quid</strong></span> <span class='ocrx_word' id='word_1_372' title='bbox 1536 3351 1599 3405; x_wconf 93' lang='lat' dir='ltr'><strong>et</strong></span> <span class='ocrx_word' id='word_1_373' title='bbox 1628 3346 1945 3426; x_wconf 92' lang='lat' dir='ltr'><strong>quomodo</strong></span> <span class='ocrx_word' id='word_1_374' title='bbox 2054 3352 2170 3417; x_wconf 88' lang='lat' dir='ltr'><strong>est,</strong></span> <span class='ocrx_word' id='word_1_375' title='bbox 2221 3344 2405 3425; x_wconf 89' lang='lat' dir='ltr'><strong>quasi</strong></span> <span class='ocrx_word' id='word_1_376' title='bbox 2464 3350 2768 3406; x_wconf 82' lang='lat' dir='ltr'><strong>creaturae</strong></span> <span class='ocrx_word' id='word_1_377' title='bbox 2817 3363 2943 3408; x_wconf 93' lang='lat' dir='ltr'><strong>non</strong></span> <span class='ocrx_word' id='word_1_378' title='bbox 3004 3346 3133 3407; x_wconf 89' lang='lat' dir='ltr'><strong>sint</strong></span> <span class='ocrx_word' id='word_1_379' title='bbox 3190 3346 3556 3408; x_wconf 88' lang='lat' dir='ltr'><strong>immediate</strong></span> 
     </span>
    </p>

    <p class='ocr_par' dir='ltr' id='par_1_18' title="bbox 424 3440 3554 3526">
     <span class='ocr_line' id='line_1_40' title="bbox 424 3440 3554 3526; baseline 0.001 -22"><span class='ocrx_word' id='word_1_380' title='bbox 424 3450 582 3505; x_wconf 80' lang='lat' dir='ltr'><strong>erat</strong></span> <span class='ocrx_word' id='word_1_381' title='bbox 610 3441 911 3519; x_wconf 89' lang='lat' dir='ltr'><strong>Verbum,</strong></span> <span class='ocrx_word' id='word_1_382' title='bbox 937 3461 1109 3505; x_wconf 90' lang='lat' dir='ltr'><strong>nune</strong></span> <span class='ocrx_word' id='word_1_383' title='bbox 1142 3441 1581 3504; x_wconf 88' lang='lat' dir='ltr'><strong>manifestatur</strong></span> <span class='ocrx_word' id='word_1_384' title='bbox 1610 3444 1766 3524; x_wconf 92' lang='lat' dir='ltr'><strong>quid</strong></span> <span class='ocrx_word' id='word_1_385' title='bbox 1794 3462 1946 3526; x_wconf 88' lang='lat' dir='ltr'><strong>ope-</strong></span> <span class='ocrx_word' id='word_1_386' title='bbox 2056 3442 2234 3505; x_wconf 78' lang='lat' dir='ltr'><strong>factae</strong></span> <span class='ocrx_word' id='word_1_387' title='bbox 2279 3462 2316 3504; x_wconf 92' lang='lat' dir='ltr'><strong>a</strong></span> <span class='ocrx_word' id='word_1_388' title='bbox 2365 3440 2564 3515; x_wconf 91' lang='lat' dir='ltr'><strong>Patre,</strong></span> <span class='ocrx_word' id='word_1_389' title='bbox 2613 3442 2965 3523; x_wconf 84' lang='lat' dir='ltr'><strong>praesertim</strong></span> <span class='ocrx_word' id='word_1_390' title='bbox 3016 3463 3216 3525; x_wconf 89' lang='lat' dir='ltr'><strong>quum</strong></span> <span class='ocrx_word' id='word_1_391' title='bbox 3265 3443 3444 3508; x_wconf 91' lang='lat' dir='ltr'><strong>Pater</strong></span> <span class='ocrx_word' id='word_1_392' title='bbox 3491 3451 3554 3507; x_wconf 89' lang='lat' dir='ltr'><strong>et</strong></span> 
     </span>
    </p>

    <p class='ocr_par' dir='ltr' id='par_1_19' title="bbox 192 3541 3556 3621">
     <span class='ocr_line' id='line_1_41' title="bbox 192 3541 3556 3621; baseline 0.001 -17"><span class='ocrx_word' id='word_1_393' title='bbox 192 3554 237 3609; x_wconf 85' lang='lat'><strong>3</strong></span> <span class='ocrx_word' id='word_1_394' title='bbox 426 3542 725 3604; x_wconf 82' lang='lat' dir='ltr'><strong>rahatur.</strong></span> <span class='ocrx_word' id='word_1_395' title='bbox 763 3543 999 3604; x_wconf 82' lang='lat' dir='ltr'><strong>Omnia</strong></span> <span class='ocrx_word' id='word_1_396' title='bbox 1032 3561 1151 3619; x_wconf 83' lang='lat' dir='ltr'><strong>per</strong></span> <span class='ocrx_word' id='word_1_397' title='bbox 1190 3542 1407 3617; x_wconf 81' lang='lat' dir='ltr'><strong>ipsum</strong></span> <span class='ocrx_word' id='word_1_398' title='bbox 1445 3544 1623 3621; x_wconf 77' lang='lat' dir='ltr'><strong>facta</strong></span> <span class='ocrx_word' id='word_1_399' title='bbox 1660 3552 1837 3611; x_wconf 81' lang='lat' dir='ltr'><strong>sunt,</strong></span> <span class='ocrx_word' id='word_1_400' title='bbox 1879 3543 1942 3605; x_wconf 94' lang='lat' dir='ltr'><strong>id</strong></span> <span class='ocrx_word' id='word_1_401' title='bbox 2052 3541 2251 3603; x_wconf 88' lang='lat' dir='ltr'><strong>Filius</strong></span> <span class='ocrx_word' id='word_1_402' title='bbox 2291 3542 2419 3603; x_wconf 89' lang='lat' dir='ltr'><strong>sint</strong></span> <span class='ocrx_word' id='word_1_403' title='bbox 2457 3560 2581 3602; x_wconf 89' lang='lat' dir='ltr'><strong>una</strong></span> <span class='ocrx_word' id='word_1_404' title='bbox 2611 3560 2814 3619; x_wconf 88' lang='lat' dir='ltr'><strong>causa,</strong></span> <span class='ocrx_word' id='word_1_405' title='bbox 2841 3562 3004 3604; x_wconf 91' lang='lat' dir='ltr'><strong>unus</strong></span> <span class='ocrx_word' id='word_1_406' title='bbox 3035 3541 3303 3617; x_wconf 89' lang='lat' dir='ltr'><strong>Creator,</strong></span> <span class='ocrx_word' id='word_1_407' title='bbox 3331 3563 3556 3607; x_wconf 91' lang='lat' dir='ltr'><strong>unum-</strong></span> 
     </span>
    </p>
   </div>
   <div class='ocr_carea' id='block_1_10' title="bbox 416 3640 1944 4214">
    <p class='ocr_par' dir='ltr' id='par_1_20' title="bbox 416 3640 1944 4214">
     <span class='ocr_line' id='line_1_42' title="bbox 420 3640 1944 3723; baseline -0.001 -19"><span class='ocrx_word' id='word_1_408' title='bbox 420 3650 559 3715; x_wconf 82' lang='lat' dir='ltr'><strong>est,</strong></span> <span class='ocrx_word' id='word_1_409' title='bbox 607 3640 921 3704; x_wconf 83' lang='lat' dir='ltr'><strong>universae</strong></span> <span class='ocrx_word' id='word_1_410' title='bbox 962 3647 1266 3702; x_wconf 85' lang='lat' dir='ltr'><strong>creaturae</strong></span> <span class='ocrx_word' id='word_1_411' title='bbox 1307 3640 1667 3721; x_wconf 87' lang='lat' dir='ltr'><strong>corporales</strong></span> <span class='ocrx_word' id='word_1_412' title='bbox 1709 3647 1772 3702; x_wconf 90' lang='lat' dir='ltr'><strong>et</strong></span> <span class='ocrx_word' id='word_1_413' title='bbox 1815 3641 1944 3723; x_wconf 91' lang='lat' dir='ltr'><strong>spi-</strong></span> 
     </span>
     <span class='ocr_line' id='line_1_43' title="bbox 420 3737 1942 3820; baseline 0 -17"><span class='ocrx_word' id='word_1_414' title='bbox 420 3739 725 3814; x_wconf 80' lang='lat' dir='ltr'><strong>ritualeS,</strong></span> <span class='ocrx_word' id='word_1_415' title='bbox 760 3737 1017 3812; x_wconf 89' lang='lat' dir='ltr'><strong>coelum,</strong></span> <span class='ocrx_word' id='word_1_416' title='bbox 1052 3744 1242 3812; x_wconf 88' lang='lat' dir='ltr'><strong>terra,</strong></span> <span class='ocrx_word' id='word_1_417' title='bbox 1286 3756 1479 3813; x_wconf 89' lang='lat' dir='ltr'><strong>mare,</strong></span> <span class='ocrx_word' id='word_1_418' title='bbox 1522 3747 1584 3801; x_wconf 91' lang='lat' dir='ltr'><strong>et</strong></span> <span class='ocrx_word' id='word_1_419' title='bbox 1626 3737 1942 3820; x_wconf 88' lang='lat' dir='ltr'><strong>quidquid</strong></span> 
     </span>
     <span class='ocr_line' id='line_1_44' title="bbox 416 3837 1942 3914; baseline -0.001 -13"><span class='ocrx_word' id='word_1_420' title='bbox 416 3837 589 3902; x_wconf 79' lang='lat' dir='ltr'><strong>coeli</strong></span> <span class='ocrx_word' id='word_1_421' title='bbox 636 3837 883 3899; x_wconf 89' lang='lat' dir='ltr'><strong>ambitu</strong></span> <span class='ocrx_word' id='word_1_422' title='bbox 934 3837 1318 3914; x_wconf 87' lang='lat' dir='ltr'><strong>continetur,</strong></span> <span class='ocrx_word' id='word_1_423' title='bbox 1374 3844 1581 3898; x_wconf 88' lang='lat' dir='ltr'><strong>creata</strong></span> <span class='ocrx_word' id='word_1_424' title='bbox 1629 3845 1778 3899; x_wconf 90' lang='lat' dir='ltr'><strong>sunt</strong></span> <span class='ocrx_word' id='word_1_425' title='bbox 1824 3838 1942 3899; x_wconf 92' lang='lat' dir='ltr'><strong>im-</strong></span> 
     </span>
     <span class='ocr_line' id='line_1_45' title="bbox 416 3935 1940 4015; baseline 0.001 -16"><span class='ocrx_word' id='word_1_426' title='bbox 416 3936 713 4000; x_wconf 88' lang='lat' dir='ltr'><strong>mediate</strong></span> <span class='ocrx_word' id='word_1_427' title='bbox 773 3936 874 3998; x_wconf 89' lang='lat' dir='ltr'><strong>vel</strong></span> <span class='ocrx_word' id='word_1_428' title='bbox 931 3936 1203 3998; x_wconf 90' lang='lat' dir='ltr'><strong>mediate</strong></span> <span class='ocrx_word' id='word_1_429' title='bbox 1258 3935 1338 3997; x_wconf 93' lang='lat' dir='ltr'><strong>ab</strong></span> <span class='ocrx_word' id='word_1_430' title='bbox 1398 3936 1724 4015; x_wconf 81' lang='lat' dir='ltr'><strong>unigenito</strong></span> <span class='ocrx_word' id='word_1_431' title='bbox 1781 3936 1940 4000; x_wconf 88' lang='lat' dir='ltr'><strong>Filio</strong></span> 
     </span>
     <span class='ocr_line' id='line_1_46' title="bbox 416 4034 1941 4116; baseline 0 -19"><span class='ocrx_word' id='word_1_432' title='bbox 416 4035 569 4109; x_wconf 89' lang='lat' dir='ltr'><strong>Dei,</strong></span> <span class='ocrx_word' id='word_1_433' title='bbox 606 4036 773 4097; x_wconf 90' lang='lat' dir='ltr'><strong>sicut</strong></span> <span class='ocrx_word' id='word_1_434' title='bbox 805 4055 842 4098; x_wconf 86' lang='lat' dir='ltr'><strong>a</strong></span> <span class='ocrx_word' id='word_1_435' title='bbox 880 4053 1069 4097; x_wconf 87' lang='lat' dir='ltr'><strong>causa</strong></span> <span class='ocrx_word' id='word_1_436' title='bbox 1106 4034 1334 4116; x_wconf 88' lang='lat' dir='ltr'><strong>prima,</strong></span> <span class='ocrx_word' id='word_1_437' title='bbox 1371 4034 1710 4115; x_wconf 89' lang='lat' dir='ltr'><strong>principali</strong></span> <span class='ocrx_word' id='word_1_438' title='bbox 1750 4043 1811 4097; x_wconf 90' lang='lat' dir='ltr'><strong>et</strong></span> <span class='ocrx_word' id='word_1_439' title='bbox 1850 4035 1941 4097; x_wconf 86' lang='lat' dir='ltr'><strong>ef-</strong></span> 
     </span>
     <span class='ocr_line' id='line_1_47' title="bbox 416 4132 1940 4214; baseline -0.001 -17"><span class='ocrx_word' id='word_1_440' title='bbox 416 4134 708 4198; x_wconf 77' lang='lat' dir='ltr'><strong>ficienti.</strong></span> <span class='ocrx_word' id='word_1_441' title='bbox 732 4132 1076 4196; x_wconf 88' lang='lat' dir='ltr'><strong>Sciendum</strong></span> <span class='ocrx_word' id='word_1_442' title='bbox 1109 4151 1280 4207; x_wconf 88' lang='lat' dir='ltr'><strong>vero,</strong></span> <span class='ocrx_word' id='word_1_443' title='bbox 1303 4134 1476 4214; x_wconf 90' lang='lat' dir='ltr'><strong>quod</strong></span> <span class='ocrx_word' id='word_1_444' title='bbox 1505 4134 1940 4214; x_wconf 89' lang='lat' dir='ltr'><strong>quandocum-</strong></span> 
     </span>
    </p>
   </div>
   <div class='ocr_carea' id='block_1_11' title="bbox 2047 3639 3551 4218">
    <p class='ocr_par' dir='ltr' id='par_1_21' title="bbox 2047 3639 3551 4218">
     <span class='ocr_line' id='line_1_48' title="bbox 2052 3639 3551 3724; baseline 0.002 -22"><span class='ocrx_word' id='word_1_445' title='bbox 2052 3659 2180 3723; x_wconf 90' lang='lat' dir='ltr'><strong>que</strong></span> <span class='ocrx_word' id='word_1_446' title='bbox 2216 3639 2649 3723; x_wconf 88' lang='lat' dir='ltr'><strong>principium;</strong></span> <span class='ocrx_word' id='word_1_447' title='bbox 2693 3642 2802 3702; x_wconf 91' lang='lat' dir='ltr'><strong>sed</strong></span> <span class='ocrx_word' id='word_1_448' title='bbox 2841 3641 2994 3722; x_wconf 91' lang='lat' dir='ltr'><strong>quia</strong></span> <span class='ocrx_word' id='word_1_449' title='bbox 3032 3641 3227 3704; x_wconf 86' lang='lat' dir='ltr'><strong>Filius</strong></span> <span class='ocrx_word' id='word_1_450' title='bbox 3267 3644 3551 3724; x_wconf 89' lang='lat' dir='ltr'><strong>procedit</strong></span> 
     </span>
     <span class='ocr_line' id='line_1_49' title="bbox 2050 3738 3546 3814; baseline 0.001 -13"><span class='ocrx_word' id='word_1_451' title='bbox 2050 3759 2087 3801; x_wconf 92' lang='lat' dir='ltr'><strong>a</strong></span> <span class='ocrx_word' id='word_1_452' title='bbox 2142 3738 2342 3814; x_wconf 88' lang='lat' dir='ltr'><strong>Patre,</strong></span> <span class='ocrx_word' id='word_1_453' title='bbox 2403 3738 2643 3800; x_wconf 89' lang='lat' dir='ltr'><strong>habens</strong></span> <span class='ocrx_word' id='word_1_454' title='bbox 2704 3738 3003 3801; x_wconf 88' lang='lat' dir='ltr'><strong>virtutem</strong></span> <span class='ocrx_word' id='word_1_455' title='bbox 3065 3741 3408 3803; x_wconf 86' lang='lat' dir='ltr'><strong>creativam</strong></span> <span class='ocrx_word' id='word_1_456' title='bbox 3465 3742 3546 3803; x_wconf 89' lang='lat' dir='ltr'><strong>ab</strong></span> 
     </span>
     <span class='ocr_line' id='line_1_50' title="bbox 2052 3838 3544 3920; baseline 0.002 -21"><span class='ocrx_word' id='word_1_457' title='bbox 2052 3838 2213 3920; x_wconf 91' lang='lat' dir='ltr'><strong>ipso,</strong></span> <span class='ocrx_word' id='word_1_458' title='bbox 2261 3848 2323 3900; x_wconf 91' lang='lat' dir='ltr'><strong>et</strong></span> <span class='ocrx_word' id='word_1_459' title='bbox 2366 3838 2717 3899; x_wconf 89' lang='lat' dir='ltr'><strong>secundum</strong></span> <span class='ocrx_word' id='word_1_460' title='bbox 2767 3838 3053 3900; x_wconf 87' lang='lat' dir='ltr'><strong>ordinem</strong></span> <span class='ocrx_word' id='word_1_461' title='bbox 3099 3838 3363 3919; x_wconf 85' lang='lat' dir='ltr'><strong>originis</strong></span> <span class='ocrx_word' id='word_1_462' title='bbox 3409 3858 3544 3902; x_wconf 89' lang='lat' dir='ltr'><strong>me-</strong></span> 
     </span>
     <span class='ocr_line' id='line_1_51' title="bbox 2050 3934 3542 4019; baseline 0.003 -22"><span class='ocrx_word' id='word_1_463' title='bbox 2050 3936 2180 3997; x_wconf 87' lang='lat' dir='ltr'><strong>diat</strong></span> <span class='ocrx_word' id='word_1_464' title='bbox 2217 3935 2380 3997; x_wconf 90' lang='lat' dir='ltr'><strong>inter</strong></span> <span class='ocrx_word' id='word_1_465' title='bbox 2412 3934 2655 3996; x_wconf 90' lang='lat' dir='ltr'><strong>Patrem</strong></span> <span class='ocrx_word' id='word_1_466' title='bbox 2686 3942 2749 3996; x_wconf 88' lang='lat' dir='ltr'><strong>et</strong></span> <span class='ocrx_word' id='word_1_467' title='bbox 2776 3943 3114 4011; x_wconf 88' lang='lat' dir='ltr'><strong>creaturas,</strong></span> <span class='ocrx_word' id='word_1_468' title='bbox 3148 3944 3210 3999; x_wconf 92' lang='lat' dir='ltr'><strong>et</strong></span> <span class='ocrx_word' id='word_1_469' title='bbox 3239 3938 3542 4019; x_wconf 90' lang='lat' dir='ltr'><strong>quoniam</strong></span> 
     </span>
     <span class='ocr_line' id='line_1_52' title="bbox 2047 4033 3538 4114; baseline 0.003 -19"><span class='ocrx_word' id='word_1_470' title='bbox 2047 4033 2226 4095; x_wconf 89' lang='lat' dir='ltr'><strong>Pater</strong></span> <span class='ocrx_word' id='word_1_471' title='bbox 2285 4033 2375 4094; x_wconf 90' lang='lat' dir='ltr'><strong>nil</strong></span> <span class='ocrx_word' id='word_1_472' title='bbox 2434 4039 2732 4114; x_wconf 89' lang='lat' dir='ltr'><strong>operatur</strong></span> <span class='ocrx_word' id='word_1_473' title='bbox 2789 4034 2866 4095; x_wconf 88' lang='lat' dir='ltr'><strong>ad</strong></span> <span class='ocrx_word' id='word_1_474' title='bbox 2924 4042 3102 4097; x_wconf 87' lang='lat' dir='ltr'><strong>extra</strong></span> <span class='ocrx_word' id='word_1_475' title='bbox 3161 4036 3299 4099; x_wconf 92' lang='lat' dir='ltr'><strong>sine</strong></span> <span class='ocrx_word' id='word_1_476' title='bbox 3357 4036 3538 4101; x_wconf 83' lang='lat' dir='ltr'><strong>Filio.</strong></span> 
     </span>
     <span class='ocr_line' id='line_1_53' title="bbox 2047 4132 3545 4218; baseline 0.003 -23"><span class='ocrx_word' id='word_1_477' title='bbox 2047 4132 2252 4205; x_wconf 89' lang='lat' dir='ltr'><strong>Quum</strong></span> <span class='ocrx_word' id='word_1_478' title='bbox 2301 4133 2473 4195; x_wconf 89' lang='lat' dir='ltr'><strong>enim</strong></span> <span class='ocrx_word' id='word_1_479' title='bbox 2535 4140 2756 4195; x_wconf 85' lang='lat' dir='ltr'><strong>natura</strong></span> <span class='ocrx_word' id='word_1_480' title='bbox 2803 4132 2885 4195; x_wconf 90' lang='lat' dir='ltr'><strong>sit</strong></span> <span class='ocrx_word' id='word_1_481' title='bbox 2931 4135 3316 4215; x_wconf 89' lang='lat' dir='ltr'><strong>operationis</strong></span> <span class='ocrx_word' id='word_1_482' title='bbox 3369 4137 3545 4218; x_wconf 87' lang='lat' dir='ltr'><strong>prin-</strong></span> 
     </span>
    </p>
   </div>
   <div class='ocr_carea' id='block_1_12' title="bbox 416 4230 3544 4317">
    <p class='ocr_par' dir='ltr' id='par_1_22' title="bbox 416 4230 3544 4317">
     <span class='ocr_line' id='line_1_54' title="bbox 416 4230 3544 4317; baseline 0.001 -21"><span class='ocrx_word' id='word_1_483' title='bbox 416 4252 567 4317; x_wconf 90' lang='lat' dir='ltr'><strong>que</strong></span> <span class='ocrx_word' id='word_1_484' title='bbox 612 4234 847 4296; x_wconf 87' lang='lat' dir='ltr'><strong>dicitur</strong></span> <span class='ocrx_word' id='word_1_485' title='bbox 893 4232 1138 4313; x_wconf 88' lang='lat' dir='ltr'><strong>aliquid</strong></span> <span class='ocrx_word' id='word_1_486' title='bbox 1188 4230 1333 4293; x_wconf 85' lang='lat' dir='ltr'><strong>sieri</strong></span> <span class='ocrx_word' id='word_1_487' title='bbox 1384 4249 1497 4313; x_wconf 91' lang='lat' dir='ltr'><strong>per</strong></span> <span class='ocrx_word' id='word_1_488' title='bbox 1539 4231 1735 4306; x_wconf 92' lang='lat' dir='ltr'><strong>aliud,</strong></span> <span class='ocrx_word' id='word_1_489' title='bbox 1782 4252 1940 4315; x_wconf 85' lang='lat' dir='ltr'><strong>prae-</strong></span> <span class='ocrx_word' id='word_1_490' title='bbox 1968 4234 2019 4296; x_wconf 92' lang='lat' dir='ltr'>D</span> <span class='ocrx_word' id='word_1_491' title='bbox 2048 4233 2312 4314; x_wconf 90' lang='lat' dir='ltr'><strong>cipium,</strong></span> <span class='ocrx_word' id='word_1_492' title='bbox 2359 4232 2525 4295; x_wconf 89' lang='lat' dir='ltr'><strong>sieut</strong></span> <span class='ocrx_word' id='word_1_493' title='bbox 2571 4232 2766 4295; x_wconf 90' lang='lat' dir='ltr'><strong>trium</strong></span> <span class='ocrx_word' id='word_1_494' title='bbox 2815 4232 3231 4295; x_wconf 86' lang='lat' dir='ltr'><strong>Personarum</strong></span> <span class='ocrx_word' id='word_1_495' title='bbox 3277 4243 3371 4297; x_wconf 90' lang='lat' dir='ltr'><strong>est</strong></span> <span class='ocrx_word' id='word_1_496' title='bbox 3418 4256 3544 4299; x_wconf 88' lang='lat' dir='ltr'><strong>una</strong></span> 
     </span>
    </p>
   </div>
   <div class='ocr_carea' id='block_1_13' title="bbox 414 4328 1949 5411">
    <p class='ocr_par' dir='ltr' id='par_1_23' title="bbox 414 4328 1949 5411">
     <span class='ocr_line' id='line_1_55' title="bbox 418 4328 1941 4416; baseline -0.003 -19"><span class='ocrx_word' id='word_1_497' title='bbox 418 4331 694 4416; x_wconf 87' lang='lat' dir='ltr'><strong>positio,</strong></span> <span class='ocrx_word' id='word_1_498' title='bbox 728 4331 864 4406; x_wconf 92' lang='lat' dir='ltr'><strong>Per,</strong></span> <span class='ocrx_word' id='word_1_499' title='bbox 899 4330 1187 4411; x_wconf 81' lang='lat' dir='ltr'><strong>designat</strong></span> <span class='ocrx_word' id='word_1_500' title='bbox 1216 4328 1476 4410; x_wconf 90' lang='lat' dir='ltr'><strong>aliquod</strong></span> <span class='ocrx_word' id='word_1_501' title='bbox 1503 4347 1706 4410; x_wconf 85' lang='lat' dir='ltr'><strong>genus</strong></span> <span class='ocrx_word' id='word_1_502' title='bbox 1736 4348 1941 4393; x_wconf 82' lang='lat' dir='ltr'><strong>causae</strong></span> 
     </span>
     <span class='ocr_line' id='line_1_56' title="bbox 422 4427 1940 4511; baseline -0.003 -16"><span class='ocrx_word' id='word_1_503' title='bbox 422 4435 503 4495; x_wconf 92' lang='lat' dir='ltr'><strong>in</strong></span> <span class='ocrx_word' id='word_1_504' title='bbox 538 4430 801 4494; x_wconf 86' lang='lat' dir='ltr'><strong>causali.</strong></span> <span class='ocrx_word' id='word_1_505' title='bbox 835 4429 1077 4492; x_wconf 87' lang='lat' dir='ltr'><strong>Dicitur</strong></span> <span class='ocrx_word' id='word_1_506' title='bbox 1106 4436 1321 4490; x_wconf 89' lang='lat' dir='ltr'><strong>autem</strong></span> <span class='ocrx_word' id='word_1_507' title='bbox 1357 4427 1602 4509; x_wconf 88' lang='lat' dir='ltr'><strong>aliquid</strong></span> <span class='ocrx_word' id='word_1_508' title='bbox 1640 4427 1785 4490; x_wconf 80' lang='lat' dir='ltr'><strong>fieri</strong></span> <span class='ocrx_word' id='word_1_509' title='bbox 1827 4447 1940 4511; x_wconf 91' lang='lat' dir='ltr'><strong>per</strong></span> 
     </span>
     <span class='ocr_line' id='line_1_57' title="bbox 418 4526 1941 4611; baseline -0.003 -16"><span class='ocrx_word' id='word_1_510' title='bbox 418 4530 614 4595; x_wconf 83' lang='lat' dir='ltr'><strong>aliud</strong></span> <span class='ocrx_word' id='word_1_511' title='bbox 662 4528 959 4611; x_wconf 87' lang='lat' dir='ltr'><strong>pluribus</strong></span> <span class='ocrx_word' id='word_1_512' title='bbox 1008 4527 1213 4591; x_wconf 91' lang='lat' dir='ltr'><strong>modis</strong></span> <span class='ocrx_word' id='word_1_513' title='bbox 1268 4546 1281 4589; x_wconf 73' lang='grc' dir='ltr'>ε</span> <span class='ocrx_word' id='word_1_514' title='bbox 1333 4526 1562 4601; x_wconf 86' lang='lat' dir='ltr'><strong>Prim0,</strong></span> <span class='ocrx_word' id='word_1_515' title='bbox 1610 4526 1776 4589; x_wconf 87' lang='lat' dir='ltr'><strong>sicut</strong></span> <span class='ocrx_word' id='word_1_516' title='bbox 1828 4546 1941 4609; x_wconf 92' lang='lat' dir='ltr'><strong>per</strong></span> 
     </span>
     <span class='ocr_line' id='line_1_58' title="bbox 420 4627 1937 4707; baseline -0.004 -14"><span class='ocrx_word' id='word_1_517' title='bbox 420 4647 696 4694; x_wconf 84' lang='lat' dir='ltr'><strong>eausam</strong></span> <span class='ocrx_word' id='word_1_518' title='bbox 744 4627 1299 4690; x_wconf 88' lang='lat' dir='ltr'><strong>instrumentalem</strong></span> <span class='ocrx_word' id='word_1_519' title='bbox 1344 4644 1357 4688; x_wconf 94' lang='lat'><strong>:</strong></span> <span class='ocrx_word' id='word_1_520' title='bbox 1400 4627 1937 4707; x_wconf 89' lang='lat' dir='ltr'><strong>quemadmodum</strong></span> 
     </span>
     <span class='ocr_line' id='line_1_59' title="bbox 419 4724 1942 4809; baseline -0.005 -16"><span class='ocrx_word' id='word_1_521' title='bbox 419 4732 664 4793; x_wconf 86' lang='lat' dir='ltr'><strong>domus</strong></span> <span class='ocrx_word' id='word_1_522' title='bbox 708 4727 789 4789; x_wconf 82' lang='lat' dir='ltr'><strong>rit</strong></span> <span class='ocrx_word' id='word_1_523' title='bbox 834 4745 949 4809; x_wconf 90' lang='lat' dir='ltr'><strong>per</strong></span> <span class='ocrx_word' id='word_1_524' title='bbox 986 4724 1262 4788; x_wconf 87' lang='lat' dir='ltr'><strong>securim</strong></span> <span class='ocrx_word' id='word_1_525' title='bbox 1302 4731 1364 4786; x_wconf 91' lang='lat' dir='ltr'><strong>et</strong></span> <span class='ocrx_word' id='word_1_526' title='bbox 1402 4724 1801 4786; x_wconf 90' lang='lat' dir='ltr'><strong>terebellum.</strong></span> <span class='ocrx_word' id='word_1_527' title='bbox 1836 4724 1942 4787; x_wconf 91' lang='lat' dir='ltr'><strong>Se-</strong></span> 
     </span>
     <span class='ocr_line' id='line_1_60' title="bbox 418 4822 1941 4907; baseline -0.005 -15"><span class='ocrx_word' id='word_1_528' title='bbox 418 4828 669 4903; x_wconf 83' lang='lat' dir='ltr'><strong>cundo,</strong></span> <span class='ocrx_word' id='word_1_529' title='bbox 704 4826 872 4889; x_wconf 89' lang='lat' dir='ltr'><strong>sicut</strong></span> <span class='ocrx_word' id='word_1_530' title='bbox 912 4844 1026 4907; x_wconf 92' lang='lat' dir='ltr'><strong>per</strong></span> <span class='ocrx_word' id='word_1_531' title='bbox 1064 4843 1320 4886; x_wconf 87' lang='lat' dir='ltr'><strong>causam</strong></span> <span class='ocrx_word' id='word_1_532' title='bbox 1365 4822 1787 4905; x_wconf 89' lang='lat' dir='ltr'><strong>principalem</strong></span> <span class='ocrx_word' id='word_1_533' title='bbox 1823 4842 1836 4885; x_wconf 76' lang='grc' dir='ltr'>ε</span> <span class='ocrx_word' id='word_1_534' title='bbox 1873 4832 1941 4885; x_wconf 90' lang='lat' dir='ltr'><strong>ut</strong></span> 
     </span>
     <span class='ocr_line' id='line_1_61' title="bbox 420 4923 1940 5009; baseline -0.005 -19"><span class='ocrx_word' id='word_1_535' title='bbox 420 4945 707 5009; x_wconf 83' lang='lat' dir='ltr'><strong>regnum</strong></span> <span class='ocrx_word' id='word_1_536' title='bbox 764 4923 1163 5005; x_wconf 81' lang='lat' dir='ltr'><strong>gubernatur</strong></span> <span class='ocrx_word' id='word_1_537' title='bbox 1221 4940 1337 5004; x_wconf 89' lang='lat' dir='ltr'><strong>per</strong></span> <span class='ocrx_word' id='word_1_538' title='bbox 1382 4940 1530 4984; x_wconf 91' lang='lat' dir='ltr'><strong>eum</strong></span> <span class='ocrx_word' id='word_1_539' title='bbox 1579 4940 1772 5003; x_wconf 91' lang='lat' dir='ltr'><strong>quem</strong></span> <span class='ocrx_word' id='word_1_540' title='bbox 1832 4939 1940 4983; x_wconf 84' lang='lat' dir='ltr'><strong>rex</strong></span> 
     </span>
     <span class='ocr_line' id='line_1_62' title="bbox 416 5019 1939 5101; baseline -0.005 -10"><span class='ocrx_word' id='word_1_541' title='bbox 416 5026 589 5091; x_wconf 85' lang='lat' dir='ltr'><strong>fecit</strong></span> <span class='ocrx_word' id='word_1_542' title='bbox 626 5023 752 5087; x_wconf 89' lang='lat' dir='ltr'><strong>sibi</strong></span> <span class='ocrx_word' id='word_1_543' title='bbox 793 5029 1151 5086; x_wconf 89' lang='lat' dir='ltr'><strong>consortem</strong></span> <span class='ocrx_word' id='word_1_544' title='bbox 1187 5029 1251 5082; x_wconf 89' lang='lat' dir='ltr'><strong>et</strong></span> <span class='ocrx_word' id='word_1_545' title='bbox 1286 5038 1670 5101; x_wconf 88' lang='lat' dir='ltr'><strong>comparem.</strong></span> <span class='ocrx_word' id='word_1_546' title='bbox 1708 5019 1939 5095; x_wconf 88' lang='lat' dir='ltr'><strong>Terti0,</strong></span> 
     </span>
     <span class='ocr_line' id='line_1_63' title="bbox 420 5118 1944 5204; baseline -0.005 -15"><span class='ocrx_word' id='word_1_547' title='bbox 420 5127 605 5189; x_wconf 87' lang='lat' dir='ltr'><strong>sieut</strong></span> <span class='ocrx_word' id='word_1_548' title='bbox 662 5140 782 5204; x_wconf 91' lang='lat' dir='ltr'><strong>per</strong></span> <span class='ocrx_word' id='word_1_549' title='bbox 836 5138 1091 5183; x_wconf 87' lang='lat' dir='ltr'><strong>causam</strong></span> <span class='ocrx_word' id='word_1_550' title='bbox 1151 5118 1571 5181; x_wconf 88' lang='lat' dir='ltr'><strong>extrinsecam</strong></span> <span class='ocrx_word' id='word_1_551' title='bbox 1631 5137 1645 5182; x_wconf 75' lang='grc' dir='ltr'>ε</span> <span class='ocrx_word' id='word_1_552' title='bbox 1704 5127 1773 5180; x_wconf 94' lang='lat' dir='ltr'><strong>ut</strong></span> <span class='ocrx_word' id='word_1_553' title='bbox 1835 5119 1944 5182; x_wconf 89' lang='lat' dir='ltr'><strong>ho-</strong></span> 
     </span>
     <span class='ocr_line' id='line_1_64' title="bbox 420 5215 1949 5305; baseline -0.003 -22"><span class='ocrx_word' id='word_1_554' title='bbox 420 5244 539 5290; x_wconf 90' lang='lat' dir='ltr'><strong>mo</strong></span> <span class='ocrx_word' id='word_1_555' title='bbox 597 5219 879 5305; x_wconf 85' lang='lat' dir='ltr'><strong>percutit</strong></span> <span class='ocrx_word' id='word_1_556' title='bbox 936 5236 1053 5301; x_wconf 91' lang='lat' dir='ltr'><strong>per</strong></span> <span class='ocrx_word' id='word_1_557' title='bbox 1100 5217 1426 5280; x_wconf 87' lang='lat' dir='ltr'><strong>baculum.</strong></span> <span class='ocrx_word' id='word_1_558' title='bbox 1479 5215 1731 5290; x_wconf 87' lang='lat' dir='ltr'><strong>Quarto,</strong></span> <span class='ocrx_word' id='word_1_559' title='bbox 1782 5217 1949 5279; x_wconf 90' lang='lat' dir='ltr'><strong>sieut</strong></span> 
     </span>
     <span class='ocr_line' id='line_1_65' title="bbox 414 5315 1944 5411; baseline -0.005 -24"><span class='ocrx_word' id='word_1_560' title='bbox 414 5343 549 5411; x_wconf 84' lang='lat' dir='ltr'><strong>per</strong></span> <span class='ocrx_word' id='word_1_561' title='bbox 591 5338 853 5385; x_wconf 85' lang='lat' dir='ltr'><strong>causam</strong></span> <span class='ocrx_word' id='word_1_562' title='bbox 893 5315 1305 5380; x_wconf 89' lang='lat' dir='ltr'><strong>intrinsecam</strong></span> <span class='ocrx_word' id='word_1_563' title='bbox 1346 5316 1448 5380; x_wconf 91' lang='lat' dir='ltr'><strong>vel</strong></span> <span class='ocrx_word' id='word_1_564' title='bbox 1486 5315 1893 5397; x_wconf 85' lang='lat' dir='ltr'><strong>conjunctam</strong></span> <span class='ocrx_word' id='word_1_565' title='bbox 1929 5333 1944 5380; x_wconf 76' lang='grc' dir='ltr'>ε</span> 
     </span>
    </p>
   </div>
   <div class='ocr_carea' id='block_1_14' title="bbox 694 5450 879 5505">
    <p class='ocr_par' dir='ltr' id='par_1_24' title="bbox 694 5450 879 5505">
     <span class='ocr_line' id='line_1_66' title="bbox 694 5450 879 5505; baseline -0.011 0"><span class='ocrx_word' id='word_1_566' title='bbox 694 5452 763 5505; x_wconf 86' lang='grc' dir='ltr'><strong>Τ.</strong></span> <span class='ocrx_word' id='word_1_567' title='bbox 797 5450 879 5504; x_wconf 79' lang='lat'><strong>12.</strong></span> 
     </span>
    </p>
   </div>
   <div class='ocr_carea' id='block_1_15' title="bbox 2048 4331 3552 5399">
    <p class='ocr_par' dir='ltr' id='par_1_25' title="bbox 2048 4331 3543 4491">
     <span class='ocr_line' id='line_1_67' title="bbox 2049 4331 3543 4414; baseline 0.004 -22"><span class='ocrx_word' id='word_1_568' title='bbox 2049 4339 2293 4405; x_wconf 86' lang='lat' dir='ltr'><strong>natura,</strong></span> <span class='ocrx_word' id='word_1_569' title='bbox 2346 4331 2434 4392; x_wconf 89' lang='lat' dir='ltr'><strong>ita</strong></span> <span class='ocrx_word' id='word_1_570' title='bbox 2481 4339 2545 4393; x_wconf 88' lang='lat' dir='ltr'><strong>et</strong></span> <span class='ocrx_word' id='word_1_571' title='bbox 2603 4350 2728 4393; x_wconf 89' lang='lat' dir='ltr'><strong>una</strong></span> <span class='ocrx_word' id='word_1_572' title='bbox 2785 4331 3187 4414; x_wconf 88' lang='lat' dir='ltr'><strong>indivisaque</strong></span> <span class='ocrx_word' id='word_1_573' title='bbox 3245 4334 3409 4397; x_wconf 87' lang='lat' dir='ltr'><strong>aetio</strong></span> <span class='ocrx_word' id='word_1_574' title='bbox 3466 4336 3543 4398; x_wconf 87' lang='lat' dir='ltr'><strong>ad</strong></span> 
     </span>
     <span class='ocr_line' id='line_1_68' title="bbox 2048 4438 2246 4491; baseline -0.01 0"><span class='ocrx_word' id='word_1_575' title='bbox 2048 4438 2246 4491; x_wconf 88' lang='lat' dir='ltr'><strong>extra.</strong></span> 
     </span>
    </p>

    <p class='ocr_par' dir='ltr' id='par_1_26' title="bbox 2048 4526 3552 5399">
     <span class='ocr_line' id='line_1_69' title="bbox 2130 4526 3548 4609; baseline 0.002 -18"><span class='ocrx_word' id='word_1_576' title='bbox 2130 4527 2250 4591; x_wconf 91' lang='lat' dir='ltr'><strong>Sed</strong></span> <span class='ocrx_word' id='word_1_577' title='bbox 2279 4547 2479 4609; x_wconf 90' lang='lat' dir='ltr'><strong>quum</strong></span> <span class='ocrx_word' id='word_1_578' title='bbox 2511 4527 2690 4590; x_wconf 88' lang='lat' dir='ltr'><strong>Pater</strong></span> <span class='ocrx_word' id='word_1_579' title='bbox 2720 4535 2783 4589; x_wconf 91' lang='lat' dir='ltr'><strong>et</strong></span> <span class='ocrx_word' id='word_1_580' title='bbox 2812 4526 3024 4589; x_wconf 87' lang='lat' dir='ltr'><strong>Filius·</strong></span> <span class='ocrx_word' id='word_1_581' title='bbox 3047 4528 3176 4590; x_wconf 90' lang='lat' dir='ltr'><strong>sint</strong></span> <span class='ocrx_word' id='word_1_582' title='bbox 3206 4549 3372 4592; x_wconf 91' lang='lat' dir='ltr'><strong>unus</strong></span> <span class='ocrx_word' id='word_1_583' title='bbox 3404 4531 3548 4594; x_wconf 90' lang='lat' dir='ltr'><strong>Cre-</strong></span> 
     </span>
     <span class='ocr_line' id='line_1_70' title="bbox 2048 4626 3548 4708; baseline 0.001 -19"><span class='ocrx_word' id='word_1_584' title='bbox 2048 4635 2184 4690; x_wconf 90' lang='lat' dir='ltr'><strong>ator</strong></span> <span class='ocrx_word' id='word_1_585' title='bbox 2216 4635 2279 4689; x_wconf 90' lang='lat' dir='ltr'><strong>et</strong></span> <span class='ocrx_word' id='word_1_586' title='bbox 2319 4645 2516 4688; x_wconf 91' lang='lat' dir='ltr'><strong>unum</strong></span> <span class='ocrx_word' id='word_1_587' title='bbox 2558 4626 2973 4708; x_wconf 89' lang='lat' dir='ltr'><strong>principium,</strong></span> <span class='ocrx_word' id='word_1_588' title='bbox 3010 4628 3330 4708; x_wconf 90' lang='lat' dir='ltr'><strong>quomodo</strong></span> <span class='ocrx_word' id='word_1_589' title='bbox 3355 4627 3548 4691; x_wconf 78' lang='lat' dir='ltr'><strong>&#39;Pater</strong></span> 
     </span>
     <span class='ocr_line' id='line_1_71' title="bbox 2049 4722 3548 4808; baseline -0.001 -19"><span class='ocrx_word' id='word_1_590' title='bbox 2049 4726 2282 4789; x_wconf 88' lang='lat' dir='ltr'><strong>dicitur</strong></span> <span class='ocrx_word' id='word_1_591' title='bbox 2317 4724 2560 4805; x_wconf 89' lang='lat' dir='ltr'><strong>aliquid</strong></span> <span class='ocrx_word' id='word_1_592' title='bbox 2599 4722 2808 4785; x_wconf 78' lang='lat' dir='ltr'><strong>facere</strong></span> <span class='ocrx_word' id='word_1_593' title='bbox 2848 4742 2959 4785; x_wconf 90' lang='lat' dir='ltr'><strong>seu</strong></span> <span class='ocrx_word' id='word_1_594' title='bbox 3001 4742 3214 4787; x_wconf 89' lang='lat' dir='ltr'><strong>creare</strong></span> <span class='ocrx_word' id='word_1_595' title='bbox 3255 4743 3369 4808; x_wconf 89' lang='lat' dir='ltr'><strong>per</strong></span> <span class='ocrx_word' id='word_1_596' title='bbox 3397 4726 3548 4790; x_wconf 89' lang='lat' dir='ltr'><strong>Ver-</strong></span> 
     </span>
     <span class='ocr_line' id='line_1_72' title="bbox 2050 4820 3546 4906; baseline 0.001 -20"><span class='ocrx_word' id='word_1_597' title='bbox 2050 4824 2206 4886; x_wconf 90' lang='lat' dir='ltr'><strong>bum</strong></span> <span class='ocrx_word' id='word_1_598' title='bbox 2245 4822 2344 4886; x_wconf 87' lang='lat' dir='ltr'><strong>vel</strong></span> <span class='ocrx_word' id='word_1_599' title='bbox 2384 4822 2661 4883; x_wconf 86' lang='lat' dir='ltr'><strong>Filium?</strong></span> <span class='ocrx_word' id='word_1_600' title='bbox 2689 4820 2765 4884; x_wconf 84' lang='lat' dir='ltr'><strong>Et</strong></span> <span class='ocrx_word' id='word_1_601' title='bbox 2805 4824 3340 4904; x_wconf 88' lang='lat' dir='ltr'><strong>respondendum,</strong></span> <span class='ocrx_word' id='word_1_602' title='bbox 3374 4826 3546 4906; x_wconf 91' lang='lat' dir='ltr'><strong>quod</strong></span> 
     </span>
     <span class='ocr_line' id='line_1_73' title="bbox 2049 4920 3552 5004; baseline 0.001 -20"><span class='ocrx_word' id='word_1_603' title='bbox 2049 4922 2229 4984; x_wconf 87' lang='lat' dir='ltr'><strong>Pater</strong></span> <span class='ocrx_word' id='word_1_604' title='bbox 2256 4928 2554 5003; x_wconf 88' lang='lat' dir='ltr'><strong>operatur</strong></span> <span class='ocrx_word' id='word_1_605' title='bbox 2584 4938 2698 5002; x_wconf 91' lang='lat' dir='ltr'><strong>per</strong></span> <span class='ocrx_word' id='word_1_606' title='bbox 2726 4920 3028 4995; x_wconf 89' lang='lat' dir='ltr'><strong>Verbum,</strong></span> <span class='ocrx_word' id='word_1_607' title='bbox 3063 4922 3230 4984; x_wconf 90' lang='lat' dir='ltr'><strong>sieut</strong></span> <span class='ocrx_word' id='word_1_608' title='bbox 3259 4941 3373 5004; x_wconf 91' lang='lat' dir='ltr'><strong>per</strong></span> <span class='ocrx_word' id='word_1_609' title='bbox 3403 4942 3552 4985; x_wconf 87' lang='lat' dir='ltr'><strong>cau-</strong></span> 
     </span>
     <span class='ocr_line' id='line_1_74' title="bbox 2051 5018 3546 5101; baseline 0.001 -18"><span class='ocrx_word' id='word_1_610' title='bbox 2051 5039 2188 5083; x_wconf 89' lang='lat' dir='ltr'><strong>sam</strong></span> <span class='ocrx_word' id='word_1_611' title='bbox 2235 5018 2661 5100; x_wconf 88' lang='lat' dir='ltr'><strong>exemplarem</strong></span> <span class='ocrx_word' id='word_1_612' title='bbox 2713 5038 2726 5082; x_wconf 75' lang='grc' dir='ltr'>ε</span> <span class='ocrx_word' id='word_1_613' title='bbox 2785 5038 2913 5084; x_wconf 88' lang='lat' dir='ltr'><strong>nou</strong></span> <span class='ocrx_word' id='word_1_614' title='bbox 2961 5021 3134 5101; x_wconf 92' lang='lat' dir='ltr'><strong>quod</strong></span> <span class='ocrx_word' id='word_1_615' title='bbox 3193 5019 3372 5083; x_wconf 88' lang='lat' dir='ltr'><strong>Pater</strong></span> <span class='ocrx_word' id='word_1_616' title='bbox 3419 5041 3546 5084; x_wconf 91' lang='lat' dir='ltr'><strong>non</strong></span> 
     </span>
     <span class='ocr_line' id='line_1_75' title="bbox 2054 5117 3549 5200; baseline 0 -19"><span class='ocrx_word' id='word_1_617' title='bbox 2054 5120 2137 5181; x_wconf 93' lang='lat' dir='ltr'><strong>sit</strong></span> <span class='ocrx_word' id='word_1_618' title='bbox 2185 5136 2372 5180; x_wconf 89' lang='lat' dir='ltr'><strong>causa</strong></span> <span class='ocrx_word' id='word_1_619' title='bbox 2417 5117 2820 5199; x_wconf 82' lang='lat' dir='ltr'><strong>exemplariS,</strong></span> <span class='ocrx_word' id='word_1_620' title='bbox 2875 5118 3003 5181; x_wconf 90' lang='lat' dir='ltr'><strong>imo</strong></span> <span class='ocrx_word' id='word_1_621' title='bbox 3061 5119 3363 5200; x_wconf 83' lang='lat' dir='ltr'><strong>quaelibet</strong></span> <span class='ocrx_word' id='word_1_622' title='bbox 3411 5119 3549 5181; x_wconf 89' lang='lat' dir='ltr'><strong>Per-</strong></span> 
     </span>
     <span class='ocr_line' id='line_1_76' title="bbox 2054 5215 3550 5281; baseline -0.001 -1"><span class='ocrx_word' id='word_1_623' title='bbox 2054 5236 2210 5281; x_wconf 89' lang='lat' dir='ltr'><strong>sona</strong></span> <span class='ocrx_word' id='word_1_624' title='bbox 2251 5216 2466 5279; x_wconf 89' lang='lat' dir='ltr'><strong>divina</strong></span> <span class='ocrx_word' id='word_1_625' title='bbox 2508 5222 2603 5277; x_wconf 89' lang='lat' dir='ltr'><strong>est</strong></span> <span class='ocrx_word' id='word_1_626' title='bbox 2641 5215 2928 5278; x_wconf 89' lang='lat' dir='ltr'><strong>omnium</strong></span> <span class='ocrx_word' id='word_1_627' title='bbox 2974 5234 3189 5278; x_wconf 89' lang='lat' dir='ltr'><strong>rerum</strong></span> <span class='ocrx_word' id='word_1_628' title='bbox 3228 5236 3417 5279; x_wconf 89' lang='lat' dir='ltr'><strong>causa</strong></span> <span class='ocrx_word' id='word_1_629' title='bbox 3456 5217 3550 5279; x_wconf 86' lang='lat' dir='ltr'><strong>ef—</strong></span> 
     </span>
     <span class='ocr_line' id='line_1_77' title="bbox 2054 5312 3548 5399; baseline 0.002 -22"><span class='ocrx_word' id='word_1_630' title='bbox 2054 5314 2304 5391; x_wconf 80' lang='lat' dir='ltr'><strong>ficienS,</strong></span> <span class='ocrx_word' id='word_1_631' title='bbox 2328 5313 2710 5397; x_wconf 88' lang='lat' dir='ltr'><strong>exemplaris</strong></span> <span class='ocrx_word' id='word_1_632' title='bbox 2737 5320 2928 5396; x_wconf 92' lang='lat' dir='ltr'><strong>atque</strong></span> <span class='ocrx_word' id='word_1_633' title='bbox 2956 5312 3204 5396; x_wconf 86' lang='lat' dir='ltr'><strong>finalis;</strong></span> <span class='ocrx_word' id='word_1_634' title='bbox 3238 5317 3348 5377; x_wconf 90' lang='lat' dir='ltr'><strong>sed</strong></span> <span class='ocrx_word' id='word_1_635' title='bbox 3377 5317 3548 5399; x_wconf 92' lang='lat' dir='ltr'><strong>quod</strong></span> 
     </span>
    </p>
   </div>
   <div class='ocr_carea' id='block_1_16' title="bbox 3239 5448 3302 5501">
    <p class='ocr_par' dir='ltr' id='par_1_27' title="bbox 3239 5448 3302 5501">
     <span class='ocr_line' id='line_1_78' title="bbox 3239 5448 3302 5501; baseline 0.032 -2"><span class='ocrx_word' id='word_1_636' title='bbox 3239 5448 3302 5501; x_wconf 89' lang='lat'><strong>18</strong></span> 
     </span>
    </p>
   </div>
   <div class='ocr_carea' id='block_1_17' title="bbox 3613 4053 3834 4105">
    <p class='ocr_par' dir='ltr' id='par_1_28' title="bbox 3613 4053 3834 4105">
     <span class='ocr_line' id='line_1_79' title="bbox 3613 4053 3834 4105; baseline -0.009 -8"><span class='ocrx_word' id='word_1_637' title='bbox 3613 4053 3777 4098; x_wconf 77' lang='lat' dir='ltr'><strong>Joann.</strong></span> <span class='ocrx_word' id='word_1_638' title='bbox 3793 4068 3834 4105; x_wconf 76' lang='lat' dir='ltr'><strong>v,</strong></span> 
     </span>
    </p>
   </div>
   <div class='ocr_carea' id='block_1_18' title="bbox 3573 4119 3638 4161">
    <p class='ocr_par' dir='ltr' id='par_1_29' title="bbox 3573 4119 3638 4161">
     <span class='ocr_line' id='line_1_80' title="bbox 3573 4119 3638 4161; baseline 0.015 -1"><span class='ocrx_word' id='word_1_639' title='bbox 3573 4119 3638 4161; x_wconf 75' lang='lat'><strong>¹9.</strong></span> 
     </span>
    </p>
   </div>
  </div>
 </body>
</html>
