4300 6259
832 470 953 536 334

1644 487 1993 536 fflmA'l'IO
2035 486 2100 533 m
2136 485 2280 534 cAP.
2327 485 2396 534 m
2435 485 2710 536 somme.
2757 508 2838 520 -—
2877 491 3020 538 Aur.
3065 491 3132 538 11

539 690 805 740 mmm,
832 661 913 723 ad
962 658 1207 722 Patrem
1266 676 1279 722 ε
1330 656 1467 723 Non
1526 675 1643 740 pro
1698 658 1941 722 mundo
1997 673 2170 738 rogo,
2221 656 2332 718 sed
2361 654 2414 716 A
2443 657 2754 738 passionis
2803 659 3058 734 Christi,
3091 660 3279 741 cujus
3325 661 3560 724 virtute
3601 671 3664 725 et
3705 662 3943 725 merito

542 755 584 799 ⁹·
836 777 952 841 pro
982 759 1082 820 his
1113 776 1273 840 quos
1314 757 1542 820 dedisti
1584 757 1742 819 mihi
1784 758 1861 820 de
1901 757 2159 832 mundo,
2181 754 2335 836 quia

832 857 927 920 tui
960 864 1129 919 sunt.
1164 855 1306 918 Haec
1337 856 1589 918 diversa
1624 855 1908 937 acceptio
1948 853 2172 916 mundi
2206 871 2335 914 me-

832 956 1097 1019 moriter
1140 962 1237 1016 est
1282 955 1574 1028 tenenda,
1619 952 1923 1034 quoniam
1974 953 2051 1014 ad
2098 949 2335 1013 intelli-

832 1053 1111 1134 gentiam
1156 1053 1571 1115 dicendorum
1616 1051 1969 1114 necessaria
2010 1058 2126 1112 est.

912 1151 1198 1232 Denique
1226 1152 1305 1214 ad
1335 1150 1509 1213 hunc
1547 1149 1747 1212 finem
1789 1149 1961 1212 dedit
1987 1147 2168 1210 Pater
2204 1166 2334 1210 om-

838 1250 1133 1332 nipotens
1181 1248 1437 1324 Filium,
1479 1259 1552 1310 ut
1590 1250 1800 1310 omnis
1846 1250 1966 1327 qui
2010 1249 2216 1307 credit
2257 1248 2332 1307 in

540 1360 805 1410 catanae.
832 1367 980 1407 eum
1021 1346 1149 1408 fide
1190 1363 1303 1428 per
1343 1345 1749 1409 dilectionem
1796 1351 2099 1426 operante
2134 1361 2147 1405 :
2183 1361 2330 1405 nam

582 1460 737 1504 Jacob.
762 1473 804 1511 u.
833 1444 995 1508 sides
1041 1444 1179 1507 sine
1216 1444 1520 1526 operibus
1564 1450 1817 1507 mortua
1856 1451 1991 1522 est3
2031 1461 2160 1503 non
2186 1459 2333 1518 per-

539 1526 691 1575 ¹⁷'²⁶·
829 1553 960 1614 eat,
1008 1543 1127 1606 hoc
1186 1550 1302 1617 est,
1356 1560 1482 1605 non
1542 1542 1897 1614 damnetur,
1945 1542 2057 1600 sed
2104 1541 2331 1600 habeat

836 1643 1041 1702 vitam
1096 1649 1429 1712 oecernam,
1490 1658 1635 1722 quae
1692 1646 1786 1700 est
1843 1637 2006 1700 visio
2062 1655 2332 1699 summae

837 1738 1159 1802 Trinitatis
1214 1757 1328 1821 per
1376 1739 1677 1821 speciem.
1730 1737 1905 1799 Unde
1960 1736 2129 1818 apud
2178 1735 2332 1797 Mar-

2444 773 2792 837 purgamur
2828 776 2865 819 a
2897 759 3107 840 culpa,
3141 767 3204 822 et
3239 760 3439 839 gratia
3481 760 3938 842 adimplemur.

2442 852 2702 936 Propter
2748 856 2920 937 quod
2968 856 3188 919 Petrus
3246 859 3310 919 in
3362 858 3624 920 Actibus
3670 858 3944 940 Aposto-

2443 951 2648 1015 lorum
2697 954 2786 1016 ait
2827 972 2840 1016 :
2881 953 3018 1018 Non
3067 963 3162 1018 est
3209 956 3384 1019 aliud
3435 975 3666 1020 nomen
3716 958 3938 1019 datum
3971 977 4227 1026 namu.

2441 1049 2832 1126 hominibus,
2895 1052 2962 1114 in
3020 1072 3150 1135 quo
3205 1063 3493 1136 oporteat
3553 1072 3660 1118 eos
3725 1055 3938 1118 salvos

2442 1145 2608 1209 sieri.
2658 1148 2981 1224 Praeterea,
3033 1170 3236 1232 quum
3291 1150 3580 1226 Iacobus,
3631 1160 3693 1215 et
3745 1152 3937 1216 Ioan-

2441 1263 2576 1320 nes,
2627 1247 2813 1326 cujus
2871 1255 2967 1310 est
3013 1249 3134 1312 hoc
3181 1249 3603 1331 evangelium,
3657 1251 3936 1313 zelantes

2441 1360 2556 1422 pro
2585 1342 2854 1419 Christo,
2887 1353 3106 1408 contra
3132 1347 3438 1428 quosdam
3478 1347 3592 1428 qui
3623 1365 3770 1409 eum
3801 1366 3934 1410 non
3965 1368 4226 1416 Lae.·1,s³.

2441 1449 2838 1522 receperunt,
2872 1441 3200 1518 dixissent,
3239 1443 3345 1506 Vis
3388 1445 3660 1507 dicimus
3709 1453 3781 1506 ut
3827 1447 3938 1508 de-
3993 1465 4200 1508 masi.

2441 1541 2699 1602 scendat
2740 1541 2904 1621 ignis
2949 1542 3027 1604 de
3074 1542 3256 1616 coelo,
3301 1549 3365 1604 et
3409 1552 3742 1606 consumat
3776 1548 3936 1607 eos?

2441 1635 2724 1700 Christus
2773 1639 3101 1721 respondit
3141 1659 3154 1702 :
3195 1639 3462 1703 Nescitis
3509 1640 3694 1722 cujus
3743 1643 3936 1725 spiri—
3965 1661 4220 1710 amasse.

2438 1741 2541 1798 tus
2584 1737 2776 1818 estis3
2818 1737 3013 1800 Filius
3061 1739 3234 1800 enim
3272 1739 3548 1802 hominis
3587 1758 3714 1804 non
3757 1741 3934 1804 venit

564 1858 698 1902 um
700 1871 801 1909 .....
832 1857 978 1900 cum
1022 1838 1178 1900 dicit
1214 1837 1497 1901 Salvator
1530 1856 1544 1899 :
1578 1835 1694 1910 Qui
1734 1835 2074 1898 crediderit
2122 1841 2186 1897 et
2225 1833 2332 1896 ba·
2365 1829 2414 1892 B
2439 1834 2682 1896 animas
2727 1837 3013 1917 perdere,
3047 1838 3160 1900 sed
3205 1837 3466 1900 salvare.

538 1923 605 1965 ¹⁶·
830 1936 1103 2018 ptizatus
1142 1934 1357 2008 suerit,
1400 1933 1613 1996 salvus
1653 1933 1793 1996 erit.
1840 1932 1915 1995 Et
1960 1933 2025 1995 in
2064 1932 2329 1995 Actibus

534 2053 799 2105 Acamas.
828 2033 1275 2116 Apostolorum
1304 2031 1534 2094 Paulus
1574 2031 1663 2093 ait
1698 2031 1929 2094 Judaeis
1964 2049 1977 2092 :
2012 2031 2127 2092 Per
2156 2029 2330 2092 hunc

830 2130 1011 2194 vobis
1052 2130 1341 2193 remissio
1375 2137 1780 2213 peccatorum
1812 2126 2244 2202 annuntiatur,
2267 2134 2331 2189 et

827 2228 908 2291 ab
938 2228 1236 2292 omnibus
1275 2247 1311 2290 a
1348 2226 1587 2309 quibus
1628 2245 1755 2290 non
1800 2225 2095 2308 potuistis
2134 2226 2201 2288 in
2241 2225 2330 2288 le-

825 2345 905 2409 ge
953 2326 1180 2410 Moysis
1225 2326 1591 2409 justificari.
1646 2325 1807 2388 Hinc
1861 2325 2092 2406 legitur
2149 2325 2328 2388 Chri-

552 2445 795 2496 metam.
828 2435 963 2490 stus
1022 2426 1088 2488 in
1150 2425 1493 2506 Evangelio
1550 2442 1720 2507 saepe
1776 2424 2013 2486 dixisse
2075 2443 2088 2487 :
2143 2423 2326 2485 Fides

534 2507 797 2620 ζ’δέἷξξ·
826 2532 935 2587 tua
982 2532 1043 2586 te
1086 2523 1335 2587 salvum
1374 2522 1549 2585 fecit.
1592 2522 1707 2584 Per
1749 2522 1947 2586 fidem
1992 2522 2165 2585 enim
2207 2521 2328 2603 pri-

533 2634 796 2684 vn.⁵⁰;xvu.
826 2641 933 2687 mo
981 2622 1392 2705 conjungitur
1439 2621 1655 2683 anima
1701 2620 1969 2695 Christo,
2016 2628 2081 2682 et
2126 2621 2185 2682 ei
2235 2619 2327 2682 in-

536 2696 601 2737 ¹⁹'
827 2728 1199 2802 corporatur
1225 2720 1304 2782 ad
1336 2718 1846 2799 cognoscendum
1884 2724 1947 2778 et
1984 2724 2155 2780 recte
2185 2735 2328 2779 sen-

826 2820 1113 2883 tiendum
1164 2820 1241 2882 de
1286 2818 1448 2900 ipso,
1497 2825 1565 2878 ut
1616 2817 1698 2879 sit
1745 2816 2061 2899 particeps
2109 2816 2324 2879 meriti

826 2927 890 2981 et
927 2918 1144 2998 gratiae
1187 2915 1439 2980 Christi.
1490 2915 1696 2978 Primo
1740 2914 2057 2997 siquidem
2105 2915 2326 2977 unitur

827 3015 1019 3080 homo
1076 3017 1201 3079 Deo
1259 3034 1373 3097 per
1430 3014 1824 3076 intellectum
1891 3013 2322 3076 illuminatum
2361 3015 2404 3078 C
2431 3016 2693 3098 judicio,
2731 3015 3079 3098 praesertim
3110 3033 3311 3096 quum
3343 3032 3511 3098 saepe
3540 3016 3788 3090 dixerit,
3821 3015 3934 3081 Vae
4016 3039 4172 3082 uasa

826 3116 1071 3178 lumine
1109 3113 1286 3188 fidei,
1330 3114 1557 3176 deinde
1596 3129 1711 3195 per
1753 3111 2144 3175 voluntatem
2187 3113 2324 3177 sive

826 3211 1131 3276 affectum
1183 3211 1399 3275 divina
1448 3211 1706 3274 caritate
1762 3209 2127 3273 formatum.
2179 3210 2326 3274 Pro-

828 3319 968 3394 pter
996 3311 1166 3392 quod
1198 3309 1487 3372 Habacuc
1518 3310 1583 3372 in
1616 3310 1893 3373 secundo
1924 3309 2204 3391 capitulo
2233 3310 2327 3373 di-

532 3435 795 3485 namma
828 3410 913 3472 cit
958 3427 972 3472 :
1015 3407 1129 3482 Qui
1184 3407 1551 3470 incredulus
1600 3414 1717 3482 est,
1770 3426 1897 3470 non
1946 3407 2067 3469 erit
2111 3407 2326 3469 anima

830 3508 969 3591 ejus
1012 3516 1180 3570 recta
1222 3507 1287 3569 in
1332 3506 1715 3588 semetipso;
1754 3505 1966 3585 justus
2003 3513 2218 3568 autem
2257 3506 2324 3570 in

828 3627 943 3670 sua
988 3606 1120 3670 fide
1168 3605 1361 3670 vivet.
1405 3605 1733 3668 Credimus
1779 3612 1991 3667 autem
2036 3604 2101 3667 in
2150 3605 2328 3669 Chri-

827 3713 995 3768 stum
1046 3705 1397 3768 secundum
1444 3703 1617 3784 quod
1655 3703 1817 3766 Deus
1866 3709 1983 3783 est,
2023 3703 2180 3784 quia
2215 3703 2327 3766 ob-

824 3804 1064 3885 jectum
1096 3803 1249 3866 fidei
1280 3810 1377 3864 est
1406 3802 1637 3865 veritas
1676 3801 1884 3884 prima
1920 3808 1983 3863 et
2021 3802 2319 3864 increata.

896 3902 1369 3984 consequenter
1404 3900 1681 3964 declarat
1708 3898 2127 3980 Evangelista,
2152 3901 2324 3981 quod

830 4000 1051 4064 missio
1098 3999 1240 4062 Filii
1294 3999 1400 4062 Dei
1461 3998 1543 4061 sit
1588 3997 1861 4060 effectus
1909 4006 2186 4080 paternae
2232 4007 2326 4061 at-

627 4119 695 4176 17
830 4117 957 4180 que
995 4098 1229 4162 divina)
1270 4097 1628 4162 dilectionis
1672 4097 1751 4160 ad
1791 4115 1927 4160 nos.
1964 4100 2113 4159 Non
2144 4101 2324 4160 enim

2519 1931 2778 1996 Videtur
2807 1942 3018 1996 autem
3057 1935 3210 1998 huic
3247 1934 3525 2010 obviare,
3559 1937 3731 2018 quod
3762 1936 3934 2000 infra

2434 2028 2524 2090 ait
2569 2030 2850 2096 Salvator
2891 2049 2906 2094 ε
2947 2031 3127 2096 Nunc
3171 2032 3485 2113 judicium
3525 2042 3624 2096 est
3659 2035 3930 2114 mundi3
3981 2053 4218 2098 lenum.

2437 2135 2500 2189 et
2543 2129 2720 2204 alibi,
2769 2130 2838 2192 ln
2884 2130 3198 2211 judicium
3249 2148 3364 2212 ego
3411 2132 3476 2193 in
3525 2132 3698 2194 hunc
3745 2152 3937 2195 mun·
3963 2118 4212 2226 {gama

2437 2227 2589 2290 dum
2629 2228 2799 2291 veni.
2833 2228 3018 2291 Isaias
3057 2247 3316 2311 quoque
3355 2229 3446 2291 ait
3479 2248 3493 2293 :
3525 2229 3659 2294 Non
3705 2249 3936 2294 secun·
3965 2248 4210 2294 12.n.2.⁴.

2435 2328 2587 2390 dum
2641 2326 2952 2390 visionem
3009 2327 3340 2390 oculorum
3395 2326 3756 2408 judicabit;
3815 2331 3932 2392 sed

2433 2425 2746 2507 judicabit
2793 2426 2858 2488 in
2905 2425 3151 2506 justitia
3209 2445 3544 2508 pauperes,
3595 2435 3660 2490 et
3707 2439 3936 2510 arguet

2436 2524 2503 2586 in
2541 2525 2838 2606 aequitate
2877 2543 2994 2606 pro
3032 2525 3376 2586 mansuetis
3414 2533 3618 2588 terrae.
3651 2525 3728 2589 Et
3763 2527 3938 2590 sicut

2434 2623 2544 2685 alii
2573 2622 2990 2704 Evangelistae
3019 2630 3350 2696 testantur,
3384 2623 3669 2686 Christus
3697 2624 3763 2686 in
3805 2626 3938 2708 pri·

2436 2740 2542 2786 mo
2600 2740 2715 2785 suo
2772 2722 3047 2784 adventu
3107 2722 3266 2784 dure
3314 2730 3377 2784 et
3433 2721 3783 2786 efficaciter
3831 2742 3938 2788 re—

2435 2818 2780 2901 darguebat
2837 2820 3213 2894 sacerdoteS,
3275 2819 3525 2883 Scribas
3581 2839 3656 2882 ac
3710 2820 3932 2884 Phari·

2434 2937 2610 2982 saeos.
2646 2917 2811 2980 Talis
2853 2924 3064 2980 autem
3113 2917 3470 2997 redargutio
3507 2936 3633 2981 non
3673 2917 3750 2980 sit
3787 2918 3934 2981 sine
4265 2991 4267 3030 ἲ

2435 3115 2654 3194 vobis;
2707 3121 2770 3176 et
2806 3114 3036 3186 denuo,
3078 3111 3404 3175 Publicani
3451 3121 3516 3174 et
3559 3115 3928 3178 meretrices
3963 3115 4102 3208 ¹32¹&
4133 3177 4202 3207 m.

2434 3215 2792 3297 praeeedent
2835 3230 2944 3276 vos
2988 3212 3054 3273 in
3098 3229 3292 3292 regno
3335 3211 3661 3274 coelorum.
3959 3230 4033 3272 τι.
4107 3199 4116 3208 “

2513 3312 2886 3384 Dicendum,
2921 3310 3094 3391 quod
3134 3309 3371 3392 duplex
3411 3317 3507 3372 est
3547 3310 3777 3373 Christi
3819 3313 3930 3374 ad—

2435 3419 2684 3487 ventus,
2719 3409 3015 3474 videlicet
3057 3427 3073 3471 ι
3116 3408 3386 3483 PrimuS,
3426 3426 3556 3489 quo
3604 3409 3780 3472 venit
3823 3429 3930 3474 oc-

2434 3509 2604 3572 culte
2651 3517 2716 3571 et
2762 3507 2829 3570 in
2881 3506 3264 3582 humilitate,
3315 3514 3388 3568 ut
3429 3505 3820 3587 judicaretur
3865 3518 3930 3572 et

2434 3607 2752 3671 liberaret.
2796 3605 3125 3668 Secundus
3169 3605 3290 3667 erit
3331 3603 3708 3668 manifestus
3749 3613 3812 3668 et
3859 3607 3926 3670 in

2433 3707 2782 3788 majestate,
2818 3713 2890 3768 ut
2912 3704 3154 3787 judicet
3195 3711 3388 3786 atque
3425 3713 3810 3766 remuneret.
3841 3705 3930 3768 De

2433 3823 2564 3886 quo
2620 3802 2826 3866 fertur
2882 3803 2949 3864 in
3005 3802 3252 3866 Psalmo
3303 3820 3318 3864 ε
3371 3801 3533 3864 Deus
3591 3801 3930 3866 manifeste
3963 3829 4198 3876 ama.

2433 3902 2666 3976 veniet,
2709 3901 2876 3964 Deus
2915 3908 3149 3974 noster,
3193 3907 3256 3962 et
3295 3918 3422 3963 non
3467 3898 3721 3980 silebit3
3763 3901 3932 3982 ignis

2435 4001 2500 4063 in
2557 4006 2902 4081 conspectu
2961 3998 3104 4079 ejus
3159 3999 3551 4061 exardescet.
3609 3997 3931 4062 ludicium

2433 4116 2691 4180 quoque
2747 4105 2846 4160 est
2899 4095 3159 4178 duplex.
3218 4093 3328 4158 Est
3383 4095 3556 4158 enim
3614 4095 3933 4176 judicium

832 4199 1011 4258 misit
1058 4213 1174 4279 per
1220 4195 1719 4259 incarnationem
1768 4197 1942 4257 Deus
1991 4194 2168 4258 Pater
2213 4199 2326 4258 Fi·
2357 4199 2406 4260 D
2434 4195 2855 4269 discretionis,
2897 4212 3026 4275 quo
3073 4193 3225 4257 boni
3274 4211 3312 4255 a
3358 4193 3542 4256 malis
3591 4211 3936 4258 secernun-

830 4296 997 4356 Zium
1032 4315 1229 4356 suum
1266 4294 1338 4356 in
1382 4295 1726 4362 mundum,
1767 4291 1888 4355 hoc
1936 4299 2032 4354 est
2081 4293 2147 4356 in
2200 4302 2324 4356 ter-

829 4412 964 4456 ram
1000 4392 1249 4467 Judaeae,
1292 4409 1402 4454 seu
1452 4391 1617 4453 inter
1666 4390 1979 4453 homines.
2021 4391 2214 4472 (Deus
2255 4393 2320 4455 in

827 4492 951 4556 hoc
1006 4490 1332 4572 evangelio
1384 4489 1756 4571 frequenter
1808 4488 2124 4571 accipitur
2181 4509 2324 4572 per-

827 4589 1148 4663 sonaliter,
1192 4587 1435 4651 scilicet
1483 4605 1599 4670 pro
1645 4595 1817 4650 certa
1851 4587 2121 4651 Persona
2165 4589 2325 4650 divi-

830 4708 940 4769 ηας
974 4687 1355 4771 quandoque
1386 4703 1537 4750 vero
1566 4685 2001 4760 essentialiter,
2025 4694 2094 4748 ut
2122 4706 2322 4768 quum

562 4803 799 4854 acanum,
829 4788 1064 4852 dicitur
1098 4805 1113 4849 ε
1148 4785 1422 4868 Spiritus
1462 4791 1558 4847 est
1596 4784 1779 4846 Deus.
1813 4783 1993 4846 Nunc
2034 4801 2184 4848 vero
2222 4806 2326 4848 su-

535 4867 603 4908 ²⁴'
827 4887 1026 4949 mitur
1054 4883 1518 4967 personaliter.)
1544 4885 1617 4944 Ut
1650 4882 1841 4944 Filius
1856 4883 2115 4960 judicet
2145 4904 2326 4945 mun-

827 4989 1009 5056 dum,
1062 4984 1182 5047 hoc
1236 4990 1331 5046 est
1379 4981 1693 5055 homines,
1739 4980 1981 5061 judicio
2028 4983 2325 5045 condem-

832 5083 1126 5158 nationiS,
1175 5081 1489 5162 justitiam
1538 5080 1890 5144 exercendo
1949 5086 2010 5141 et
2068 5099 2320 5162 poenam

831 5182 1223 5264 infligend03
1273 5184 1383 5242 sed
1428 5191 1504 5241 ut
1547 5183 1835 5240 salvetur
1882 5181 2167 5240 mundus
2205 5200 2325 5258 per

829 5283 1069 5362 ipsum,
1102 5279 1397 5344 videlicet
1444 5277 1670 5342 merito
1717 5276 2215 5340 conversationis
2263 5285 2328 5340 et

2435 4304 2559 4367 tur,
2613 4293 2896 4374 malique
2943 4291 3409 4373 vituperantur,
3459 4299 3524 4354 et
3579 4291 3932 4374 pretiosum

2433 4413 2472 4456 a
2514 4393 2624 4456 vili
2675 4398 3003 4473 separatur
3051 4397 3196 4453 voto
3242 4396 3352 4451 aut
3389 4389 3635 4452 merito.
3678 4389 3763 4452 De
3801 4409 3932 4472 quo

2431 4491 2545 4556 Job
2575 4491 2664 4553 ait
2696 4509 2709 4552 ε
2742 4488 3066 4570 Numquid
3103 4487 3218 4570 qui
3257 4506 3384 4551 non
3421 4495 3590 4550 amat
3611 4487 3932 4567 judicium
3981 4514 4195 4558 mum.

2435 4588 2641 4652 sanari
2692 4589 2941 4669 potest?
2991 4586 3060 4647 In
3107 4584 3229 4648 hoc
3273 4585 3516 4664 judicio
3564 4584 3748 4667 impii
3798 4605 3926 4650 non
3959 4577 4102 4684 ’ξω
4133 4641 4167 4680 3·

2435 4693 2793 4766 resurgunt,
2825 4684 2980 4766 quia
3017 4703 3143 4748 non
3183 4690 3453 4764 surgunt
3488 4703 3525 4744 a
3567 4683 3750 4746 ruina
3789 4701 3932 4766 pec-
4105 4673 4115 4688 '

2434 4786 2553 4847 cati
2602 4786 2680 4846 ad
2727 4784 3016 4864 gratiam,
3065 4783 3410 4865 judicando
3458 4782 3578 4846 hoc
3623 4783 3812 4846 modo
3859 4801 3930 4846 se

2435 4883 2627 4964 ipsos.
2662 4881 2834 4944 lstud
2861 4881 3178 4962 judicium
3204 4880 3330 4943 fuit
3365 4889 3430 4942 et
3457 4879 3610 4942 fecit
3643 4879 3929 4944 Christus

2434 4981 2500 5044 in
2542 4980 2749 5063 primo
2789 4999 2905 5044 suo
2945 4981 3242 5043 adventu.
3285 4977 3716 5061 multipliciter
3755 4978 3932 5040 enim

2433 5079 2734 5143 discrevit
2784 5078 2950 5140 inter
2993 5077 3230 5141 electos
3271 5083 3334 5138 et
3382 5077 3707 5158 reproboS,
3739 5095 3934 5158 quos-

2434 5179 2577 5241 dam
2631 5176 3127 5240 misericorditer
3165 5176 3447 5240 vocando
3485 5176 3562 5238 ad
3608 5193 3793 5236 suum
3835 5175 3934 5237 di-

2437 5277 2822 5359 scipulatum
2859 5284 2924 5340 et
2957 5275 3246 5357 gratiam,
3280 5275 3590 5357 quosdam
3619 5274 3790 5355 juste
3825 5275 3933 5338 de-
