4300 6259
1171 518 1521 565 mannum
1565 518 1630 565 m
1672 518 1807 565 car.
1854 518 1895 563 x
1937 514 2216 565 sontum.
2259 534 2340 547 —-
2381 516 2523 563 Aur.
2570 516 2739 563 xxvn
3390 493 3512 561 475

369 688 619 764 citate,
667 690 986 754 daemones
1039 691 1274 773 ejicite.
1327 690 1472 753 Haec
1519 697 1673 753 sunt
1717 688 2262 772 operaAcebant,
2314 693 2391 753 ad
2442 690 2841 772 probandum
2898 691 3069 772 quod
3116 690 3297 752 Jesus
3346 693 3511 751 esset

371 785 632 863 Patris,
679 789 809 853 imo
859 792 1050 854 totius
1100 791 1446 867 Trinitatis,
1493 790 1679 871 cujus
1729 790 1911 851 dum·
2015 789 2219 870 maj0r
2252 790 2490 854 Ioanne
2530 800 2593 853 et
2626 809 2815 853 verus
2855 789 3108 852 Messias
3145 807 3159 851 :
3200 790 3369 858 Quia
3406 790 3511 848 Jo-

373 896 579 950 taxat
643 896 741 951 est
803 890 1110 952 creaturis
1171 891 1361 953 talem
1426 888 1715 953 conferre
1777 888 1906 951 vir·
2013 908 2216 949 annes
2254 892 2517 971 quidem
2558 890 2821 968 siynu’m
2857 890 3014 968 fecit
3056 891 3341 949 nullum.
3372 885 3509 950 Non

380 995 636 1049 tutem.
2015 987 2189 1050 enim
2238 986 2389 1051 fecit
2436 988 2695 1070 aliquod
2744 988 3146 1062 miraculum,
3181 1005 3261 1049 ne
3312 1004 3514 1069 popu-

127 1081 205 1135 38
491 1090 575 1149 Si
600 1096 836 1157 autem,
867 1088 930 1150 id
961 1096 1060 1150 est
1086 1088 1260 1169 quia,
1283 1089 1458 1167 facio
1489 1104 1682 1168 opera
1712 1084 1907 1147 Patris
2016 1083 2114 1146 lus
2147 1085 2409 1147 haberet
2445 1086 2709 1149 nimiam
2741 1086 3138 1150 occasionem
3176 1083 3509 1167 reputandi

383 1186 711 1261 coelestis,
759 1196 822 1247 et
867 1188 928 1247 si
981 1190 1148 1248 mihi
1199 1208 1328 1248 non
1383 1189 1583 1247 vultis
1629 1188 1904 1253 credere,
2015 1186 2186 1266 quod
2242 1185 2510 1250 Ioannes
2555 1194 2721 1249 esset
2766 1186 3039 1260 MessiaS,
3076 1184 3297 1266 sicque
3339 1182 3513 1245 diffi-

377 1285 592 1366 quasi
645 1294 904 1367 propter
941 1286 1361 1347 reverentiam
1403 1302 1687 1367 personae
1727 1302 1903 1357 meae,
2017 1283 2203 1346 cilius
2245 1292 2767 1347 converterentur
2803 1284 2879 1346 ad
2922 1284 3159 1366 ipsum.
3195 1282 3314 1345 Sed
3345 1280 3511 1345 Chri-

385 1383 507 1445 vel
565 1392 822 1465 propter
860 1385 1031 1445 nuda
1069 1384 1284 1458 verba,
1318 1386 1615 1462 operibus
1643 1384 1905 1451 credite,
2016 1389 2111 1445 sto
2164 1391 2477 1445 reservata
2526 1390 2675 1445 sunt
2724 1383 2921 1464 signa,
2970 1382 3508 1464 quemadmodum

379 1490 465 1543 et
508 1482 667 1544 mihi
709 1490 970 1565 propter
997 1501 1212 1565 opera.
1245 1482 1443 1563 Majus
1485 1499 1633 1562 ergo
1669 1500 1742 1543 ac
1775 1498 1908 1541 cer·
2013 1481 2202 1543 Isaias
2243 1482 2534 1563 praedixit
2568 1500 2581 1543 :
2617 1482 2774 1544 Ecce
2813 1482 2975 1543 Deus
3008 1489 3215 1543 vester
3245 1480 3383 1562 ipse
3413 1498 3511 1543 ve-
3552 1494 3807 1544 nama-

379 1580 534 1642 tius
595 1588 690 1643 est
741 1581 1176 1645 testimonium
1235 1582 1470 1663 operiS‚
1524 1599 1715 1662 quam
1777 1596 1906 1641 ser·
2016 1579 2169 1654 niet,
2206 1587 2268 1641 et
2298 1579 2567 1642 salvabit
2598 1600 2729 1644 vos.
2767 1579 2943 1642 Tunc
2972 1579 3341 1661 aperientur
3366 1598 3511 1643 ocu·
3538 1564 3579 1604 ⁶·

385 1680 639 1743 moniS.
690 1683 768 1743 Ut
815 1682 1228 1758 coenose-atis,
1281 1699 1456 1742 nunc
1504 1698 1618 1761 per
1665 1679 1903 1742 donum
2012 1673 2058 1740 li
2091 1698 2425 1753 caecorum,
2460 1686 2521 1741 et
2561 1696 2746 1741 aures
2788 1680 3125 1741 surdorum
3162 1677 3505 1760 patebunt3

387 1780 790 1853 intellectuS,
842 1787 906 1841 et
953 1780 1020 1841 in
1070 1779 1285 1841 futuro
1336 1798 1450 1861 per
1493 1778 1793 1860 speciem,
1845 1787 1906 1837 et
2013 1784 2167 1839 tunc
2209 1777 2391 1839 saliet
2430 1776 2595 1839 sicut
2636 1795 2860 1840 cervus
2910 1776 3196 1851 clauduS,
3230 1782 3294 1837 et
3330 1794 3512 1858 aper-

387 1879 682 1940 credacis
729 1878 857 1959 jam
922 1896 1037 1960 per
1084 1876 1282 1939 fidem
1334 1877 1692 1949 formatam,
1743 1878 1900 1956 quia
1938 1869 1987 1932 B
2017 1882 2076 1937 ta
2123 1876 2245 1938 erit
2301 1876 2518 1958 lingua
2575 1884 2919 1939 mutorum.
2971 1875 3062 1937 Ex
3119 1875 3239 1938 hoc
3295 1882 3507 1937 autem

389 1982 476 2040 in
535 1999 630 2039 me
668 1988 758 2037 esc
800 1979 1025 2044 Pater,
1069 1994 1185 2057 per
1233 1975 1900 2039 circumincessionem
2012 1976 2183 2057 quod
2226 1974 2517 2051 Ioannes,
2551 1994 2680 2057 quo
2730 1976 2896 2037 inter
2939 1983 3116 2038 natos
3165 1974 3507 2037 mulierum
3562 1988 3803 2037 naemu,

389 2084 598 2157 atque
653 2074 944 2137 essentiae
1000 2074 1395 2136 identitatem
1447 2083 1509 2136 et
1557 2072 1902 2154 majestatis
2017 2094 2142 2138 non
2194 2075 2473 2137 surrexit
2514 2076 2737 2156 maj0r,
2774 2075 3021 2137 nullum
3072 2080 3367 2157 operatus
3415 2082 3511 2136 est
3540 2054 3607 2095 ¹¹·

390 2174 828 2255 aequalitatem
859 2192 932 2236 ac
966 2172 1292 2247 unitatem,
1326 2183 1386 2234 et
1414 2192 1523 2249 eqo
1552 2172 1904 2234 secundum

390 2274 576 2355 quod
636 2273 822 2346 DeuS,
875 2291 1016 2333 sum
1067 2273 1141 2331 in
1192 2274 1388 2334 Patre
1437 2272 1656 2335 eodem
1717 2271 1904 2334 modo

391 2390 534 2453 quo
573 2371 712 2453 ipse
752 2371 818 2433 in
859 2388 982 2432 me.
1018 2369 1196 2432 Pater
1224 2388 1482 2451 quoque
1521 2379 1583 2432 et
1616 2377 1744 2432 tota
1773 2368 1905 2430 Tri-

391 2470 591 2539 nitas,
627 2477 720 2533 est
762 2470 826 2531 in
871 2467 1028 2532 Filio
1069 2470 1416 2530 secundum
1462 2475 1746 2530 naturam
1790 2468 1906 2529 hu-

391 2587 680 2642 manam,
717 2586 832 2649 per
873 2567 1259 2647 singularem
1301 2575 1362 2629 et
1402 2586 1714 2628 summam
1763 2585 1905 2647 gra-

395 2669 508 2730 tiae
556 2666 1106 2741 inhabitationem,
1163 2665 1553 2729 immobilem
1612 2666 1676 2726 in
1736 2665 1903 2728 bono

397 2766 974 2839 conservationem,
1025 2772 1216 2845 atque
1277 2762 1662 2845 praecipuam
1721 2762 1906 2824 fami-

399 2864 766 2927 liaritatem.
812 2863 1099 2944 Itemque
1149 2862 1346 2924 Filius
1393 2863 1742 2924 secundum
1795 2881 1904 2923 na-

399 2972 612 3026 turam
672 2962 858 3037 hanc‚
905 2970 1002 3023 est
1059 2962 1124 3022 in
1186 2961 1360 3023 Patre
1413 2978 1523 3023 seu
1574 2959 1898 3035 Trinitate,

2016 2174 2294 2253 signum,
2331 2175 2633 2238 docemur
2673 2193 2799 2238 non
2848 2173 3081 2235 habere
3131 2173 3383 2235 inanem
3432 2174 3511 2235 ad

2017 2271 2326 2334 miracula
2361 2272 2653 2335 facienda
2688 2270 3016 2335 affectum.
3048 2271 3180 2335 Non
3215 2271 3386 2333 enim
3425 2269 3514 2335 fa-

2017 2371 2213 2446 ciunt,
2278 2372 2387 2433 sed
2446 2370 2765 2433 interdum
2824 2372 3165 2433 ostendunt
3222 2370 3515 2433 sanctita-

2015 2476 2177 2547 tem3
2212 2469 2619 2552 ubertimque
2646 2470 2788 2532 talis
2818 2468 3109 2546 affectuS,
3131 2487 3207 2531 ex
3235 2470 3510 2550 quadam

2019 2568 2237 2631 latenti
2289 2570 2571 2631 nascitur
2622 2568 2895 2631 vanitate
2936 2576 3128 2649 atque
3186 2567 3509 2649 superbia.

2015 2667 2193 2729 Unde
2236 2668 2494 2749 quidam
2548 2667 2929 2730 sanctissimi
2979 2675 3210 2749 patreS‚
3261 2667 3373 2748 qui
3425 2666 3514 2729 fa-

2019 2766 2258 2829 cillime
2303 2770 2594 2848 poterant
2632 2766 2908 2828 maxima
2948 2766 3195 2848 operari
3242 2765 3513 2829 miracu-

2019 2865 2098 2938 la,
2136 2874 2205 2927 ut
2248 2865 2443 2928 abbas
2488 2864 2700 2929 Pastor
2739 2872 2802 2926 et
2848 2864 3064 2938 SisoiS‚
3097 2865 3270 2928 omni
3321 2866 3509 2929 modo

2017 2964 2418 3045 refugiebant
2480 2964 2875 3028 occasionem
2926 2963 3302 3044 hujusmodi
3360 2982 3511 3045 ope-

403 3081 522 3145 per
579 3062 925 3123 maximam
984 3060 1411 3135 dilectionem,
1474 3059 1902 3121 beatissimam
1943 3056 1985 3119 C
2017 3083 2183 3137 rum,
2220 3063 2387 3125 haud
2423 3062 2689 3125 dubium
2721 3063 2880 3145 quin
2923 3070 3182 3145 propter
3210 3062 3507 3126 eximiam

399 3161 802 3235 fruitionem,
843 3168 908 3221 et
949 3159 1202 3241 plenam
1249 3158 1314 3220 in
1359 3159 1526 3222 bono
1568 3158 1908 3222 confirma-

401 3261 668 3324 tionem.

2014 3160 2465 3223 bumilitatem.
2522 3160 2828 3223 Dixerunt
2882 3178 3141 3244 quoque
3203 3179 3217 3223 :
3272 3164 3508 3224 Omnia

2011 3270 2227 3321 autem
2268 3280 2685 3340 quoecumque
2724 3262 2901 3321 dimit
2937 3263 3214 3323 Joannes
3250 3262 3330 3321 de
3368 3262 3510 3331 illo,

3639 3168 3712 3224 ⁴2

163 3368 244 3423 39
489 3360 870 3428 Quaerebant
903 3378 1053 3436 erqo
1102 3356 1414 3419 increduli
1465 3356 1568 3418 isti
1607 3376 1754 3418 eum
1795 3376 1908 3434 ap-
2015 3357 2076 3419 id
2125 3366 2241 3431 est,
2279 3358 2576 3421 universa
2612 3378 2757 3440 quae
2792 3358 3059 3422 loannes
3114 3358 3385 3441 Baptista
3433 3361 3511 3422 de

391 3460 798 3537 prehendere
849 3458 926 3518 ad
985 3456 1427 3529 occidendum,
1486 3456 1563 3517 de
1619 3463 1744 3517 tam
1808 3474 1905 3517 ra-
2011 3455 2153 3518 Jesu
2208 3456 2330 3519 isto
2380 3456 2674 3538 praedixit
2719 3464 2782 3519 et
2830 3457 3065 3531 docuit,
3101 3478 3251 3517 vera
3296 3468 3510 3529 erant,

401 3544 697 3619 tionabili
757 3554 1171 3637 responsione
1226 3572 1351 3617 non
1410 3554 1722 3616 emendati
1786 3572 1902 3617 nec
2015 3556 2077 3617 id
2118 3562 2233 3629 est,
2270 3554 2379 3617 illa
2419 3555 2681 3637 impleta
2721 3555 3033 3630 videmuS,
3070 3555 3167 3617 vel
3209 3574 3355 3619 mox
3395 3556 3511 3617 im-

404 3654 718 3737 persuasi,
773 3653 882 3714 sed
939 3652 1190 3735 pejores
1246 3650 1482 3714 effecti.
1534 3652 1670 3715 Non
1729 3652 1899 3714 enim
2013 3654 2246 3735 plenda
2278 3661 2446 3715 sunt.
2481 3653 2571 3715 Ex
2605 3655 2721 3717 hoc
2752 3653 3101 3732 arguebant
3129 3653 3300 3734 quod
3328 3653 3512 3716 Joan-
3574 3670 3583 3679 ·

403 3752 637 3835 recipit
683 3752 917 3814 stultus
967 3751 1162 3813 verba
1220 3750 1576 3833 prudentiae
1611 3769 1627 3830 ;
1681 3757 1742 3812 et
1788 3752 1904 3813 im-
2012 3770 2124 3814 nes
2155 3751 2277 3814 suit
2308 3770 2495 3814 verus
2527 3750 2849 3833 Propheta,
2876 3760 2939 3815 et
2969 3770 3081 3833 per
3112 3768 3507 3833 consequens

401 3852 573 3935 piuS,
609 3868 810 3932 quum
844 3849 910 3911 in
942 3848 1331 3931 profundum
1371 3857 1774 3930 peccatorum
1808 3868 1906 3913 ve-
2011 3852 2306 3912 standum
2360 3857 2525 3911 esset
2566 3849 2776 3913 verbis
2820 3848 2960 3928 ejus
3009 3850 3087 3911 de
3125 3847 3292 3922 Iesu,
3335 3851 3506 3931 quod
3577 3872 3795 3925 sonan...

401 3951 594 4025 nerit,
653 3950 1027 4012 contemnit.
1083 3952 1166 4010 Ει
1216 3952 1424 4008 eaeivit
1475 3952 1554 4008 de
1607 3950 1902 4009 mnibus
2009 3957 2177 4011 esset
2230 3948 2504 4021 MessiaS‚
2559 3947 2779 4028 sicque
2829 3946 3192 4010 credebant.
3246 3946 3507 4030 Propter
3534 3938 3672 3978 ²⁰⁴⁴·

397 4068 650 4117 eorum,
679 4047 1068 4110 transeundo
1112 4064 1224 4129 per
1261 4045 1542 4107 medium
1589 4046 1896 4128 ipsorum,
2009 4048 2181 4129 quod
2226 4046 2521 4109 subditur
2556 4064 2571 4108 t

396 4147 607 4209 factus
667 4145 1014 4208 invisibilis
1071 4146 1184 4220 eiS‚
1237 4145 1771 4226 quemadmodum
1835 4146 1901 4207 in
2091 4150 2176 4208 Ει
2220 4148 2417 4207 multi
2454 4146 2793 4206 credebant
2832 4146 2905 4205 in
2946 4165 3117 4206 eum.
3150 4144 3279 4209 Hoc
3322 4144 3505 4208 intel-

92 4262 366 4313 Joanmu„
396 4245 535 4308 fine
595 4245 800 4307 octavi
851 4243 1112 4325 capituli
1173 4243 1558 4305 elucidatum
1617 4250 1712 4305 est
1769 4244 1904 4325 ple-
1933 4243 1980 4304 D
2011 4244 2119 4324 ligi
2172 4250 2377 4327 potest
2425 4242 2766 4325 dupliciter
2808 4260 2822 4305 ε
2864 4242 3073 4305 Primo
3112 4242 3203 4305 sic
3248 4262 3261 4305 ε
3300 4243 3499 4319 Multi,

81 4326 152 4366 ⁵⁹·
174 4386 254 4442 40
399 4343 571 4406 nius.
605 4344 693 4404 Et
729 4345 896 4403 abiit
933 4344 1174 4403 iterum
1213 4352 1395 4403 trans
1421 4344 1794 4410 Jorclanem,
1827 4343 1896 4403 in
2010 4344 2130 4406 hoc
2177 4350 2271 4404 est
2320 4359 2541 4406 omnes
2600 4341 2703 4403 isti
2757 4341 3083 4404 venientes
3139 4342 3216 4403 ad
3264 4341 3501 4417 lesum,

394 4464 544 4506 eum
593 4447 803 4504 locum
844 4443 958 4502 ubi
990 4449 1130 4501 erat
1160 4443 1441 4502 Ioannes
1479 4438 1756 4521 Baptista
1794 4442 1902 4500 ba-
2009 4442 2120 4524 qui
2178 4441 2365 4503 multi
2423 4440 2707 4514 fuerunt,
2761 4439 3103 4502 credebant
3155 4439 3220 4501 in
3266 4440 3503 4503 Jesum.

392 4545 662 4621 ptizans
681 4542 1004 4619 primum,
1039 4538 1104 4601 id
1144 4546 1260 4611 est,
1294 4546 1635 4619 antequam
1674 4537 1754 4599 ab
1784 4537 1902 4600 He-
2007 4539 2297 4602 Secundo
2356 4538 2448 4600 sic
2500 4556 2513 4600 ε
2566 4536 2763 4609 Multi,
2818 4537 2881 4599 id
2934 4544 3029 4599 est
3080 4555 3308 4618 magna
3361 4558 3505 4620 pars

395 4641 551 4704 rode
593 4640 1130 4717 incarceraretur;
1165 4636 1288 4710 vel,
1327 4635 1632 4710 Primum,
1674 4636 1737 4698 id
1779 4643 1896 4716 est,
2008 4638 2297 4701 istorum.
2351 4636 2559 4698 Prima
2615 4644 2823 4698 tamen
2886 4636 3198 4717 expositio
3258 4636 3507 4699 videtur

396 4739 777 4822 priusquam
818 4735 1104 4800 Christus
1153 4744 1216 4797 et
1257 4734 1398 4815 ejus
1444 4734 1744 4817 discipuli
1792 4735 1901 4797 ba-
2008 4735 2234 4798 litterae
2283 4734 2481 4815 magis
2533 4752 2899 4797 consonare.
2946 4732 3243 4806 Quamvis
3290 4743 3503 4797 autem

73 3682 224 3723 Ρνοε.
239 3692 369 3729 xvm,

77 3746 102 3771 0

78 3772 250 3850 ‘'raffa.
276 3808 324 3849 a.

81 4074 192 4117 Luc.
209 4088 274 4122 nt,
293 4074 368 4115 ³⁰.

176 5147 248 5201 41

115 5286 241 5331 ma.
255 5290 359 5339 με,

93 5350 162 5391 so.

393 4838 822 4921 ptizaverunt.
855 4837 944 4897 E't
986 4836 1229 4895 mansit
1274 4833 1452 4896 Jesus
1493 4836 1661 4904 illic,
1691 4834 1756 4895 id
1805 4842 1900 4895 est

393 4937 460 4999 in
504 4936 646 5000 loco
695 4934 827 5007 illo,
863 4933 1160 4997 videlicet
1202 4950 1418 4995 eremo
1453 4931 1704 4995 Jordani
1747 4931 1901 4995 vici-

393 5054 498 5109 na,
547 5053 696 5097 cum
739 5031 1082 5114 Apostolis.

475 5136 566 5195 Ec
609 5133 808 5192 multi
843 5129 1202 5192 Judaeorum
1244 5138 1551 5189 venerunt
1595 5131 1684 5189 ad
1722 5148 1897 5199 eum,

393 5231 664 5295 forsitan
714 5227 1027 5291 recordati
1071 5226 1410 5291 verborum
1456 5225 1732 5301 Ioannis,
1781 5226 1895 5307 qui

393 5329 488 5392 ibi
530 5327 694 5391 dixit
731 5327 810 5389 de
847 5326 1015 5401 Jesu,
1060 5323 1220 5387 Ecce
1257 5324 1472 5407 Agnus
1512 5322 1659 5406 Dei3
1697 5334 1759 5386 ec
1795 5326 1898 5385 di-

2004 4834 2273 4897 Joannes
2334 4832 2583 4894 nullum
2636 4830 2895 4894 molitus
2943 4839 3041 4893 est
3086 4831 3363 4913 signum,
3416 4840 3507 4895 ta-

2007 4949 2153 4994 men
2206 4939 2465 5014 propter
2514 4928 2915 4992 manifestam
2964 4938 3157 5011 atque
3204 4930 3499 4994 eximiam

2005 5031 2145 5112 ejus
2196 5030 2615 5104 sanctitatem,
2649 5028 2948 5091 idoneum
2989 5028 3368 5110 reputabant
3414 5039 3505 5093 te-

2005 5128 2376 5192 stimonium
2427 5127 2567 5207 ejus
2616 5146 2631 5189 ε
2680 5126 2807 5189 imo
2852 5126 3183 5208 conceptio
3232 5136 3297 5189 et
3346 5129 3505 5191 nati-

2006 5226 2187 5301 vitaS,
2250 5233 2505 5307 totaque
2562 5225 2826 5306 insuper
2882 5225 3277 5289 conversatio
3334 5226 3498 5308 ejuS‚

2003 5322 2315 5387 mirabilis
2358 5323 2989 5407 supernaturalisque
3032 5322 3175 5385 tuit.
