4300 6259
1123 525 1478 575 mammo
1522 528 1585 574 IN
1627 527 1767 574 m.
1812 528 1922 574 xlx
1961 527 2149 576 mon.
2193 549 2275 562 -
2314 531 2457 576 ΛΒΤ.
2502 530 2627 577 ῙΒῙῙ

3303 512 3419 579 167

325 697 416 760 Ad
454 698 628 779 quod
674 697 928 774 dicitur,
963 700 1117 781 quia
1157 700 1226 762 in
1265 700 1496 763 Christi
1537 700 1824 763 incarna·
1851 699 1903 760 A
1932 717 2072 762 eam
2131 702 2567 783 corporalibus
2623 703 2826 766 oculis
2884 703 3293 786 adspexisset,
3338 703 3422 766 si-

325 796 496 859 tione
535 803 598 857 et
638 796 966 860 nativitate
1007 818 1130 880 pax
1161 817 1332 873 vera,
1367 799 1609 862 scilicet
1647 799 1824 862 Chri-

326 901 480 968 stus,
515 895 594 956 de
625 894 786 958 coelo
817 895 882 958 in
914 903 1146 959 terram
1185 898 1532 972 descendit,
1568 899 1678 960 sed
1708 915 1825 979 per

329 993 684 1075 passionem
718 993 944 1075 ipsiuS,
977 997 1266 1060 ascendit
1294 1015 1416 1079 pax
1447 997 1566 1058 ista
1598 997 1666 1058 in
1697 1015 1821 1060 coe-

327 1090 482 1152 lum.
517 1095 603 1153 Ει
641 1094 858 1170 ρῑονία
898 1095 972 1154 in
1011 1097 1297 1167 excelsi&
1331 1095 1394 1157 id
1443 1103 1558 1170 est,
1594 1095 1817 1169 honor,

323 1187 728 1269 glorificatio,
781 1190 1128 1266 beatitudo,
1180 1192 1398 1255 laetitia
1453 1193 1535 1254 sit
1580 1191 1706 1256 Deo
1755 1193 1822 1256 in

327 1287 694 1351 coelestibus
750 1289 1086 1365 habitanti,
1139 1291 1242 1353 cui
1301 1291 1568 1353 debetur
1614 1292 1822 1355 omnis

328 1385 532 1449 honor
560 1393 624 1448 et
650 1386 874 1468 gloria.
905 1388 1084 1451 Unde
1111 1396 1175 1451 et
1210 1409 1406 1472 supra
1442 1390 1649 1470 angeli
1680 1410 1826 1453 can-

81 1506 300 1556 namu.
330 1490 492 1546 tasse
545 1484 864 1566 leguntur,
896 1485 1106 1550 Gloria
1152 1487 1220 1549 in
1270 1487 1597 1552 altissimis
1643 1488 1770 1552 Deo
1805 1508 1820 1552 :

149 1687 208 1741 39

152 2765 212 2821 ll)

135 3957 271 4004 naeth.

95 4031 193 4070 nvn,
209 4026 266 4066 51,

331 1582 439 1644 ubi
485 1583 620 1647 haec
663 1585 917 1666 plenius
961 1595 1392 1667 exponuntur.

407 1683 496 1743 Et
535 1684 808 1762 quidam
845 1685 1334 1746 Pharisaeorum
1369 1687 1452 1745 de
1491 1687 1718 1754 turbis,
1760 1685 1824 1748 id

327 1787 442 1854 est,
485 1779 654 1842 inter
702 1781 974 1863 populos
1023 1781 1176 1845 istos
1225 1789 1378 1844 tunc
1425 1783 1821 1856 exsistenteS‚

1928 816 2126 879 gnum
2160 800 2498 883 praecipuae
2535 802 2991 884 compassionis
3023 803 3417 878 monstravit,

1931 906 2307 978 praesentem
2348 899 2622 963 civitatis
2663 900 3064 982 iniquitatem
3103 907 3293 982 atque
3326 899 3425 962 fu-

1931 1003 2138 1058 turam
2189 996 2390 1078 ipsius
2434 997 2853 1060 calamitatem
2900 1017 2972 1061 ac
3020 1017 3273 1081 poenam
3320 1001 3427 1062 de-

1931 1093 2148 1158 flendo
2199 1114 2212 1156 :
2262 1096 2375 1176 qui
2425 1115 2551 1159 non
2598 1095 2803 1160 solum
2854 1098 3206 1159 secundum
3252 1100 3424 1179 quod

1931 1192 2116 1266 DeuS,
2153 1194 2261 1256 sed
2311 1194 2501 1256 etiam
2545 1196 2897 1257 secundum
2946 1195 3272 1258 scientiam
3324 1215 3427 1257 su-

1932 1309 2033 1353 am
2083 1299 2355 1353 creatam
2404 1311 2477 1354 ac
2532 1293 2821 1368 inditam,
2871 1293 3191 1356 civitatem
3248 1293 3423 1356 illam

1932 1407 2318 1470 omnemque
2364 1390 2503 1470 ejus
2553 1391 3002 1473 proprietatem
3052 1398 3117 1453 et
3160 1391 3426 1472 qualita-

1933 1495 2084 1562 tem,
2117 1487 2198 1549 ab
2229 1487 2680 1552 incarnationis
2713 1488 2972 1552 exordio
3002 1488 3427 1552 infallibiliter

1934 1587 2096 1650 vidit
2152 1588 2566 1651 intellectuali
2625 1588 2901 1668 intuitu;
2954 1590 3063 1652 sed
3120 1589 3239 1653 hac
3287 1589 3425 1653 vice

1934 1685 2324 1748 sensibiliter
2362 1705 2436 1749 ea
2474 1687 2629 1760 visa,
2663 1687 3001 1769 praecipuae
3045 1687 3428 1769 compassio-

1935 1783 2034 1846 nis
2063 1791 2309 1847 motum
2340 1791 2563 1866 sponte
2590 1784 2955 1867 assumpsit,
2987 1803 3181 1866 quam
3211 1793 3273 1847 et
3302 1805 3428 1848 ma-

327 1879 642 1940 dioeerunt
667 1881 758 1938 ad
784 1880 1000 1948 illum,
1021 1879 1265 1943 scilicet
1293 1880 1612 1944 Christum
1649 1900 1662 1944 :
1689 1885 1826 1944 Ma·
1859 1878 1908 1942 B
1935 1881 2265 1944 terialibus
2324 1882 2601 1945 lacrimis
2660 1890 2961 1963 tanquam
3020 1883 3199 1964 signo
3256 1891 3427 1947 certo

320 1977 542 2052 qister.
565 1974 702 2039 Non
731 1977 1052 2040 audebant
1079 1979 1138 2040 ei
1170 1977 1591 2042 irreverenter
1619 1979 1820 2061 loqui,

327 2073 554 2137 timore
602 2074 834 2156 plebis.
866 2077 1142 2154 Ino-repa
1171 2079 1526 2154 discipulos
1566 2088 1726 2151 tuo-3,
1761 2079 1824 2140 id

326 2181 420 2234 est
451 2173 604 2235 istos
633 2171 748 2254 qui
779 2179 842 2235 te
870 2181 1000 2236 tam
1030 2174 1414 2238 excellenter
1443 2174 1820 2256 collaudant3

328 2271 448 2344 vel,
481 2270 842 2353 Discipulos
877 2279 1042 2347 tuos,
1075 2274 1186 2354 qui
1227 2273 1398 2336 istud
1430 2293 1561 2357 prae
1597 2276 1824 2338 ceteris

327 2369 592 2444 faciunt,
639 2387 754 2431 seu
801 2369 960 2433 alios
1007 2372 1087 2433 ad
1134 2371 1270 2435 haec
1317 2371 1649 2436 inducunt.
1697 2374 1825 2439 Hoc

327 2487 401 2531 ex
431 2467 678 2531 invidia
709 2469 1136 2550 protulerunt,
1169 2471 1473 2552 quoniam
1505 2470 1824 2536 Christum

329 2567 738 2648 spernebant,
771 2584 889 2629 nec
938 2584 1150 2648 regem
1197 2568 1388 2632 Israel
1431 2588 1568 2633 esse
1611 2572 1827 2634 crede-

328 2665 501 2739 bant,
548 2683 670 2728 nec
710 2684 749 2727 a
788 2664 914 2728 Deo
956 2666 1228 2729 venisse.

409 2765 660 2832 Quibus
687 2765 824 2840 ipse
859 2764 958 2824 ait
986 2784 1012 2824 .·
1041 2765 1198 2826 Dico
1239 2767 1434 2838 vebia,
1467 2768 1628 2844 quia
1666 2769 1726 2828 si
1753 2769 1826 2828 hi

331 2865 680 2933 tacuerint,
737 2864 987 2940 capides
1041 2867 1440 2927 clamabunt.
1498 2864 1824 2947 Tanquam

328 2961 538 3024 dicat:
583 2961 757 3024 Hanc
805 2962 976 3024 diem
1024 2963 1468 3045 praeordinavi,
1515 2971 1587 3027 ut
1637 2965 1703 3028 in
1752 2984 1827 3026 ea

1933 1981 2231 2044 ostendit.
2278 2017 2354 2026 —
2404 1980 2729 2055 Praeterea,
2782 1981 3145 2044 lacrimatus
3194 1989 3289 2045 est
3333 1983 3430 2045 Je-

1935 2097 2044 2140 sus
2079 2095 2092 2140 :
2130 2077 2361 2159 primo,
2405 2077 2471 2139 in
2521 2096 2636 2139 sua
2683 2077 3029 2148 nativitate,
3076 2079 3427 2141 secundum

1937 2183 2183 2239 sanctos
2216 2177 2537 2255 doctores3
2573 2177 2873 2250 secund0,
2908 2175 2972 2239 in
3014 2194 3127 2238 sua
3159 2177 3429 2239 circum-

1938 2275 2202 2348 cisione,
2252 2275 2603 2336 secundum
2661 2273 3047 2336 Bernardum
3108 2282 3171 2336 et
3218 2275 3424 2356 alios3

1935 2373 2144 2447 tertio,
2208 2370 2273 2434 in
2328 2371 2542 2433 Lazari
2600 2372 3029 2447 suscitatione,
3096 2381 3167 2435 ut
3224 2372 3429 2436 fertur
3481 2398 3716 2450 Joamm.

1933 2473 2104 2554 apud
2148 2471 2489 2550 Joannem3
2522 2477 2769 2552 quarto,
2806 2470 2872 2534 in
2919 2471 3038 2534 hac
3081 2471 3429 2554 processio-
3456 2463 3524 2506 ³⁵·

1934 2589 2054 2650 ne;
2088 2569 2337 2652 quinto,
2384 2569 2659 2632 instante
2705 2588 2819 2631 sua
2866 2569 3179 2651 passione,
3225 2589 3429 2652 quan-

1935 2670 2014 2732 do
2072 2675 2135 2730 et
2182 2667 2375 2731 sudor
2421 2667 2561 2748 ejus
2616 2667 2821 2730 factus
2878 2676 2973 2730 est
3018 2667 3184 2730 sicut
3235 2676 3428 2749 guttae
3494 2693 3719 2745 Luam,

1935 2766 2263 2847 sanguinis
2306 2766 2699 2828 decurrentis
2738 2765 2804 2828 in
2847 2773 3078 2828 terram
3118 2767 3318 2848 (unde
3348 2769 3425 2830 ad
3454 2755 3525 2798 ⁴⁴·

1933 2865 2227 2928 Hebraeos
2277 2862 2512 2926 dicitur
2544 2881 2558 2926 ε
2595 2862 2748 2927 Cum
2798 2864 3073 2927 clamore
3112 2865 3321 2928 valido
3366 2872 3430 2928 et
3454 2887 3719 2940 fletam-1.

1935 2961 2215 3026 lacrimis
2265 2979 2485 3042 preces
2533 2960 2891 3042 offerens);
2944 2969 3139 3035 sexto,
3192 2961 3258 3025 in
3317 2981 3433 3025 sua

326 3059 576 3123 debitus
607 3059 769 3122 mihi
810 3059 1014 3124 honor
1041 3061 1437 3138 exhibeatur,
1471 3069 1534 3124 et
1576 3062 1721 3144 quis
1751 3082 1825 3126 ac
1862 3062 1905 3127 C
1935 3060 2251 3143 passione,
2287 3059 2352 3121 in
2394 3077 2521 3140 qua
2558 3067 2620 3121 et
2660 3059 2891 3141 saepius
2933 3078 3065 3142 prae
3091 3060 3431 3124 acerbitate

323 3157 530 3238 qualis
561 3159 685 3220 sim
715 3160 1104 3234 ostendatur,
1139 3178 1220 3223 ne
1261 3177 1376 3242 per
1405 3161 1822 3241 ignorantiam

327 3276 432 3320 vos
471 3275 780 3320 excusare
821 3258 1078 3340 possitis
1117 3260 1288 3340 quod
1327 3259 1484 3322 mihi
1525 3278 1652 3324 non
1692 3279 1826 3324 cre-

326 3355 490 3418 ditis.
523 3354 768 3419 Idcirco
813 3355 867 3417 si
916 3355 1210 3419 homines
1259 3375 1400 3419 mea
1437 3376 1563 3421 non
1607 3358 1827 3440 loque-

327 3461 544 3515 rentur
604 3453 943 3536 praeconia,
1006 3473 1156 3518 saxa
1213 3455 1540 3537 aliquibus
1599 3457 1820 3538 signis,

328 3553 644 3626 scissuris,
676 3559 789 3615 aut
817 3553 1230 3629 motionibus,
1265 3553 1658 3634 majestatem
1695 3573 1825 3617 me-

327 3671 424 3713 am
453 3650 840 3714 mirabiliter
870 3651 1284 3715 declararent.
1319 3651 1495 3725 Quod
1536 3653 1727 3716 etiam
1756 3655 1824 3716 in

330 3749 558 3812 Christi
591 3755 836 3813 constat
865 3750 1160 3831 passione
1187 3751 1593 3832 completum,
1613 3770 1827 3815 secun-

331 3848 476 3910 dum
507 3847 818 3911 Glossam.
848 3847 1006 3910 Nam
1045 3848 1185 3930 ipso
1224 3849 1291 3910 in
1322 3867 1511 3912 cruce
1551 3851 1828 3932 penden-

331 3954 390 4009 te
421 3955 616 4029 petrae
654 3945 870 4010 scissae
908 3953 1080 4021 sunt,
1114 3946 1376 4029 suisque
1409 3949 1826 4012 scissionibus

333 4045 604 4109 Creatori
656 4064 773 4109 suo
813 4045 996 4127 quasi
1045 4045 1618 4128 compatiebantur,
1660 4048 1830 4129 ejus-

330 4163 454 4224 que
489 4143 907 4206 eminentiam
950 4143 1092 4226 ipso
1122 4142 1288 4207 facto
1327 4151 1480 4206 sunt
1523 4152 1830 4226 protesta-

1934 3158 2225 3222 dolorum
2269 3164 2498 3240 sponte
2540 3157 2835 3239 ploravit.

2013 3257 2250 3337 Itaque,
2306 3255 2527 3317 videns
2580 3254 2803 3316 urbem
2865 3253 3213 3336 praefatam,
3264 3255 3434 3336 ejus-

1933 3372 2061 3436 que
2116 3353 2661 3435 pulchritudinem
2718 3353 3118 3429 exteriorem,
3173 3353 3432 3418 deflevit

1934 3453 2137 3535 ipsius
2169 3451 2447 3533 culpam,
2482 3458 2543 3512 et
2572 3468 2827 3532 poenam
2858 3459 2986 3513 tam
3016 3452 3429 3534 temporalem

1933 3570 2126 3634 quam
2185 3557 2508 3613 aeternam.
2564 3549 2831 3612 Nomine
2887 3557 3097 3612 autem
3155 3551 3428 3614 civitatis

1935 3650 2311 3713 habitatores
2341 3647 2480 3728 ejus
2510 3647 2958 3728 intelliguntur.
2976 3650 3248 3710 Dicens:
3266 3651 3429 3719 Quia
3561 3662 3633 3718 42

1933 3751 1992 3810 si
2019 3749 2439 3827 cognovisses,
2469 3747 2533 3808 id
2564 3753 2680 3820 est,
2714 3746 2767 3808 si
2807 3745 3132 3808 miseriam
3162 3753 3223 3808 et
3251 3766 3430 3811 ever-

1937 3847 2179 3910 sionem
2240 3844 2355 3908 tibi
2406 3845 2847 3907 imminentem
2896 3862 3326 3926 cognoscereS,
3368 3856 3429 3907 et

1939 3955 2010 4007 cu
2041 3944 2264 4026 utique
2298 3941 2513 4018 flereS,
2547 3962 2690 4024 quae
2729 3944 2916 4007 modo
2956 3942 3295 4006 infeliciter
3324 3963 3431 4008 ex-

1939 4049 2163 4106 caecata
2222 4041 2451 4104 laetaris
2500 4059 2699 4122 quum
2749 4040 3165 4116 malefeceriS,
3218 4051 3279 4106 et
3326 4061 3431 4105 ex·
3455 4071 3722 4122 pm„‚..,14,

1939 4141 2134 4203 sul'tas
2184 4141 2251 4202 in
2302 4139 2493 4201 rebus
2542 4139 2859 4221 pessimis,
2906 4139 3059 4220 quia
3106 4141 3429 4223 propriam

332 4250 426 4304 tae.
459 4242 733 4306 Possunt
761 4259 1020 4324 quoque
1052 4261 1168 4324 per
1197 4241 1461 4324 lapideS,
1492 4243 1649 4305 dura
1675 4261 1828 4325 gen-
1860 4243 1910 4304 D
1938 4238 2415 4322 perversitatem
2466 4256 2593 4301 non
2643 4255 2891 4319 pensas,
2934 4244 2998 4300 et
3045 4257 3265 4320 poenas
3314 4239 3431 4302 tibi

330 4341 538 4403 tilium
603 4341 793 4404 corda
853 4339 1148 4420 intelligi,
1207 4359 1482 4422 quorum
1541 4341 1824 4422 quidam,

128 4448 306 4505 masa
337 4446 482 4520 puta
539 4438 832 4502 centurio
878 4447 942 4500 et
989 4439 1048 4501 ei
1103 4438 1490 4513 consimileS,
1542 4439 1827 4502 videntes

101 4509 202 4555 uere

205 4545 214 4554 .
249 4529 294 4558 xv

102 4574 151 4614 39.

169 4833 222 4887 n

301 4536 650 4600 ’mirabilia
679 4555 824 4618 quae
861 4536 927 4598 in
960 4534 1187 4599 Christi
1231 4535 1522 4619 passione
1563 4536 1824 4612 fiebant,

335 4635 854 4716 glorificaverunt
900 4633 1099 4697 Deum
1146 4634 1427 4698 dicentes
1465 4653 1479 4697 :
1513 4634 1672 4697 Vere
1724 4635 1829 4699 hic

340 4732 523 4798 homo
565 4733 765 4796 Filius
807 4731 917 4794 Dei
959 4739 1116 4794 erat.

433 4835 516 4893 Et
565 4839 638 4892 ut
687 4830 1266 4910 appropinquavit,
1321 4831 1546 4891 videns
1597 4833 1830 4892 civita-

345 4939 486 5001 tem,
511 4931 699 5008 flevit
735 4948 928 5007 super
966 4929 1177 4990 illam.
1221 4927 1646 5010 corporaliter
1685 4930 1829 4992 urbi

341 5025 678 5091 Jerusalem
728 5026 1290 5109 appropinquavit,
1331 5046 1369 5088 a
1415 5046 1543 5108 qua
1589 5035 1651 5091 et
1699 5047 1834 5091 cor-

347 5127 510 5208 poris
538 5125 1138 5208 circumscriptione
1165 5123 1450 5199 distabat‚
1475 5125 1587 5207 qui
1618 5144 1834 5189 secun-

349 5224 492 5286 dum
532 5243 714 5288 suam
755 5222 1176 5296 divinitatem,
1221 5223 1590 5285 universum
1633 5223 1835 5286 inces-

351 5321 628 5386 sabiliter
659 5322 973 5385 mundum
1011 5319 1256 5402 implet.
1291 5320 1596 5403 Denique,
1631 5340 1834 5402 quum

1939 4337 2181 4400 debitas
2238 4355 2311 4398 ac
2368 4337 2675 4398 instantes
2735 4354 2861 4398 non
2921 4337 3255 4418 praevides.
3305 4337 3435 4402 Hoc

1940 4437 2127 4499 modo
2185 4435 2471 4517 quotidie
2521 4434 2812 4498 homines
2862 4435 3151 4511 virtuosi,
3205 4455 3433 4518 pravo-

1939 4553 2082 4596 rum
2137 4539 2725 4614 excaecatorumque
2780 4531 3116 4596 hominum
3172 4533 3431 4597 obtene-

1938 4631 2293 4694 brationem
2323 4630 2637 4692 internam
2668 4649 2741 4692 ac
2771 4631 3235 4694 damnationem
3263 4638 3431 4694 aeter·

1940 4749 2086 4793 nam
2118 4728 2461 4811 deplorant,
2482 4729 2593 4810 qui
2625 4729 2919 4791 nesciunt
2946 4748 3061 4792 cur
3087 4727 3427 4793 deflentur:

1939 4831 2015 4892 de
2043 4827 2281 4910 quibus
2309 4825 2597 4890 Salomon
2632 4834 3023 4908 protestatur,
3045 4827 3432 4909 Relinquunt
3486 4851 3606 4896 ιὸεα.
3629 4855 3694 4895 η.

1938 4928 2060 4990 iter
2106 4935 2371 5000 rectum,
2424 4933 2488 4988 et
2532 4926 2863 4989 ambulant
2914 4945 3025 5008 per
3076 4927 3209 4989 vias
3258 4934 3433 4989 tene-

1939 5026 2179 5089 brosas.
2214 5025 2384 5087 Hanc
2426 5024 2655 5088 Christi
2706 5025 3001 5107 pietatem
3052 5025 3276 5088 sectari
3327 5026 3435 5088 de-

1940 5125 2189 5198 bemus,
2235 5123 2387 5205 quia
2434 5130 2497 5185 et
2544 5123 2682 5205 ipse
2729 5131 3030 5205 tanquam
3078 5123 3429 5207 piissimuS,

1943 5223 2132 5285 etiam
2173 5220 2447 5284 inimicae
2484 5221 2759 5285 civitatis
2793 5220 3209 5284 calamitatem
3240 5221 3435 5285 defle-

1946 5321 2056 5385 vit.
2108 5319 2283 5382 Unde
2328 5327 2391 5382 ct
2438 5339 2573 5394 nOS,
2629 5337 2755 5384 non
2805 5321 3009 5385 solum
3056 5320 3429 5398 amicorum,
