4300 6259
553 1776 742 1819 lloann.
757 1788 814 1827 ιιι,

554 1842 620 1881 13.

575 1971 692 2015 Ibid.
707 1974 815 2023 w,5.

549 2169 816 2221 Iacebant.

534 2372 547 2380 '
569 2366 649 2410 Pn.
672 2378 738 2417 ιιι,
760 2369 798 2411 6.

553 2765 665 2820 Sap.
685 2780 727 2817 ιι,
749 2768 813 2807 15.

570 3353 668 3397 Pro
669 3368 816 3407 vvvvvv

558 3419 598 3460 2.

554 3550 676 3599 laid.
757 3560 804 3600 ¹2

843 488 966 553 410

1617 508 1970 557 malumno
2011 510 2076 556 m
2115 510 2257 557 GAP.
2302 509 2388 556 vn
2430 510 2706 557 somma.
2746 530 2829 541 ·-
2868 510 3011 557 ΛΒΤ.
3056 510 3165 558 xlx

843 675 1074 739 facere.
1119 677 1504 761 Certumque
1551 688 1647 743 est
1691 681 1813 745 hoc
1851 683 1927 743 de
1966 682 2335 745 hominibus
2364 681 2417 743 A
2446 684 2580 759 ipse
2626 684 2939 753 aseendit,
2989 691 3131 765 post
3182 701 3415 765 paucos
3464 681 3619 758 dies,
3664 682 3819 764 quia
3870 690 3935 743 ut

843 775 991 838 dici.
1035 774 1136 838 Sic
1186 777 1518 841 verissime
1565 779 1837 842 dicimus
1881 799 1895 843 ε
1938 781 2338 863 Impossibile

841 881 938 936 θεῖ
967 875 1316 956 superbum
1347 876 1472 940 Deo
1503 878 1772 960 placere,
1807 880 2190 943 homicidam
2222 881 2338 941 sal-

845 973 997 1046 vari,
1035 974 1409 1037 iracundum
1453 996 1490 1037 a
1531 976 1772 1060 Spiritu
1817 977 2043 1042 Sancto
2086 979 2337 1040 inhabi-

842 1072 981 1133 tari.
1029 1071 1148 1134 Sed
1200 1081 1263 1135 et
1313 1093 1516 1155 poenae
1563 1095 1708 1157 quae
1750 1077 1986 1139 talibus
2035 1078 2335 1139 determi-

843 1178 1094 1245 nantur,
1131 1172 1556 1253 intelligendae
1593 1182 1745 1236 sunt
1783 1175 1901 1238 sub
1951 1176 2330 1253 conditione,

843 1268 1139 1332 videlicet
1179 1271 1300 1333 nisi
1343 1273 1730 1354 poeniteant;
1773 1274 1870 1337 vel
1915 1292 2028 1355 per
2072 1277 2335 1338 modum

842 1369 1395 1446 comminationi33
1457 1372 1554 1433 vel
1615 1372 1768 1453 quia
1820 1372 2193 1454 frequenter
2243 1374 2335 1437 sic

842 1467 1092 1528 accidit.
1155 1468 1514 1531 Secundum
1576 1470 1747 1532 hunc
1803 1470 2018 1553 itaque
2075 1490 2333 1534 sensum

844 1566 1000 1627 dicit
1048 1584 1217 1628 nunc
1267 1567 1552 1630 Christus
1611 1568 1914 1631 fratribus
1963 1569 2100 1632 istis
2149 1590 2337 1633 mun-

845 1664 1024 1727 danis
1077 1684 1090 1727 :
1143 1664 1277 1728 Non
1338 1674 1544 1748 potest
1600 1670 1876 1731 mundus
1934 1670 2142 1731 odisse
2197 1689 2331 1733 vos.

847 1762 1003 1825 Hinc
1055 1763 1208 1825 dicit
1251 1764 1521 1828 loannes
1572 1766 1638 1828 in
1688 1786 1802 1829 sua
1849 1768 2116 1849 epistola
2162 1788 2175 1831 ε
2216 1767 2337 1832 No-

2444 781 2568 844 cito
2609 781 2868 863 patebit,
2906 782 3042 864 ipse
3081 782 3253 845 venit
3297 782 3361 843 in
3402 781 3709 864 templum
3747 800 3935 863 quar-

2444 887 2509 941 to
2556 880 2659 941 die
2706 879 3069 943 festivitatis
3119 882 3455 962 praedictae.
3498 878 3740 941 Fratres
3786 897 3935 941 vero

2446 978 2648 1060 ipsius
2698 978 3127 1042 interfuerunt
3168 979 3376 1061 primo
3418 978 3777 1041 festivitatis
3821 977 3937 1040 hu-

2441 1076 2546 1156 jus
2591 1076 2739 1138 diei.
2776 1079 2925 1140 Non
2962 1078 3323 1153 manifeste,
3353 1080 3465 1137 sed
3502 1078 3691 1155 quasi
3730 1078 3801 1137 in
3840 1096 3937 1136 oc·-

2443 1178 2639 1243 culto,
2687 1176 2839 1255 quia
2889 1182 2957 1236 ut
3005 1173 3245 1238 dictum
3294 1183 3411 1249 est,
3454 1176 3533 1237 ad
3582 1174 3699 1237 hoc
3750 1174 3935 1236 decli·

2445 1272 2619 1335 navit
2666 1291 2703 1334 a
2750 1290 3011 1336 suorum
3058 1273 3565 1336 adversariorum
3606 1274 3932 1355 adspectu,

2447 1379 2516 1432 ut
2578 1372 2755 1433 daret
2810 1372 3179 1454 exemplum
3244 1371 3587 1452 aliquando
3650 1370 3933 1451 fugiendi

2446 1477 2923 1552 persequenteS,
2956 1478 3019 1532 et
3059 1488 3138 1532 ne
3176 1472 3353 1532 daret
3396 1470 3524 1532 illis
3568 1470 3940 1532 incitamen-

2444 1575 2581 1630 tum
2624 1568 2952 1650 amplioris
2998 1569 3299 1632 rancoris.
3332 1568 3520 1632 Venit
3560 1568 3771 1650 itaque
3810 1586 3935 1631 non

2446 1665 2780 1729 manifeste
2814 1687 2827 1730 :
2864 1668 2963 1730 vel
3003 1668 3155 1749 quia
3192 1668 3330 1729 sine
3372 1686 3601 1748 magno
3638 1667 3937 1730 comitatu

2446 1766 2773 1847 processit,
2818 1766 2917 1828 vel
2966 1767 3119 1847 quia
3172 1784 3285 1847 per
3336 1785 3473 1827 rara
3522 1766 3749 1828 itinera
3798 1766 3933 1829 ivit.

845 1862 956 1923 lite
994 1861 1209 1923 mirari
1253 1863 1305 1924 si
1354 1864 1488 1927 odit
1529 1884 1637 1927 vos
1680 1868 1977 1928 mundus.
2013 1866 2142 1931 Hoc
2181 1866 2335 1930 dicit
2370 1864 2419 1927 B
2448 1864 2548 1958 vel
2596 1864 2748 1946 quia
2794 1865 3077 1947 conspici
3127 1865 3351 1928 noluit.
3393 1863 3509 1926 Per
3546 1865 3714 1945 quod
3766 1864 3937 1927 dedit

847 1960 922 2021 de
961 1960 1172 2040 justis.
1205 1960 1290 2022 De
1331 1961 1547 2043 impiis
1587 1982 1736 2027 vero
1775 1964 2007 2045 adjecit
2041 1984 2056 2027 :
2091 1965 2217 2047 Ipsi
2259 1966 2335 2028 de

846 2058 1084 2122 mundo
1133 2067 1302 2134 sunt,
1345 2068 1408 2122 et
1455 2061 1532 2123 de
1581 2064 1820 2126 mundo
1868 2064 2241 2144 loquuntur,
2274 2072 2337 2125 et

847 2158 1123 2218 mundus
1169 2176 1276 2220 eos
1332 2158 1529 2221 audit.
1584 2159 1799 2223 Merito
1855 2179 2004 2242 ergo
2057 2161 2339 2224 amicitia

847 2255 1039 2335 hujus
1089 2257 1313 2319 mundi
1363 2257 1622 2321 inimica
1665 2267 1758 2321 est
1801 2259 1946 2335 Deo,
1983 2260 2046 2322 in
2090 2268 2333 2323 tantum

845 2356 1016 2435 quod
1058 2355 1216 2417 Deus
1255 2356 1590 2438 dissipavit
1626 2376 1768 2420 ossa
1803 2376 2022 2421 eorum
2069 2360 2181 2441 qui
2228 2360 2340 2423 ho-

846 2452 1128 2515 minibus
1173 2453 1443 2536 placent.

925 2554 1030 2613 Me
1076 2562 1293 2613 autem
1339 2554 1476 2613 odit
1524 2554 1823 2629 munduS,
1879 2554 1942 2617 id
1989 2562 2085 2617 est
2133 2554 2339 2618 homi-

846 2668 957 2711 nes
1002 2650 1234 2724 vitiosi,
1279 2651 1628 2732 praesertim
1680 2652 2002 2734 principes
2051 2655 2339 2717 sacerdo-

845 2756 978 2811 tum
1031 2768 1178 2811 cum
1228 2749 1361 2811 suis
1411 2748 1790 2825 fautoribu3‚
1842 2752 2079 2833 quibus
2126 2752 2338 2832 gravis

845 2846 969 2909 fuit
1018 2847 1301 2909 Christus
1348 2848 1424 2909 ad
1476 2848 1842 2923 videndum,
1889 2851 2048 2930 quia
2094 2870 2207 2927 eqo
2256 2861 2341 2911 te-

843 2947 1222 3007 stimonium
1259 2948 1562 3023 perhibeo
1607 2950 1689 3007 de
1731 2949 1871 3016 illo,
1911 2950 2093 3027 quia,
2137 2948 2200 3011 id
2244 2957 2340 3011 est

2445 1963 2833 2045 exemplum,
2878 1970 2947 2025 ut
2995 1964 3317 2025 interdum
3368 1963 3698 2025 humiliter
3746 1962 3939 2023 latea-

2444 2080 2610 2135 mus,
2635 2069 2826 2143 atque
2858 2062 3105 2125 occulte
3140 2080 3399 2141 agamus
3430 2061 3597 2124 bona
3634 2080 3779 2142 quae
3812 2060 3939 2141 agi·

2446 2178 2611 2232 mus,
2648 2178 2728 2221 ne
2768 2159 2875 2221 alii
2920 2167 3139 2222 contra
3181 2176 3296 2221 nos
3339 2167 3785 2241 provocentur.

2520 2259 2740 2319 Juda’i
2764 2278 2915 2336 erqo
2944 2260 3313 2338 quaerebant
3340 2278 3487 2318 eum
3532 2260 3605 2319 in
3642 2259 3751 2318 die
3777 2260 3935 2335 sesto

2448 2355 2511 2417 in
2547 2356 2916 2429 Jerusalem,
2949 2356 3251 2437 quoniam
3294 2355 3519 2419 solitus
3557 2354 3679 2417 fuit
3714 2355 3805 2418 ibi
3832 2357 3936 2417 ad-

2445 2473 2583 2517 esse
2614 2455 2679 2516 in
2713 2454 3054 2536 praecipuis
3094 2453 3273 2516 festis
3299 2473 3315 2533 3
3344 2464 3407 2515 et
3434 2457 3733 2515 dicebant
3762 2475 3785 2514 :
3816 2457 3939 2515 Ubi

2443 2563 2533 2613 est
2572 2556 2682 2613 ille
2728 2552 3031 2627 famosus,
3087 2552 3199 2633 qui
3242 2552 3543 2615 omnibus
3592 2560 3777 2615 notus
3814 2559 3932 2627 est,

2446 2651 2599 2734 quia
2646 2652 2710 2713 in
2770 2650 3069 2713 omnibus
3130 2650 3490 2730 singulariS,
3544 2651 3609 2713 in
3661 2650 3939 2732 pulchri·

2447 2750 2669 2812 tudine
2706 2750 2943 2824 vultuS,
2987 2750 3053 2812 in
3104 2749 3479 2812 habitudine
3524 2749 3825 2831 corporiS‚
3870 2750 3935 2811 in

2446 2848 2827 2911 rectitudine
2872 2847 3213 2929 aequitatiS,
3248 2848 3313 2909 in
3356 2848 3661 2922 doctrina,
3703 2847 3767 2909 in
3811 2848 3941 2911 elo-

2447 2947 2731 3028 quentia,
2768 2947 2831 3008 in
2876 2946 3245 3007 miraculis?
3286 2944 3443 3007 Hinc
3481 2963 3630 3026 ergo
3670 2964 3793 3008 non
3830 2964 3941 3007 ex-

847 3046 1040 3126 quod,
1074 3065 1265 3122 opera
1301 3046 1441 3123 ejus
1479 3050 1656 3106 mala
1695 3058 1871 3115 sunt,
1919 3047 1982 3109 id
2033 3055 2146 3122 est,
2197 3066 2341 3129 pec-
2376 3042 2419 3106 C
2451 3046 2737 3127 primunt
2768 3062 2998 3107 nomen
3031 3043 3233 3125 ipsius
3268 3062 3283 3106 ε
3316 3051 3381 3105 θῖ
3409 3042 3571 3106 forte
3600 3045 3769 3125 quod
3796 3044 3941 3125 qui-

847 3151 983 3205 cata
1031 3161 1248 3206 eorum
1299 3152 1514 3225 aperte
1564 3146 1890 3225 redarguo.
1945 3146 2184 3208 Veritas
2232 3165 2341 3209 au-

848 3250 975 3305 tem
1024 3242 1241 3305 odium
1291 3242 1475 3324 parit.
1517 3242 1778 3325 Propter
1825 3245 1996 3325 quod
2045 3242 2336 3308 Salomon

848 3340 1134 3421 loquitur
1186 3359 1200 3403 ε
1251 3340 1599 3403 Ambulans
1650 3349 1820 3405 recto
1879 3342 2107 3405 itinere
2156 3351 2219 3405 et
2268 3343 2344 3405 ti-

851 3456 1030 3501 mens
1075 3438 1292 3515 Deum,
1333 3438 1682 3522 despicitur
1723 3439 1804 3501 ab
1842 3458 1917 3504 eo
1957 3441 2068 3522 qui
2117 3440 2341 3503 infami

682 3568 748 3607 xv.
808 3588 821 3601 .
847 3537 1133 3618 graditur
1174 3536 1294 3602 via.
1329 3536 1404 3599 Et
1442 3538 1650 3601 denuo
1687 3538 1775 3600 ait
1808 3556 1823 3602 ε
1855 3538 1988 3602 Non
2029 3546 2199 3601 amat
2238 3558 2347 3621 pe-

701 3766 743 3805 ν,
807 3784 822 3799 .
851 3734 1074 3797 scribit
1130 3734 1320 3797 Amos
1377 3754 1391 3798 :

681 5127 716 5181 9

660 5225 728 5281 10

851 3636 1072 3699 stilens
1131 3654 1278 3698 eum
1335 3636 1448 3717 qui
1509 3654 1576 3698 se
1633 3637 1918 3718 corripit.
1970 3637 2055 3700 De
2111 3638 2344 3700 talibus

1453 3734 1606 3798 Odio
1664 3735 2026 3798 habuerunt
2082 3736 2348 3818 corripi-

850 3841 1085 3907 entem,
1137 3841 1198 3897 et
1250 3833 1617 3914 loquentem
1668 3833 1949 3915 perfecte
1997 3834 2346 3897 abominati

851 3940 1011 3995 sunt.
1033 3931 1176 3995 Haec
1204 3931 1326 3993 fuit
1359 3931 1565 4014 prima
1591 3941 1778 4013 atque
1807 3934 2130 4014 praecipua
2160 3952 2348 3995 causa

851 4031 977 4095 odii
1030 4038 1093 4092 et
1141 4031 1600 4111 persecutionis
1647 4032 2002 4095 Judaeorum
2059 4032 2125 4094 in
2172 4031 2348 4095 Chri-

855 4137 1046 4201 stum,
1080 4129 1232 4210 quia
1262 4128 1616 4212 increpavit
1648 4131 1987 4211 pravitates
2019 4150 2263 4195 eorum.

2451 3145 2594 3206 dam
2624 3161 2845 3205 eorum
2876 3160 2951 3204 ex
2982 3150 3372 3223 contemptu,
3392 3149 3463 3203 ut
3490 3142 3655 3217 mali,
3678 3142 3937 3223 quidam

2453 3260 2603 3305 vero
2645 3259 2721 3303 ex
2768 3240 3143 3313 reverentia,
3187 3248 3257 3301 ut
3302 3242 3651 3315 credenteS,
3694 3241 3813 3304 boc
3850 3240 3941 3303 fe-

2454 3347 2699 3403 cerunt.
2734 3343 2819 3401 Et
2868 3359 3168 3401 murmur
3212 3342 3516 3407 multum,
3556 3339 3620 3400 id
3670 3346 3765 3401 θεῖ
3812 3358 3943 3401 ma·

2452 3457 2579 3519 gna
2606 3438 2925 3503 contentio
2959 3444 3022 3499 et
3058 3437 3281 3517 ingens
3322 3436 3770 3513 confabulatio,
3800 3448 3942 3499 erat

2453 3542 2533 3600 de
2558 3559 2628 3599 eo
2657 3540 2731 3599 in
2763 3538 2966 3608 turba,
3000 3536 3165 3598 sicut
3193 3538 3271 3599 de
3301 3536 3672 3599 absentibus
3702 3555 3945 3618 magnai

2458 3636 2875 3719 reputationis
2928 3653 3067 3697 esse
3116 3634 3295 3698 solet.
3348 3634 3544 3715 Cujus
3594 3636 3751 3699 ratio
3796 3634 3947 3697 sub-

2457 3737 2645 3798 ditur.
2672 3737 2955 3805 Quidam
2982 3734 3159 3795 enim
3187 3735 3524 3795 dicebant:
3548 3736 3717 3803 Quia
3748 3736 3946 3795 bonus

2456 3844 2568 3905 est,
2620 3833 2685 3896 id
2732 3840 2847 3907 est,
2892 3850 3040 3895 vera
3086 3832 3319 3895 docens
3368 3838 3431 3893 et
3474 3830 3646 3911 juste
3698 3832 3941 3895 vivens.

2456 3932 2680 3994 Nullus
2724 3938 2937 3993 tamen
2994 3948 3215 3994 eorum
3272 3929 3611 3993 aestimavit
3658 3948 3801 3992 eum
3849 3947 3949 3993 es-

2458 4030 2807 4093 sentialiter
2838 4028 3102 4103 bonum,
3136 4035 3439 4109 tanquam
3470 4046 3689 4091 verum
3722 4026 3941 4091 Deum.

2458 4130 2602 4191 Alii
2629 4138 2847 4189 autem
2874 4129 3171 4189 dicebant
3198 4146 3221 4186 .·
3256 4128 3405 4190 Non
3446 4134 3544 4189 est
3578 4126 3804 4200 bonuS‚
3834 4130 3946 4187 sed

953 4231 1066 4309 ¹Vos
1121 4230 1441 4289 ascendite
1496 4232 1585 4289 ad
1637 4233 1814 4291 diem
1861 4232 2100 4307 festum
2147 4234 2346 4302 laune,
2380 4227 2429 4289 D
2455 4229 2701 4288 seducit
2742 4229 2985 4293 turbas,
3036 4242 3151 4307 per
3197 4224 3563 4287 simulatam
3604 4224 3938 4305 justitiam,

857 4328 975 4390 boc
1023 4334 1118 4389 est
1165 4328 1243 4389 ad
1295 4326 1686 4409 principium
1735 4328 2132 4392 solennitatis
2192 4348 2350 4411 prae-

856 4425 999 4489 fatae
1057 4426 1408 4488 secundum
1470 4426 1693 4506 legem.
1753 4430 1888 4503 E'90
1945 4436 2163 4489 autem
2216 4448 2347 4489 non

855 4527 1194 4586 ascendam
1237 4526 1324 4583 ad
1365 4526 1540 4585 diem
1586 4526 1822 4601 festum
1877 4526 2101 4592 istum,
2147 4526 2211 4588 id
2255 4534 2349 4587 est

851 4624 930 4685 ad
969 4623 1300 4686 exordium
1339 4622 1701 4685 festivitatis
1741 4623 1946 4699 istiuS,
1983 4625 2092 4686 sed
2132 4633 2349 4707 postea

853 4722 1126 4785 veniam.
1159 4721 1396 4802 ltaque,
1431 4720 1564 4784 Non
1603 4723 1962 4797 ascendam,
1996 4723 2207 4785 eundo
2246 4742 2349 4786 vo—

853 4820 1104 4882 biscum
1147 4827 1208 4881 et
1247 4818 1503 4901 publice
1543 4820 1877 4895 veniend0,
1911 4822 2070 4900 quia
2104 4831 2349 4900 tempus

855 4940 1066 4979 meum
1115 4921 1410 4979 nondum
1457 4920 1796 4995 impletum
1837 4929 1927 4979 est
1965 4919 2349 4998 (secundum

859 5034 1116 5078 sensum
1159 5016 1568 5097 expositum).

943 5118 1096 5176 Haec
1124 5136 1323 5195 quum
1355 5117 1648 5182 dimisset,
1681 5117 1815 5192 ipse
1845 5116 2087 5176 mansit
2121 5117 2195 5175 in
2230 5118 2353 5177 Ga-

863 5216 1060 5275 lilaea.
1105 5216 1182 5277 Ut
1219 5224 1461 5281 autem,
1495 5213 1558 5275 id
1607 5220 1702 5274 est
1750 5221 2108 5295 postquam,
2143 5234 2354 5274 ascen-

863 5314 1102 5373 derunt
1130 5312 1370 5389 fratres
1406 5312 1546 5389 ejus
1589 5311 1666 5373 ad
1707 5310 2078 5385 Jerusalem,
2111 5321 2265 5373 tunc
2294 5322 2353 5373 et

2456 4326 2615 4389 falsa
2663 4324 2970 4387 miracula
3021 4321 3515 4405 pestiferamque
3566 4322 3938 4386 doctrinam.

2540 4426 2741 4489 Nemo
2773 4433 2980 4484 tamen
3024 4421 3289 4484 istorum
3312 4425 3543 4498 palam
3570 4424 3947 4501 loquebatur

2457 4528 2536 4584 de
2590 4525 2731 4590 illo,
2790 4519 3034 4601 aliquid
3091 4518 3456 4582 definiendo
3524 4520 3602 4581 de
3665 4518 3945 4582 bonitate

2461 4622 2560 4685 vel
2601 4620 2909 4702 pravitate
2952 4618 3154 4701 ipsius
3198 4617 3262 4679 in
3300 4617 3621 4679 audientia
3664 4610 3943 4699 publica,

2447 4730 2714 4798 propter
2765 4728 3002 4779 metum
3048 4720 3447 4779 Judoeorum.
3508 4716 3681 4780 lstud
3737 4714 3948 4797 dupli-

2458 4818 2616 4881 citer
2672 4823 2878 4898 potest
2924 4814 3219 4896 intelligi.
3272 4814 3335 4876 Si
3394 4814 3567 4877 enim
3618 4816 3787 4895 quod
3832 4814 3945 4887 ait,

2458 4916 2719 4998 Propter
2758 4922 2997 4976 metum
3033 4913 3417 4986 Judaeorum,
3452 4912 3839 4993 intelligatur
3870 4913 3951 4975 de

2457 5015 2687 5080 Judaeis
2727 5013 2839 5095 qui
2880 5012 3247 5094 quaerebant
3279 5010 3598 5078 Christum
3638 5011 3947 5083 occidere,

2459 5121 2615 5175 tunc
2672 5112 2735 5175 id
2793 5112 2963 5192 quod
3022 5110 3264 5177 dictum
3320 5117 3437 5183 est,
3489 5109 3685 5173 Nemo
3742 5109 3953 5191 palam

2462 5211 2841 5292 loquebatur
2868 5211 2946 5271 de
2974 5226 3071 5281 eo,
3106 5208 3587 5289 intelligendum
3618 5207 3742 5270 erit
3768 5209 3957 5269 dum-

2464 5316 2633 5373 taxat
2674 5309 2751 5370 de
2802 5307 2901 5369 his
2950 5306 3063 5388 qui
3114 5306 3413 5369 dixerunt
3459 5306 3538 5367 dc
3582 5305 3751 5381 Jesu,
3798 5304 3959 5379 Quia

4084 2266 4151 2319 ss

4090 3350 4160 3402 12

4096 4432 4165 4487 13
