4300 6259
88 2973 263 3066 edbuxn

124 3857 267 3902 llpun

78 3925 211 3969 nusi!
219 3925 297 3972 32.

1090 525 1445 574 manna-1¹10
1487 525 1550 572 m
1593 524 1733 573 cu».
1778 525 1889 572 xm
1930 523 2119 573 mein.
2165 544 2245 555 —
2286 526 2429 572 aar.
2475 525 2665 573 xxxvi
3351 503 3434 569 89

326 705 443 772 est,
497 698 563 761 in
616 699 849 763 saeculo
897 699 1019 762 hoc
1077 699 1463 774 conversari,
1517 707 1581 762 et
1636 715 1830 780 opera
1861 697 1910 758 A
1940 697 2123 760 cibus
2162 698 2392 762 avibus
2430 697 2835 780 diripiantur,
2878 707 2939 758 et
2977 697 3248 758 noluisti
3293 695 3432 757 tali-

326 796 545 858 divina
576 815 891 880 peragere,
918 815 1029 860 seu
1060 797 1405 860 Jerusalem
1438 815 1659 860 versus
1692 815 1830 878 pro-

326 893 561 969 ficisci,
594 897 755 976 quia
804 915 929 956 non
979 899 1178 973 capit,
1209 897 1329 959 hoc
1376 903 1491 970 est,
1525 894 1831 976 capacita-

325 1002 453 1056 tem
486 1013 601 1056 seu
634 995 1114 1076 congruentiam
1146 1013 1273 1058 non
1304 994 1515 1067 habet,
1548 992 1831 1070 Prophe-

327 1103 457 1154 tam
484 1095 730 1172 perire,
760 1093 824 1155 id
855 1100 951 1155 est
978 1091 1207 1168 occidi,
1230 1102 1417 1154 eoetra
1445 1094 1823 1154 Jerusalem.

323 1190 455 1254 Hoc
508 1209 623 1273 per
678 1192 941 1254 modum
1000 1191 1432 1274 hyperbolicae
1489 1189 1827 1253 locutionis

324 1290 571 1352 dictum
604 1290 878 1353 videtur.
910 1289 1047 1352 Non
1089 1291 1261 1352 enim
1304 1307 1525 1352 omnes
1559 1288 1830 1369 Prophe-

323 1396 403 1450 tae
432 1387 653 1463 occisi,
690 1388 755 1450 in
794 1387 1144 1450 Jerusalem
1185 1396 1334 1451 sunt
1372 1387 1589 1464 occisi,
1624 1405 1827 1468 quum

320 1485 627 1548 Ieremias
673 1487 737 1548 in
780 1485 1069 1568 AEgypto,
1113 1494 1176 1548 et
1216 1485 1503 1548 Ezechiel
1544 1486 1609 1547 in
1651 1485 1830 1548 Chal·

323 1585 478 1659 daea,
533 1593 597 1647 et
642 1587 835 1648 Amos
896 1585 959 1647 in
1022 1592 1188 1646 terra
1244 1585 1464 1647 decem
1512 1584 1823 1657 tribuum,

323 1682 617 1764 legantur
646 1683 863 1746 occisi.
898 1682 1018 1746 Sed
1070 1683 1211 1746 ideo
1250 1683 1539 1747 Christus
1576 1681 1697 1747 hoc
1737 1683 1829 1745 di-

324 1783 437 1856 xit,
490 1782 645 1864 quia
694 1783 1123 1846 communiter
1169 1781 1237 1846 in
1282 1781 1632 1844 Jerusalem
1678 1780 1828 1843 talia

1938 803 2036 858 ter
2084 797 2474 878 congregari,
2518 797 2670 878 quia
2716 795 2842 859 Deo
2891 804 2952 858 et
3001 794 3244 857 Sanctis
3291 794 3432 877 ejus

1937 896 2117 958 fuisti
2163 896 2465 958 rebellis?
2508 896 2816 978 Denique,
2857 895 2910 958 si
2961 895 3279 956 interdum
3321 911 3434 976 po-

1940 995 2131 1076 pulus
2176 995 2285 1058 ille
2328 995 2512 1058 bonis
2561 995 2903 1066 consensit,
2947 995 3066 1058 hoc
3107 1012 3246 1056 raro
3284 991 3426 1069 fuit,

1938 1100 2000 1154 et
2049 1112 2166 1175 pro
2214 1094 2440 1175 maJ‘ori
2502 1100 2680 1176 parte
2739 1093 2946 1175 plebis
3002 1111 3076 1156 ac
3126 1091 3431 1174 temporis

1935 1190 2200 1254 fuerunt
2250 1193 2557 1274 perversi.
2613 1191 2898 1255 Christus
2947 1209 3204 1272 quoque
3261 1196 3435 1252 ante-

1938 1309 2130 1372 quam
2165 1290 2358 1354 verba
2397 1291 2532 1353 haec
2573 1290 2858 1372 protulit,
2895 1308 3062 1371 saepe
3094 1289 3158 1350 in
3190 1288 3436 1351 Jerusa-

1939 1389 2065 1451 lem
2096 1388 2242 1463 fuit,
2277 1399 2340 1452 et
2375 1390 2666 1470 quaedam
2699 1389 2788 1451 ibi
2818 1389 3128 1450 miracula
3155 1387 3329 1461 fecit,
3361 1406 3435 1451 ac

1938 1487 2154 1550 docuit
2207 1505 2221 1549 ε
2277 1506 2391 1570 per
2445 1507 2590 1569 quae
2647 1487 2860 1551 omnia
2917 1486 3120 1551 voluit
3178 1487 3431 1568 plebem

1937 1586 2113 1648 illam
2144 1593 2530 1650 convertere.
2565 1585 2692 1648 Nec
2720 1586 2989 1649 dubium
3018 1585 3178 1666 quin
3209 1591 3273 1646 et
3301 1603 3436 1648 ora-

1938 1685 2031 1747 vit
2060 1685 2432 1766 frequenter
2462 1704 2576 1766 pro
2610 1685 2788 1766 ipsis.
2813 1720 2886 1729 -—
2909 1684 3088 1747 Circa
3115 1684 3235 1746 hoc
3263 1701 3435 1764 quae-

1939 1783 2101 1844 ritur
2133 1803 2147 1846 :
2183 1783 2387 1857 Quum
2435 1783 2652 1846 divina
2691 1783 2982 1846 voluntas
3022 1783 3104 1844 sit
3145 1780 3434 1863 omnipo-

322 1881 772 1962 contigerunt;
826 1888 889 1943 et
937 1881 1027 1944 ibi
1078 1881 1515 1944 innocentium
1568 1879 1826 1961 sanguis
1864 1881 1911 1943 Β
1942 1889 2101 1956 tenS,
2138 1882 2242 1944 cui
2275 1881 2492 1944 nullus
2533 1882 2826 1944 resistere
2859 1888 3084 1963 potest,
3116 1881 3435 1962 quomodo
3461 1887 3727 1939 Esther-nu.

320 1976 699 2060 frequenter
753 1998 829 2041 ac
888 1979 1144 2061 copiose
1201 1977 1449 2042 effusus
1509 1985 1623 2053 est,
1676 1978 1829 2060 quia

321 2076 567 2139 ibidem
601 2095 778 2158 reges
811 2077 1041 2159 iniqui,
1069 2077 1407 2160 pontifices
1438 2075 1644 2159 impii,
1669 2075 1829 2138 Scri-

322 2175 419 2238 bae
447 2183 515 2237 et
543 2175 839 2239 Pharisaei
872 2176 1172 2239 malitiosi
1210 2176 1679 2248 habitaverunt,
1714 2175 1825 2256 qui

320 2293 357 2336 a
402 2274 741 2356 Prophetis
790 2274 1108 2357 increpari
1158 2283 1221 2338 et
1269 2274 1497 2336 instrui
1551 2283 1830 2336 contem-

323 2379 615 2454 pserunt.
660 2371 951 2435 Sumitur
989 2381 1202 2435 autem
1246 2373 1367 2435 hoc
1409 2371 1547 2435 loco
1583 2371 1830 2433 Jerusa-

321 2472 471 2545 lem,
520 2490 647 2534 non
699 2471 909 2535 solum
959 2490 1075 2553 pro
1123 2471 1329 2553 spatio
1378 2469 1546 2532 infra
1592 2469 1829 2533 moenia

320 2569 813 2652 comprehenso,
868 2571 978 2632 sed
1039 2589 1156 2652 pro
1216 2569 1377 2632 urbe
1436 2566 1629 2630 simul
1680 2586 1821 2630 cum

319 2667 725 2751 appendiciis
756 2676 821 2731 et
857 2668 1231 2749 adjacentiis
1264 2667 1427 2748 ejus,
1461 2684 1664 2748 quum
1696 2683 1828 2728 cer-

318 2774 457 2828 tum
513 2766 596 2829 sit
636 2765 959 2830 Christum
1010 2773 1188 2828 extra
1226 2785 1443 2829 muros
1479 2764 1826 2828 Jerusalem

322 2864 735 2940 crucifixum,
772 2866 1126 2928 secundum
1166 2864 1324 2928 illud
1354 2864 1641 2947 Apostoli
1672 2863 1829 2926 Pau-

266 2991 293 3025 ι,
321 2963 367 3026 li
412 2983 426 3027 ε
467 2964 653 3026 Jesus
698 2971 768 3025 ut
812 2962 1243 3026 sanctificaret
1284 2963 1619 3045 populum,
1654 2969 1829 3024 extra

324 3072 576 3145 portam
622 3081 847 3146 passus
891 3070 1007 3124 est.

406 3166 799 3232 Jerusalem,
842 3164 1223 3234 Jerusalem,
1279 3160 1341 3223 id
1392 3166 1507 3235 est,
1559 3177 1598 3222 o
1648 3157 1828 3240 plebs

322 3260 503 3323 urbis
545 3260 723 3322 illius
768 3278 781 3322 :
826 3267 889 3322 et
932 3259 1229 3341 repetitio
1272 3257 1573 3330 nominiS,
1618 3262 1713 3319 est
1752 3256 1830 3318 si-

320 3379 521 3441 gnum
592 3359 1086 3442 compassioniS,
1149 3359 1250 3421 vel
1314 3357 1706 3432 seriositatiS,
1768 3364 1831 3420 et

323 3457 729 3522 excitationis
779 3459 856 3520 ad
905 3457 1366 3522 advertentiam
1415 3457 1826 3538 diligentem3

324 3579 467 3637 quoe
506 3558 749 3618 occidis
776 3557 1158 3636 Prophetas,
1192 3565 1252 3616 et
1290 3558 1552 3634 lapidas
1583 3575 1683 3615 eos
1712 3556 1830 3634 qui

324 3657 689 3718 mittuntur
716 3659 805 3717 ad
836 3665 918 3725 te,
949 3655 1015 3716 id
1044 3663 1161 3730 est,
1197 3673 1365 3737 saepe
1396 3655 1531 3717 haec
1560 3653 1831 3716 crimina

326 3755 735 3836 perpetrasti,
777 3753 987 3816 adhuc
1032 3761 1245 3816 autem
1296 3753 1422 3816 cito
1470 3752 1713 3816 factura
1762 3771 1829 3815 es

326 3853 499 3915 talia.
542 3851 699 3914 Nam
742 3851 1106 3914 Zachariam
1150 3851 1363 3915 filium
1400 3852 1631 3917 Joiadae
1673 3850 1831 3933 lapi-

326 3952 665 4025 daverunt,
699 3950 922 4013 isaiam
964 3969 1138 4012 serra
1166 3951 1541 4015 diviserunt.
1578 3950 1831 4019 Quoties

328 4051 513 4110 volui
558 4048 775 4130 (quasi
835 4049 1023 4124 dicat,
1076 4049 1391 4112 Multoties
1438 4047 1641 4126 volui)
1686 4067 1832 4108 oon-

318 4167 601 4226 9reyare
626 4149 804 4225 filios
836 4157 997 4221 tuos,
1033 4147 1155 4210 hoc
1184 4155 1281 4208 est
1320 4146 1711 4229 pertinentes
1752 4146 1829 4208 ad

1939 1980 1991 2042 si
2026 1979 2188 2042 Deus
2229 1980 2368 2042 vult
2406 1980 2697 2043 homines
2739 1997 3140 2060 congregare,
3178 1996 3439 2042 conver-
3462 1953 3503 1994 ⁰·

1939 2086 2071 2140 tere
2110 2086 2173 2140 et
2211 2078 2474 2152 salvare,
2509 2079 2693 2140 aliter
2730 2079 3016 2140 accidere
3058 2080 3307 2159 potest?
3346 2074 3438 2138 Ad

1938 2178 2110 2258 quod
2154 2179 2494 2259 respondet
2534 2176 2976 2252 DamascenuS,
3011 2176 3182 2258 quod
3215 2175 3440 2238 volun-

1938 2281 2030 2336 tas
2069 2274 2179 2336 Dei
2223 2275 2602 2336 antecedens
2644 2292 2770 2337 non
2811 2291 3065 2355 semper
3106 2272 3432 2354 impletur,

1938 2373 2093 2454 quia
2141 2392 2268 2436 non
2319 2379 2415 2434 est
2463 2373 2754 2435 voluntas
2795 2371 3084 2434 absoluta
3120 2380 3182 2433 et
3222 2371 3430 2453 plena,

1939 2471 2048 2532 sed
2094 2471 2383 2533 voluntas
2427 2469 2537 2532 Dei
2582 2487 2980 2550 consequens
3025 2487 3280 2551 semper
3322 2469 3436 2530 im-

1939 2568 2172 2651 pletur.
2207 2569 2291 2632 De
2321 2569 2442 2632 hoc
2470 2567 2625 2630 alibi
2658 2585 2825 2651 saepe
2855 2568 3089 2630 clarius
3120 2567 3370 2649 scripsi.

1994 2670 2159 2728 Ecce
2185 2669 2593 2747 relinquetur
2617 2669 2812 2736 vobi-3,
2831 2666 2893 2728 id
2927 2675 3024 2729 est
3051 2667 3128 2728 ad
3160 2674 3432 2728 vestram
3569 2663 3642 2720 35

1937 2764 2396 2840 confusionem,
2423 2772 2907 2846 vestrarumque
2937 2764 3270 2846 culparum
3303 2763 3436 2826 vin-

1937 2863 2194 2937 dictam,
2255 2867 2485 2924 domus
2541 2873 2780 2934 vestra,
2831 2863 2893 2925 id
2943 2871 3040 2925 est
3096 2861 3431 2944 templum,

1937 2962 2038 3025 vel
2081 2961 2235 3024 urbs
2287 2979 2398 3023 seu
2445 2961 2617 3025 natio
2663 2969 2892 3034 vestra,
2947 2965 3219 3023 deserta.
3261 2960 3434 3034 Quod

1865 3058 1908 3121 C
1937 3059 2176 3122 factum
2228 3067 2346 3134 est,
2381 3061 2636 3141 quando
2677 3059 2937 3122 Romani
2988 3061 3439 3122 destruxerunt

1934 3158 2306 3231 Jerusalem,
2351 3165 2412 3220 et
2450 3157 2843 3232 occiderunt,
2879 3158 3323 3236 vendiderunt,
3365 3176 3437 3220 ac

1938 3259 2381 3340 disperserunt
2449 3257 2764 3338 plurimos
2827 3256 3210 3330 Judaeorum,
3271 3255 3438 3318 sicut

1938 3356 2311 3439 frequenter
2345 3356 2474 3436 jam
2516 3355 2758 3418 dictum
2798 3363 2915 3430 est,
2949 3362 3010 3417 et
3047 3373 3125 3417 ex
3155 3353 3438 3436 Scriptu-

1938 3455 2025 3516 ris
2060 3453 2294 3517 veteris
2326 3453 2709 3516 Testamenti
2742 3453 3101 3536 probatum.
3135 3451 3289 3514 Nam
3322 3452 3436 3515 Da-

1939 3553 2066 3615 niel
2109 3552 2272 3615 dixit
2304 3569 2318 3614 :
2363 3551 2694 3614 Civitatem
2735 3560 2796 3614 et
2835 3551 3266 3614 sanctuarium
3305 3550 3432 3612 dis·
3461 3569 3724 3615 Dammae.

1939 3651 2176 3735 sipabit
2233 3650 2510 3733 populus
2570 3669 2714 3713 cum
2775 3651 2937 3713 duce
2994 3657 3262 3712 venturo
3295 3667 3312 3729 3
3369 3656 3432 3710 et

1938 3750 2288 3822 psalmista,
2345 3749 2475 3811 Fiat
2522 3749 2827 3812 habitatio
2883 3767 3102 3813 eorum
3161 3749 3427 3810 deserta.
3490 3759 3725 3807 mmm.

1938 3851 2097 3911 Dico
2137 3857 2355 3909 autem
2395 3849 2594 3918 vobi-5,
2625 3849 2784 3928 quia
2813 3867 2942 3908 non
2975 3849 3278 3907 videbitis
3306 3866 3430 3918 me,
3461 3825 3530 3866 ’θ’

1937 3950 2136 4008 donec
2166 3949 2386 4008 veniat
2417 3955 2670 4027 tempus
2700 3967 2902 4026 quum
2932 3948 3160 4007 dicetis
3182 3967 3205 4006 .·
3233 3950 3432 4007 Bene-

1936 4047 2154 4106 dictus
2173 4047 2293 4124 qui
2321 4046 2499 4104 venit
2529 4046 2603 4105 in
2635 4046 2896 4105 nomine
2913 4045 3198 4105 Domini.
3216 4043 3429 4124 Aliqui

1941 4145 2164 4206 dicunt
2206 4143 2376 4205 istud
2415 4141 2749 4223 impletum
2796 4142 2860 4204 in
2906 4142 3010 4204 die
3048 4141 3426 4218 palmarum,

328 4255 411 4320 te,
446 4245 697 4308 scilicet
726 4251 931 4307 totum
966 4244 1278 4326 populum
1307 4242 1689 4316 Judaeorum,
1722 4261 1831 4304 cu·
1861 4244 1911 4306 D
1940 4243 2196 4324 quando
2227 4240 2411 4322 pueri
2452 4239 2807 4302 clamabant
2848 4259 2992 4303 cum
3025 4240 3230 4303 turbis
3265 4258 3279 4303 ε
3311 4239 3434 4303 Ηο-
3461 4261 3625 4308 uana
3641 4275 3723 4311 m,

326 4343 433 4424 jus
462 4341 841 4424 metropolis
880 4341 1006 4403 fuit
1032 4341 1378 4404 Jerusalem
1414 4359 1427 4403 :
1461 4359 1623 4422 quos
1656 4340 1831 4403 Chri-

330 4449 464 4504 stus
504 4441 864 4504 secundum
904 4458 1084 4502 suam
1126 4439 1547 4518 divinitatem,
1581 4438 1690 4500 diu
1720 4457 1831 4500 an-

328 4549 391 4604 te
420 4559 603 4604 suam
646 4539 1145 4601 incarnationem
1188 4536 1391 4599 voluit
1428 4554 1543 4618 per
1578 4535 1827 4618 Moysen

329 4641 622 4722 aliosque
669 4635 929 4699 Sanctos
979 4636 1211 4698 veteris
1262 4633 1665 4708 Testamenti,
1712 4634 1832 4697 sci-

332 4739 481 4800 licet
525 4754 646 4820 per
680 4734 927 4816 judices
970 4740 1032 4796 et
1074 4733 1415 4815 Prophetas
1458 4751 1531 4795 ac
1569 4732 1833 4796 Patriar-

332 4837 507 4910 chaS‚
541 4832 964 4916 spiritualiter
992 4848 1373 4912 congregare
1403 4830 1523 4894 sub
1554 4849 1669 4892 sua
1694 4849 1833 4912 gra-

332 4934 491 4998 tiosa
542 4929 939 5004 defensione,
982 4929 1102 4992 sub
1150 4930 1376 4993 devoto
1424 4929 1600 4992 cultu
1640 4929 1831 4992 unius

334 5033 465 5108 Dei,
507 5031 635 5094 sub
674 5029 807 5093 fide
844 5035 909 5090 et
952 5028 1253 5107 caritate;
1285 5031 1831 5107 quemadmodum

334 5135 475 5192 avis
500 5131 745 5191 nidum
772 5147 967 5189 suum
995 5129 1113 5187 sub
1132 5127 1395 5204 pennis,
1430 5125 1492 5188 id
1524 5133 1640 5198 est,
1667 5126 1833 5189 sicut

336 5229 467 5291 avis
514 5225 807 5290 defendit
852 5231 917 5287 et
965 5224 1251 5288 continet
1301 5223 1512 5305 pullos
1566 5243 1713 5286 suos
1764 5224 1829 5287 in

340 5327 487 5392 nido
528 5327 765 5390 locatos
806 5323 927 5386 sub
967 5322 1245 5405 propriis
1287 5323 1427 5397 aliS,
1462 5340 1542 5384 ne
1580 5341 1617 5384 a
1656 5340 1834 5405 rapa-

1940 4358 2158 4414 sanna,
2193 4338 2566 4401 benedictus
2597 4339 2707 4420 qui
2741 4339 2936 4414 venit,
2969 4338 3436 4401 etc.Verumta-
3462 4330 3502 4370 ⁹·

1940 4455 2110 4513 men,
2145 4437 2496 4499 secundum
2547 4436 2836 4499 ordinem
2877 4437 3254 4500 narrationis
3293 4437 3434 4500 bea-

1941 4536 2173 4598 tissimi
2203 4535 2605 4616 evangelistae
2632 4533 3210 4603 Matthaei‚Christus
3241 4536 3436 4599 verba
3479 4553 3727 4602 mann..

1941 4634 2076 4697 haec
2133 4633 2398 4715 protulit
2447 4641 2588 4715 post
2642 4632 2793 4695 facti
2853 4633 3026 4696 illius
3086 4635 3436 4698 exsecutio-
3464 4620 3609 4660 ³⁷⁴⁹·

1942 4750 2102 4806 nem,
2116 4731 2246 4795 imo
2275 4738 2336 4794 et
2369 4739 2508 4813 post
2537 4732 2704 4794 diem
2733 4731 3104 4794 palmarum.
3129 4731 3434 4794 Similiter

1942 4831 2296 4893 secundum
2339 4829 2400 4891 B.
2437 4830 2624 4893 Lucae
2665 4831 3112 4903 narrationem,
3149 4830 3434 4893 Christus

1942 4929 2075 4992 haec
2125 4929 2307 5004 dixit,
2359 4948 2560 5011 quum
2612 4937 2777 4991 esset
2823 4929 2889 4990 in
2939 4929 3041 4992 via
3085 4928 3432 4992 Jerusalem

1942 5046 2188 5103 versuS,
2221 5035 2366 5090 ante
2407 5027 2573 5090 diem
2617 5026 3010 5108 Palmarum3
3049 5035 3113 5090 et
3150 5028 3316 5090 sicut
3356 5045 3434 5089 ex

1943 5125 2270 5206 evangelio
2328 5124 2395 5186 S.
2445 5124 2701 5187 Joannis
2761 5125 3083 5206 probatur,
3147 5125 3432 5189 Christus
3478 5149 3726 5200 manau.

1944 5231 2084 5307 post
2131 5224 2266 5286 haec
2313 5223 2508 5285 verba
2556 5240 2725 5305 saepe
2777 5223 2841 5284 in
2889 5223 3232 5286 Jerusalem
3281 5223 3426 5287 fuit.
3465 5215 3725 5265 ¹⁰³'¹¹¹·²³'‘·

3461 5279 3530 5326 22.
3549 5278 3618 5320 23.

1942 5323 2088 5385 Ideo
2126 5321 2297 5384 istud
2336 5321 2676 5403 exponitur
2715 5321 2794 5384 de
2832 5322 3111 5385 secundo
3147 5320 3288 5404 ejus
3327 5324 3432 5386 ad-
