4300 6259
521 1646 786 1697 lacobastz.

553 2534 720 2577 Mami.
735 2547 790 2585 vn,

531 2600 598 2641 13.

551 3716 670 3761 Ιὸίό.
685 3718 800 3761 9-12.

807 461 890 525 30

1623 477 1972 524 manuue
2013 476 2080 521 m
2119 475 2261 522 cn.
2306 474 2373 521 11
2414 474 2603 521 LUCAE.
2648 494 2731 505 —
2770 476 2913 521 ΛΒΤ.
2958 476 3109 521 xxix

889 651 977 711 Et
1015 670 1096 709 ne
1129 668 1244 709 nos
1281 650 1557 709 inducas
1595 650 1670 707 in
1715 648 2155 715 tentationem,
2188 646 2309 708 hoc
2338 645 2387 707 A
2414 656 2625 706 strum
2666 647 2919 706 habebit
2960 647 3265 713 amicum,
3304 656 3365 705 et
3402 646 3523 705 ibit
3564 648 3655 705 ad
3690 647 3907 714 illum,

809 753 928 812 est.
963 765 1088 808 non
1129 765 1244 809 nos
1279 746 1606 827 permittas
1635 744 1714 807 ab
1747 745 2038 807 hostibus
2079 753 2310 807 nostrae

809 843 1032 907 salutis
1071 864 1266 925 supra
1305 845 1471 905 vires
1517 844 1767 919 tentari,
1803 844 1865 905 id
1907 851 2004 905 est
2043 844 2120 903 ad
2162 862 2311 905 con-

809 961 1066 1005 sensum
1118 942 1410 1004 illicitum
1461 942 1648 1015 trahi,
1701 940 2159 1005 tentationibus
2206 960 2311 1001 su-

811 1040 1043 1122 perari,
1077 1042 1186 1103 sed
1230 1040 1308 1102 da
1342 1040 1610 1122 gratiam
1659 1040 1994 1102 resistendi
2033 1058 2108 1101 ac
2154 1058 2311 1120 prae-

813 1138 1078 1201 valendi.
1095 1138 1224 1201 Dici
1235 1146 1335 1201 tur
1361 1147 1572 1201 autem
1607 1138 1770 1200 Deus
1801 1138 1866 1199 in
1897 1137 2307 1200 tentationem

813 1236 1134 1311 inducere,
1167 1238 1320 1319 quia
1355 1236 1435 1299 ab
1469 1237 1849 1299 adversariis
1891 1256 2004 1299 nos
2045 1236 2309 1317 permit-

813 1336 888 1397 tit
931 1336 1182 1397 tentari.
1215 1336 1538 1398 Interdum
1585 1344 1794 1397 autem
1841 1343 1905 1397 et
1945 1335 2110 1397 Deus
2154 1334 2310 1397 dici-

811 1442 917 1495 tur
972 1440 1234 1503 tentare,
1286 1452 1414 1495 non
1463 1434 1686 1514 utique
1735 1434 2080 1496 tentatione
2128 1434 2309 1495 dece-

815 1532 1020 1613 ptoria
1073 1550 1148 1593 ac
1203 1530 1437 1605 fallaci,
1489 1550 1692 1612 quum
1737 1531 2006 1594 Iacobus
2063 1531 2235 1593 dicat
2290 1548 2304 1593 :

815 1629 1010 1693 Nemo
1065 1649 1266 1712 quum
1325 1636 1622 1704 tentatur,
1674 1630 1842 1692 dicat
1896 1630 2050 1711 quia
2096 1648 2135 1691 a
2188 1629 2310 1692 Deo

817 1735 1092 1791 tentatur
1123 1746 1138 1791 ε
1175 1728 1336 1789 Deus
1367 1728 1539 1790 enim
1579 1728 1902 1790 neminem
1937 1736 2157 1801 tentat,
2192 1728 2312 1789 sci-

2416 746 2585 805 otest
2626 743 2941 807 Parabolae
2982 744 3176 823 hujus
3224 762 3448 804 sensus
3496 742 3911 823 superficiali-

2418 851 2515 903 ter
2542 842 2853 915 litteraliS,
2892 842 3147 924 penitus
3178 841 3407 923 planus
3436 848 3553 903 est.
3586 840 3911 922 Siquidem

2420 958 2534 1021 per
2570 939 3061 1003 similitudinem
3104 940 3267 1003 hanc
3315 940 3589 1002 intendit
3628 940 3909 1003 Christus

2422 1039 2712 1121 probare,
2764 1041 2937 1122 quod
2990 1039 3155 1101 Deus
3202 1038 3724 1121 superpiissimus
3772 1056 3913 1121 pre-

2419 1156 2523 1199 ces
2584 1146 2966 1211 constanter,
3026 1138 3483 1211 indesinenter,
3540 1156 3615 1199 ac
3671 1136 3911 1200 fervide

2418 1238 2815 1300 continuatas
2857 1246 2921 1298 et
2960 1240 3259 1318 repetitas
3304 1255 3429 1299 non
3472 1236 3759 1317 despicit,
3802 1236 3909 1297 sed

2418 1336 2697 1399 exaudit.

2498 1433 2690 1497 Porro
2732 1434 3017 1516 mystice,
3060 1452 3176 1516 per
3214 1433 3489 1495 amicum
3540 1432 3911 1513 intelligitur

2419 1532 2583 1594 Deus
2612 1532 2930 1605 sublimiS‚
2959 1532 3063 1593 cui
3096 1550 3211 1613 per
3238 1530 3601 1613 Sapientem
3630 1530 3859 1592 dicitur
3892 1549 3907 1593 :

2420 1631 2641 1711 Diligis
2676 1632 2894 1694 omnia
2920 1650 3067 1712 quae
3105 1637 3270 1706 sunt,
3304 1638 3367 1691 et
3398 1629 3556 1691 nihil
3596 1630 3779 1691 odisti
3812 1646 3913 1691 eo-
3940 1646 4199 1702 sanas.

2422 1750 2565 1792 rum
2613 1749 2759 1811 quae
2808 1728 3039 1791 fecisti.
3084 1728 3169 1791 De
3216 1748 3347 1811 quo
3392 1728 3481 1791 ait
3526 1727 3908 1809 Apostolus:

813 1826 961 1890 licet
999 1828 1186 1890 modo
1225 1826 1506 1908 praefato.
1539 1825 1660 1889 Sed
1698 1827 2044 1889 tentatione
2085 1825 2311 1908 proba·
2344 1828 2395 1892 B
2424 1828 2683 1910 Propter
2730 1829 2993 1890 nimiam
3038 1827 3361 1889 caritatem
3410 1845 3611 1897 suam,
3652 1845 3779 1908 qua
3822 1826 3915 1887 di-
3941 1843 4203 1899 aptans.

813 1925 1005 1988 tionis
1063 1932 1126 1987 et
1180 1926 1672 2000 exercitationiS,
1723 1944 1870 2007 quae
1924 1926 2004 1988 ad
2069 1925 2311 1987 bonum

815 2024 1036 2086 tentati
1085 2024 1434 2097 ordinatur,
1477 2031 1720 2086 tentare
1771 2023 1932 2085 Deus
1979 2024 2307 2085 asseritur.

913 2122 1131 2203 ltaque
1177 2141 1255 2185 ex
1303 2122 1497 2201 hujus
1543 2122 1844 2184 clausulae
1889 2122 2313 2185 declaratione

813 2221 940 2301 jam
995 2228 1182 2303 patet,
1221 2221 1392 2302 quod
1439 2221 1504 2281 in
1549 2238 1624 2282 ea
1664 2220 2018 2283 virtualiter
2053 2240 2128 2283 ac
2170 2240 2315 2283 sen-

817 2320 1158 2382 tentialiter
1214 2320 1576 2382 includatur
1631 2320 1904 2403 septima
1957 2339 2032 2382 ac
2091 2320 2316 2382 ultima

819 2419 1044 2500 petitio
1078 2418 1388 2481 Orationis
1437 2418 1770 2481 dominicae
1807 2437 1844 2479 a
1881 2417 2165 2481 Matthaeo
2210 2436 2319 2481 ex-

823 2536 1059 2598 pressa,
1093 2536 1220 2598 qua
1263 2517 1517 2591 dicitur,
1549 2514 1668 2579 Sed
1713 2517 1914 2579 libera
1957 2535 2071 2580 nos
2110 2537 2147 2580 a
2186 2537 2318 2579 ma-

819 2616 902 2679 lo.
945 2616 1118 2678 Unde
1155 2615 1546 2695 Augustinus
1596 2615 1662 2677 in
1715 2614 2124 2679 Euchiridion
2168 2617 2318 2679 scri—

819 2714 934 2789 bit,
967 2714 1139 2797 quod
1181 2712 1501 2776 Matthaeus
1546 2714 1612 2775 in
1657 2714 1883 2777 ultimo
1927 2715 2161 2797 posuit,
2194 2714 2316 2777 Sed

819 2812 1019 2875 libera
1048 2832 1164 2875 nos
1192 2831 1229 2873 a
1259 2811 1440 2885 malo,
1468 2812 1668 2875 Lucas
1699 2832 1824 2876 non
1859 2813 2086 2894 posuit,
2123 2821 2194 2875 ut
2227 2814 2319 2875 in-

819 2912 1245 2993 telligeremus
1291 2910 1411 2973 hoc
1447 2912 1526 2973 ad
1569 2912 2026 2992 praecedentem
2073 2912 2319 2993 petitio-

2422 1928 2577 1990 lexit
2634 1946 2749 1990 nos
2806 1927 2991 1989 DeuS.
3053 1924 3360 1987 Similiter
3418 1925 3673 1987 nomine
3726 1925 3911 1987 amici

2423 2026 2691 2107 intelligi
2734 2032 2939 2107 potest
2974 2025 3346 2105 Unigenitus
3384 2022 3490 2085 Dei
3532 2024 3910 2098 incarnatuS,

2422 2125 2536 2206 qui
2578 2126 2657 2187 de
2694 2143 2761 2186 se
2803 2124 2943 2206 ipso
2982 2130 3246 2186 testatus
3286 2130 3383 2184 est
3414 2140 3428 2185 :
3462 2122 3755 2203 Majorem
3799 2122 3915 2185 hac
3958 2140 4203 2183 svamm
4269 2146 4270 2157 ¹

2423 2223 2829 2286 dilectionem
2871 2240 3059 2284 nemo
3088 2221 3299 2295 habet,
3336 2228 3405 2281 ut
3430 2220 3705 2281 animam
3737 2239 3913 2282 suam
3944 2203 4009 2244 ¹³·

2425 2330 2619 2405 ponat
2664 2322 2811 2402 quis
2860 2340 2977 2403 pro
3023 2320 3247 2382 amicis
3294 2320 3449 2381 suis.
3501 2319 3587 2380 De
3632 2337 3761 2401 quo
3807 2320 3917 2380 ite-
4269 2396 4270 2399 Ἴ

2428 2441 2571 2483 rum
2620 2420 2852 2501 legitur
2900 2439 2913 2482 :
2966 2418 3172 2491 Quum
3223 2419 3548 2481 dilexisset
3601 2438 3747 2482 suos
3802 2419 4201 2500 qui1m.1„.,..

2424 2528 2605 2581 erant
2653 2520 2719 2582 in
2770 2518 3032 2592 mundo,
3080 2535 3285 2599 usque
3334 2517 3401 2579 in
3450 2517 3647 2579 finem
3698 2517 3917 2579 dilexit

2426 2636 2555 2681 eos.
2589 2618 2682 2680 Ad
2714 2618 2885 2679 hunc
2914 2617 3190 2678 amicum
3224 2615 3319 2678 ire
3348 2615 3653 2678 debemus
3688 2617 3915 2678 mentis

2427 2715 2783 2788 devotione,
2834 2712 3391 2794 contemplatione,
3441 2719 3503 2773 et
3559 2711 3911 2785 dilectione,

2424 2814 2605 2894 juxta
2652 2812 2811 2874 illud
2861 2810 3089 2872 Psalmi
3134 2829 3148 2873 ε
3190 2810 3485 2873 Accedite
3529 2811 3605 2871 ad
3646 2828 3815 2885 eum,
3856 2819 3917 2872 et
3946 2831 4207 2876 numus.

2428 2909 2906 2974 illuminamini.
2948 2908 3125 2970 Unde
3172 2910 3251 2971 ad
3296 2908 3587 2971 Hebraeos
3636 2908 3919 2972 hortatur

817 3028 962 3071 nem
997 3008 1338 3091 pertinere.
1361 3007 1506 3071 Ideo
1536 3010 1780 3091 quippe
1807 3009 1914 3084 ait,
1939 3008 2059 3071 Sed
2091 3010 2313 3085 libera,
2353 3012 2399 3077 C
2428 3009 2765 3092 Apostolus
2800 3027 2814 3071 ε
2849 3007 3163 3070 Adeamus
3194 3026 3341 3069 cum
3380 3006 3619 3068 fiducia
3646 3007 3724 3069 ad
3750 3007 3921 3070 thro-
3994 3023 4133 3065 near.
4152 3036 4205 3072 κ,

817 3126 960 3181 non,
997 3106 1068 3169 Et
1113 3106 1332 3179 libera,
1367 3114 1666 3188 tanquam
1711 3126 1901 3169 unam
1944 3108 2317 3189 petitionem

817 3205 1278 3267 demonstrans.
1341 3202 1572 3264 Verum
1640 3204 1718 3265 de
1777 3204 1995 3265 multis
2056 3223 2317 3267 concer-

819 3303 1119 3365 nentibus
1163 3300 1624 3383 expositionem
1675 3301 1868 3381 hujus
1919 3303 2321 3383 praeclarissi-

825 3420 942 3463 mae
972 3400 1288 3475 orationis,
1315 3417 1458 3479 quae
1487 3400 1840 3462 secundum
1867 3399 2208 3462 Henricum
2242 3403 2319 3463 de

823 3498 1059 3573 Hassia,
1093 3498 1284 3561 etiam
1326 3516 1365 3559 a
1401 3496 1632 3559 Judaeis
1675 3516 1748 3559 ac
1791 3496 2148 3563 Sarracenis
2194 3500 2317 3562 dici

827 3606 1052 3681 potest,
1101 3596 1535 3679 praetermitte,
1581 3595 1888 3677 quoniam
1935 3615 2129 3679 super
2176 3596 2321 3660 Mat-

828 3696 1064 3759 thaeum
1103 3694 1252 3756 inde
1295 3692 1544 3755 locutus
1589 3712 1755 3755 sum.
1798 3691 1925 3756 Hoc
1960 3701 2173 3757 tamen
2217 3698 2325 3759 ad-

829 3794 1132 3867 dendum,
1173 3792 1328 3875 quia
1367 3798 1434 3851 ut
1481 3792 1708 3853 asserit
1753 3791 1966 3867 Gorra,
2008 3793 2179 3857 aliud
2230 3803 2325 3857 est

829 3892 1074 3962 tentari,
1093 3892 1266 3954 aliud
1296 3890 1364 3953 in
1393 3890 1804 3952 tentationem
1837 3890 2132 3965 incidere,
2152 3894 2325 3957 aliud

833 3992 896 4052 in
948 3989 1358 4052 tentationem
1411 3987 1653 4050 induci.
1705 3987 1860 4051 Nam
1913 3990 2194 4070 primum
2243 3992 2328 4054 is-

831 4098 1040 4151 torum
1091 4086 1245 4148 dicit
1288 4104 1544 4148 sensum
1597 4085 1995 4167 simpliciter,
2039 4090 2149 4151 sed
2200 4109 2327 4153 non

2430 3128 2583 3170 num
2631 3107 2847 3189 gratiae
2896 3106 3059 3186 ejuS‚
3114 3112 3183 3166 ut
3230 3104 3728 3169 misericordiam
3774 3125 3919 3169 con-
3949 3088 4016 3130 ¹⁶·

2428 3225 2795 3288 sequamur.
2830 3204 3125 3266 Eundum
3170 3210 3265 3265 est
3311 3212 3521 3265 autem
3564 3206 3774 3265 media
3810 3224 3923 3265 no-

2428 3316 2544 3377 cte,
2586 3304 2755 3367 sicut
2800 3302 3034 3365 fatetur
3078 3302 3407 3364 Psalmista
3446 3321 3459 3364 :
3500 3301 3697 3363 Media
3740 3311 3919 3365 nocte
3973 3320 4204 3366 amm.
4269 3310 4270 3381 s

2432 3402 2768 3483 surgebam
2818 3403 2895 3464 ad
2946 3399 3383 3465 confitendum
3432 3399 3571 3463 tibi.
3622 3400 3755 3475 Vel,
3802 3400 3920 3462 Me-
3946 3384 4015 3424 ⁶²·

2434 3503 2537 3564 dia
2582 3511 2785 3575 nocte,
2819 3502 2939 3565 hoc
2978 3508 3075 3561 est
3108 3500 3375 3561 durante
3416 3500 3741 3581 praesentis
3778 3500 3919 3563 vitae

2434 3600 2865 3673 tribulatione,
2898 3598 3296 3671 adversitate,
3332 3597 3702 3678 ignorantia,
3735 3606 3923 3680 atque

2436 3698 2777 3781 multiplici
2824 3697 3062 3780 peccati
3110 3696 3312 3758 ruina.

2516 3803 2603 3861 Et
2629 3802 2798 3859 dicet
2826 3800 2938 3857 illi
2964 3819 2987 3857 .·
3018 3799 3263 3859 Amice.
3298 3796 3365 3858 In
3404 3796 3665 3860 exordio
3696 3796 3921 3879 preciS,

2439 3915 2669 3961 nomen
2710 3895 2897 3957 amici
2941 3893 3290 3977 praemittit,
3336 3901 3405 3955 ut
3442 3912 3518 3955 ex
3558 3903 3795 3957 mutuae
3836 3894 3928 3956 di-

2436 3996 2729 4059 lectionis
2775 3994 3227 4066 recordatione,
3272 3993 3639 4067 attentione,
3680 4011 3791 4054 seu
3836 3994 3928 4055 in-

2438 4093 2893 4165 flammatione,
2946 4090 3055 4153 ille
3102 4090 3213 4172 qui
3266 4091 3504 4173 petitur
3550 4092 3628 4153 ad
3673 4092 3927 4153 exaudi-

833 4204 1088 4269 semper
1125 4204 1548 4265 consensum3
1591 4187 1964 4259 secundum,
2000 4186 2153 4249 dicit
2194 4208 2332 4251 sen·
2360 4196 2409 4257 D
2438 4194 2677 4256 tionem
2745 4191 2934 4254 citius
3004 4189 3366 4264 inclinetur,
3432 4208 3633 4270 quum
3706 4190 3927 4251 caritas

834 4304 976 4349 sum
1009 4292 1070 4347 et
1100 4301 1479 4347 consensum
1515 4301 1592 4344 ex
1623 4281 2055 4364 subreptione,
2079 4293 2142 4347 et
2174 4306 2331 4368 prae-

835 4392 932 4447 ter
976 4380 1413 4465 propositum;
1454 4380 1735 4453 tertium,
1771 4382 1926 4443 dicit
1967 4400 2225 4447 sensum
2269 4395 2331 4449 et

838 4498 1216 4546 consensum
1263 4496 1339 4540 ex
1389 4478 1862 4542 deliberatione.
1895 4480 2174 4546 Primum
2224 4506 2333 4567 po-

839 4590 958 4644 test
995 4596 1134 4641 esse
1182 4578 1320 4641 sine
1361 4584 1648 4658 peccato:
1683 4581 2054 4657 secundum,
2089 4583 2331 4667 absque

839 4684 1096 4761 peccato
1135 4674 1423 4755 mortali;
1467 4674 1722 4737 tertium
1755 4694 1904 4741 vero
1943 4689 2038 4742 est
2073 4684 2331 4762 gravius

837 4786 900 4841 et
943 4776 1311 4856 frequenter
1353 4775 1634 4837 mortale.

905 4872 1378 4954 Consequenter
1405 4871 1685 4937 Salvator
1716 4893 1831 4957 per
1859 4879 2199 4957 quamdam
2232 4901 2335 4964 pa.

841 4972 1182 5037 rabolicam
1233 4968 1712 5035 similitudinem
1765 4993 1878 5037 nos
1928 4974 2215 5040 hortatur
2254 4981 2333 5042 ad

841 5069 1208 5135 fiducialem
1251 5067 1550 5131 orationis
1593 5072 2030 5149 constantiam,
2067 5076 2337 5140 incessa-

843 5171 1040 5234 bilem
1069 5165 1508 5248 fervidamque
1537 5167 1984 5251 frequentiam.
2005 5177 2091 5235 Et
2121 5178 2219 5237 ait
2248 5180 2336 5238 ad

843 5273 1014 5339 illos,
1045 5264 1289 5329 scilicet
1323 5265 1403 5327 ad
1441 5266 1786 5350 discipulos
1823 5290 1973 5335 suos
2001 5291 2015 5335 ε
2047 5275 2205 5343 Quis
2234 5296 2337 5337 ve-

2441 4289 2822 4373 impetrandi
2874 4289 2957 4350 sit
3006 4288 3187 4351 ratio.
3238 4287 3389 4349 Nam
3440 4295 3504 4350 et
3547 4288 3928 4369 (Augustino

2442 4390 2737 4470 testante)
2763 4407 2941 4451 amor
2970 4395 3066 4449 est
3101 4386 3381 4469 primum
3413 4386 3671 4459 donum,
3706 4387 3771 4447 in
3802 4405 3929 4467 quo

2440 4490 2657 4553 omnia
2684 4490 2849 4552 dona
2878 4487 3213 4549 donantur.
3244 4488 3581 4548 Commoda
3614 4486 3779 4546 mihi
3810 4495 3932 4546 tres

2434 4609 2660 4667 panea.
2694 4586 2801 4648 Isti
2839 4595 2967 4647 tres
3008 4602 3203 4666 panes
3239 4583 3509 4664 intelligi
3542 4590 3825 4665 possunt,
3859 4583 3933 4644 il-

2443 4685 2777 4748 luminatio
2808 4682 3190 4756 intellectuS,
3226 4681 3551 4743 caritativa
3582 4679 3935 4743 inflamma-

2444 4785 2531 4847 tio
2560 4782 2921 4856 voluntatiS,
2956 4788 3020 4843 et
3056 4780 3365 4843 stabilitas
3392 4780 3713 4843 memoria>
3742 4779 3806 4840 in
3840 4779 3934 4841 di-

2444 4884 2652 4963 vinis3
2706 4900 2817 4943 seu
2867 4888 3044 4942 actus
3088 4877 3264 4951 fidei,
3318 4877 3477 4959 spei,
3522 4885 3585 4939 et
3632 4876 3927 4952 caritatiS,

2443 4982 2681 5063 quibus
2732 4980 2895 5041 Deus
2940 4978 3261 5061 praecipue
3310 4976 3560 5038 colitur.
3606 4976 3757 5038 Item
3806 4984 3931 5037 tres

2446 5098 2640 5162 panes
2690 5085 2838 5141 sunt
2891 5096 2904 5139 :
2960 5075 3142 5158 panis
3199 5074 3611 5157 poenitentiae,
3664 5073 3783 5135 hoc
3838 5080 3932 5135 est

2444 5177 2795 5259 deploratio
2832 5182 2895 5237 ct
2934 5172 3278 5236 satisfactio
3317 5192 3432 5254 pro
3470 5172 3785 5254 peccatis3
3828 5190 3933 5253 pa-

2444 5276 2542 5338 nis
2580 5272 3013 5347 Eucharistiae,
3048 5273 3127 5334 de
3162 5290 3291 5353 quo
3328 5270 3613 5351 loquitur
3647 5269 3931 5333 Christus
