4300 6259
890 495 1013 562 ²68

1732 520 2083 569 mumulo
2124 521 2191 568 m
2230 520 2371 569 CAP.
2416 521 2439 568 1
2477 522 2755 569 sontum.
2799 542 2881 553 -·-
2919 522 3062 569 Aur.
3107 522 3152 569 11

891 686 1156 751 fundius
1186 690 1429 753 scribit.
1462 690 1549 753 Ea
1585 709 1844 774 quoque
1883 693 2208 775 supplevit
2247 712 2391 775 quae
2418 693 2469 755 A
2495 692 2849 768 divinitate,
2881 694 2961 756 de
3007 712 3137 775 qua
3176 692 3285 755 alii
3331 692 3743 774 Evangelistae
3789 709 3994 773 pauca

888 783 998 848 alii
1056 785 1471 869 Evangelistae
1527 789 1900 865 omiserunt,
1953 791 2250 854 videlicet
2308 792 2392 853 si-

887 900 1033 964 gna,
1077 886 1454 949 documenta
1500 896 1564 950 et
1610 906 1804 970 opera
1849 887 2015 951 facta
2058 909 2095 952 a
2141 889 2390 953 Christo

889 990 1035 1044 ante
1065 982 1628 1047 incarcerationem
1656 986 1913 1050 Joannis
1942 987 2256 1070 Baptistae.
2291 988 2392 1049 ln-

890 1099 1105 1163 super,
1140 1083 1217 1144 de
1248 1083 1537 1146 doctrina
1573 1092 1637 1146 et
1676 1086 2077 1149 sermonibus
2117 1085 2393 1150 Salvato-

889 1179 978 1241 ris
1014 1180 1283 1243 Joannes
1313 1182 1495 1244 valde
1534 1182 1875 1245 sublimius
1916 1184 2159 1258 scribit,
2193 1204 2386 1267 quam

890 1277 1080 1339 ceteri
1142 1278 1555 1360 Evangelistae
1606 1299 1621 1343 ε
1677 1288 1937 1364 propter
1991 1284 2162 1364 quod
2223 1284 2387 1345 desi-

609 1387 860 1441 ssmn.1‚s
887 1383 1118 1456 gnatur
1166 1376 1230 1438 in
1282 1378 1654 1459 prophetica
1695 1387 1967 1461 quatuor
2010 1380 2385 1443 animalium

593 1455 637 1495 et
650 1463 743 1507 seq.

891 1474 1134 1538 visione
1196 1475 1510 1539 Ezechieli
1575 1484 1847 1552 ostensa,
1908 1497 2023 1560 per
2076 1479 2381 1561 aquilam,

886 1592 1031 1655 quae
1066 1574 1259 1637 altius
1299 1576 1487 1651 volat,
1522 1576 1855 1659 solareque
1893 1578 2111 1641 lumen
2153 1578 2384 1641 clarius

887 1672 1169 1754 inspicit.

965 1770 1233 1854 Scripsit
1287 1779 1498 1834 autem
1556 1771 1967 1854 Evangelium
2030 1782 2174 1856 post
2228 1775 2384 1839 alios

2495 791 2910 874 scripserunt,
2947 792 3199 874 plenius
3249 791 3573 866 scriberet,
3613 791 3741 853 imo
3789 788 3994 853 Evan-

2494 892 2733 972 gelium
2797 891 3028 954 Christi
3094 890 3466 973 plenissime
3532 888 3994 953 conscribendo

2495 990 2862 1065 elucidaret,
2906 1008 3035 1071 quo
3081 997 3213 1051 tam
3262 996 3602 1071 praesentes
3649 1007 3846 1070 quam
3893 987 3995 1049 fu-

2495 1094 2671 1151 turos
2727 1089 3054 1150 damnaret
3093 1106 3359 1161 errorcS,
3395 1087 3812 1167 omniumque
3855 1104 3994 1147 ere-

2496 1186 2784 1249 dentium
2833 1187 3174 1249 instrueret
3220 1186 3486 1248 animas.
3524 1185 3698 1259 Quod
3747 1183 3992 1267 Spiritu

2494 1284 2720 1347 Sancto
2776 1285 3088 1359 invocat0,
3141 1292 3202 1346 et
3249 1282 3570 1347 communi
3623 1282 3872 1363 jejunio
3919 1301 3994 1344 ac

2496 1401 2684 1465 prece
2731 1382 3098 1465 praemissiS‚
3149 1381 3387 1445 effecit.
3437 1381 3728 1463 Dicitque
3775 1379 3995 1443 Alcui-

2495 1498 2638 1554 nuS‚
2692 1481 2863 1561 quod
2910 1499 2947 1541 a
2994 1488 3281 1562 tempore
3327 1478 3712 1542 ascensionis
3753 1477 3992 1541 Christi

2495 1597 2609 1661 per
2649 1598 2864 1651 annos·
2897 1580 3220 1660 sexaginta
3256 1578 3544 1661 quinque
3587 1578 3832 1659 absque
3879 1579 3994 1640 ad-

2494 1677 2802 1741 miniculo
2842 1678 3161 1739 scribendi
3208 1677 3590 1759 praedicavit.

2581 1775 2674 1838 Ad
2732 1775 2927 1857 hujus
2985 1776 3178 1856 igitur
3233 1774 3543 1856 evangelii
3601 1774 3990 1838 sacrosancti

889 1868 1335 1951 Evangelistas.
1369 1869 1575 1942 Quum
1624 1872 1797 1933 enim
1845 1873 2280 1936 demoraretur
2316 1875 2382 1937 in
2421 1873 3003 1950 Belucidationem‚
3056 1881 3227 1937 tanto
3273 1875 3502 1937 accedo
3549 1872 3886 1947 humilius,
3929 1881 3996 1934 et

730 1998 791 2036 .1.
844 1968 1109 2032 ,exsilio
1159 1968 1425 2043 PatmOS,
1470 1970 1955 2033 insurrexerunt
2004 1972 2067 2034 in
2116 1972 2263 2034 Asia
2321 1981 2384 2036 et

888 2067 953 2128 in
1002 2066 1251 2149 Epheso
1304 2067 1606 2141 haeretici,
1660 2077 2012 2131 asserentes
2061 2071 2381 2134 Christum

887 2183 1026 2227 esse
1073 2165 1398 2228 hominem
1443 2185 1700 2248 purum,
1735 2186 1853 2231 nec
1892 2176 2178 2251 tempore
2227 2190 2383 2251 prae—

887 2263 1153 2326 cessisse
1200 2262 1475 2326 Mariam.
1508 2264 1713 2338 Quum
1763 2284 1912 2347 ergo
1960 2284 2253 2330 reversus
2287 2286 2382 2330 es-

886 2368 981 2423 set
1026 2362 1293 2424 Joannes
1331 2381 1368 2423 a
1407 2361 1653 2425 Patmos
1688 2365 1767 2425 ad
1812 2363 2158 2446 Ephesum,
2196 2374 2382 2447 prout

882 2458 1256 2541 Areopagita
1311 2457 1645 2542 Dionysius
1692 2459 1751 2522 ei
1808 2462 2233 2543 prophetavit,
2285 2483 2384 2527 ro-

881 2567 1062 2640 gatus
1100 2565 1197 2620 est
1233 2558 1312 2620 ab
1352 2558 1671 2641 episcopis
1709 2560 1893 2635 Asiae‚
1930 2569 1998 2623 ut
2035 2562 2113 2624 de
2146 2562 2375 2626 Christi

2494 1972 2705 2035 Sancti
2753 1973 3028 2055 Spiritus
3077 1972 3562 2036 illustrationem
3622 1971 3852 2035 invoco
3901 1970 3996 2033 af-

2492 2069 2862 2147 fectuosius,
2897 2079 3135 2153 quanto
3175 2070 3511 2133 sublimior
3544 2077 3638 2132 est
3673 2069 3816 2151 ejus
3859 2090 3998 2132 ma-

2492 2170 2670 2243 teria,
2732 2177 2924 2250 atque
2989 2169 3294 2232 declivior
3354 2188 3427 2231 ac
3491 2167 3996 2232 insufficientior

2494 2268 2766 2350 propriae
2805 2267 3065 2331 rationis
3105 2267 3542 2348 intelligentia.
3575 2266 3692 2329 Sed
3738 2285 3860 2329 nec
3903 2268 3998 2329 in-

2491 2367 2680 2430 tendo
2737 2366 3018 2429 cursorie
3068 2366 3466 2448 pertransire,
3520 2383 3730 2447 neque
3782 2374 3998 2428 extra-

2491 2484 2610 2528 nea
2639 2465 3062 2541 introducere,
3097 2466 3204 2527 sed
3236 2470 3444 2526 textus
3476 2463 3886 2527 declarationi
3920 2484 3996 2527 ac

2489 2563 2827 2626 moralitati
2871 2562 3116 2626 viribus
3159 2562 3305 2627 totis
3347 2562 3660 2625 insistere.

2064 3032 2719 3122 ARTICULUS
2803 3035 2892 3119 II

1470 3330 1786 3378 Exposrrlo
1838 3332 2010 3399 Pnuu
2060 3330 2340 3379 CAPITULI
2385 3332 2400 3377 :
2453 3332 2516 3379 IN
2567 3332 2869 3381 PRINCIPIO
2921 3332 3082 3380 ERAT
3133 3333 3396 3381 venum.

1033 3636 1133 3701 OC
1175 3636 1339 3700 inter
1366 3639 1792 3721 theologicum
1830 3640 2377 3723 philosophicum·
2410 3638 2453 3703 C
2486 3642 2661 3704 dium
2713 3642 2910 3704 sumit
2955 3660 2992 3703 a
3042 3661 3313 3717 summo,
3357 3641 3436 3704 ab
3486 3649 3629 3704 ente
3678 3639 3920 3723 primo,
3955 3662 3992 3703 a

1052 3754 1179 3817 que
1217 3755 1606 3819 processum,
1642 3756 1753 3801 scu
1789 3739 1955 3802 inter
1995 3740 2373 3820 theologiam

879 3840 941 3895 et
989 3834 1480 3917 philosophiam,
1524 3837 1715 3899 distat
1760 3856 1833 3901 ac
1881 3838 2168 3912 interest,
2203 3838 2376 3919 quod

876 3932 1190 4014 theologia
1230 3952 1340 3997 seu
1382 3954 1560 3998 sacra
1587 3936 1915 4019 Scriptura
1954 3936 2250 4000 increatae
2276 3956 2376 4000 ve-

878 4030 1047 4093 ritati
1108 4032 1424 4108 innititur,
1476 4042 1667 4115 atque
1725 4053 1839 4117 per
1888 4035 2105 4097 lumen
2158 4036 2376 4117 gratiae

878 4130 1214 4206 revelatur,
1270 4130 1673 4215 philosophia
1725 4152 1875 4197 vero
1933 4134 2229 4197 humanae
2281 4155 2376 4197 ra-

876 4227 1035 4291 tioni
1082 4246 1193 4289 seu
1234 4230 1504 4292 naturali
1545 4230 1774 4294 lumini
1818 4231 2007 4293 inniti
2052 4240 2369 4308 censetur,

874 4332 1067 4408 atque
1124 4326 1404 4392 humano
1461 4346 1537 4391 ex
1596 4331 2100 4401 consideratione
2159 4350 2373 4394 rerum

876 4431 1227 4487 creatarum
1278 4427 1488 4491 studio
1536 4427 1881 4490 invenitur.
1915 4427 2006 4490 Ex
2054 4447 2186 4511 quo
2234 4430 2375 4492 duae

874 4522 1015 4585 aliae
1070 4521 1450 4588 differentia)
1505 4526 1802 4589 oriuntur
1855 4545 1869 4589 :
1918 4526 2147 4603 Prima,
2201 4529 2373 4609 quod

873 4621 1206 4703 theologiae
1234 4622 1475 4686 salsitas
1503 4626 1840 4688 admisceri
1872 4644 1995 4690 non
2027 4626 2204 4699 valet,
2229 4646 2374 4709 quo-

875 4720 1048 4782 niam
1097 4719 1422 4783 infallibili
1470 4720 1885 4788 fundamento
1934 4724 2272 4799 incumbit,
2313 4733 2375 4787 et

872 4818 951 4880 ab
1004 4818 1509 4882 incommutabili
1564 4821 1833 4884 veritate
1893 4821 2253 4885 infunditur
2301 4822 2452 4886 acl)
2483 4820 2593 4901 qui
2646 4837 2772 4883 non
2832 4819 3128 4899 cognovit
3184 4817 3622 4893 litteraturam,
3673 4826 3981 4900 tanquam
4010 4790 4259 4885 Acamas

876 4917 1137 4979 docetur
1184 4935 1197 4980 :
1246 4917 1484 4981 idcirco
1534 4918 1599 4981 in
1653 4919 1751 4981 his
1801 4938 1946 5002 quae
1992 4919 2145 4982 fidei
2200 4930 2369 4997 sunt,

877 5014 1125 5078 diversa
1173 5016 1421 5097 opinari
1471 5016 1572 5079 vel
1625 5017 1936 5092 dubitare,
1990 5037 2251 5100 prorsus
2301 5019 2376 5081 il-

878 5112 1127 5175 licitum
1174 5121 1291 5175 est.
1326 5113 1746 5197 Philosophiae
1785 5134 1935 5179 vero
1982 5116 2218 5179 diversi
2260 5118 2376 5179 mi-

880 5218 1137 5273 scentur
1176 5229 1442 5287 erroreS,
1478 5223 1737 5295 propter
1775 5214 2069 5278 humanae
2114 5215 2375 5278 rationis

884 5309 1243 5390 caliginem.
1276 5310 1584 5386 Secunda,
1616 5312 1789 5394 quod
1835 5312 2152 5394 theologia
2199 5332 2378 5377 exor-

2485 3737 2610 3802 Deo
2658 3738 2989 3803 altissimo.
3043 3740 3448 3822 Philosophia
3495 3747 3704 3801 autem
3751 3738 3836 3801 ab
3893 3740 3992 3803 in-

2483 3836 2659 3899 fimis
2690 3838 2968 3912 inchoat,
3003 3846 3066 3900 et
3096 3837 3398 3920 paulatim
3429 3839 3508 3899 ad
3548 3856 3794 3899 summa
3831 3857 3994 3902 eon-

2485 3935 2732 3997 scendit
2771 3954 2784 3999 :
2820 3935 3124 4017 quoniam
3175 3935 3546 3998 naturaliter
3594 3935 3994 3999 intellectiva

2485 4034 2761 4115 cognitio
2809 4052 2885 4096 ex
2937 4035 3242 4098 sensitiva
3291 4034 3597 4116 procedit,
3649 4041 3711 4095 et
3755 4032 3992 4097 imma-

2485 4132 2728 4195 terialia
2783 4140 2976 4215 atque
3035 4133 3253 4195 divina
3310 4151 3424 4216 per
3473 4132 3820 4215 corporalia
3877 4154 3987 4198 eo-

2481 4238 2895 4311 gnoscuntur.
2930 4229 3182 4293 Creator
3210 4249 3468 4312 quoque
3499 4249 3612 4313 per
3639 4238 3985 4304 creatum,

2483 4329 3020 4411 quemadmodum
3067 4329 3145 4390 ad
3188 4327 3498 4392 Romanos
3546 4327 3774 4391 fatetur
3809 4328 3990 4411 Apo-

2484 4425 2682 4490 stolus
2727 4444 2740 4488 :
2783 4425 3136 4489 Invisibilia
3183 4426 3290 4487 Dei
3341 4443 3458 4507 per
3502 4444 3576 4488 ea
3622 4444 3762 4508 quae
3807 4425 3986 4489 facta
4011 4448 4232 4493 nomm.

2483 4532 2632 4587 sunt
2661 4532 3142 4605 cognoscuntur,
3170 4524 3554 4606 sempiterna
3583 4541 3828 4606 quoque
3863 4526 3986 4587 vir-

2482 4632 2584 4685 tus
2628 4622 2768 4703 ejus
2811 4630 2875 4683 et
2916 4621 3238 4684 diviuitas.

2562 4720 2722 4783 Hinc
2759 4737 2908 4800 ergo
2947 4718 3524 4782 excellentissimus
3555 4718 3978 4800 Evangelista‚

2485 4918 2758 5001 piscator
2797 4925 2861 4979 et
2898 4916 3116 4991 idiota,
3150 4935 3354 4998 usque
3392 4918 3470 4979 ad
3508 4936 3744 4979 annum
3791 4918 3986 4981 circi-

2482 5025 2580 5079 ter
2625 5016 2884 5097 triginta
2931 5016 3235 5098 primum,
3278 5016 3358 5078 de
3405 5016 3661 5092 divinis,
3704 5034 3830 5079 non
3885 5017 3986 5079 lu-

2487 5116 2660 5178 mine
2722 5114 3015 5189 naturali‚
3077 5133 3196 5177 nec
3260 5114 3497 5197 praevia
3553 5113 3773 5178 notitia
3831 5134 3982 5179 sen-

2485 5213 2693 5288 sitiva,
2742 5213 2840 5277 vel
2891 5231 2967 5275 ex
3017 5212 3420 5275 sensibilium
3476 5214 3983 5278 consideratione

2487 5312 2858 5387 instructuS‚
2887 5312 2998 5375 sed
3038 5311 3320 5374 radiante
3349 5310 3591 5394 Spiritu
3623 5310 3852 5375 Sancto
3881 5332 3982 5375 su-
