4300 6259
868 446 987 513 308

1700 464 2047 511 mumulo
2090 464 2152 510 IN
2195 463 2336 511 cAP.
2381 463 2402 509 1
2443 463 2721 511 JOANNIS.
2768 484 2849 495 —
2888 465 3028 511 ΛΒΤ.
3077 465 3137 509 v1

864 634 1109 699 invenit
1163 636 1399 711 Jesum,
1449 654 1576 700 non
1636 637 1989 712 casualiter,
2042 637 2154 699 sed
2210 654 2358 699 eum
2389 634 2442 697 A
2469 636 2637 699 idem
2694 646 2791 701 est
2836 638 3008 719 quod
3065 646 3254 720 caput
3303 637 3401 701 vel
3461 637 3850 720 capitaneus,
3898 645 3959 700 et

860 733 1196 815 diligenter
1234 736 1581 817 sequendo,
1615 735 1709 797 sic
1747 735 1993 799 invenit
2031 734 2355 799 Simonem

858 831 1119 895 fratrem
1162 853 1372 909 suum,
1418 852 1543 897 non
1590 833 1879 909 fortuitu,
1923 835 2034 897 sed
2076 841 2218 915 post
2260 834 2357 896 in-

856 931 1268 1012 quisitionem
1306 932 1663 996 sollicitam.
1698 932 1987 995 Sentiens
2026 933 2201 995 enim
2232 932 2357 995 An-

858 1031 1037 1092 dreas
1094 1030 1374 1093 fructum
1434 1040 1497 1093 et
1552 1032 1819 1112 gratiam
1881 1031 2138 1105 Christi,
2193 1031 2356 1093 desi-

857 1129 1101 1191 deravit
1165 1128 1427 1192 fratrem
1496 1149 1683 1191 suum
1752 1129 2094 1204 carnalem,
2159 1148 2353 1211 quem

856 1228 1270 1309 spiritualiter
1326 1229 1646 1309 diligebat,
1711 1228 2085 1310 participem
2144 1227 2352 1290 facere

852 1326 1069 1405 gratiae
1098 1326 1220 1388 sibi
1253 1344 1587 1400 concessae,
1610 1335 1680 1388 ut
1709 1334 1920 1387 essent
1950 1325 2198 1399 fratre3‚
2225 1344 2350 1389 non

854 1425 1179 1487 dumtaxat
1215 1426 1423 1487 carnis
1464 1425 1833 1507 propagine,
1880 1426 1989 1488 sed
2028 1424 2159 1486 fide
2198 1443 2354 1507 quo-

853 1541 979 1604 que
1022 1531 1084 1585 et
1129 1524 1457 1605 religione.
1494 1523 1567 1585 Et
1610 1524 1743 1586 haec
1787 1531 1881 1585 est
1924 1523 2090 1586 bona
2133 1524 2353 1586 frater-

853 1620 1016 1683 nitas
1064 1630 1325 1697 naturae,
1362 1641 1555 1704 quam
1608 1621 1863 1703 perficit
1909 1622 2132 1702 gratia,
2175 1629 2234 1683 et
2285 1618 2388 1684 in'

851 1738 979 1801 qua
1018 1720 1368 1801 spiritualis
1419 1720 1672 1783 dilectio
1712 1720 2027 1783 carnalem
2072 1738 2353 1783 amorem

2467 737 2635 798 idem
2667 736 2987 818 significat
3016 736 3233 799 Petrus
3267 755 3394 800 uno
3425 738 3631 800 mod0.
3656 737 3798 801 Alio
3827 756 3954 801 mo·

2467 835 2548 897 do
2596 834 2813 897 Petrus
2861 836 3094 898 dicitur
3141 836 3321 917 quasi
3373 835 3623 909 firmuS‚
3677 855 3714 897 a
3762 844 3951 917 petra.

2466 932 2628 995 Dicit
2670 951 2818 1013 ergo
2865 932 3167 1007 Salvator,
3214 935 3386 1015 quod
3429 932 3644 997 Simon
3697 934 3815 995 iste
3857 952 3958 997 vo-

2465 1031 2713 1093 cabitur
2743 1032 3006 1114 Cephas,
3041 1032 3193 1115 quia
3221 1032 3476 1094 futurus
3507 1031 3630 1094 fuit
3661 1033 3954 1114 princeps

2429 1130 2933 1211 ‘Apostolorum
2971 1131 3375 1195 Postmodum
3421 1149 3591 1205 vero,
3623 1150 3826 1213 quum
3868 1132 3956 1193 di-

2465 1230 2556 1290 xit
2599 1229 2815 1292 Petrus
2859 1231 2937 1292 ad
2978 1230 3215 1305 Iesum,
3259 1229 3351 1291 Tu
3400 1248 3468 1292 es
3514 1229 3822 1303 ChristuS,
3867 1229 3955 1291 Fi·
3979 1247 4195 1297 Mamm,

2465 1326 2588 1388 lius
2650 1327 2756 1389 oei
2807 1328 3275 1407 vivi;·audivit
3329 1347 3367 1388 a
3423 1327 3690 1402 christo,
3742 1326 3835 1389 Tu
3889 1311 4174 1415 es¹53m

2464 1424 2704 1499 PetruS‚
2758 1435 2820 1488 et
2869 1444 3062 1508 super
3120 1426 3283 1488 hanc
3337 1434 3580 1508 petram
3627 1426 3955 1489 aedificabo

2465 1522 2808 1585 Ecclesiam
2857 1542 3086 1587 meam.
3135 1524 3392 1599 Verum,
3438 1524 3742 1605 quoniam
3791 1526 3954 1607 apud

2463 1619 2735 1683 Marcum
2777 1629 2841 1683 et
2875 1620 3108 1684 Lucam
3153 1621 3476 1695 scribitur,
3507 1622 3722 1685 Jesum
3761 1622 3957 1686 Simo-
4007 1639 4194 1686 uma.

2465 1736 2611 1781 nem
2661 1719 2921 1783 fratrem
2970 1721 3234 1783 Andreae
3286 1739 3539 1784 vocasse
3588 1720 3840 1784 Petrum
3893 1722 3952 1784 in
3983 1703 4192 1807 ffistw'

852 1817 1219 1899 exstinguit,
1254 1819 1737 1900 naturalemque
1775 1817 2183 1881 affectionem
2217 1820 2354 1882 vin·
2391 1818 2436 1879 B
2464 1818 2772 1882 electione
2819 1819 3290 1901 Apostolorum,
3339 1820 3480 1883 ideo
3524 1820 3727 1901 aliqui
3777 1821 3958 1884 dubi-

854 1916 941 1978 cit
982 1935 1054 1977 ac
1096 1917 1365 1980 ordinat.

650 2022 721 2078 42
932 2017 1021 2076 Ec
1056 2018 1340 2077 adduxit
1376 2036 1547 2087 eum,
1588 2016 1886 2079 videlicet
1928 2015 2208 2078 Andreas
2259 2014 2353 2077 Si-

854 2131 1131 2188 monem,
1165 2117 1252 2174 ad
1278 2117 1515 2175 Iesum.
1552 2113 1653 2175 Sic
1692 2120 1754 2175 et
1798 2132 1909 2176 nos
1956 2114 2213 2177 solliciti
2255 2132 2354 2176 es-

854 2230 922 2273 se
960 2211 1265 2273 debemus
1304 2212 1656 2274 secundum
1697 2212 2079 2293 exigentiam
2123 2220 2351 2275 nostrae

854 2309 1199 2373 vocationis
1231 2317 1293 2372 et
1323 2328 1488 2373 verae
1527 2310 1828 2385 caritatiS,
1862 2311 1939 2372 de
1969 2311 2173 2372 salute
2205 2330 2354 2373 con-

851 2408 1120 2470 fratrum
1151 2416 1213 2469 et
1245 2408 1679 2489 proximorum
1713 2416 2097 2483 nostrorum,
2132 2408 2354 2491 praeci·

852 2526 977 2590 pue
1008 2515 1353 2589 parentum,
1370 2506 1651 2582 fratrum,
1666 2526 1947 2571 sororum
1979 2515 2041 2569 et
2071 2516 2354 2589 cognato-

580 2627 741 2671 ιρειν.
762 2642 820 2681 η,
853 2626 1011 2681 rum,
1033 2606 1197 2668 sicut
1225 2614 1287 2667 et
1318 2605 1533 2667 Petrus
1565 2607 1873 2682 admonet,
1900 2606 2352 2687 Unusquisque

558 2693 626 2735 ¹⁰·
851 2705 1016 2768 sicut
1054 2704 1299 2786 accepit
1324 2704 1614 2785 gratiam,
1650 2704 1717 2765 in
1756 2704 2133 2767 alterutrum
2175 2705 2348 2766 illam

849 2803 1385 2877 administrantes,
1434 2810 1747 2884 quatenus
1799 2802 2150 2883 spiritualis
2195 2802 2351 2865 dile-

850 2902 977 2966 ctio
1025 2902 1375 2963 naturalem
1429 2899 1730 2964 informet
1771 2909 1833 2963 et
1883 2902 2132 2982 dirigat.
2176 2901 2348 2963 lstud

2463 1924 2598 1979 tant
2635 1936 2714 1979 an
2757 1916 3040 1980 Christus
3080 1918 3198 1979 hac
3240 1918 3379 1981 vice
3420 1918 3725 1999 imposuit
3763 1918 3959 1983 Simo-

2466 2014 2529 2076 ni
2570 2033 2802 2079 nomen
2852 2015 3046 2089 istud,
3091 2016 3191 2078 vel
3237 2016 3696 2097 imponendum
3737 2017 3961 2099 praedi-

2464 2114 2557 2176 xit
2589 2132 2603 2177 :
2639 2121 2701 2175 et
2731 2114 2967 2190 dicunt,
3002 2115 3175 2195 quod
3215 2114 3268 2175 si
3308 2115 3494 2178 modo
3532 2114 3960 2196 imposuisset,

2463 2220 2613 2274 tunc
2643 2211 2945 2294 posterior
2975 2211 3295 2293 impositio
3317 2211 3540 2274 fuisset
3567 2212 3962 2277 confirmatio

2464 2310 2898 2392 praecedentis.
2959 2310 3220 2372 Videtur
3281 2318 3493 2373 autem
3551 2312 3679 2374 dici
3749 2331 3956 2394 posse,

2462 2410 2632 2491 quod
2683 2428 2852 2471 nunc
2904 2408 3211 2489 imposuit
3257 2409 3381 2471 sibi
3429 2427 3659 2473 nomen
3707 2409 3956 2492 Cephae,

2461 2515 2523 2568 et
2556 2525 2667 2589 per
2697 2524 3092 2587 consequens
3124 2525 3356 2570 nomen
3388 2506 3571 2583 Petri,
3605 2509 3960 2570 secundum

2465 2625 2652 2668 unam
2712 2605 3244 2686 significationem
3309 2605 3588 2669 nominis
3649 2606 3837 2682 Petri,
3899 2615 3963 2670 et

2461 2709 2698 2783 postea,
2733 2702 3084 2764 secundum
3133 2702 3323 2765 aliam
3366 2722 3381 2765 :
3428 2703 3527 2767 vel
3578 2722 3771 2777 nunc,
3815 2724 3963 2786 pro-

2461 2807 2600 2882 pter
2627 2800 2894 2880 gratiam
2927 2800 2952 2862 f
2957 2808 3240 2879 uturam3
3275 2809 3511 2882 postea,
3536 2810 3796 2885 propter
3821 2821 3964 2883 gra-

2458 2900 2611 2962 tiam
2659 2908 2810 2961 tunc
2855 2907 3252 2982 praesentem.
3290 2899 3429 2963 Haec
3475 2899 3645 2963 enim
3692 2902 3960 2965 mutatio

852 2999 1124 3061 maxime
1160 3000 1433 3081 pertinet
1466 3000 1545 3061 ad
1580 3000 1893 3081 praelatOS,
1928 3000 2166 3081 quibus
2202 3019 2350 3082 qua-
2386 3006 2430 3069 C
2461 2999 2814 3071 nominum,
2860 2998 3272 3062 variationem
3319 3006 3517 3061 status
3563 3008 3626 3061 et
3674 3000 3960 3081 proprie-

852 3097 905 3159 si
937 3098 1189 3161 vicariis
1230 3098 1361 3159 suis
1400 3098 1555 3161 dicit
1595 3098 1879 3162 Christus
1917 3099 2087 3179 quod
2115 3099 2348 3181 Joseph

854 3197 1012 3259 dixit
1054 3195 1357 3259 fratribus
1401 3197 1533 3258 suis
1579 3197 1645 3258 in
1689 3196 1914 3259 Genesi
1949 3216 1961 3258 ε
2000 3196 2133 3260 Non
2177 3198 2351 3261 vide-

852 3295 1003 3358 bitis
1042 3294 1270 3358 faciem
1322 3313 1549 3369 meam,
1598 3296 1719 3357 nisi
1761 3295 2019 3357 fratrem
2064 3305 2344 3359 vestrum

851 3394 1191 3456 minimum
1229 3394 1616 3456 adduxeritis
1656 3395 1733 3455 ad
1775 3412 1897 3469 me,
1932 3394 2230 3457 videlicet
2262 3396 2348 3457 fa-

847 3493 1072 3556 ciendo
1113 3511 1226 3573 pro
1268 3492 1408 3572 ejus
1448 3492 1813 3567 salvatione,
1848 3493 2018 3574 quod
2058 3494 2121 3554 in
2165 3494 2344 3557 vobis

846 3599 961 3665 est,
995 3599 1058 3654 et
1094 3592 1172 3653 ad
1211 3592 1381 3673 quod
1421 3591 1726 3654 tenemini
1777 3592 2017 3654 ratione
2056 3591 2282 3656 officii.

924 3692 1215 3751 Incuicus
1253 3700 1469 3750 autem
1508 3710 1677 3760 eum,
1711 3690 1956 3752 scilicet
1995 3689 2340 3767 Simonem,

838 3792 1043 3855 Jews,
1095 3806 1219 3850 non
1268 3786 1474 3849 solum
1520 3787 1722 3850 oculis
1773 3788 2001 3862 carniS,
2054 3790 2164 3850 sed
2217 3789 2346 3871 pie-

589 3215 700 3259 θαι.
712 3230 823 3269 xun,

2457 3103 2648 3158 tatem
2690 3098 2908 3178 gratiae
2951 3097 3328 3177 designavit.

2535 3198 2618 3257 In
2649 3198 3007 3256 crastinum
3039 3205 3281 3266 autem,
3307 3195 3369 3258 id
3409 3203 3504 3258 est
3543 3197 3645 3259 die
3685 3216 3956 3279 sequen·
4027 3270 4036 3275 ⁴
4077 3205 4138 3261 ⁴3

2457 3294 2504 3356 ti
2556 3300 2697 3376 post
2745 3293 3230 3358 collocutionem
3279 3294 3424 3356 Jesu
3466 3302 3530 3357 et
3565 3295 3834 3359 Andreae
3879 3316 3954 3360 ac

2459 3392 2644 3467 Petri,
2680 3395 2885 3453 voluit
2910 3392 3089 3453 Jesus
3119 3394 3299 3453 emire
3335 3411 3370 3453 a
3409 3392 3546 3456 loco
3585 3412 3785 3476 prope
3821 3396 3958 3459 Jor-

2457 3492 2705 3565 danem,
2739 3492 2812 3552 in
2847 3492 3210 3563 Galiloeam,
3239 3492 3560 3555 redeundo
3587 3494 3664 3555 ad
3693 3492 3954 3557 Matrem

2456 3611 2636 3654 suam
2676 3591 2741 3653 in
2781 3590 3106 3653 Nazareth.
3129 3594 3214 3653 Ec
3243 3593 3496 3653 invenit
3516 3595 3954 3671 Philippu-m:

2457 3709 2581 3753 non
2642 3689 2827 3751 illum
2885 3690 2962 3752 de
3011 3708 3137 3771 quo
3189 3690 3255 3751 in
3306 3690 3566 3753 Actibus
3625 3692 3956 3773 Apostolo-
4024 3714 4202 3755 mm.

2457 3809 2596 3851 rum
2639 3788 2838 3850 multa
2874 3788 3191 3870 leguntur,
3225 3789 3338 3871 qui
3369 3798 3430 3851 et
3459 3788 3782 3853 Simonem
3821 3812 3956 3855 ma·
3979 3776 4185 3884 ‘'JZ'Jg·

843 3886 988 3947 tatis
1038 3893 1100 3947 et
1146 3886 1424 3947 caritatis
1476 3893 1765 3967 respectu
1820 3886 2091 3967 interno,
2136 3888 2344 3951 sciens
2452 3904 2602 3967 gum
2662 3885 2995 3959 convertit,
3047 3893 3109 3947 et
3168 3904 3334 3947 unus
3392 3884 3514 3947 fuit
3572 3887 3648 3948 de
3703 3896 3952 3969 septem
4003 3903 4200 3945 mam

845 3990 1121 4065 quantus
1183 3992 1349 4045 esset
1410 3983 1688 4058 suturuS‚
1750 3992 1813 4046 et
1880 3988 2162 4065 [quanta]
2232 4006 2346 4068 pro

849 4082 1095 4146 Christo
1142 4082 1423 4144 facturus
1470 4090 1661 4164 atque
1709 4102 2053 4165 passurus3
2104 4088 2282 4147 dimit
2321 4106 2344 4148 .·

2455 3984 2776 4064 diaconis;
2829 3983 2939 4045 sed
2979 3982 3364 4066 Philippum
3412 3984 3524 4066 qui
3585 3992 3804 4066 postea
3861 3986 3953 4050 fa·
3979 4001 4202 4046 maenaa.

2454 4091 2592 4146 ctus
2641 4082 2766 4144 fuit
2819 4082 3164 4163 apostolus.
3218 4082 3467 4146 Invenit
3511 4091 3722 4146 autem
3773 4104 3946 4161 eum,

857 4185 953 4245 Tu
980 4201 1045 4241 es
1072 4182 1329 4251 Simon,
1358 4200 1483 4244 non
1524 4182 1727 4245 solum
1767 4182 2046 4255 nomine,
2082 4185 2193 4245 sed
2235 4204 2348 4248 no-
2379 4189 2426 4249 D
2457 4202 2582 4245 non
2625 4181 2970 4263 improvise
3003 4189 3112 4243 aut
3150 4180 3515 4263 casualiter;
3547 4182 3656 4243 sed
3695 4183 3790 4246 sic
3827 4184 3950 4247 iter

852 4279 1043 4341 minis
1104 4280 1621 4361 interpretatione
1668 4299 1740 4343 ac
1796 4281 2202 4362 proprietate.
2254 4282 2347 4344 Si-

854 4396 1000 4440 mon
1060 4377 1254 4451 enim,
1316 4377 1617 4441 obediens
1680 4378 1933 4441 dicitur.
1998 4378 2069 4440 Et
2126 4380 2344 4444 Petrus

574 4496 823 4547 Aet.x,¹⁴.
851 4475 1153 4539 obediens
1194 4475 1316 4537 fuit
1354 4476 1497 4551 Deo,
1532 4476 1684 4558 quia
1712 4496 2041 4559 nunquam
2083 4480 2348 4542 mandu-

851 4574 1017 4639 cavit
1054 4592 1241 4638 omne
1282 4593 1620 4637 commune
1658 4583 1719 4637 et
1762 4576 2208 4659 immundum3
2247 4579 2348 4660 ju-

852 4672 1141 4755 niorique
1168 4672 1347 4735 fratri
1380 4675 1702 4737 consensit
1729 4675 2041 4739 veniendo
2072 4677 2149 4739 ad
2181 4677 2349 4741 Chri-

582 4780 1064 4852 natm.1v,stum;
1108 4780 1169 4834 et
1218 4781 1453 4854 postea,
1499 4772 1745 4835 Christo
1795 4782 2076 4848 vocante,
2122 4784 2348 4838 cuncta

563 4853 717 4904 ¹⁹’²⁰·
854 4870 1133 4953 reliquit,
1168 4879 1231 4933 et
1268 4870 1324 4933 ei
1366 4871 1651 4933 adhaesit.
1686 4874 1902 4933 Filius
1929 4876 2209 4934 Joanna.
2245 4874 2348 4937 Sic

850 4968 1023 5031 enim
1074 4969 1279 5030 dictus
1328 4976 1423 5031 est
1472 4976 1650 5051 pater
1694 4969 1878 5031 Petri.
1920 4970 2158 5033 Joanna
2199 4990 2348 5035 vero

849 5068 1299 5148 interpretatur
1343 5068 1543 5147 gratia
1598 5067 1730 5143 Dei,
1783 5076 1846 5131 et
1895 5068 2110 5131 Petrus
2169 5069 2346 5133 filius

846 5164 972 5226 fuit
1026 5166 1243 5245 gratiae
1300 5164 1659 5229 SalvatoriS.
1720 5171 1814 5229 Tu
1868 5169 2190 5228 vocaberis
2242 5172 2350 5230 Ce-

839 5266 1034 5341 pha-5,
1072 5268 1243 5342 quod
1288 5266 1755 5341 interpretatur
1801 5269 2056 5327 Petra-3.
2102 5266 2346 5357 Cephas

2455 4300 2642 4343 suum
2692 4280 2943 4355 direxit,
2995 4280 3216 4361 sicque
3272 4279 3636 4361 Philippum
3693 4283 3771 4344 ad
3821 4282 3946 4345 sibi

2453 4379 2841 4443 obviandum
2883 4378 3154 4451 induxit,
3187 4379 3355 4459 quod
3387 4378 3658 4440 electum
3699 4378 3764 4441 in
3795 4399 3951 4463 apo—

2456 4478 2690 4541 stolum
2723 4476 2784 4538 S.
2821 4475 3188 4558 Philippum
3221 4477 3347 4539 cito
3386 4476 3649 4540 invenit.
3677 4480 3756 4539 Ει
3785 4482 3952 4543 dicit

2454 4580 2517 4638 ei
2540 4581 2724 4639 lesus
2753 4598 2775 4637 .·
2807 4579 3083 4655 Sequere
3112 4597 3210 4637 me
3239 4575 3392 4652 fide,
3425 4575 3661 4639 affectu
3701 4585 3765 4639 et
3801 4598 3952 4661 ope-

2457 4695 2546 4752 re,
2606 4694 2680 4738 ac
2737 4674 3018 4756 corporis
3071 4692 3316 4755 gressu.
3378 4674 3510 4738 Non
3571 4674 3832 4751 mirum,
3895 4678 3950 4739 si

2461 4775 2650 4839 verba
2684 4774 2891 4848 Verbi,
2925 4792 3036 4835 seu
3075 4791 3284 4836 sermo
3320 4773 3571 4848 Christi,
3606 4781 3796 4837 tantae
3827 4777 3954 4838 vir-

2458 4874 2608 4936 tutis
2671 4880 2870 4939 erant,
2933 4873 3102 4954 quod
3163 4872 3584 4935 exterioribus
3653 4874 3950 4937 sensibus

2458 4971 2826 5044 immutatis,
2870 4971 3057 5033 etiam
3102 4971 3346 5033 animas
3387 4978 3675 5052 poterant
3718 4972 3952 5035 immu-

2455 5078 2588 5131 tare
2634 5077 2826 5150 atque
2872 5070 3208 5131 attrahere.
3251 5067 3367 5140 Qui
3421 5068 3592 5131 enim
3643 5068 3800 5133 foris
3847 5090 3950 5135 so-

2456 5168 2664 5243 nabat,
2714 5168 2884 5229 intus
2933 5168 3267 5248 movebat3
3319 5176 3382 5230 et
3427 5167 3732 5250 quoniam
3781 5169 3945 5233 Deus

2456 5286 2643 5329 verus
2685 5265 2829 5342 suit,
2873 5266 2938 5328 in
2983 5266 3370 5329 voluntatem
3416 5267 3689 5330 aliorum
3737 5268 3946 5350 potuit
