4300 6259
602 4023 663 4077 ss

603 5303 671 5357 12

789 475 869 538 56
1580 494 1929 541 amam-rm
1972 493 2034 540 m
2076 493 2215 540 car.
2263 493 2350 540 ιιι
2391 494 2579 541 Lucia.
2624 513 2706 524 -
2747 496 2890 542 Aur.
2935 497 3108 542 xxxu

788 664 1083 738 cendum,
1137 666 1306 745 quod
1365 671 1675 745 quantum
1726 666 1803 727 ad
1862 664 2035 727 illam
2092 664 2288 744 hujus
2317 663 2366 724 A
2396 667 2580 734 liora,
2621 685 2823 746 quum
2873 667 3126 729 adducti
3175 666 3424 729 fueritis
3475 685 3682 730 coram
3731 666 3880 729 fidei

788 761 1030 842 peccati
1070 763 1348 843 speciem
1386 781 1531 843 quae
1568 762 1783 824 finalis
1825 762 2291 844 impoenitentia

790 861 1177 936 nominatur,
1210 861 1653 923 irremissibile
1683 868 1779 922 est
1817 861 2100 936 omnino,
2137 862 2290 942 quia

790 976 908 1020 nec
947 959 1013 1019 in
1055 959 1351 1040 praesenti
1396 960 1626 1022 saeculo
1667 978 1783 1021 nec
1827 959 1893 1022 in
1938 958 2158 1022 futuro
2197 960 2291 1022 di-

789 1057 1105 1137 mittitur3
1149 1059 1259 1120 sed
1299 1067 1608 1139 quantum
1647 1060 1724 1121 ad
1770 1059 1923 1120 alias
1965 1058 2105 1139 ejus
2145 1077 2291 1140 spe-

791 1156 919 1218 cies
951 1156 1393 1219 irremissibile
1422 1157 1674 1232 dicitur,
1708 1176 1834 1220 non
1867 1156 2019 1239 quia
2051 1157 2288 1219 remitti

790 1274 915 1318 non
975 1256 1194 1337 possit,
1246 1257 1355 1318 sed
1412 1256 1565 1337 quia
1613 1255 1963 1318 difficulter
2021 1257 2290 1318 remitti-

788 1361 893 1415 tur
927 1373 940 1416 :
976 1373 1103 1416 non
1134 1372 1211 1416 ex
1253 1363 1431 1436 parte
1461 1354 1592 1428 Dei,
1628 1355 1813 1436 cujus
1851 1355 2290 1418 misericordia

788 1460 885 1513 est
933 1451 1244 1514 immensa
1291 1461 1354 1514 et
1400 1451 1656 1515 infinita
1703 1453 2005 1535 potentia,
2054 1455 2163 1516 sed
2212 1472 2289 1515 ex

788 1558 965 1632 parte
1004 1550 1359 1626 hominum,
1396 1551 1507 1633 qui
1551 1552 1628 1613 de
1667 1551 2032 1633 hujusmodi
2075 1571 2290 1634 pecca-

789 1658 850 1712 to
884 1669 1022 1712 raro
1054 1649 1534 1731 difficulterque
1575 1650 1907 1732 poenitent.
1942 1650 2284 1724 Postremo,

789 1755 861 1810 ut
905 1749 1106 1830 aliqui
1167 1750 1408 1823 dicunt,
1462 1749 1903 1812 irremissibile
1951 1751 2289 1832 tripliciter

2397 763 2699 839 inimiciS‚
2726 786 2869 843 quae
2903 775 3144 842 oportet
3170 768 3403 838 dicere,
3437 765 3501 828 id
3530 773 3645 841 est,
3681 785 3886 847 prom-

2397 871 2523 944 pta,
2578 863 2995 944 sapientialia‚
3058 873 3248 945 atque
3304 863 3653 926 constantia
3709 863 3885 928 vobis

2397 961 2737 1043 inspirabit
2773 979 3075 1043 responsa
3109 981 3122 1024 :
3157 963 3306 1044 quia
3343 963 3462 1026 hoc
3492 961 3728 1025 bellum
3761 981 3886 1025 non

2397 1067 2492 1122 est
2541 1067 2846 1135 vestrum,
2894 1061 3001 1122 sed
3052 1059 3198 1139 Dei;
3248 1069 3471 1142 estque
3519 1067 3889 1143 supernatu-

2398 1157 2550 1236 rale,
2602 1158 2668 1219 in
2726 1177 2856 1239 quo
2915 1156 3257 1220 infirmitas
3314 1158 3590 1220 humana
3641 1158 3887 1240 potissi-

2397 1275 2575 1318 mum
2615 1256 2856 1337 indiget
2892 1275 3014 1339 ope
3054 1257 3290 1320 divina.
3325 1257 3524 1329 Quam
3563 1257 3888 1321 verissima

2396 1354 2592 1416 fuerit
2629 1355 2765 1417 haec
2803 1355 3035 1418 Christi
3075 1355 3434 1436 promissio,
3469 1363 3531 1417 et
3566 1374 3758 1438 quam
3791 1355 3888 1417 in·

2399 1453 2882 1516 numerabiliter
2915 1473 2989 1516 ac
3019 1454 3456 1536 copiosissime
3487 1454 3569 1516 sit
3606 1454 3884 1536 impleta,

2397 1551 2944 1614 abundantissime
2976 1561 3148 1634 patet
3178 1552 3243 1614 in
3274 1551 3642 1616 Sanctorum
3683 1552 3890 1633 legen-

2398 1651 2517 1723 dis,
2553 1659 2614 1713 et
2645 1651 2710 1711 in
2743 1650 2897 1714 viris
2928 1671 3000 1713 ac
3029 1650 3289 1712 feminis
3321 1670 3436 1732 pro
3467 1651 3710 1714 Christo
3739 1669 3892 1712 mar-

2397 1749 2676 1832 tyrizatis
2726 1758 2822 1811 est
2881 1750 3267 1832 superplene
3315 1769 3388 1812 ac
3442 1749 3890 1830 gloriosissime

788 1849 1043 1923 dicitur,
1096 1848 1341 1911 scilicet
1389 1849 1699 1929 negative,
1756 1849 2085 1930 privative,
2140 1869 2290 1913 con-
2324 1846 2371 1908 B
2398 1847 2742 1930 adimpleta
2774 1867 2789 1910 ε
2825 1848 2991 1910 sicut
3029 1848 3096 1909 in
3135 1847 3517 1910 beatissimis
3552 1847 3886 1928 ApostoliS,

790 1947 1001 2010 trarie.
1034 1947 1354 2028 Negative‚
1390 1948 1561 2028 quod
1604 1946 1783 2009 nullo
1827 1949 2014 2011 modo
2057 1956 2152 2010 est
2194 1968 2289 2011 re-

788 2045 1123 2120 missibile,
1171 2053 1239 2106 ut
1287 2053 1615 2126 peccatum
1664 2047 2021 2108 daemonum
2062 2055 2124 2109 et
2161 2067 2289 2110 om-

787 2144 969 2206 nium
1029 2144 1493 2207 damnatorum.
1545 2143 1877 2217 Privative,
1930 2147 2100 2226 quod
2161 2166 2286 2210 non

788 2243 981 2306 habet
1006 2241 1429 2324 aptitudinem
1463 2249 1532 2303 ut
1562 2243 1953 2306 remittatur:
1981 2244 2071 2306 sic
2099 2263 2287 2308 omne

791 2348 1122 2424 peccatum
1171 2340 1437 2414 mortale
1484 2347 1579 2401 est
1626 2340 2085 2405 irremissibile.
2132 2343 2288 2407 Con—

788 2439 1004 2515 trarie,
1052 2439 1224 2520 quod
1275 2437 1465 2500 habet
1514 2438 1992 2520 dispositionem
2041 2451 2289 2505 contra-

791 2537 951 2599 riam
1011 2536 1495 2598 remissibilitati
1551 2557 1564 2599 :
1627 2538 1845 2620 sicque
1905 2549 2162 2621 peccata
2218 2542 2284 2604 in

788 2635 1095 2718 Spiritum
1128 2634 1426 2698 Sanctum
1457 2635 1922 2701 irremissibilia
1952 2639 2287 2720 perhiben-

790 2743 915 2810 tur,
969 2733 1121 2816 quia
1178 2734 1525 2796 excludunt
1572 2742 1634 2797 et
1680 2745 1990 2817 spernunt
2045 2756 2118 2800 ea
2171 2758 2286 2821 per

792 2851 937 2914 quae
985 2831 1277 2894 remissio
1323 2830 1402 2892 fit
1440 2831 1795 2914 culparum,
1830 2834 2126 2898 videlicet
2169 2838 2287 2898 mi-

792 2929 1222 3004 sericordiam,
1263 2929 1657 3010 gratiamque
1704 2931 2007 2994 divinam.
2042 2969 2119 2979 —
2157 2935 2286 2998 Hoc

2396 1954 2588 2028 atque
2632 1946 2696 2007 in
2742 1945 2802 2008 S.
2837 1946 3195 2021 Laurentio,
3231 1945 3582 2020 Vincentio,
3621 1945 3889 2026 aliisque

2399 2044 2777 2119 innumeriS‚
2813 2045 2924 2126 qui
2965 2045 3155 2106 etiam
3195 2043 3564 2106 naturaliter
3601 2044 3787 2105 rudes
3823 2051 3886 2104 et

2399 2143 2609 2206 idiotae
2665 2142 2948 2204 fuerunt.
3007 2142 3490 2205 Praeclarissime
3549 2149 3756 2205 tamen
3815 2141 3882 2202 in

2399 2243 2632 2304 sanctis
2665 2242 2896 2324 puellis
2924 2261 2998 2304 ac
3027 2240 3284 2304 feminis
3315 2248 3557 2304 constat
3583 2259 3718 2302 eam
3747 2257 3883 2300 csse

2399 2341 2804 2423 completam,
2836 2341 3004 2402 sicut
3045 2340 3109 2402 in
3153 2339 3574 2402 sacratissima
3614 2337 3886 2401 Cathari-

2400 2459 2500 2516 na,
2552 2439 2810 2520 Agatha,
2857 2438 3116 2521 Agnete,
3169 2447 3314 2512 etc.,
3369 2439 3434 2500 in
3481 2436 3716 2518 quibus
3763 2435 3885 2497 fuit

2399 2538 2952 2601 evidentissimum
2991 2557 3152 2619 opus
3201 2536 3556 2601 Divinitatis
3604 2535 3888 2616 omnipo-

2397 2638 2611 2711 tentiS,
2646 2637 2817 2718 quod
2847 2645 2973 2699 tam
3011 2643 3302 2718 prompte
3332 2654 3404 2698 ac
3437 2633 3886 2716 sapientialiter

2400 2738 2886 2818 responderunt,
2923 2743 3180 2817 tamque
3209 2734 3630 2817 imperterrite
3657 2739 3720 2794 et
3745 2750 3888 2795 con-

2401 2843 2636 2897 stantes
2677 2841 3184 2916 permanserunt.

2479 2935 2746 3016 Insuper
2798 2934 3082 2997 Christus
3135 2931 3461 2995 avaritiam
3518 2932 3696 2994 docet
3750 2947 3888 2992 esse

793 3045 1051 3110 quoque
1103 3028 1455 3102 sciendum,
1509 3029 1679 3109 quod
1734 3030 2021 3111 quolibet
2069 3051 2290 3114 pecca-
2325 3033 2370 3098 C
2403 3033 2744 3097 vitandam.
2777 3035 2893 3094 Ait
2939 3041 3156 3092 autem
3199 3032 3285 3099 ei,
3330 3029 3572 3092 scilicet
3617 3028 3882 3102 Christe,

795 3134 859 3188 to
900 3134 1023 3189 tota
1072 3126 1597 3208 superbenedicta
1644 3127 1913 3192 Trinitas
1962 3132 2290 3213 aequaliter

795 3223 1193 3305 offenditur3
1246 3226 1353 3287 sed
1412 3227 1699 3307 quaedam
1758 3236 2015 3309 peccata
2070 3231 2293 3293 dicun-

795 3334 900 3384 tur
930 3331 1148 3386 contra
1176 3323 1433 3398 Patrem,
1464 3326 1754 3405 quaedam
1787 3335 2003 3390 contra
2031 3329 2287 3406 Filium,

796 3424 1086 3504 quaedam
1154 3431 1369 3486 contra
1428 3422 1731 3504 Spiritum
1795 3424 2114 3502 Sanctum,
2178 3447 2291 3510 per

798 3521 1378 3603 appropriationem
1432 3531 1691 3605 propter
1742 3541 1995 3586 causam
2044 3527 2289 3608 praeha-

800 3619 1019 3681 bitam.

882 3720 1001 3782 Sed
1047 3718 1200 3800 quia
1246 3725 1372 3780 tam
1433 3717 1825 3782 horribiliter
1871 3721 2293 3785 comminatus

801 3827 896 3881 est
938 3817 1222 3882 Christus
1266 3816 1643 3898 negantibus
1685 3835 1854 3894 eum,
1902 3837 2296 3901 consequen-

802 3926 899 3980 ter
928 3923 1180 3999 praestat
1209 3915 1535 3990 fiduciam,
1568 3915 2003 3998 auxiliumque
2034 3919 2297 3999 promit-

802 4016 878 4079 tit
925 4014 1227 4078 fidelibus
1278 4014 1431 4076 suiS.
1468 4017 1681 4084 Quum
1723 4023 1937 4076 autem
1984 4019 2296 4080 inducent

802 4136 931 4184 vos,
964 4114 1206 4176 scilicet
1244 4112 1492 4195 tyranni
1532 4131 1605 4174 ac
1634 4112 1889 4194 perfidi,
1924 4117 1998 4175 in
2024 4135 2295 4193 synayo-

2397 3134 2670 3213 quidam
2721 3136 2800 3192 de
2851 3133 3037 3192 turba
3089 3151 3112 3190 .·
3152 3131 3486 3206 Mayister,
3533 3129 3642 3188 dic
3685 3129 3889 3204 fratri

2400 3251 2533 3290 meo
2583 3241 2654 3291 ut
2707 3232 2968 3292 dividat
3023 3250 3270 3290 mecum
3329 3228 3764 3297 hereditatem,
3824 3225 3888 3287 id

2400 3337 2516 3402 est,
2539 3329 2774 3409 justam
2807 3327 2994 3390 faciat
3023 3325 3546 3390 hereditariorum
3577 3324 3886 3387 bonorum

2401 3435 2763 3491 nostrorum
2806 3427 3185 3490 divisionem
3231 3426 3396 3486 inter
3439 3442 3507 3486 se
3542 3431 3605 3486 et
3645 3441 3767 3484 me.
3800 3429 3888 3484 At

2403 3528 2516 3586 ille
2560 3526 2738 3587 dioeit
2785 3527 2849 3585 ei
2886 3543 2909 3586 .·
2949 3528 3176 3596 Hom0,
3221 3525 3368 3604 quis
3416 3543 3514 3584 me
3559 3521 3890 3582 constituit

2388 3627 2689 3703 judicem
2737 3635 2853 3686 aut
2901 3625 3251 3684 divisorem
3301 3619 3742 3702 temporalium
3801 3617 3892 3679 fa-

2404 3724 2708 3787 cultatum
2741 3723 2950 3784 inter*
2979 3742 3108 3794 vos,
3141 3721 3206 3783 id
3245 3727 3341 3783 est
3376 3719 3542 3781 inter
3571 3725 3634 3779 te
3671 3725 3733 3779 et
3766 3716 3794 3778 f
3799 3735 3892 3778 ra·
3962 3746 3988 3766 ·

2402 3830 2565 3885 trem
2615 3825 2850 3883 tuum?
2901 3820 3186 3884 Christus
3244 3819 3414 3880 hunc
3463 3815 3885 3898 reprehendit,

2404 3922 2556 4002 quia
2594 3939 2702 3983 cor
2739 3919 2880 4001 ejus
2921 3918 3194 3981 intendit
3233 3935 3343 3980 seu
3381 3915 3560 3979 vidit.
3594 3913 3890 3987 Quamvis

2403 4019 2574 4082 enim
2625 4018 2766 4081 talis
2818 4017 3048 4080 divisio
3096 4016 3267 4078 licite
3316 4013 3515 4097 possit
3567 4013 3717 4095 peti,
3767 4010 3890 4072 Sal-

2406 4124 2582 4180 vator
2612 4124 2821 4179 tamen
2854 4124 3133 4178 mentem
3163 4114 3356 4194 hujus
3389 4111 3755 4194 inspiciens„
3788 4127 3890 4173 co-

793 4233 937 4290 yas,
969 4212 1033 4275 id
1065 4220 1160 4274 est
1193 4212 1271 4273 ad
1312 4211 1601 4293 publicos
1642 4230 1788 4273 suos
1820 4222 2192 4288 conventuS‚
2227 4223 2296 4276 ut
2325 4216 2375 4277 D
2401 4215 2622 4296 gnovit
2649 4216 2822 4296 quod
2849 4233 2927 4276 ex
2956 4213 3219 4277 avaritia
3250 4213 3312 4274 id
3345 4210 3582 4293 petivit,
3601 4215 3787 4290 prout
3814 4225 3888 4268 ex

802 4311 1212 4374 multitudine
1252 4329 1365 4371 sua
1402 4308 1581 4373 vobis
1621 4309 1913 4371 timorem
1959 4309 2290 4388 incutiant,

798 4420 858 4471 et
897 4415 984 4472 ad
1024 4411 1465 4487 mayistratus,
1499 4407 1564 4469 id
1603 4414 1700 4469 est
1739 4408 2063 4490 principes
2102 4409 2296 4493 Syna-

798 4528 993 4592 gogae,
1047 4507 1585 4588 quemadmodum
1645 4504 1965 4568 Christum
2022 4515 2083 4569 et
2132 4510 2296 4592 Apo-

799 4607 991 4670 stolos
1040 4607 1429 4668 induxerunt
1472 4604 1693 4678 Judaei,
1734 4614 1795 4664 et
1825 4615 2186 4681 potestates,
2229 4609 2292 4672 id

800 4713 894 4769 est
930 4706 1009 4768 ad
1049 4702 1349 4787 praesides
1392 4702 1765 4783 saeculare53
1798 4705 1997 4765 nolite
2026 4707 2296 4768 solliciti

797 4826 945 4880 esse,
980 4804 1043 4867 id
1074 4811 1170 4865 est
1206 4801 1601 4866 formidolosi
1639 4808 1750 4863 aut
1783 4801 1978 4878 anxii,
2011 4808 2296 4884 qualiter

800 4914 916 4966 aut
954 4903 1118 4983 quid
1152 4902 1588 4978 respondeatis
1626 4922 1649 4961 .·
1690 4900 1777 4962 ita
1824 4919 1942 4964 nec
1985 4903 2062 4964 de
2107 4907 2296 4970 modo

801 4998 1249 5084 respondendi,
1301 5017 1420 5061 nec
1468 5000 1546 5062 de
1590 4998 1957 5063 inventione
2007 5004 2294 5083 responsi

802 5100 940 5163 sitis
986 5097 1315 5181 perplexi3
1355 5106 1472 5158 aut
1512 5099 1675 5177 quid
1712 5099 1947 5160 dicatis
1986 5116 2102 5181 pro
2138 5098 2294 5163 fidei

803 5196 1169 5261 defensione
1198 5202 1262 5257 et
1296 5194 1798 5258 adversariorum
1838 5195 2288 5262 confutatione.

803 5297 1095 5374 Spiritus
1121 5295 1299 5354 enim
1326 5295 1606 5354 Sanctus
1634 5295 1873 5355 docebit
1906 5314 2013 5355 vos
2043 5298 2117 5358 in
2148 5297 2291 5375 ipsa

2405 4313 2615 4377 verbis
2665 4313 2859 4375 claret
2909 4310 3346 4393 sequentibus.
3393 4309 3646 4383 Iterum,
3685 4307 3892 4369 redar-

2400 4412 2539 4492 guit
2568 4431 2738 4487 eum,
2771 4411 2924 4492 quia
2963 4411 3147 4472 istam
3180 4408 3557 4472 divisionem
3588 4425 3712 4469 non
3747 4423 3893 4468 con-

2400 4529 2560 4591 gruo
2617 4519 2902 4592 tempore
2961 4507 3325 4590 postulavit,
3373 4503 3890 4585 interrumpendo

2403 4608 2633 4672 Christi
2674 4606 3186 4690 praedicationem
3217 4606 3294 4668 de
3324 4603 3513 4666 rebus
3551 4600 3893 4685 spirituali-

2404 4706 2524 4769 bus
2563 4726 2635 4770 ac
2669 4706 2905 4770 divinis
2945 4711 3338 4780 tractantem,
3373 4721 3488 4784 per
3529 4699 3892 4784 propositio-

2403 4824 2550 4868 nem
2599 4805 2794 4887 hujus
2844 4823 3050 4867 causae
3094 4811 3384 4876 terrenae,
3427 4808 3488 4862 et
3533 4797 3892 4881 temporali-

2404 4924 2513 4967 um
2544 4923 2798 4967 causam
2833 4901 3124 4966 tractatui
3155 4899 3516 4964 divinorum
3547 4897 3886 4960 miscendo.

2404 5002 2664 5078 Rursus,
2728 5001 3049 5082 redarguit
3115 5017 3286 5072 eum,
3349 4997 3501 5078 quia
3568 4994 3793 5078 petivit
3857 5013 3892 5056 a

2403 5101 2649 5165 Christo
2676 5102 2848 5182 quod
2877 5101 2954 5162 ad
2998 5099 3209 5180 ipsum
3241 5095 3559 5160 Christum
3591 5112 3716 5157 non
3757 5111 3892 5174 per-

2400 5199 2660 5274 tinebat,
2698 5198 2995 5262 videlicet
3020 5196 3470 5278 temporalium
3503 5211 3712 5254 rerum
3747 5209 3890 5254 cau-

2400 5317 2500 5361 sas
2549 5298 2885 5370 discutere,
2938 5303 2999 5358 et
3057 5311 3171 5377 per
3219 5293 3340 5357 hoc
3395 5291 3612 5356 divina
3667 5289 3884 5352 saltem

4027 3037 4102 3092 13

4039 3434 4112 3489 u
