4300 6259
530 1079 633 1124 Geni.
646 1084 792 1130 1:113.

622 1763 689 1819 17

622 2048 689 2104 18

626 5132 694 5188 19

818 479 941 544 350

1636 493 1985 541 alumno
2026 493 2091 539 m
2132 493 2272 540 cAl’.
2317 493 2380 540 lv
2419 491 2696 542 somms.
2743 513 2824 524 -—
2861 495 3008 544 Am.
3051 497 3118 543 xl

818 668 921 742 sti,
956 669 1065 730 sed
1108 676 1178 730 ut
1204 685 1283 730 ex
1320 667 1650 731 occasione
1691 667 1883 748 hujus
1917 665 2093 730 verbi
2136 672 2200 726 et
2237 683 2315 726 ex
2341 663 2393 725 A
2424 671 2758 754 prophetia
2817 673 2900 734 sit
2956 673 3034 733 de
3089 671 3322 734 futuris
3380 670 3918 752 contingentibus,

820 767 1233 848 responsione
1286 767 1595 840 mulieriS,
1644 765 1931 829 Christus
1980 783 2119 827 eam
2165 783 2317 826 con-

822 865 1181 928 venientius
1224 873 1535 947 argueret,
1570 863 1964 947 respondebo
2007 864 2181 945 quod
2223 863 2315 924 sic

822 963 913 1026 ait
952 966 1027 1026 ad
1074 964 1375 1027 feminam
1422 964 1607 1039 hanc,
1652 963 1814 1026 Voca
1853 963 2063 1025 virum
2105 970 2310 1037 tuum,

822 1065 1140 1145 quomodo
1180 1063 1269 1126 ait
1312 1065 1379 1126 in
1421 1061 1647 1126 Genesi
1696 1062 1983 1136 Abrahae,
2020 1061 2194 1124 Tolle
2238 1059 2317 1121 fi-

822 1161 981 1224 lium
1024 1170 1205 1225 tuum
1255 1162 1655 1244 unigenitum
1700 1161 1889 1236 Isaac,
1930 1168 1994 1222 et
2031 1158 2197 1222 offer
2241 1158 2317 1220 il-

820 1261 953 1324 lum
994 1261 1152 1324 mihi
1184 1261 1250 1324 in
1282 1260 1717 1324 holocaustum
1754 1279 1768 1322 z
1802 1260 1977 1343 quod
2011 1258 2314 1322 Dominus

822 1359 1001 1434 dixit,
1046 1379 1171 1424 non
1222 1367 1291 1423 ut
1338 1361 1432 1422 sic
1478 1359 1684 1434 fieret,
1730 1358 1841 1421 sed
1890 1364 1960 1419 ut
2002 1363 2311 1436 tentaret3

822 1476 948 1521 non
997 1468 1310 1541 quatenus
1360 1459 1497 1542 ipse
1540 1458 1869 1522 veritatem
1919 1464 2310 1538 agnosceret,

821 1560 929 1620 sed
974 1558 1105 1620 alii.
1140 1557 1243 1620 Sic
1291 1576 1440 1638 ergo
1490 1575 1661 1620 nunc
1702 1559 1791 1618 ait
1828 1555 2107 1630 mulieri,
2150 1556 2316 1618 Voca

824 1656 1034 1719 virum
1077 1665 1280 1718 tuum.

900 1757 1255 1834 Respondit
1296 1755 1553 1823 mulier,
1582 1763 1642 1815 et
1670 1756 1849 1815 dimit
1878 1775 1900 1813 .·
1933 1755 2077 1817 Non
2120 1755 2315 1814 liabeo

2422 771 2741 851 quomodo
2789 770 3174 852 sequebatur
3221 770 3540 833 Christum
3589 788 3730 832 esse
3778 787 3923 850 pro-

2423 869 2700 950 phetam,
2734 869 2885 950 quia
2917 869 3233 951 praeterita
3260 877 3323 930 et
3352 868 3687 950 praesentia
3715 866 3924 930 occul-

2421 974 2484 1029 ta
2514 969 2841 1048 cognovit?
2876 968 3240 1042 Dicendum,
3273 969 3444 1049 quod
3480 967 3629 1029 licet
3655 967 3922 1048 prophe—

2423 1066 2510 1128 tia
2540 1067 2979 1149 propriissime
3009 1075 3262 1148 sumpta
3303 1066 3600 1149 respiciat
3627 1064 3920 1127 futurum

2423 1165 2818 1246 contingens,
2865 1174 2961 1229 est
3005 1174 3242 1246 tamen,
3293 1167 3645 1228 secundum
3693 1163 3926 1244 Grego-

2425 1265 2615 1344 rium,
2657 1265 2846 1326 etiam
2892 1266 2970 1326 de
3016 1263 3348 1346 praeteritis
3393 1271 3458 1325 et
3499 1261 3922 1346 praesentibus

2424 1363 2642 1426 divina
2684 1363 3067 1427 revelatione
3109 1362 3460 1446 patefactis.

2503 1462 2724 1524 Mulier
2767 1463 2884 1524 ista
2928 1482 3099 1525 nunc
3148 1462 3343 1544 coepit
3387 1478 3767 1542 cognoscere
3813 1477 3922 1522 ex·

2425 1561 2782 1624 cellentiam
2840 1561 3093 1635 Christi,
3152 1561 3466 1634 videlicet,
3525 1560 3697 1641 quod
3753 1565 3922 1620 esset

2428 1661 2776 1743 propheta3
2827 1662 2939 1723 sed
2967 1661 3252 1723 nondum
3287 1658 3524 1722 sciebat
3552 1659 3724 1741 quod
3753 1665 3924 1720 esset

2425 1759 2599 1834 finis,
2635 1760 2931 1842 impletor
2972 1777 3046 1822 ac
3090 1759 3392 1822 Dominus
3437 1757 3918 1840 Prophetarum.

822 1855 1061 1915 virum.
1094 1855 1446 1930 Respondit
1482 1855 1545 1912 ei
1579 1856 1761 1914 Jesus
1800 1873 1822 1911 .·
1861 1857 2059 1919 Bene,
2106 1852 2171 1914 id
2219 1859 2315 1913 est
2349 1854 2396 1915 B
2424 1858 2727 1932 Quoniam
2771 1861 2982 1941 itaque
3021 1858 3182 1922 vidit
3217 1877 3362 1920 eum
3405 1858 3470 1920 in
3506 1857 3741 1920 divinis
3782 1857 3929 1918 illu-

824 1970 993 2026 vere,
1032 1953 1291 2020 dimisti,
1334 1953 1502 2020 Quia
1544 1971 1674 2011 non
1718 1954 1912 2012 liabeo
1962 1953 2210 2019 virum,
2250 1949 2314 2012 id

822 2059 919 2112 est
949 2051 1246 2112 maritum
1286 2049 1662 2131 legitimum.
1690 2052 1987 2130 Quinque
2012 2052 2190 2110 enim
2220 2052 2316 2109 vi-

822 2171 925 2211 ros
963 2150 1276 2231 legitimos
1314 2152 1603 2212 habuisti
1640 2149 2018 2223 successive,
2051 2159 2111 2210 et
2142 2170 2318 2211 nune

821 2270 1009 2329 quem
1046 2251 1233 2310 habes
1274 2249 1481 2322 modo,
1526 2248 1590 2310 id
1634 2255 1750 2328 est,
1792 2248 1905 2329 qui
1955 2247 2085 2328 jam
2135 2255 2316 2328 puta-

818 2355 924 2408 tur
969 2365 1107 2410 esse
1148 2348 1244 2410 vir
1284 2354 1433 2409 tuus
1481 2347 1823 2428 legitimus,
1866 2366 1997 2408 non
2033 2355 2123 2406 est
2165 2357 2316 2407 tuus

816 2448 943 2507 vir.
972 2450 1131 2516 Hoc,
1156 2445 1471 2520 videlicet,
1504 2445 1638 2510 Non
1670 2445 1873 2509 habeo
1905 2446 2138 2520 virum,
2175 2465 2316 2505 vere

814 2546 1070 2606 dimisti.
1105 2544 1317 2608 Posset
1359 2545 1463 2607 hic
1508 2544 1853 2627 disputatio
1898 2544 2084 2625 longa
2132 2544 2315 2606 indu-

814 2653 895 2728 ci,
930 2654 1249 2733 quomodo
1290 2652 1701 2733 intelligenda
1730 2652 1858 2714 sint
1898 2651 2055 2714 haec.
2090 2651 2314 2713 Mulier

815 2752 1113 2833 equidem
1164 2753 1283 2813 ista
1340 2751 1462 2813 fuit
1515 2771 1662 2813 cum
1712 2751 1999 2815 adultero
2051 2769 2065 2814 τ
2118 2769 2313 2833 quem

818 2859 1028 2912 tamen
1070 2850 1209 2932 ipsa
1252 2849 1412 2912 dixit
1454 2867 1593 2911 esse
1636 2869 1825 2912 suum
1876 2850 2210 2930 maritum3
2253 2857 2315 2911 et

2424 1959 2758 2033 minatum,
2814 1957 3112 2041 proponit
3158 1957 3281 2020 sibi
3329 1957 3767 2038 quaestionem,
3821 1954 3924 2016 vel

2429 2057 2637 2138 potius
2693 2057 2918 2138 objicit
2973 2056 3096 2118 sibi
3153 2064 3596 2138 argumentum
3652 2057 3729 2118 ad
3781 2074 3929 2136 pro-

2426 2154 2705 2218 bandum
2736 2173 2946 2217 errare
2972 2155 3238 2230 Judaeos,
3273 2155 3383 2237 qui
3417 2156 3717 2217 dixerunt
3746 2153 3924 2235 quod

2426 2255 2492 2317 in
2538 2255 2884 2316 Jerusalem
2932 2255 3193 2318 adorare
3240 2261 3506 2336 oportet.
3542 2256 3772 2315 Patres
3815 2273 3928 2314 no·

2424 2356 2570 2422 stri,
2620 2352 2916 2416 videlicet
2960 2352 3147 2417 Jacob
3199 2361 3261 2414 et
3309 2351 3430 2413 filii
3481 2351 3642 2434 ejuS,
3685 2360 3750 2413 et
3795 2350 3926 2412 filii

2425 2452 2611 2514 lsrael
2671 2453 3064 2533 egredientes
3122 2468 3201 2514 ex
3249 2451 3532 2533 AEgypto,
3587 2453 3661 2511 in
3709 2460 3928 2512 monte

2425 2553 2564 2622 hoc,
2615 2551 2678 2613 id
2735 2558 2830 2613 est
2879 2552 2944 2613 in
2994 2558 3208 2614 monte
3264 2548 3534 2613 Garizim
3583 2549 3735 2611 huic
3783 2549 3929 2612 loeo

2428 2651 2810 2733 propinquo,
2835 2653 3290 2718 adoraverunt,
3317 2649 3571 2730 quando
3597 2647 3788 2711 Jacob
3819 2647 3930 2710 ha-

2424 2750 2651 2812 bitavit
2691 2751 2862 2832 apud
2909 2747 3158 2810 Sichem
3205 2767 3219 2810 :
3263 2748 3416 2830 quia
3463 2749 3528 2809 in
3580 2747 3733 2812 locis
3775 2748 3928 2809 altis

2424 2867 2536 2910 seu
2567 2848 2890 2912 montibus
2929 2865 3110 2910 orare
3139 2854 3202 2909 et
3232 2845 3594 2909 sacrificare
3633 2846 3926 2910 solebant

818 2950 926 3011 alii
967 2950 1061 3012 sic
1085 2948 1447 3024 credebant,
1482 2948 1733 3030 fuitque
1774 2949 2093 3012 notorium
2126 2949 2193 3010 in
2225 2948 2316 3010 ci-
2419 2946 2616 3010 Judaei
2665 2955 2728 3009 et
2777 2954 2985 3028 patres
3035 2964 3280 3027 eorum,
3334 2945 3576 3027 templo
3633 2946 3920 3008 nondum

821 3049 1012 3111 vitate
1059 3047 1298 3123 Sichar,
1340 3049 1512 3130 quod
1550 3049 1782 3111 mulier
1830 3048 1964 3111 haec
2006 3047 2130 3109 fuit
2169 3067 2314 3110 cum
2351 3045 2394 3108 C
2424 3054 2805 3120 constructo,
2857 3045 3208 3107 secundum
3257 3045 3428 3126 quod
3480 3044 3780 3107 Dominus
3825 3045 3928 3106 di-

823 3148 961 3210 viro
1007 3147 1147 3220 isto,
1199 3155 1266 3209 ut
1315 3147 1739 3211 communiter
1788 3155 2080 3208 asserunt
2127 3164 2316 3228 expo-

822 3246 1067 3309 sitores.
1120 3245 1279 3307 Dum
1335 3264 1483 3326 ergo
1540 3246 1772 3308 mulier
1830 3246 1989 3308 dixit
2042 3245 2311 3319 Christ0‚

820 3343 954 3407 Non
996 3344 1197 3407 habeo
1239 3344 1469 3419 virum,
1503 3345 1554 3407 si
1598 3363 1711 3427 per
1748 3345 1958 3407 virum
2004 3343 2318 3407 intellexit

823 3443 1032 3505 virum
1065 3442 1433 3524 legitimum,
1458 3443 1808 3525 publicavit
1838 3443 2172 3526 proprium
2203 3443 2318 3506 cri-

820 3559 966 3603 men
1010 3542 1178 3623 quod
1223 3540 1591 3605 intendebat
1637 3542 2066 3622 abscondere;
2110 3543 2165 3604 si
2213 3560 2318 3604 ve-

822 3659 891 3703 ro
933 3659 1045 3723 per
1085 3640 1295 3704 virum
1332 3641 1645 3703 intellexit
1682 3641 2037 3722 quemlibet
2078 3660 2321 3704 mascu-

824 3739 979 3814 lum,
1041 3741 1292 3820 negavit
1352 3741 1523 3822 quod
1583 3748 1716 3802 erat
1778 3740 2117 3804 notorium.
2179 3740 2315 3803 Non

822 3855 971 3918 ergo
1018 3838 1301 3902 Christus
1349 3839 1656 3902 dixisset:
1692 3838 1855 3901 Bene
1900 3839 2138 3916 dixisti,
2181 3838 2315 3902 Non

824 3935 1025 3999 habeo
1074 3937 1304 3999 virum.
1346 3938 1441 3999 Ad
1489 3937 1608 4000 hoc
1657 3939 2176 4020 respondendum
2226 3939 2319 4000 vi-

826 4034 1031 4108 detur,
1064 4036 1233 4116 quod
1273 4035 1506 4098 mulier
1539 4055 1715 4100 more
1753 4037 2189 4098 adulterarum
2229 4037 2318 4100 lo-

823 4133 1137 4214 quebatur
1196 4133 1561 4215 sophistice,
1622 4135 1862 4209 dicenS,
1920 4134 2055 4197 Non
2114 4133 2317 4197 habco

824 4231 1055 4305 virum,
1090 4231 1346 4295 nomine
1391 4231 1511 4294 viri
1560 4231 1923 4313 intelligens
1967 4233 2179 4296 virum
2230 4233 2317 4294 le—
2349 4241 2394 4302 D
2424 4233 2576 4313 quia
2623 4231 3015 4294 Salmanasar
3064 4251 3172 4294 rex
3220 4231 3645 4314 Assyriorum,
3697 4233 3920 4294 decem

818 4331 1114 4412 gitimum
1167 4350 1180 4393 :
1233 4338 1295 4392 et
1342 4348 1491 4411 ergo
1541 4349 1765 4394 verum
1820 4331 2071 4394 dicebat
2122 4339 2316 4394 mate-

821 4429 1082 4491 rialiter.
1145 4428 1263 4492 Sed
1330 4429 1591 4493 nomine
1653 4428 1774 4492 viri
1840 4431 2043 4492 voluit
2100 4431 2316 4493 Jesum

822 4527 1174 4609 intelligere
1220 4528 1576 4610 quemlibet
1621 4529 2001 4602 masculum,
2058 4537 2126 4590 ut
2178 4529 2318 4612 ipsa

821 4629 1151 4692 continens
1209 4629 1570 4690 crederetur
1623 4646 1637 4691 :
1690 4629 1913 4710 sicque
1970 4628 2320 4692 mentieba-

821 4734 925 4790 tur
969 4727 1337 4802 formaliter,
1370 4727 1671 4808 quoniam
1712 4727 1935 4789 fallere
1973 4728 2314 4809 satagebat,

824 4845 941 4888 nec
980 4827 1313 4889 verebatur
1350 4826 1559 4889 alieno
1600 4827 1932 4889 veritatem
1973 4826 2322 4890 absconde-

826 4943 915 5000 re,
951 4943 1141 5006 quem
1186 4925 1430 5007 putavit
1469 4933 1707 4986 secreta
1746 4943 1859 4986 sua
1897 4923 2111 4999 latere,
2146 4944 2323 4988 mox-

826 5042 953 5104 que
996 5011 1309 5086 recedere.

907 5124 1083 5182 Dicit
1133 5125 1193 5182 ei
1242 5125 1476 5183 mulier
1523 5143 1546 5181 .·
1594 5124 1893 5192 Domine,
1943 5125 2149 5195 video,
2201 5123 2322 5188 hoc

826 5230 943 5296 est,
1004 5239 1083 5283 ex
1142 5221 1527 5284 revelatione
1587 5230 1973 5285 secretorum
2031 5241 2319 5286 meorum

828 5320 1180 5395 considero,
1213 5322 1371 5399 quia
1396 5321 1711 5398 propheta
1739 5339 1803 5379 es
1834 5330 1927 5381 tu.
1962 5319 2084 5383 Sed
2118 5340 2321 5403 quum

2423 3144 2509 3206 cit
2556 3145 2634 3206 ad
2673 3143 2988 3206 Abraham
3023 3161 3037 3206 τ
3074 3143 3247 3206 Tolle
3293 3143 3482 3216 Isaac,
3526 3151 3590 3204 et
3637 3141 3802 3206 offer
3841 3142 3927 3203 il-
3957 3163 4197 3212 aean-‚2

2423 3243 2557 3305 lum
2616 3243 2772 3304 mihi
2835 3261 3028 3324 super
3087 3261 3287 3304 unum
3349 3241 3661 3305 montium
3722 3259 3922 3322 quem

2424 3350 2857 3405 monstravero
2901 3341 3038 3403 tibi.
3074 3340 3192 3403 Sed
3232 3348 3294 3403 et
3331 3359 3440 3403 sex
3480 3340 3688 3403 tribus
3728 3340 3924 3403 lsrael
3955 3361 4198 3405 omnm.

2425 3440 2674 3503 stabant
2721 3441 2786 3502 in
2835 3448 3048 3504 monte
3095 3439 3364 3503 Gerizim
3412 3441 3490 3502 ad
3540 3439 3925 3502 benedicen-
3955 3425 4026 3466 ¹²·

2425 3540 2593 3614 dum,
2625 3548 2687 3601 et
2724 3539 2864 3602 aliae
2899 3559 3007 3602 sex
3039 3539 3104 3601 in
3147 3547 3359 3601 monte
3391 3537 3582 3600 Hebal
3612 3539 3690 3601 ad
3734 3538 3928 3601 male-
3985 3556 4102 3600 ma.
4123 3559 4179 3599 ιε.

2425 3638 3317 3719 dicendum,quemadmodum
3351 3637 3415 3700 in
3445 3636 3926 3700 Deuteronomio

2422 3736 2697 3816 jusserat
2739 3736 3066 3800 DominuS.

2504 3834 2624 3898 Sed
2660 3837 2980 3917 quomodo
3021 3835 3253 3896 mulier
3292 3835 3410 3897 ista
3453 3835 3739 3898 nominat
3779 3853 3928 3896 san-

2424 3943 2557 3998 ctos
2613 3935 2998 3998 patriarchas
3051 3943 3257 4017 patres
3317 3954 3486 4010 suOS,
3539 3954 3740 4017 quum
3791 3955 3922 3998 non

2425 4042 2591 4097 esset
2636 4035 2714 4096 de
2763 4035 3006 4097 semine
3064 4035 3318 4097 illorum
3383 4034 3761 4116 progenita?
3813 4033 3926 4096 Sa-

2426 4134 2717 4195 maritani
2756 4135 3000 4216 quippe
3036 4133 3299 4194 fuerunt
3335 4133 3588 4196 natione
3623 4133 3917 4213 gentileS,

4009 4253 4062 4297 iv
4093 4255 4186 4306 ιτς.

2426 4331 2721 4394 tribubus
2763 4331 2990 4413 partim
3031 4331 3282 4403 occisis,
3319 4330 3679 4411 partimque
3716 4330 3920 4412 captis
3953 4320 4115 4368 ΜΛ·

2425 4449 2498 4492 ac
2537 4430 2877 4503 translatiS,
2914 4429 3124 4511 posuit
3163 4428 3366 4491 Medos
3396 4429 3462 4489 in
3495 4436 3662 4490 terra
3698 4429 3919 4491 decem
3975 4453 4095 4496 ma.
4123 4453 4179 4492 24.

2427 4528 2734 4590 tribuum.
2783 4527 2899 4601 Qui
2952 4546 3155 4609 quum
3213 4528 3666 4590 devorarentur
3711 4546 3748 4588 a
3793 4527 3922 4590 leo·
3953 4551 4192 4596 mama

2428 4627 2641 4701 nibus',
2676 4645 2751 4689 eo
2778 4627 2948 4708 quod
2980 4626 3175 4687 Deum
3215 4624 3402 4688 lsrael
3443 4644 3570 4689 non
3601 4625 3916 4700 colebant,

2428 4727 2604 4788 misit
2655 4726 2745 4788 eis
2806 4743 2914 4786 rex
2972 4723 3372 4806 Assyriorum
3430 4743 3628 4785 unum
3687 4725 3765 4786 de
3825 4743 3922 4786 sa—

2430 4824 2791 4889 cerdotibus
2844 4823 3064 4905 populi
3121 4822 3333 4902 Israel,
3387 4831 3456 4884 ut
3507 4823 3757 4886 doceret
3813 4841 3920 4886 eos

2431 4924 2712 5005 legitima
2759 4923 2864 4984 Dei
2913 4930 3092 4984 terrae
3128 4921 3316 4983 lsrael
3351 4939 3365 4982 :
3399 4939 3529 5002 quo
3570 4920 3756 4997 facto,
3803 4941 3924 4986 coe-
3951 4945 4192 4989 tatami.

2434 5031 2665 5106 perunt
2693 5022 2900 5085 colere
2935 5020 3295 5093 Dominum,
3332 5019 3711 5101 recipientes
3741 5021 3925 5082 dum-

2430 5131 2598 5184 taxat
2638 5121 2928 5203 quinque
2972 5118 3167 5183 libros
3208 5118 3454 5201 Moysis,
3497 5125 3562 5179 et
3597 5118 3764 5181 idola
3809 5138 3924 5180 sua

2430 5241 2556 5286 non
2609 5221 3063 5301 relinquenteS,
3108 5224 3297 5299 prout
3339 5218 3403 5279 in
3455 5216 3635 5279 libris
3683 5217 3920 5298 Regum

2429 5321 2684 5406 plenius
2725 5317 3042 5380 recitatur.
3077 5317 3447 5392 Dicendum,
3482 5317 3654 5397 quod
3693 5315 3924 5378 mulier
