4300 6259
1111 525 1461 573 malumno
1504 525 1568 572 m
1609 524 1748 572 cu.
1793 525 1877 572 XX
1916 525 2194 572 somnis.
2240 545 2320 556 -
2360 527 2503 572 ART-
2548 527 2711 573 xtvu

3341 509 3461 575 6⁰3

345 715 486 760 non
538 699 822 762 recessit.
860 697 1001 760 Erat
1043 705 1256 760 autem
1302 698 1563 760 unicum
1603 696 1660 759 ei
1700 696 1860 760 sola·
1889 694 1938 755 A
1972 705 2241 758 ruerunt
2279 696 2368 759 ibi
2408 705 2533 760 tres
2572 698 2803 779 angeli,
2838 717 3005 761 unus
3042 707 3219 762 extra
3250 697 3469 782 sepul-

345 797 543 869 tium,
578 799 750 879 quod
785 798 882 860 vel
927 798 992 860 in
1032 797 1171 861 loco
1209 815 1350 860 esse
1379 797 1586 879 potuit
1625 796 1688 858 in
1729 815 1858 878 quo

349 895 698 958 Dominum
757 915 948 958 suum
1005 895 1286 977 reliquit,
1340 913 1463 958 non
1527 895 1739 957 valens
1798 893 1856 956 ei

347 995 637 1076 amplius
681 994 1148 1076 approximare.
1183 993 1342 1056 Hinc
1390 994 1584 1074 igitur
1627 992 1859 1054 mansit

353 1092 425 1155 in
485 1093 626 1157 loco
684 1093 1020 1156 dominicae
1073 1093 1439 1176 sepulturae,
1493 1092 1740 1154 beatam
1791 1111 1858 1154 se

355 1198 687 1273 reputanS,
721 1190 774 1252 si
816 1191 915 1252 vel
961 1191 1028 1252 in
1071 1190 1318 1253 tumulo
1357 1190 1466 1252 illo
1511 1197 1860 1252 mereretur

353 1287 643 1372 sepeliri.
689 1289 810 1351 Sed
861 1308 975 1351 cur
1024 1289 1199 1351 stetit
1244 1288 1424 1370 foriS,
1471 1297 1533 1350 ct
1586 1307 1708 1352 non
1755 1307 1864 1370 po-

357 1390 486 1451 tius
520 1389 738 1450 intus?
775 1389 1143 1462 Dicendum,
1180 1396 1249 1450 ut
1276 1388 1493 1452 oculos
1533 1407 1680 1451 suos
1712 1386 1863 1449 hinc

359 1488 511 1551 inde
560 1487 1092 1561 circumduceret,
1129 1487 1182 1548 si
1227 1485 1388 1550 forte
1430 1486 1701 1549 videndo
1748 1486 1863 1548 ali-

357 1586 518 1668 quid
568 1587 648 1648 de
691 1604 806 1647 suo
854 1585 1085 1649 dilecto
1129 1585 1431 1666 magistro
1481 1585 1858 1667 perciperet,

358 1685 904 1769 quemadmodum
937 1684 1132 1748 moris
1161 1692 1257 1746 est
1286 1685 1386 1746 his
1425 1684 1538 1765 qui
1567 1691 1864 1765 quaerunt

357 1787 696 1849 amissum.

1972 815 2175 871 crum,
2225 803 2287 857 et
2329 797 2454 858 duo
2497 797 2662 858 intra
2706 796 2886 860 illud.

2049 898 2296 958 Dicunt
2332 898 2395 956 ei
2435 897 2545 956 itli
2582 898 2707 960 duo
2756 897 2985 978 angeli,
3021 898 3120 961 vel
3174 917 3339 960 unus
3387 915 3467 960 ex
3605 905 3673 960 13

1973 1012 2245 1076 persona
2283 993 2619 1058 amborum
2656 1013 2670 1057 :
2706 998 2972 1067 Mulier,
3008 999 3175 1076 quid
3194 1001 3417 1075 ploras
3438 999 3469 1058 ?

1971 1092 2105 1156 Non
2149 1111 2229 1154 ex
2279 1093 2633 1174 ignorantia
2679 1101 2996 1175 quaerunt,
3045 1096 3152 1157 sed
3206 1103 3274 1157 ut
3323 1113 3471 1159 con-

1971 1194 2259 1256 solentur
2316 1191 2595 1256 Mariam.
2653 1193 2841 1267 Quasi
2907 1195 3120 1258 dicant
3182 1214 3195 1258 ε
3258 1195 3469 1259 Potius

1968 1293 2245 1373 gaudere
2294 1299 2355 1354 te
2402 1293 2585 1354 decet
2632 1311 2827 1373 quam
2878 1293 3058 1368 flere,
3102 1313 3305 1375 quum
3357 1293 3473 1357 Do-

1973 1391 2187 1454 minus
2228 1399 2375 1453 tuus
2412 1390 2805 1472 glorificatus
2850 1393 3217 1468 surrexerit,
3252 1401 3315 1456 et
3354 1393 3470 1455 tibi

1975 1509 2119 1553 mox
2171 1491 2525 1572 apparebit.
2561 1490 2771 1554 Fletus
2819 1501 3030 1554 autem
3079 1491 3285 1555 Mariae
3333 1510 3475 1574 par-

1972 1590 2085 1650 tim
2123 1589 2533 1671 increpabilis
2571 1589 2832 1663 exstitit,
2866 1590 3019 1672 quia
3058 1591 3365 1672 processit
3394 1611 3471 1654 ex

1970 1686 2124 1749 fidei
2177 1686 2425 1749 defectu
2477 1696 2667 1768 atque
2715 1705 2948 1762 errore,
2996 1687 3163 1751 sicut
3210 1689 3473 1770 subjun-

1969 1785 2163 1866 gitur.
2196 1787 2375 1846 Dicit
2411 1787 2505 1846 eis
2534 1803 2559 1846 .·
2593 1788 2762 1855 Quia
2795 1790 3084 1848 tulerunt
3114 1790 3468 1850 Dominum

441 1889 620 1947 Dum
666 1903 818 1962 erqo
853 1886 1058 1960 fleret,
1094 1882 1446 1943 inclinavit
1491 1902 1577 1954 se,
1609 1891 1670 1942 et
1710 1899 1862 1959 pro-
1899 1887 1944 1949 B
1973 1905 2212 1954 meum,
2262 1885 2323 1947 id
2371 1892 2489 1958 est,
2538 1885 2735 1947 Judaei
2787 1886 2886 1947 vel
2946 1885 3181 1948 milites
3240 1905 3471 1970 corpus

357 1984 575 2062 spexit
621 1984 692 2043 in
749 1990 1259 2043 monumentum.
1307 1979 1438 2042 Jam
1499 1987 1644 2042 ante
1704 1978 1864 2042 vidit

359 2069 854 2146 monumentum
919 2079 1222 2142 dominici
1287 2078 1570 2161 corporis
1629 2077 1862 2160 spolia-

365 2189 501 2244 tum
541 2180 863 2260 thesauro,
897 2179 1093 2260 idque
1131 2177 1450 2242 intimavit
1492 2177 1860 2260 discipulis3

365 2298 541 2342 nunc
601 2297 822 2339 rursus
871 2277 1134 2338 inclinat
1193 2293 1281 2350 se,
1335 2283 1404 2338 ut
1460 2295 1574 2359 per
1630 2275 1863 2339 ostium

365 2376 774 2442 domunculae
831 2384 1317 2439 monumentum
1378 2375 1696 2458 inspiciat.
1748 2374 1867 2436 Ex—

365 2478 614 2542 cessiva
643 2493 916 2557 namque
945 2473 1201 2537 dilectio
1233 2474 1535 2538 rationem
1569 2493 1690 2537 non
1725 2492 1866 2556 pen-

366 2585 484 2650 sat,
520 2577 633 2638 sed
671 2576 986 2656 impetum
1027 2573 1316 2656 sequitur
1348 2571 1709 2636 affectionis
1750 2573 1868 2634 im-

369 2675 684 2758 pellentis
711 2691 831 2735 nec
860 2672 1259 2755 quiescentis.
1277 2673 1420 2735 Ideo
1449 2690 1616 2754 saepe
1646 2672 1870 2754 quaerit

365 2774 675 2836 amissum
724 2773 790 2834 in
841 2772 980 2835 loco
1020 2770 1130 2834 ubi
1175 2771 1529 2844 certissime
1568 2770 1728 2832 vidit
1776 2770 1872 2851 ip-

73 2885 338 2936 Romms.
367 2892 512 2935 sum
548 2891 673 2934 non
715 2888 876 2946 esse,
910 2871 1150 2932 habens
1185 2887 1366 2952 spem
1407 2878 1623 2932 contra
1663 2887 1866 2951 spem,

366 2979 430 3034 et
470 2988 639 3053 saepe
677 2969 1028 3033 formidans
1069 2986 1149 3030 ne
1189 2969 1363 3032 visus
1407 2968 1474 3030 in
1515 2969 1872 3050 praeceden-

1975 1983 2222 2046 Domini
2283 1983 2407 2045 mei
2470 1983 2621 2046 hinc
2682 1992 3115 2066 portaverunt,
3155 1995 3215 2046 et
3265 1989 3473 2046 nescio

1973 2083 2086 2142 ubi
2123 2091 2483 2159 posuerunt
2529 2101 2700 2142 eum.
2753 2080 3079 2163 Tanquam
3131 2083 3296 2145 dicat
3342 2101 3357 2146 ε
3408 2083 3471 2146 Si

1972 2179 2092 2242 hoc
2152 2179 2405 2254 scirem,
2466 2179 2830 2261 aliqualiter
2886 2181 3269 2262 consolarer,
3320 2182 3473 2262 quia

1970 2278 2289 2341 auferrem
2322 2297 2552 2361 corpus
2586 2278 2833 2342 Domini
2868 2279 3017 2355 mei,
3052 2287 3115 2342 et
3154 2279 3311 2342 illud
3344 2298 3476 2342 me-

1975 2397 2122 2441 cum
2164 2376 2400 2458 jugiter
2443 2395 2906 2440 conservarem.

2056 2479 2211 2538 Haec
2260 2497 2463 2556 quum
2518 2478 2815 2545 dietis-set,
2864 2496 3166 2537 conversa
3222 2487 3315 2538 est
3368 2497 3469 2538 re·
3610 2487 3678 2544 u

1977 2584 2283 2644 trorsum,
2340 2573 2404 2636 id
2472 2581 2587 2647 est,
2652 2573 3028 2654 retrospexit
3083 2592 3097 2636 :
3153 2575 3253 2638 vel
3322 2575 3475 2656 quia

1977 2673 2382 2754 splendorem
2440 2673 2873 2752 angelicorum
2934 2673 3227 2735 vultuum
3285 2682 3478 2755 atque

1978 2770 2323 2833 vestituum
2373 2770 2481 2833 diu
2531 2770 2701 2832 ferre
2750 2790 2875 2834 non
2926 2779 3213 2853 poterat3
3258 2772 3358 2834 vel
3410 2780 3479 2835 ut

1978 2888 2055 2931 ex
2101 2867 2459 2951 impatienti
2508 2887 2723 2932 amore
2767 2869 2920 2933 hinc
2960 2870 3108 2932 inde
3158 2870 3479 2953 prospice-

1980 2976 2094 3043 ret,
2129 2968 2182 3030 si
2232 2968 2389 3049 quid
2439 2969 2517 3031 de
2561 2987 2677 3030 suo
2720 2968 3051 3033 carissimo
3100 2969 3362 3033 Domino
3408 2988 3483 3032 ac

159 3074 228 3128 12
367 3070 543 3132 tibus
591 3067 1119 3150 inquisitionibus
1167 3066 1250 3128 sit
1295 3067 1620 3148 deceptuS.
1655 3067 1739 3127 Et
1777 3067 1873 3126 υἰ-
1909 3071 1952 3134 C
1981 3066 2281 3147 magistro
2331 3072 2544 3148 posset
2595 3065 2946 3147 percipere.
2981 3066 3114 3140 Vel,
3156 3067 3328 3148 quod
3374 3087 3484 3150 po-

366 3170 470 3228 dic
520 3171 684 3229 duos
736 3170 994 3244 anqelos
1043 3167 1116 3226 in
1167 3167 1334 3226 albis
1381 3186 1404 3225 .·
1453 3183 1615 3247 quos
1673 3165 1871 3227 Lucas

369 3266 659 3330 nominat
710 3265 902 3338 virm,
955 3263 1172 3326 dicens
1221 3264 1392 3345 quod
1439 3271 1877 3345 apparuerunt

369 3365 436 3428 in
481 3372 658 3428 veste
708 3363 1002 3444 fulgenti,
1038 3362 1334 3426 videlicet
1373 3362 1518 3424 alba
1559 3369 1622 3424 et
1660 3361 1874 3424 candi-

368 3464 472 3527 da.
507 3463 684 3526 Unde
731 3462 1121 3544 quibusdam
1167 3461 1437 3536 videtur,
1466 3461 1638 3543 quod
1685 3458 1874 3522 Maria

369 3565 580 3647 primo
636 3564 942 3644 adspectu
1001 3580 1126 3623 non
1188 3560 1375 3622 scivit
1432 3561 1602 3642 quod
1660 3567 1872 3622 essent

366 3663 600 3744 angeli.
663 3661 1114 3744 Apparuerunt
1179 3678 1328 3740 ergo
1393 3660 1457 3720 in
1517 3658 1870 3740 splendidis

367 3762 571 3836 stoliS,
620 3760 926 3843 quoniam
973 3758 1240 3840 gloriam
1291 3757 1703 3838 resurgentiS,
1748 3757 1872 3820 cla-

369 3861 620 3923 ritatem
667 3875 964 3941 supernae
1005 3857 1426 3931 solennitatiS,
1460 3863 1523 3918 et
1566 3857 1868 3937 gaudium

367 3977 671 4040 magnum
735 3957 1212 4018 nuntiaverunt.
1275 3955 1651 4036 Hujusmodi
1715 3975 1870 4038 quo-

363 4077 496 4139 que
536 4056 750 4130 vestis,
784 4055 1046 4137 puritati
1095 4060 1334 4116 naturae
1381 4053 1682 4134 angelicae
1730 4074 1871 4116 san-

366 4155 700 4236 ctitatique
747 4153 980 4214 mentis
1039 4171 1462 4234 supernorum
1521 4151 1863 4233 spirituum

97 3285 200 3329 Luc.
217 3301 336 3337 niv.

1981 3165 2107 3226 tius
2152 3165 2541 3228 credendum
2581 3173 2696 3238 est,
2732 3165 3084 3227 secundum
3128 3165 3483 3248 chrysosto-

1983 3282 2182 3338 mum,
2231 3263 2372 3327 ideo
2422 3262 2821 3344 retrospexit,
2870 3263 3171 3344 quoniam
3224 3264 3480 3345 angelos

1982 3380 2258 3443 quorum
2308 3361 2627 3442 colloquio
2676 3360 3031 3434 fruebatur,
3066 3361 3226 3423 vidit
3272 3381 3484 3424 assur-

1979 3477 2148 3540 gere,
2175 3477 2285 3521 seu
2329 3477 2621 3540 magnam
2661 3461 3082 3522 reverentiam
3122 3467 3185 3521 et
3224 3460 3485 3522 inclina—

1979 3557 2219 3620 tionem
2259 3557 2562 3619 exhibere
2602 3557 2853 3620 cuidam
2900 3564 3065 3621 retro
3114 3575 3275 3632 eam,
3311 3557 3485 3620 vide-

1981 3654 2128 3716 licet
2167 3654 2436 3728 Christo,
2472 3654 2581 3736 qui
2628 3662 2796 3718 retro
2834 3655 3119 3728 accessit,
3146 3663 3209 3716 et
3238 3655 3481 3735 angelis

1981 3753 2044 3815 in
2111 3753 2326 3835 specie
2389 3752 2807 3816 Dominatoris
2870 3753 3189 3834 apparuit.
3251 3753 3479 3817 Volens

1980 3853 2173 3934 igitur
2220 3851 2580 3932 Magdalena
2635 3869 2977 3933 agnoscere
3023 3851 3320 3933 quisnam
3372 3853 3479 3916 ille

1977 3959 2166 4026 esset,
2229 3968 2535 4014 conversa
2592 3958 2687 4012 est
2744 3957 3114 4012 retrorsum.
3169 3953 3256 4012 Et
3308 3954 3479 4012 vidit

1974 4055 2193 4111 Jesum
2228 4059 2525 4112 stantem.
2559 4048 2866 4123 Quoniam
2906 4049 3142 4112 etenim
3187 4069 3479 4132 perseve-

1976 4150 2160 4223 ravit,
2196 4149 2567 4229 nullamque
2607 4147 2933 4228 indignam
2978 4148 3472 4212 consolationem

365 4253 842 4335 correspondet.
877 4249 1038 4314 Sunt
1077 4251 1248 4313 enim
1291 4251 1582 4312 essentiae
1620 4250 1865 4332 simpli·
1893 4253 1943 4316 D
1973 4248 2251 4321 admisit,
2305 4247 2539 4310 meruit
2596 4246 3053 4310 consolatorem
3111 4254 3176 4309 et
3230 4248 3476 4310 deside-

365 4371 493 4428 ceS,
529 4353 596 4414 in
627 4349 866 4432 quibus
899 4350 1074 4411 nulla
1112 4357 1207 4412 est
1247 4349 1418 4411 labes
1457 4349 1718 4430 peccati.
1752 4353 1866 4411 Se-

363 4439 605 4525 dentes,
640 4470 850 4512 unum
890 4452 978 4510 ad
1017 4458 1234 4527 caput,
1272 4449 1333 4511 id
1376 4455 1470 4511 est
1508 4450 1585 4511 ad
1627 4449 1866 4531 superi-

362 4570 542 4615 orem
587 4557 831 4632 partem
877 4547 1154 4630 sepulcri
1194 4547 1516 4621 dominici,
1557 4556 1617 4608 et
1655 4568 1864 4610 unum

363 4653 454 4712 ad
474 4652 694 4728 pedes,
725 4649 840 4709 ubi
859 4649 1147 4725 positu-m
1177 4648 1400 4724 fuerat
1428 4666 1659 4723 corpus
1686 4651 1858 4709 Jesu.

365 4749 469 4812 Sic
515 4747 725 4828 angeli
775 4747 976 4809 sancti
1034 4747 1335 4808 sederunt
1382 4753 1640 4828 propter
1688 4765 1864 4809 reve-

369 4846 640 4908 rentiam
696 4843 841 4914 loci‚
895 4850 957 4906 et
1011 4843 1313 4924 quoniam
1373 4843 1556 4906 illum
1615 4844 1866 4906 nuntia-

371 4951 602 5006 verunt·
667 4942 730 5004 in
791 4960 920 5023 quo
981 4948 1078 5002 est
1136 4940 1373 5022 duplex
1431 4949 1674 5015 natura,
1740 4961 1866 5004 una

369 5061 641 5116 summa,
675 5047 736 5102 et
765 5041 888 5102 alia
929 5039 1132 5113 bassa,
1169 5039 1297 5103 imo
1327 5047 1390 5102 et
1420 5039 1645 5103 infima
1677 5037 1741 5102 in
1773 5041 1866 5103 in-

123 5159 298 5248 mmff.
367 5139 829 5203 tellectualium
860 5138 1084 5202 ordine
1116 5146 1507 5200 naturarum.
1541 5138 1864 5201 Matthaeus

75 5233 214 5328 {2¹:22
249 5247 342 5334 222,
371 5257 522 5302 vero
569 5246 631 5300 et
679 5236 920 5299 Marcus
969 5235 1322 5318 loquuntur
1369 5238 1446 5298 de
1503 5255 1632 5300 uno
1679 5255 1866 5319 ange-

77 5347 112 5386 ⁵·
370 5336 454 5401 lo.
515 5335 693 5399 Unde
751 5335 1106 5398 secundum
1163 5334 1612 5416 Augustinum,
1667 5355 1863 5418 appa-

1975 4354 2183 4408 ratum
2215 4346 2423 4409 cordis
2454 4345 2551 4408 sui
2593 4344 2881 4407 invenire
2910 4364 2984 4408 ac
3023 4363 3305 4408 cernere.
3340 4345 3477 4409 Per-

1974 4446 2395 4507 severandum
2443 4451 2539 4507 est
2587 4461 2737 4524 ergo
2790 4444 2853 4506 in
2905 4461 3097 4525 opere
3150 4443 3319 4508 bono
3372 4465 3476 4507 us-

1973 4561 2100 4626 que
2131 4544 2197 4606 in
2228 4542 2467 4623 finem3
2500 4551 2725 4624 estque
2753 4542 3152 4624 implendum
3187 4545 3356 4624 quod
3386 4543 3475 4606 ait

1972 4641 2301 4704 Psalmista
2349 4659 2362 4704 :
2412 4641 2642 4703 Renuit
2690 4639 3000 4705 consolari
3048 4641 3261 4702 anima
3309 4659 3469 4703 mea.
3504 4662 3565 4704 es
3589 4663 3767 4712 mma.

1972 4745 2059 4804 Εἰ
2099 4742 2414 4802 nesciebat
2458 4741 2617 4820 quia
2654 4743 2837 4800 Jesus
2878 4749 3051 4801 esset.
3092 4737 3249 4811 Quia
3301 4740 3471 4802 enim

1971 4839 2319 4903 affectuose
2377 4837 2705 4921 quaerebat
2749 4836 2984 4912 Jesum,
3036 4837 3273 4900 meruit
3326 4856 3475 4901 eum

1971 4939 2333 5021 adspicere3
2366 4938 2473 4999 sed
2507 4937 2659 5019 quia
2689 4937 2902 4998 minus
2935 4936 3099 4999 bene
3128 4936 3207 4998 de
3236 4954 3311 4999 eo
3340 4955 3477 4998 sen-

1972 5039 2075 5112 sit,
2111 5037 2346 5099 meruit
2384 5037 2524 5117 ejus
2556 5035 2917 5117 cognitione
2959 5035 3220 5117 privari.
3258 5034 3473 5097 Fidem

1974 5155 2249 5217 namque
2296 5135 2777 5198 resurrectionis
2824 5134 2997 5196 illius
3048 5152 3171 5197 non
3224 5133 3470 5214 habuit,

1973 5236 2114 5299 ideo
2147 5253 2263 5297 nec
2292 5253 2439 5296 eum
2472 5233 2781 5314 cognovit,
2804 5233 2957 5314 quia
2990 5232 3296 5295 veraciter
3326 5233 3474 5294 scri·
3548 5286 3609 5329 1⁸·
3628 5299 3699 5334 vn.
3722 5288 3765 5337 9·

1973 5343 2153 5418 ptum
2184 5340 2280 5396 est
2299 5350 2312 5395 :
2331 5331 2463 5395 Nisi
2495 5331 2908 5406 credideritis
2927 5349 3051 5394 non
3085 5329 3473 5412 intelligetis.
3494 5347 3751 5405 juxt-Lxx.
