4300 6259
108 2053 257 2097 Ionan.
273 2067 331 2105 m.

88 2119 147 2159 3ο.

102 3335 197 3380 Διί.
208 3349 250 3386 n,
265 3337 336 3387 δὸς

94 3412 131 3450 v,
148 3401 207 3442 12.

1154 496 1505 543 asanaa-no
1549 495 1613 542 m
1660 495 1797 542 cu».
1845 494 1954 541 xm
2000 494 2188 542 Lucas.
2237 513 2316 524 —
2356 495 2499 542 aar.
2545 496 2714 542 xxxv
3399 478 3480 542 83

361 665 537 745 quod
589 671 744 729 tunc
786 665 851 726 in
904 664 1091 746 plebe
1130 666 1250 728 hac
1290 666 1593 746 agebatur
1631 685 1668 728 a
1707 664 1960 728 Chri-A
1988 667 2041 728 si
2092 667 2158 728 in
2209 667 2346 731 loco
2393 675 2660 749 angusto
2715 667 2978 730 fuerunt
3015 687 3031 748 3
3084 667 3311 729 deinde
3370 685 3484 749 per

362 769 483 833 sto,
521 763 587 824 in
630 763 769 827 loco
808 763 1113 844 agebatur
1148 773 1438 845 angusto,
1474 774 1537 826 et
1576 765 1640 826 in
1683 783 1878 846 parvo
1987 773 2260 845 quatuor
2305 767 2524 828 mundi
2577 767 2788 848 plagas
2839 764 3076 827 diffusa
3119 774 3288 827 sunt.
3328 765 3485 828 Fue—

362 868 551 924 terrae
580 861 815 942 angulo
856 861 999 936 fuit,
1036 863 1509 945 comparatione
1546 863 1719 926 orbis
1755 871 1877 924 ter-
1986 871 2265 944 runtque
2305 864 2422 926 ista
2452 865 2730 945 plantata
2768 865 2830 925 in
2865 864 3046 926 horto
3079 863 3206 936 Dei,
3241 864 3360 926 hoc
3388 871 3483 925 est

362 978 606 1022 rarum.
645 959 967 1034 Praeterea,
1003 970 1201 1024 status
1239 962 1433 1043 hujus
1464 961 1781 1035 Ecclesiae,
1814 970 1879 1023 et
1987 960 2051 1022 in
2084 961 2224 1041 ipsa
2253 960 2532 1024 Ecclesia
2563 980 2674 1022 seu
2704 961 2892 1024 corde
2923 961 3339 1023 credentium.
3367 961 3484 1023 Un-

362 1058 571 1120 virtus
622 1078 695 1121 ac
740 1059 943 1140 gratia
990 1059 1153 1140 ejuS‚
1190 1068 1342 1122 tunc
1392 1060 1621 1124 modici
1672 1068 1871 1134 erant,

362 1157 725 1237 praesertim
783 1158 1113 1220 extensive
1171 1158 1513 1239 loquendo,
1564 1159 1717 1240 quia
1771 1159 1878 1220 ad-

360 1255 495 1316 huc
527 1256 716 1337 pauci
748 1256 1129 1336 credebant3
1164 1266 1228 1319 et
1264 1257 1389 1339 ipsi
1422 1275 1684 1338 quoque
1713 1257 1878 1338 Apo·-

361 1352 511 1415 stoli
542 1351 753 1414 adhuc
784 1353 973 1414 rudes
1004 1360 1161 1416 tunc
1189 1362 1391 1434 erant,
1421 1355 1732 1436 valdeque
1763 1355 1877 1416 im-

1988 1175 2168 1220 meus
2219 1158 2284 1219 in
2334 1159 2590 1222 hortum
2639 1177 2849 1220 suum.
2893 1158 3160 1240 Insuper
3201 1157 3484 1240 Scriptu-

1988 1275 2056 1317 ra
2095 1275 2292 1330 sacra,
2328 1257 2535 1338 primo
2576 1257 2794 1339 paucis
2843 1256 3092 1337 cognita
3129 1263 3191 1318 et
3227 1275 3485 1320 conces-

1988 1373 2076 1428 sa,
2129 1372 2245 1436 per
2290 1355 2750 1436 discipulorum
2803 1353 3034 1417 Christi
3090 1354 3481 1436 praedicatio-

1989 1470 2133 1515 nem
2194 1453 2306 1515 toti
2369 1454 2608 1517 mundo
2667 1461 2761 1514 est
2817 1453 3282 1516 communicata
3341 1470 3354 1515 τ
3417 1453 3481 1515 in

1988 1550 2173 1632 cujus
2234 1551 2447 1626 ramis,
2500 1551 2620 1614 hoc
2675 1559 2770 1613 est
2822 1551 3013 1614 variis
3071 1551 3483 1633 expositioni-

1986 1647 2129 1722 bus,
2167 1649 2444 1730 praefatae
2481 1650 2770 1712 volucres
2815 1649 2957 1712 coeli
3003 1649 3362 1730 quiescunt,
3399 1650 3486 1711 di-

363 1448 659 1532 perfecti.
712 1449 1021 1513 Similiter
1068 1450 1397 1535 Scriptura
1453 1453 1671 1515 divina
1723 1459 1875 1514 tunc

362 1549 655 1610 nondum
705 1547 829 1611 suit
887 1549 1313 1632 multiplicata
1372 1569 1487 1633 per
1536 1552 1871 1624 mundum,

364 1655 439 1708 ut
478 1649 885 1728 postmodum
929 1666 1043 1730 per
1083 1648 1533 1731 Apostolorum
1576 1649 1879 1732 praedica-

365 1745 633 1807 tionem.
676 1744 799 1808 Sed
848 1755 911 1809 et
958 1747 1095 1828 ipsc
1136 1747 1423 1810 Christus
1478 1757 1629 1810 tunc
1669 1750 1877 1811 adhuc
1989 1747 2156 1809 vinis
2207 1748 2507 1810 vacando.
2559 1747 2899 1821 Postremo,
2940 1747 3226 1810 Christus
3277 1747 3487 1830 primo

365 1862 605 1926 parvus
659 1842 786 1906 suit
834 1845 901 1906 in
956 1845 1255 1908 cordibus
1298 1846 1683 1921 Judaeorum,
1726 1846 1879 1928 quia
1914 1845 1961 1907 B
1990 1847 2155 1908 inter
2193 1845 2440 1909 Judaeos
2488 1847 2735 1908 modice
2785 1853 3132 1928 reputatus,
3168 1846 3298 1910 imo
3347 1847 3489 1910 vili-

362 1943 617 2004 modice
656 1943 1074 2024 reputabatur
1112 1943 1193 2006 ab
1238 1944 1352 2007 eis.
1392 1943 1567 2007 Unde
1608 1944 1877 2008 Joannes
1990 1962 2248 2026 pensuS,
2285 1944 2658 2026 reprobatus
2689 1953 2751 2006 et
2779 1943 3152 2018 crucifixuS,
3187 1963 3302 2026 per
3331 1945 3488 2027 Apo-

362 2040 647 2125 Baptista
686 2042 981 2123 praedixi't
1015 2061 1028 2105 :
1063 2043 1249 2105 lllum
1281 2051 1530 2126 oportet
1568 2062 1873 2119 crescere,
1989 2041 2286 2105 stolorum
2318 2041 2827 2123 praedicationem
2857 2061 2930 2103 ac
2961 2042 3141 2122 signa
3167 2042 3281 2105 toti
3315 2062 3487 2105 mun·

364 2159 470 2203 me
511 2147 733 2202 autem
774 2141 1008 2202 minui.
1990 2141 2069 2202 do
2112 2139 2421 2216 innotuit3
2454 2147 2647 2222 atque
2695 2139 2760 2200 in
2805 2139 3101 2202 cordibus
3141 2139 3487 2204 electorum

446 2237 689 2318 ltaque,
723 2238 962 2300 Simile
988 2249 1080 2300 est
1120 2256 1386 2319 regnum
1426 2239 1533 2300 Dei
1557 2259 1769 2315 yrano
1798 2243 1881 2300 si·
1990 2237 2081 2300 sic
2119 2237 2341 2311 crevit,
2376 2238 2546 2318 quod
2585 2237 2835 2317 agnitus
2881 2246 2996 2311 est,
3030 2237 3374 2301 honoratus
3415 2258 3489 2302 ac

360 2339 583 2414 napis,
618 2336 792 2418 quod
834 2337 1045 2418 primo
1076 2338 1516 2419 permodicum
1558 2345 1675 2412 est,
1709 2341 1881 2418 quod
1987 2338 2281 2399 adoratus
2341 2343 2410 2398 ut
2459 2353 2645 2398 verus
2703 2335 2889 2408 Deus,
2943 2335 3164 2417 sicque
3222 2337 3286 2398 in
3347 2337 3486 2418 ejus

360 2445 699 2513 acceptum
728 2438 915 2496 homo
946 2437 1125 2497 misit
1156 2438 1230 2497 in
1262 2437 1519 2497 hortum
1550 2457 1743 2497 suum
1765 2461 1789 2507 ,·
1820 2447 1880 2497 et

358 2535 591 2601 crevit,
614 2542 675 2592 et
702 2534 956 2610 factum
985 2543 1074 2594 est
1103 2536 1179 2594 in
1208 2537 1501 2596 arborem
1532 2555 1882 2612 magnam,-

358 2642 425 2693 ec
482 2635 773 2692 volucres
829 2633 975 2694 coeli
1032 2633 1492 2712 requieverunt
1553 2635 1627 2693 in
1676 2635 1881 2694 ramis

356 2731 527 2806 eju&
580 2727 1018 2791 Pariformiter
1076 2730 1469 2811 primitivam
1529 2729 1878 2793 Ecclesiam

361 2827 751 2890 militantem
801 2827 979 2888 misit
1022 2828 1184 2890 Deus
1232 2828 1299 2890 in
1347 2829 1608 2892 hortum
1664 2847 1875 2903 suum,

362 2925 487 2988 hoc
526 2933 625 2988 est
665 2925 735 2986 in
773 2925 1091 3007 templum
1131 2925 1507 3000 Jerusalem,
1541 2927 1715 3008 quod
1758 2926 1882 2988 fuit

1992 2435 2205 2508 ramiS‚
2242 2434 2361 2496 hoc
2397 2441 2492 2495 cst
2532 2433 2968 2515 potestatibuS,
3007 2433 3486 2498 defensionibus

1990 2539 2053 2595 et
2078 2533 2320 2614 gratiis,
2358 2532 2811 2613 requieverunt
2843 2531 3087 2594 fideles.
3112 2532 3287 2595 Unde
3316 2535 3486 2616 apud

1988 1061 2063 1121 de
2101 1058 2346 1141 Sponsa
2382 1060 2447 1122 in
2479 1059 2751 1124 Canticis
2790 1059 2878 1121 ait
2911 1078 2924 1122 :
2960 1059 3181 1122 Veniat
3215 1059 3482 1122 dilectus
3513 1078 3645 1122 cam.
3667 1092 3710 1128 v,
3760 1110 3772 1122 .

1992 2631 2314 2693 Danielem
2365 2630 2726 2710 designatus
2777 2637 2874 2692 est
2916 2631 3201 2693 Christus
3248 2651 3360 2714 per
3401 2633 3488 2694 la-
3527 2654 3780 2708 vamum,

1992 2729 2204 2810 pidem
2246 2728 2600 2791 abscissum
2639 2729 2718 2790 de
2757 2735 2970 2790 monte
3008 2729 3250 2811 absque
3289 2730 3489 2792 mani·
3517 2721 3584 2761 ³⁵·

1990 2828 2160 2890 bus:
2196 2827 2309 2908 qui
2361 2826 2522 2908 lapis
2570 2825 2774 2888 factus
2824 2833 2920 2888 est
2962 2846 3148 2890 mons
3195 2846 3486 2909 magnus,

1992 2925 2414 3008 implevitque
2462 2931 2657 2987 totam
2716 2931 2970 2987 terram.
3023 2924 3143 2988 Sed
3202 2935 3265 2989 et
3314 2926 3492 2990 Chri-

362 3024 549 3087 locus
579 3023 793 3087 cultus
826 3025 1029 3087 divini
1072 3031 1134 3086 et
1173 3024 1609 3087 babitaculum
1647 3024 1781 3104 Dei,
1815 3025 1881 3087 in
1919 3027 1963 3088 C
1992 3031 2160 3086 stum
2193 3022 2368 3086 misit
2395 3022 2574 3084 Pater
2604 3023 2668 3085 in
2700 3023 2954 3086 hortum
2994 3042 3205 3098 suum,
3239 3025 3358 3087 boc
3394 3033 3492 3088 est

361 3141 497 3203 quo
528 3121 835 3204 Apostoli,
864 3130 1163 3204 suscepto
1193 3121 1435 3204 Spiritu
1466 3122 1713 3196 Sancto,
1742 3131 1885 3205 post

368 3220 609 3284 Christi
648 3220 1087 3284 ascensionem
1132 3221 1338 3302 primo
1377 3221 1504 3284 orsi
1545 3227 1695 3284 sunt
1727 3240 1885 3302 praa-

364 3318 583 3381 dicare
611 3318 1043 3399 evangelicam
1074 3318 1291 3400 legem.
1312 3318 1596 3391 Quotidie
1626 3337 1883 3400 quoque

370 3417 771 3480 unanimiter
812 3417 1079 3480 fuerunt
1130 3418 1195 3480 in
1240 3417 1481 3500 templo
1520 3427 1585 3480 et
1632 3417 1881 3499 porticu

366 3516 755 3590 SalomoniS,
800 3523 989 3598 prout
1027 3517 1093 3578 in
1134 3516 1397 3578 Actibus
1436 3516 1883 3598 Apostolorum

366 3615 669 3677 habetur.
714 3615 951 3676 Deinde
1000 3613 1283 3677 Ecclesia
1329 3615 1531 3677 crevit
1577 3614 1887 3676 mirabili-

367 3721 467 3775 ter
502 3713 687 3776 omni
726 3713 850 3787 die,
886 3711 1062 3775 velut
1112 3713 1177 3775 in
1219 3712 1514 3775 arborem
1563 3731 1879 3794 magnam,

363 3811 527 3893 quia
573 3828 690 3892 per
740 3817 942 3873 totum
990 3811 1305 3872 mundum
1364 3809 1603 3872 diffusa
1651 3817 1769 3883 est,
1821 3818 1885 3872 et

366 3909 567 3991 plena
613 3908 739 3970 fuit
786 3906 1105 3970 fructibus
1154 3908 1340 3972 bonis
1380 3909 1512 3971 :ita
1559 3910 1732 3991 quod
1778 3927 1885 3972 vo-

364 4007 584 4070 lucres
622 4006 793 4081 coeli,
828 4006 951 4069 hoc
988 4012 1085 4073 est
1115 4006 1236 4070 viri
1274 4006 1777 4088 contemplativi,
1812 4025 1885 4070 ac

364 4105 743 4188 spirituales
783 4106 1094 4179 doctores,
1135 4113 1329 4187 atque
1368 4104 1632 4186 praelati,
1676 4105 1887 4186 requi-

1994 3122 2059 3184 in
2104 3121 2473 3195 Ecclesiam,
2518 3129 2580 3183 et
2626 3121 2831 3202 primo
2872 3123 2950 3184 ad
2994 3120 3403 3204 Synagogam.

2072 3223 2159 3282 Ec
2203 3222 2441 3280 iterum
2478 3221 2656 3280 dimit
2686 3239 2710 3278 :
2745 3223 2865 3281 Cui
2904 3222 3119 3280 simile
3163 3223 3487 3282 aestimabo

1995 3338 2266 3396 reynum
2295 3319 2466 3380 Dei?
2493 3316 2578 3378 De
2616 3335 2746 3398 quo
2783 3317 2915 3398 jam
2955 3317 3194 3381 dictum
3237 3327 3352 3381 est.
3387 3322 3490 3381 Si-

1994 3419 2149 3478 mile
2187 3425 2278 3476 εει
2305 3417 2646 3494 fernaenw,
2675 3418 2847 3496 quod
2885 3425 3211 3492 acceptum
3255 3419 3492 3478 mulier

1994 3516 2348 3586 abscondit,
2380 3513 2501 3576 hoc
2531 3520 2626 3575 est
2663 3513 2942 3588 miscuit,
2977 3515 3050 3574 in
3079 3515 3322 3593 farinoe
3349 3525 3490 3576 sata

1999 3615 2154 3680 tria,
2187 3611 2250 3673 id
2288 3618 2384 3672 est
2421 3611 2485 3672 in
2528 3618 2656 3672 tres
2697 3627 3027 3673 mensuras
3067 3611 3289 3676 farinae
3327 3631 3494 3697 aqua

1994 3711 2332 3791 adspersae.
2366 3707 2583 3770 Satum
2624 3709 2818 3788 enim,
2853 3710 3203 3772 secundum
3235 3709 3488 3786 Bedam,

1997 3816 2093 3871 est
2140 3825 2439 3870 mensura
2481 3806 2661 3887 juxta
2709 3825 2952 3870 morem
3003 3809 3348 3889 provinciae
3385 3809 3496 3871 Pa-

1998 3907 2280 3980 laestinae,
2315 3924 2518 3966 unum
2567 3913 2629 3966 et
2676 3905 3012 3967 dimidium
3063 3906 3346 3969 modium
3397 3927 3495 3970 ca-

2001 4005 2205 4087 piens.
2255 4007 2470 4066 Donec
2524 4007 3029 4083 fermentaretur
3088 4014 3312 4078 totum,
3374 4006 3495 4069 hoc

1997 4110 2112 4178 est,
2154 4110 2284 4166 tota
2321 4120 2528 4163 massa
2567 4120 2604 4162 a
2640 4099 2956 4164 fermento
2993 4103 3293 4164 virtutem
3333 4103 3496 4166 acci-

365 4212 651 4267 everunt
695 4203 763 4266 in
809 4204 1001 4265 ramis
1051 4203 1215 4284 ejuS,
1252 4205 1318 4266 id
1366 4212 1461 4265 est
1510 4203 1629 4266 sub
1681 4212 1889 4286 prote-
1920 4205 1971 4266 D
2003 4209 2198 4285 peret,
2241 4207 2311 4262 ut
2357 4206 2522 4262 esset
2557 4208 2704 4281 apta
2747 4200 3010 4262 materia
3047 4201 3251 4282 panis.
3287 4200 3493 4264 Simili

367 4304 589 4367 ctione
618 4310 682 4365 et
712 4301 954 4370 umbra„
982 4303 1381 4365 documentis
1412 4310 1475 4364 et
1501 4302 1701 4383 gratia
1729 4303 1891 4385 Apo-

366 4401 707 4477 stolorum,
742 4400 853 4481 qui
884 4399 1149 4462 fuerunt
1178 4400 1352 4462 velut
1385 4400 1544 4462 rami
1576 4399 1889 4474 Ecclesiae,

370 4519 494 4582 per
532 4499 791 4561 climata
830 4497 1057 4560 mundi
1100 4497 1253 4560 hinc
1292 4497 1441 4560 inde
1481 4498 1742 4560 extenti.
1777 4497 1887 4560 Vel

370 4597 541 4660 rami
580 4595 903 4671 Ecclesiae‚
938 4602 1089 4657 sunt
1128 4603 1405 4679 potestas
1445 4594 1585 4676 ejus
1630 4596 1891 4677 spiritu—

368 4697 496 4760 alis
538 4713 615 4756 ac
660 4692 1005 4756 saeculariS.

474 4792 1028 4866 Quemadmodum
1084 4799 1299 4853 autem
1358 4791 1601 4854 dictum
1659 4799 1754 4854 est
1812 4794 1890 4854 de

372 4893 783 4955 incremento
842 4889 1157 4964 Ecclesiae,
1217 4889 1305 4952 ita
1360 4891 1439 4952 de
1496 4889 1891 4954 incremento

372 4988 767 5070 evangelicae
830 4987 1297 5070 praedicationis
1355 4997 1419 5050 et
1478 4988 1889 5051 ecclesiastici

374 5096 607 5162 status,
660 5088 949 5168 itemque
998 5087 1250 5151 virtutis
1299 5095 1362 5149 et
1405 5087 1623 5168 gratiae
1670 5087 1895 5170 primi—

377 5187 533 5250 tivae
579 5185 903 5260 Ecclesiae,
954 5192 1052 5247 est
1097 5185 1438 5248 dicendum
1492 5203 1506 5248 ε
1559 5185 1711 5268 quia
1758 5186 1893 5248 haec

379 5285 627 5360 omnia,
662 5283 876 5368 primo
915 5283 980 5346 in
1010 5283 1357 5346 Jerusalem
1396 5291 1459 5346 et
1484 5283 1715 5360 Iudaea,
1747 5302 1897 5366 qua-

1999 4301 2208 4374 modo,
2261 4317 2438 4361 sacra
2491 4296 2816 4379 Scriptura
2867 4315 2977 4359 seu
3033 4298 3340 4375 Christus,
3392 4300 3493 4364 vel

1997 4398 2161 4461 fides
2199 4405 2262 4459 et
2300 4396 2524 4459 caritas
2564 4395 2727 4477 ejuS,
2761 4414 2872 4458 seu
2914 4397 3276 4478 praedicatio
3311 4416 3497 4462 evan-

1995 4495 2218 4577 gelica,
2275 4502 2577 4576 tanquam
2636 4494 2991 4557 virtuosum
3049 4495 3496 4578 optimumque

1996 4596 2417 4674 fermentum3
2449 4612 2486 4654 a
2513 4592 2803 4668 muliere,
2824 4593 2946 4656 hoc
2975 4601 3074 4655 est
3101 4593 3180 4656 ab
3215 4594 3496 4659 increata

1998 4691 2335 4774 Sapientia,
2348 4699 2650 4772 tanquam
2673 4710 2709 4752 a
2738 4709 2925 4752 causa
2949 4691 3394 4774 principali,et
3414 4692 3495 4757 ab

1996 4789 2342 4873 apostolica
2371 4789 2872 4870 congregatione,
2906 4795 3209 4870 tanquam
3238 4809 3276 4852 a
3307 4809 3498 4854 causa

2000 4888 2376 4951 secundaria
2429 4887 2921 4962 instrumentali,
2974 4905 3084 4950 seu
3139 4888 3496 4953 ministerio

2000 4987 2260 5049 illibatae
2296 4985 2504 5048 carnis
2543 4985 2807 5066 Christi3
2841 4987 3184 5049 commixta
3223 4995 3320 5049 est
3351 5007 3496 5050 con·

1997 5085 2346 5168 gregationi
2393 5083 2708 5158 fidelium,
2751 5103 2864 5146 seu
2913 5085 3313 5148 credentium
3361 5105 3493 5150 cor-

2001 5185 2066 5248 di
2115 5183 2364 5264 infusa3
2409 5190 2712 5263 tanquam
2756 5183 2823 5244 in
2874 5183 2994 5244 tria
3040 5191 3192 5258 sata,
3227 5193 3494 5267 propter

2001 5299 2270 5346 summae
2298 5279 2620 5343 Trinitatis
2667 5281 3062 5363 mysterium,
3099 5282 3200 5345 vel
3234 5291 3495 5367 propter

3621 3222 3694 3278 20

3621 3320 3689 3375 21
