4300 6259
830 501 952 566 612
1579 516 1928 564 manuario
1971 517 2035 561 1N
2075 515 2214 562 car.
2260 514 2369 560 xxi
2408 513 2686 561 somnis.
2731 532 2811 543 —
2851 513 2996 559 aar.
3043 513 3185 558 xux

829 693 916 752 Et
955 700 1028 750 ut
1067 693 1404 760 credentes,
1443 691 1646 750 vitam
1674 689 1962 749 habeatis
2000 687 2218 767 gratiae
2256 685 2319 747 in
2352 688 2399 748 A
2432 684 2708 746 fructum
2758 685 3115 747 animarum
3156 692 3533 748 vestrarum.
3566 685 3805 766 ltaque,
3828 684 3933 744 Vi·
3980 755 3989 762 ,

831 789 1152 871 praesenti,
1197 795 1262 849 et
1309 789 1501 850 vitam
1548 786 1764 867 gloriae
1812 787 1876 847 in
1927 786 2164 848 futuro.
2214 785 2325 848 Co-
2431 792 2558 845 tam
2589 783 2874 846 habeatis
2906 787 2979 844 in
3010 785 3267 845 nomine
3294 785 3454 860 ejus,
3479 784 3543 845 id
3570 793 3665 845 est
3696 784 3930 846 virtute

827 888 1032 968 gnitio
1090 887 1258 948 enim
1320 885 1471 947 fidei
1525 887 1856 948 ordinatur
1907 883 2190 945 finaliter
2246 884 2323 945 ad
2432 889 2495 944 et
2530 882 2732 962 gratia
2770 882 3023 955 Christi,
3059 882 3157 944 vel
3203 883 3269 943 in
3312 883 3455 964 ipso
3492 881 3761 956 Christo,
3798 891 3933 943 tan-

833 986 1026 1048 vitam
1057 993 1378 1058 aeternam,
1411 1003 1554 1066 quae
1583 991 1678 1046 est
1708 983 1870 1046 visio
1901 983 2008 1044 Dei
2041 1000 2157 1064 per
2186 1001 2327 1063 spo·
2431 999 2625 1061 quam
2656 981 2723 1041 in
2762 1000 2952 1042 causa
2988 986 3052 1042 et
3090 979 3341 1059 objecto
3380 979 3792 1043 beatitudinis
3820 999 3931 1042 no-
4273 1057 4274 1078 Χ

553 1097 802 1148 tremus,
832 1084 1018 1146 ciem.
1059 1083 1234 1146 Unde
1283 1082 1550 1144 Petrus:
1587 1082 1904 1156 VidenteS,
1949 1081 2179 1162 inquit,
2222 1099 2327 1142 ex·
2435 1086 2600 1153 strae,
2651 1079 2803 1160 quia
2862 1098 2987 1142 non
3048 1085 3142 1140 est
3197 1078 3372 1139 aliud
3424 1097 3655 1141 nomen
3708 1080 3923 1141 datum
3952 1097 4227 1138 neman.

829 1182 1146 1245 sultabitis
1177 1182 1393 1246 laetitia
1423 1181 1830 1243 inenarrabili
1862 1187 1925 1242 et
1951 1178 2322 1260 glorificata,
2432 1176 2803 1240 hominibus
2842 1178 2961 1239 sub
3002 1177 3185 1251 coelo,
3220 1177 3283 1238 in
3324 1195 3454 1258 quo
3490 1185 3776 1259 oporteat
3811 1195 3931 1242 nos
4273 1171 4274 1194 ³

830 1289 1222 1364 reportantes
1278 1279 1480 1343 finem
1537 1279 1690 1341 fidei
1751 1286 1976 1342 vestrae
2033 1278 2325 1352 salutem,
2442 1277 2649 1341 salvos
2690 1275 2858 1338 fieri.

1874 1707 2533 1795 ARTICULUS
2609 1708 2887 1792 XLIX

903 1986 1214 2034 Exposrrlo
1255 1985 1532 2033 cAPl‘rum
1572 1985 1836 2032 vmasun
1878 1985 2048 2032 Pium
2095 1985 2171 2030 m·
2212 1983 2417 2029 umnn
2463 1984 2476 2027 :
2523 1984 2755 2029 POSTEA
2796 1983 3253 2030 MANIFESTAVH·
3298 1985 3369 2030 SE
3410 1985 3641 2030 numm
3686 1985 3865 2030 JESUS

2022 2084 2108 2130 AD
2149 2082 2321 2128 HARE
2362 2082 2733 2129 TIBERIADIS.

555 3269 663 3314 Luc.
687 3282 728 3319 v,
752 3271 790 3312 1.

561 3367 732 3434 Meua.
746 3382 802 3420 nv,

543 3433 608 3488 183
629 3444 700 3483 xv,
715 3433 782 3476 29.

540 3760 808 3866 {gidmxvun

957 2363 1107 2427 OST
1157 2364 1292 2427 haec
1339 2361 1736 2444 Evangelista
1785 2361 2089 2426 describit
2137 2360 2327 2423 aliam
2365 2359 2412 2420 B
2438 2361 2950 2426 informationem
3000 2371 3063 2424 et
3110 2362 3599 2425 consolationem
3658 2363 3937 2445 primiti-

979 2463 1206 2526 Christi
1258 2461 1720 2544 apparitionem
1768 2461 1998 2522 factam
2055 2460 2119 2521 in
2168 2458 2333 2521 Gali-

833 2563 967 2626 laea.
1028 2565 1277 2632 Postea,
1341 2560 1585 2622 scilicet
1653 2568 1794 2642 post
1858 2557 2326 2640 aliquantulum

831 2669 1085 2742 tempus
1115 2676 1151 2720 a
1183 2658 1678 2740 praememoratis
1719 2656 2227 2740 apparitionibus
2265 2654 2327 2714 in

830 2757 1174 2820 Jerusalem
1233 2755 1441 2831 factiS,
1485 2757 1934 2833 manifestavit
1979 2775 2042 2815 se
2091 2757 2331 2814 iterum

829 2859 1011 2919 Iesus
1063 2858 1152 2916 ad
1203 2875 1382 2915 mare
1437 2855 1822 2926 Tiberiadis,
1880 2853 1942 2916 id
2002 2861 2096 2914 est
2152 2851 2331 2931 juxta

833 2955 1011 3016 littus
1059 2953 1250 3015 maris
1295 2952 1507 3014 situati
1553 2969 1752 3035 prope
1799 2951 2024 3013 urbem
2069 2951 2173 3012 cui
2220 2967 2334 3012 no-

836 3071 983 3115 men
1043 3051 1346 3125 TiberiaS,
1395 3070 1541 3134 quae
1599 3051 1664 3113 in
1724 3051 2031 3114 honorem
2091 3047 2327 3110 Tiberii

835 3150 1093 3214 Caesaris
1135 3150 1226 3212 sic
1255 3157 1473 3213 vocata
1505 3159 1621 3212 est.
1655 3148 1830 3222 Quod
1871 3167 2043 3211 mare
2072 3148 2198 3210 alio
2230 3165 2333 3209 no·

833 3251 1007 3312 mine
1063 3249 1422 3331 appellatur
1470 3257 1762 3329 stagnum
1811 3247 2217 3320 Genesareth,
2268 3253 2331 3306 et

834 3367 1007 3412 mare
1049 3347 1336 3423 Galilaeae,
1370 3348 1525 3429 quia
1571 3347 1636 3409 in
1688 3347 2016 3430 provincia
2063 3345 2331 3408 Galilaeae

836 3448 1127 3511 habetur.
1178 3446 1347 3508 Patet
1403 3463 1552 3527 ergo
1609 3447 1779 3527 quod
1839 3447 1958 3507 ista
2013 3444 2330 3527 apparitio

2439 2479 2533 2522 vae
2573 2459 2887 2522 Ecclesiae.
2925 2462 3136 2520 Erant
3173 2463 3375 2521 simul
3410 2463 3636 2523 Simon
3672 2464 3937 2530 PetruS,
4088 2467 4123 2518 2

2440 2557 2552 2638 qui
2600 2578 2637 2619 a
2684 2557 3009 2621 nativitate
3049 2557 3148 2620 vel
3196 2558 3683 2622 circumcisione
3722 2560 3935 2622 dictus

2440 2664 2535 2718 est
2574 2655 2814 2731 Simon,
2850 2664 2911 2718 et
2947 2675 2983 2718 a
3011 2656 3256 2720 Christo
3294 2658 3656 2720 nominatus
3696 2666 3794 2720 est
3832 2658 3937 2719 Pe-

2440 2764 2597 2831 truS,
2634 2764 2703 2818 ut
2734 2757 2935 2838 patuit
2967 2757 3174 2839 primo
3208 2756 3515 2839 capitu103
3546 2768 3605 2816 et
3644 2759 3934 2828 Thomas,
3962 2777 4214 2826 Jonma:

2439 2857 2555 2934 qui
2603 2864 3017 2936 cognomento
3055 2857 3303 2916 dicitur
3339 2857 3686 2933 Didymus,
3724 2855 3788 2916 id
3836 2863 3936 2916 est

2440 2953 2696 3026 dubim,
2739 2961 2809 3014 ut
2855 2953 3093 3015 dictum
3144 2961 3237 3015 est
3288 2953 3354 3015 in
3404 2953 3783 3035 praecedenti
3834 2972 3940 3014 ca·
3964 2974 4227 3023 manac.

2441 3052 2682 3134 pitulo;
2728 3063 2787 3112 et
2834 3055 3207 3114 Nathanaec
3256 3052 3411 3133 legis
3459 3053 3698 3127 doctor,
3741 3050 3939 3114 frater

2439 3150 2715 3232 ‚Philippi
2766 3150 3058 3232 apostoli,
3090 3153 3205 3231 qui
3240 3149 3578 3212 Nathanael
3622 3160 3763 3211 erat
3811 3151 3941 3213 ori·
4273 3219 4274 3228 χ

2444 3251 2649 3311 undus
2680 3271 2721 3310 a
2754 3251 2931 3310 Cana
2966 3248 3117 3312 villa
3151 3251 3458 3321 Galiloeoe,
3495 3248 3603 3310 ubi
3646 3248 3937 3311 Christus
4004 3269 4221 3315 laianu
4273 3241 4274 3278 ³

2441 3347 2753 3410 convertit
2806 3365 3035 3427 aquam
3087 3347 3152 3407 in
3204 3346 3449 3410 vinum.
3503 3345 3663 3408 Huic
3710 3345 3939 3408 Natha-
3963 3339 4131 3386 ²²³4

2440 3446 2603 3508 naeli
2649 3444 2976 3527 perhibuit
3018 3445 3301 3508 Christus
3355 3445 3794 3508 testimonium
3848 3454 3940 3506 ta-

834 3546 1000 3609 facta
1047 3546 1130 3608 sit
1172 3545 1235 3607 in
1280 3544 1550 3608 Galilaea.
1585 3544 1662 3606 Ut
1709 3544 1878 3606 enim
1930 3544 1996 3605 in
2044 3542 2331 3604 Matthaeo
2367 3545 2519 3618 Cle,
2562 3544 2723 3607 Ecce
2766 3562 2913 3608 vere
2952 3544 3252 3618 Israelita,
3296 3544 3361 3605 in
3402 3563 3531 3625 quo
3575 3544 3759 3607 dolus
3809 3563 3938 3608 non
3968 3565 4095 3609 mid.
4120 3567 4221 3612 1.st
4273 3565 4274 3636 ζ

838 3646 1089 3726 legitur,
1137 3644 1315 3706 Jesus
1365 3644 1430 3704 in
1480 3643 1582 3706 die
1643 3642 2121 3704 resurrectionis
2173 3641 2330 3702 dixit

839 3741 1218 3805 mulieribus
1274 3760 1286 3803 :
1339 3741 1632 3803 Nuntiate
1689 3741 1992 3802 fratribus
2049 3739 2211 3801 meis
2262 3747 2331 3799 ut

839 3849 983 3903 eant
1027 3841 1091 3903 in
1131 3840 1469 3915 Galilaeam‚
1504 3839 1592 3902 ibi
1635 3857 1737 3901 me
1779 3838 2104 3902 videbunt.
2140 3838 2331 3901 Disci-

840 3940 974 4022 puli
1022 3939 1214 4020 igitur
1252 3956 1330 3999 ex
1373 3938 1877 4020 praecedentibus
1920 3936 2333 4019 apparitioni-

839 4038 960 4100 bus
991 4037 1324 4102 confortati
1364 4037 1428 4099 in
1461 4036 1591 4098 fide
1630 4045 1691 4099 et
1719 4037 2004 4110 animati,
2038 4035 2333 4097 exierunt

837 4136 903 4197 in
956 4135 1308 4217 publicum,
1343 4142 1406 4195 et
1445 4133 1762 4197 Galilaeam
1813 4134 2078 4214 ingressi
2133 4141 2327 4195 sunt:

839 4234 950 4295 ubi
1007 4252 1210 4315 quum
1269 4233 1486 4314 paucis
1545 4232 1771 4295 diebus
1829 4234 2329 4305 demorarentur,

839 4331 1104 4413 contigit
1133 4333 1302 4412 quod
1332 4350 1501 4393 nunc
1531 4338 1860 4395 attestatur
1887 4331 2178 4394 Joannes.
2213 4330 2337 4392 Pri-

839 4449 943 4494 mo
988 4438 1201 4492 autem
1247 4429 1440 4491 refert
1484 4449 1617 4492 rem
1655 4439 1893 4510 gestam
1940 4431 2329 4491 summatim.

839 4527 1075 4590 Deinde
1119 4526 1312 4590 refert
1354 4528 1639 4591 ordinem
1685 4547 1814 4610 quo
1858 4527 2074 4601 fiebat,
2109 4546 2337 4590 secun-

841 4629 994 4690 dum
1038 4629 1208 4708 quod
1254 4627 1570 4689 subditur.

2440 3651 2581 3704 cst:
2627 3651 2697 3704 ut
2739 3642 2991 3724 plenius
3030 3643 3269 3704 dictum
3306 3650 3403 3704 est
3442 3643 3649 3724 primo
3694 3643 3941 3725 capitu-

2441 3742 2523 3804 lo.
2574 3743 2656 3802 Et
2695 3742 2829 3817 filii
2870 3743 3159 3802 Zebedaei
3202 3741 3471 3804 Joannes
3524 3749 3589 3802 et
3641 3741 3933 3818 JacobuS,
3990 3761 4219 3804 ,ναι-ιη.
4273 3773 4274 3814 ;

2440 3850 2498 3900 et
2556 3842 2682 3900 alii
2739 3859 2819 3898 eoe
2864 3841 3207 3915 discipulis
3257 3841 3397 3916 ejus
3454 3843 3608 3908 ἀπο,
3658 3858 3935 3920 quorum
3966 3827 4039 3866 ²¹·

2442 3937 2699 4001 nomina
2742 3937 3104 3998 reticentur.
3139 3936 3367 3998 Omnes
3417 3955 3565 4018 ergo
3606 3937 3802 3998 simul
3844 3957 3941 3998 se-

2444 4045 2615 4119 ptem
2660 4035 2939 4097 fuerunt.

2522 4137 2698 4195 Dicit
2726 4137 2818 4194 eis
2849 4136 3073 4194 Simon
3110 4137 3363 4202 Petrus,
3390 4135 3503 4216 qui
3535 4135 3603 4196 in
3634 4134 3937 4198 omnibus
4086 4140 4119 4194 3

2443 4232 2769 4314 operosior
2814 4239 3003 4312 atque
3048 4230 3396 4295 ferventior
3436 4232 3935 4315 comprobatur:

2448 4335 2613 4393 Vado
2650 4332 2920 4408 piscari.
2963 4332 3201 4392 Dicunt
3238 4332 3299 4390 ei
3328 4352 3350 4390 .·
3386 4332 3686 4393 Venimus
3728 4342 3791 4393 et
3828 4353 3942 4392 nos

2447 4440 2671 4490 tecum.
2705 4428 2911 4490 Licuit
2948 4437 3157 4490 autem
3198 4429 3529 4511 discipulis
3568 4431 3647 4491 ad
3686 4430 3813 4492 tale
3846 4430 3943 4493 of·-

2445 4529 2669 4591 ficium
2728 4528 2958 4591 reverti
3019 4536 3279 4610 propter
3336 4529 3539 4592 victus
3604 4529 3943 4592 necessita-

2445 4636 2594 4702 tem,
2648 4628 2800 4709 quia
2856 4627 2920 4688 in
2982 4645 3049 4688 se
3108 4627 3354 4689 licitum
3414 4637 3567 4690 erat.
3616 4628 3942 4692 Matthaeus

922 4727 1377 4803 Manifestavit
1414 4735 1632 4786 autem
1665 4743 1732 4786 se
1761 4727 1879 4796 sic,
1911 4725 1972 4786 id
2014 4733 2109 4786 est
2147 4726 2335 4788 modo
2365 4729 2413 4790 D
2447 4745 2597 4790 vero
2640 4727 2715 4788 ad
2760 4725 3067 4788 telonium
3110 4745 3236 4788 non
3277 4727 3483 4801 rediit,
3517 4727 3669 4807 quia
3716 4726 3942 4808 hujus-

841 4824 954 4905 qui
1005 4824 1316 4905 sequitur.
1352 4824 1636 4887 Christus
1685 4842 1916 4906 nempe
1965 4825 2117 4885 dum
2169 4824 2338 4887 vole—

841 4923 970 4998 bat,
1022 4932 1284 5005 repente
1341 4923 1673 5005 disparuit,
1732 4931 1794 4984 et
1850 4925 2000 4985 dum
2062 4924 2332 4998 volebat,

842 5021 1055 5084 subito
1117 5040 1336 5083 rursus
1393 5022 1732 5103 apparuit3
1787 5039 1904 5083 nec
1954 5029 2087 5082 erat
2137 5022 2339 5084 conti-

847 5137 974 5182 nuo
1010 5138 1153 5180 cum
1191 5119 1547 5201 discipulis,
1584 5120 1692 5180 sed
1725 5120 1912 5181 certis
1955 5119 2106 5182 locis
2146 5127 2339 5200 atque

843 5217 1264 5298 temporibus,
1325 5219 1675 5282 secundum
1745 5219 2339 5300 praeordinationem

848 5314 1154 5386 divinam,
1198 5325 1386 5398 prout
1436 5318 1589 5379 utile
1642 5318 1739 5379 vel
1789 5336 2046 5379 necesse
2093 5317 2217 5379 suit
2262 5319 2339 5379 ad

2446 4825 2617 4888 modi
2666 4843 2826 4907 opus
2887 4843 3025 4888 raro
3074 4824 3173 4888 vel
3224 4844 3552 4906 nunquam
3610 4833 3941 4888 exercetur

2449 4925 2584 4986 sine
2628 4931 2906 5005 peccato,
2940 4924 3290 4985 secundum
3323 4923 3713 5005 Gregorium.
3748 4923 3822 4985 Hi
3854 4943 3943 4986 er·

2447 5041 2525 5103 go
2576 5021 2898 5103 discipuli,
2932 5022 3235 5102 quoniam
3286 5040 3595 5104 pauperes
3645 5031 3847 5096 erant,
3880 5031 3941 5084 et

2446 5121 2624 5182 lesus
2675 5120 2965 5201 provisor
3006 5139 3225 5182 eorum
3276 5121 3534 5182 recessit
3575 5121 3653 5182 ab
3701 5121 3816 5194 eis,
3860 5121 3935 5182 ad

2452 5219 2825 5302 piscandum
2862 5217 3127 5300 profecti
3168 5227 3338 5281 sunt.
3372 5220 3437 5281 ln
3469 5238 3597 5300 quo
3636 5228 3807 5301 patet
3834 5219 3936 5280 Na—

2452 5317 2762 5379 thanaelis
2791 5336 3019 5398 magna
3050 5317 3393 5392 humilitaS,
3420 5317 3571 5398 quia
3600 5317 3701 5380 vir
3726 5325 3934 5380 tantus
