4300 6259
541 2771 736 2876 3,ξεινικὴ
747 2785 802 2823 ιιι,

557 3662 666 3707 Luc.
685 3675 714 3712 ι,
730 3664 797 3706 79.

833 498 950 563 156

1623 517 1972 566 mammo
2014 519 2076 565 m
2119 507 2256 563 CAP.
2304 515 2456 564 xvm
2495 518 2685 567 LUGAE.
2728 541 2810 554 ·-·
2850 525 2993 572 ΛΒΤ.
3036 525 3137 572 xm

827 695 951 764 tur,
988 707 1068 752 ne
1107 689 1308 754 divini
1355 689 1532 753 fures
1572 690 1855 770 honoriS,
1888 697 2193 770 tanquam
2232 706 2329 750 sa-
2355 686 2406 747 A
2432 690 2771 770 gentilium
2812 696 3293 760 conversionem
3330 697 3411 759 ad
3448 696 3789 771 Christum,
3828 697 3927 760 in-

827 788 1046 870 crilegi
1107 789 1544 872 reprobemur.
1596 788 1661 852 Si
1709 798 1920 852 autem
1970 788 2074 851 hic
2121 806 2325 851 caecus

826 894 888 949 et
929 886 1109 969 plebs
1155 889 1289 951 haec
1327 888 1734 950 crediderunt
1775 887 2074 970 explicite
2111 887 2325 949 Jesum

827 1003 966 1048 esse
1011 1004 1230 1048 verum
1283 986 1504 1062 Deum,
1547 994 1702 1048 tunc
1750 985 2008 1049 nomine
2055 984 2187 1058 Dei,
2232 984 2329 1066 ip—

829 1103 970 1146 sum
1002 1083 1340 1147 Dominum
1369 1085 1583 1147 Jesum
1625 1085 2101 1167 intelligebant3
2137 1083 2189 1146 si
2224 1102 2328 1147 ve—

829 1200 898 1245 ro
947 1182 1066 1245 hoc
1115 1202 1240 1247 non
1291 1183 1633 1246 credebant
1679 1183 2000 1266 explicite,
2041 1183 2329 1244 intende-

827 1279 981 1342 bant
1009 1283 1178 1362 quod
1207 1282 1386 1344 Jesus
1417 1281 1634 1346 divina
1670 1283 1892 1364 utique
1932 1283 2065 1345 haec
2095 1282 2327 1363 egisset

829 1379 1084 1442 virtute.

905 1478 1222 1553 Praeterea,
1249 1478 1736 1560 intelligentiam
1768 1479 2166 1562 spiritualem
2199 1486 2326 1541 tan-

822 1577 1051 1658 gendo,
1087 1595 1203 1660 per
1239 1577 1510 1652 Jericho,
1553 1598 1698 1661 quae
1738 1577 2192 1660 interpretatur
2230 1577 2325 1639 lu-

825 1694 928 1756 na,
961 1695 1106 1758 quae
1134 1676 1201 1738 in
1231 1676 1580 1739 mutatione
1619 1683 1823 1738 exstat
1851 1676 2173 1751 continua,
2207 1676 2327 1738 hu·-

826 1793 1029 1838 manae
1092 1775 1491 1839 mortalitatis
1554 1774 1956 1856 significatur
2010 1774 2319 1837 defectus.

2436 790 2784 872 crepabant
2828 810 2958 874 603,
3012 813 3092 856 ne
3142 813 3373 858 nomen
3424 795 3625 878 ipsius
3674 795 3925 859 invoca·

2438 895 2577 950 rent
2606 897 2715 951 aut
2744 890 3147 964 honorarent,
3181 893 3347 956 sicut
3375 894 3442 956 in
3471 893 3733 956 Actibus
3761 893 3925 976 Apo-
3952 921 4233 968 Acamas-

2434 986 2739 1050 stolorum
2773 989 3033 1052 docetur
3066 1009 3080 1054 :
3115 991 3351 1073 quibus
3380 991 3745 1056 consimiles
3775 999 3924 1054 sunt
3948 986 4225 1087 2³⁸³&ss

2435 1101 2655 1147 omnes
2705 1087 2818 1167 qui
2864 1087 3022 1151 alios
3069 1108 3108 1151 a
3153 1089 3322 1153 bono
3380 1098 3686 1153 conantur
3734 1097 3925 1152 retra-
4012 1076 4025 1090 ’

2435 1181 2609 1244 here.
2644 1181 2764 1246 Sed
2795 1185 2980 1248 electi
3021 1193 3191 1250 tanto
3228 1186 3456 1250 fortius
3495 1188 3925 1251 clamaverunt

2434 1281 2512 1342 ad
2552 1280 2913 1358 Dominum,
2948 1292 3187 1366 quanto
3222 1286 3317 1348 illi
3358 1285 3793 1369 impudentius
3834 1303 3927 1348 re-

2438 1379 2756 1443 stiterunt.
2788 1380 2911 1445 Nos
2949 1401 3210 1466 quoque
3247 1393 3486 1466 quanto
3525 1384 3781 1466 gravius
3824 1402 3929 1448 ex-

2438 1477 2725 1560 perimur
2767 1498 2881 1543 nos
2928 1481 3314 1564 impugnari,
3357 1491 3529 1547 tanto
3576 1483 3924 1546 ferventius

2429 1582 2627 1672 ⁸atque
2676 1579 3068 1642 constantius
3119 1581 3456 1657 enitamur,
3509 1590 3571 1643 et
3619 1581 3927 1644 exclame-

2436 1693 2581 1737 mus
2628 1676 2706 1738 ad
2758 1675 2977 1753 Deum,
3019 1697 3357 1761 quousque
3406 1697 3549 1742 cum
3600 1679 3925 1742 Psalmista

2437 1773 2647 1836 dicere
2687 1774 3009 1839 valeamus
3053 1795 3067 1840 ε
3108 1777 3415 1841 Laboravi
3456 1778 3756 1852 clamanS,
3790 1797 3925 1840 rau-
3954 1795 4229 1843 huma.

826 1872 939 1935 Cui
998 1892 1202 1954 quum
1258 1873 1458 1935 Filius
1525 1872 1630 1934 Dei
1698 1891 1812 1955 per
1869 1872 2324 1936 incarnationis
2364 1871 2409 1932 B
2437 1891 2527 1934 cae
2565 1871 2749 1934 factae
2788 1881 2939 1936 sunt
2978 1873 3193 1938 fauces
3237 1894 3414 1939 meae.

828 1971 1200 2055 mysterium
1243 1971 1755 2054 propinquasset,
1789 1972 2173 2034 assumendo
2213 1990 2326 2034 no-

2516 1969 2699 2033 Stans
2746 1979 2959 2034 autem
3006 1973 3207 2046 JesuS‚
3239 1973 3431 2056 jussit
3472 1974 3655 2038 illum
3697 1974 3924 2037 adduci

827 2077 987 2132 stras
1037 2069 1435 2152 poenalitates
1484 2069 1728 2151 absque
1787 2077 2065 2152 peccate,
2119 2088 2323 2132 caecus
2433 2070 2515 2132 ad
2556 2088 2670 2133 se:
2704 2070 2857 2152 quia
2898 2090 3012 2152 per
3049 2070 3380 2154 Apostolos
3424 2091 3775 2154 eorumque
3817 2092 3923 2136 co-

825 2168 1110 2250 quidam,
1166 2167 1288 2230 hoc
1345 2173 1440 2230 est
1495 2185 1698 2249 genus
1747 2167 2099 2230 humanum
2149 2167 2323 2230 vitiis

827 2266 1336 2340 obtenebratum,
1390 2283 1572 2328 secus
1622 2265 1790 2327 viam
1841 2265 2119 2338 sedebat,
2172 2266 2326 2347 quia

830 2382 947 2447 pro
985 2363 1212 2445 majori
1258 2363 1357 2425 sui
1409 2370 1587 2445 parte
1625 2371 1801 2426 extra
1839 2364 1960 2425 iter
1995 2363 2121 2425 fuit
2160 2363 2327 2426 salu-

830 2463 910 2524 tis
955 2481 968 2525 ε
1012 2462 1115 2525 cui
1161 2469 1394 2536 tamen,
1431 2481 1546 2544 pro
1583 2461 1799 2544 aliqua
1841 2462 1940 2524 sui
1988 2470 2165 2544 parte
2212 2479 2327 2544 per

831 2560 1286 2642 Prophetarum
1328 2558 1627 2624 vaticinia
1671 2560 1945 2641 aliisque
1989 2560 2193 2624 modis
2233 2561 2329 2622 in-

831 2666 1158 2733 structum,
1177 2658 1717 2742 appropinquavit
1745 2659 2169 2741 exspectando
2199 2657 2329 2721 Sal-

833 2757 1066 2821 vatoris
1115 2758 1483 2820 adventum.
1525 2756 1722 2830 Quem
1771 2776 1974 2838 quum
2025 2756 2090 2818 in
2141 2757 2327 2819 terris

835 2856 1036 2921 videri
1076 2864 1140 2919 et
1175 2857 1342 2918 inter
1380 2855 1670 2919 homines
1714 2855 2074 2919 conversari
2117 2855 2329 2917 audis-

833 2963 944 3030 set,
962 2974 1074 3037 pro
1100 2954 1300 3036 gratia
1330 2954 1810 3018 illuminationis
1843 2954 2106 3017 internae
2134 2953 2329 3036 coepit

2435 2168 2783 2250 adjutoreS,
2822 2168 3013 2251 jussit
3055 2171 3383 2253 praedicari
3424 2170 3687 2253 ubique,
3722 2179 3786 2234 et
3819 2189 3925 2252 ge-

2436 2285 2560 2328 nus
2607 2266 2961 2329 humanum
3010 2267 3133 2330 sibi
3185 2285 3299 2350 per
3345 2268 3545 2331 fidem
3592 2269 3819 2332 adduci
3862 2275 3925 2330 et

2436 2364 2852 2446 incorporari.
2886 2365 3004 2428 Sed
3044 2374 3107 2429 et
3144 2385 3315 2429 nunc
3353 2385 3611 2450 quoque
3640 2367 3925 2449 quotidie

2437 2462 2857 2545 spiritualiter
2894 2463 3065 2540 caeci,
3110 2483 3223 2546 per
3260 2464 3551 2547 praelatos
3592 2472 3783 2547 atque
3819 2466 3928 2528 do-

2436 2569 2641 2624 ctores
2670 2560 2966 2625 Ecclesiae
2995 2563 3072 2625 ad
3104 2562 3422 2626 Christum
3454 2571 3603 2625 sunt
3632 2564 3927 2626 reducen-

2436 2658 2524 2721 di.
2566 2659 2836 2721 Adducti
2877 2677 3027 2723 vero
3071 2661 3150 2722 ad
3189 2659 3509 2723 Christum
3547 2679 3662 2743 per
3701 2660 3921 2734 fidem,

2437 2775 2641 2838 quum
2689 2762 2975 2838 peterent
3025 2757 3554 2821 illuminationem
3612 2759 3924 2821 internam

2438 2853 2813 2937 pleniorem,
2848 2854 3146 2918 illustrati
3184 2863 3335 2918 sunt
3362 2856 3717 2919 eminenter
3744 2857 3925 2920 donis

2438 2951 2713 3034 Spiritus
2750 2953 2983 3030 Sancti,
3028 2955 3115 3016 ita
3160 2961 3231 3015 ut
3278 2954 3553 3018 revelata
3592 2954 3755 3018 facie
3791 2955 3926 3036 glo·
3994 2981 4233 3027 nevam.

833 3053 1211 3136 suppliciter
1247 3053 1601 3115 exclamare
1642 3071 1656 3115 :
1701 3053 1866 3115 sicut
1905 3053 1969 3114 in
2010 3052 2329 3134 evangeli—
2365 3049 2409 3113 C
2438 3051 2598 3114 riam
2628 3051 2877 3115 Domini
2910 3071 3056 3115 cum
3087 3052 3387 3135 Apostolo
3420 3054 3922 3136 specularentur.
3958 3045 4033 3086 ¹⁸·

833 3171 922 3214 cae
969 3151 1249 3214 historiae
1296 3158 1538 3215 constat
1585 3151 1880 3224 decursu,
1921 3152 2329 3233 quemadmo-

832 3251 986 3312 dum
1016 3268 1052 3311 a
1084 3249 1405 3332 principio
1444 3248 1791 3313 nativitatis
1823 3249 2054 3313 Christi
2087 3267 2164 3311 ex
2194 3249 2331 3312 Vir-

830 3349 1001 3430 gine,
1035 3348 1292 3430 quidam
1327 3356 1759 3429 cognoverunt
1787 3347 1926 3429 ejus
1956 3349 2325 3424 adventum,

835 3453 897 3508 et
945 3455 1072 3509 tam
1122 3466 1237 3528 pro
1287 3464 1356 3508 se
1401 3465 1594 3527 quam
1655 3465 1770 3528 pro
1820 3447 2012 3509 totius
2062 3445 2327 3508 humani

833 3545 1085 3628 generis
1143 3543 1648 3626 deprecabantur
1697 3544 1920 3619 salute,
1975 3552 2045 3606 ut
2097 3544 2326 3607 Zacha-

837 3645 982 3719 riaS,
1017 3644 1129 3726 qui
1171 3642 1331 3706 dixit
1375 3661 1388 3706 ε
1432 3642 1799 3705 Illuminare
1838 3643 1937 3706 his
1981 3643 2094 3725 qui
2135 3644 2199 3706 in
2240 3653 2330 3706 te—

837 3743 1052 3810 nebris
1103 3750 1166 3805 et
1215 3743 1280 3804 in
1338 3741 1564 3804 umbra
1623 3741 1846 3805 mortis
1905 3743 2147 3804 sedent.
2198 3741 2329 3805 Hoc

836 3841 1302 3925 conspicientes
1333 3840 1598 3922 spiritus
1632 3840 1917 3922 maligni,
1950 3841 2062 3923 qui
2095 3840 2326 3905 Christi

835 3941 900 4004 in
951 3942 1140 4004 corda
1189 3947 1403 4004 nostra
1459 3940 1802 4002 adventum
1863 3958 1978 4023 per
2023 3940 2331 4022 anticipa-

834 4041 1073 4103 tionem
1105 4039 1419 4120 impedire
1449 4037 1762 4111 nituntur,
1797 4039 2198 4102 immittendo
2229 4058 2330 4103 co-

831 4138 1064 4219 gitatus
1121 4136 1521 4218 affectusque
1580 4136 1862 4211 vitiosoS,
1915 4136 2331 4220 increpabant

2438 3150 2570 3224 Quo
2600 3149 2787 3226 facto,
2821 3151 2969 3214 totis
3000 3151 3366 3234 praecordiis
3397 3151 3522 3216 Deo
3559 3153 3789 3235 gratias
3817 3151 3929 3215 ob-

2440 3248 2723 3310 tulerunt
2766 3266 2780 3312 :
2834 3250 3003 3331 quod
3047 3248 3450 3332 potissimum
3498 3250 3565 3313 in
3605 3250 3929 3333 primitiva

2440 3345 2637 3409 fiebat
2673 3346 2975 3410 Ecclesia.
3019 3347 3190 3421 Quod
3234 3355 3303 3410 ut
3340 3349 3549 3412 omnis
3597 3349 3779 3431 plebs
3815 3367 3930 3432 per

2440 3452 2713 3527 quatuor
2760 3453 2946 3509 terrae
3007 3446 3219 3528 plagas
3268 3447 3555 3529 dispersa
3613 3447 3925 3529 cognovit,

2440 3544 2697 3608 illorum
2726 3544 3081 3626 amplexata
3108 3552 3204 3608 est
3231 3545 3451 3619 fidem,
3476 3545 3777 3628 deditque
3804 3545 3929 3610 Deo

2440 3643 2715 3705 laudem.
2769 3643 2945 3705 Unde
3000 3650 3065 3704 et
3120 3662 3233 3707 nos
3292 3643 3681 3706 incessanter
3730 3643 3929 3706 Deum

2441 3760 2557 3824 pro
2586 3740 3052 3804 illuminatione
3080 3761 3193 3804 sua
3220 3741 3495 3824 copiosa,
3530 3741 3826 3805 continua
3854 3760 3929 3805 ac

2441 3839 2928 3922 superpiissima
2989 3841 3429 3922 deprecemur,
3499 3857 3579 3903 ne
3646 3857 3927 3921 unquam
3976 3863 4066 3906 1³2.
4082 3868 4217 3910 nm.

2440 3937 2916 4002 obdormiamus
2966 3938 3033 4000 in
3082 3944 3285 4002 morte
3334 3938 3597 4021 peccati,
3649 3938 3758 4000 sed
3802 3938 3929 4002 Deo

2443 4036 2889 4118 superexcelso
2950 4035 3236 4117 quotidie
3292 4037 3563 4099 alacrius
3619 4036 3931 4118 obsequa-

2443 4154 2609 4197 mur.
2661 4134 2766 4197 Sic
2824 4134 2997 4198 enim
3046 4136 3122 4197 ad
3180 4133 3488 4217 Ephesios
3542 4134 3631 4198 ait
3686 4143 3749 4197 et
3793 4141 3929 4198 orat

837 4236 1044 4298 taliter
1090 4243 1442 4309 exoranteS,
1484 4235 1562 4296 ad
1611 4235 1976 4316 oppositum
2026 4236 2330 4318 instigan-
2366 4234 2413 4296 D
2440 4234 2779 4316 Apostolus
2823 4251 2837 4296 ε
2879 4233 3058 4295 Pater
3102 4233 3321 4315 gloriae
3364 4235 3471 4296 det
3517 4233 3699 4298 vobis
3745 4233 3931 4316 spiri·
3956 4253 4269 4310 apa-aaz.

837 4337 938 4399 do.
993 4335 1299 4397 Similiter
1350 4333 1547 4396 Judaei
1610 4333 1947 4410 increduli,
1997 4344 2329 4398 cernentes

2442 4341 2575 4396 tum
2623 4331 2953 4414 sapientiae
2996 4332 3061 4394 in
3104 4331 3426 4414 agnitione
3465 4333 3628 4414 ejus.
