4300 6259
78 2489 213 2534 Bate.
223 2494 321 2544 xij.

1132 535 1485 583 nummulo
1529 537 1591 583 IN
1633 537 1771 584 CAP.
1819 537 1923 584 xvi
1967 537 2155 584 LUGAE.
2202 559 2282 568 —
2323 537 2462 588 Am.
2509 539 2700 587 XXXIX

3351 526 3462 592 131

358 701 629 782 poribus
668 705 1083 788 reassumptis
1120 713 1185 768 et
1218 707 1615 788 glorificatis.
1650 707 1725 770 Et
1757 726 1867 790 ap-
1896 706 1947 766 A
1977 707 2239 790 lentque
2259 710 2542 792 ,turpiter
2570 711 3096 794 delectari,quam
3128 713 3314 776 Deum
3346 714 3470 776 sin-

356 807 537 880 paret
584 803 759 882 quod
808 803 961 878 imo,
1014 805 1169 886 quia
1227 815 1295 868 ut
1353 806 1744 888 Augustinus
1803 813 1867 869 et

354 898 698 962 Anselmus
748 909 1081 978 testantur,
1128 904 1522 987 ubicumque
1572 923 1710 968 esse
1760 925 1867 968 vo-

356 996 551 1059 luerit
598 999 888 1080 spiritus,
935 1002 1059 1064 erit
1106 1021 1255 1066 mox
1304 1022 1558 1086 corpuS,
1609 1022 1722 1086 per
1764 1005 1867 1066 do-

354 1101 483 1157 tem
541 1096 865 1178 agilitatis.
928 1099 1173 1164 Localis
1234 1121 1512 1185 namque
1569 1102 1867 1164 distantia

354 1205 601 1256 motum
644 1214 985 1278 corporum
1033 1199 1539 1280 glorificatorum
1584 1220 1710 1264 non
1759 1220 1866 1282 po-

352 1291 505 1354 terit
564 1293 899 1376 impedire.
962 1295 1038 1358 Et
1097 1300 1635 1380 respondendum,
1692 1299 1862 1381 quod

352 1387 523 1452 Beati
558 1411 887 1474 nunquam
923 1395 1329 1472 descendent,
1365 1415 1575 1479 neque
1607 1398 1865 1460 descen-

354 1487 505 1550 dere
554 1491 774 1552 volent
820 1509 933 1554 seu
984 1494 1251 1576 cupient
1297 1495 1361 1557 in
1412 1495 1735 1558 infernum
1785 1497 1862 1558 ad

354 1585 444 1648 ibi
494 1591 913 1662 manendum,
959 1591 1061 1654 vel
1109 1593 1186 1654 ad
1238 1593 1386 1656 inde
1433 1594 1858 1676 eripiendum.

354 1682 417 1746 Si
466 1693 682 1749 tamen
734 1688 1133 1752 rationabilis
1182 1709 1373 1754 causa
1408 1692 1501 1754 eis
1544 1700 1711 1754 esset
1752 1693 1861 1754 de·

352 1785 703 1847 scendendi
744 1786 923 1862 illuc,
960 1806 1085 1851 non
1130 1789 1617 1871 impedirentur.

1976 807 2207 869 ceriter
2263 809 2706 891 contemplari.
2759 808 2972 872 Nihilo
3027 811 3242 874 minus
3303 819 3472 874 tanta

1976 912 2071 966 est
2098 923 2320 968 eorum
2349 905 2640 982 afflictio,
2663 909 2834 988 quod
2866 907 3126 970 mallent
3155 927 3294 972 θεεθ
3323 928 3472 972 cum

1978 1000 2178 1065 Beatis
2229 1003 2296 1065 in
2346 1005 2529 1079 coelo‚
2579 1023 2774 1085 quam
2831 1005 3041 1068 taliter
3087 1007 3355 1070 cruciari
3407 1007 3472 1070 in

1976 1098 2250 1174 inferno,
2294 1101 2362 1162 in
2411 1109 2722 1184 quantum
2771 1121 2910 1164 esse
2958 1105 3024 1165 in
3075 1104 3236 1168 coelo
3283 1112 3474 1187 atque

1976 1198 2038 1259 in
2088 1199 2310 1278 gloria,
2353 1207 2518 1262 esset
2567 1201 2658 1262 eis
2705 1201 2918 1264 evasio
2967 1210 3155 1266 tantae
3202 1202 3473 1266 miseriae

1975 1303 2039 1357 et
2076 1297 2408 1378 proprium
2450 1299 2855 1362 commodum
2891 1319 2904 1362 :
2938 1317 3067 1363 non
3107 1309 3317 1363 tamen
3361 1319 3473 1384 ap-

1976 1400 2204 1474 petunt
2241 1412 2379 1456 esse
2419 1395 2483 1456 in
2516 1395 2698 1470 coelo,
2731 1405 2840 1458 aut
2877 1417 3022 1459 cum
3057 1397 3182 1461 Deo
3218 1418 3291 1461 ac
3319 1397 3476 1461 San-

1975 1492 2114 1565 ctiS,
2150 1492 2219 1555 in
2258 1500 2569 1575 quantum
2610 1493 2730 1556 hoc
2759 1496 3008 1557 cederet
3047 1497 3125 1558 ad
3166 1497 3472 1560 honorem

1973 1597 2036 1652 et
2071 1591 2340 1672 gloriam
2387 1592 2519 1653 Dei.
2552 1591 2784 1674 Sicque
2825 1611 2938 1675 per
2976 1594 3110 1657 haec
3151 1595 3338 1658 facile
3377 1605 3473 1660 est

1972 1707 2117 1769 quae
2159 1689 2422 1770 allegata
2465 1698 2613 1752 sunt
2655 1692 3058 1754 concordare.

2054 1786 2357 1850 Praeterea
2407 1789 2725 1869 praedictis
2773 1789 2966 1870 objici
3022 1798 3248 1872 potest,
3299 1796 3472 1874 quod

435 1885 663 1962 Neque
689 1886 847 1946 inde
874 1888 1003 1947 huc
1042 1898 1461 1961 transmeare,
1496 1889 1559 1951 id
1597 1897 1713 1962 est,
1748 1889 1859 1971 qui
1900 1887 1945 1948 B
1973 1886 2235 1966 quidam
2285 1885 2656 1949 Sanctorum
2709 1887 3006 1968 leguntur
3047 1891 3354 1971 quosdam
3403 1891 3468 1954 in

353 1981 635 2045 damnati
666 1991 840 2059 sunt,
873 1986 953 2047 ad
984 1986 1193 2049 locum
1226 1995 1291 2049 et
1319 1987 1680 2050 societatem
1712 1987 1865 2051 San-

354 2085 603 2142 ctorum
654 2100 781 2144 non
830 2092 1082 2163 queunt
1124 2085 1489 2158 ascendere,
1532 2087 1686 2166 quia
1732 2104 1860 2148 non

353 2177 712 2260 poenitent3
750 2181 860 2242 sed
900 2181 1319 2244 immobiliter
1346 2191 1607 2246 manent
1647 2183 1711 2245 in
1752 2184 1862 2245 illa

350 2275 687 2339 aversione
735 2295 809 2339 ac
859 2297 1055 2360 prava
1110 2278 1475 2356 affectione,
1528 2281 1593 2342 in
1650 2299 1777 2362 qua
1825 2301 1862 2344 a

350 2393 621 2457 corpore
680 2386 1100 2452 recesserunt,
1149 2377 1331 2459 juxta
1380 2379 1538 2441 illud
1592 2378 1863 2442 Ecclesi-

347 2481 501 2536 astae
534 2491 549 2535 ε
592 2471 659 2535 Si
702 2474 1005 2537 ceciderit
1040 2475 1287 2556 lignum
1326 2477 1405 2539 ad
1434 2483 1721 2539 austrum
1750 2485 1862 2539 aut

348 2573 427 2633 ad
476 2571 873 2653 aquilonem,
927 2572 992 2635 in
1040 2593 1453 2657 quocumque
1512 2575 1650 2639 loco
1696 2577 1860 2638 ceci-

348 2669 537 2744 derit‚
582 2668 675 2732 ibi
717 2670 859 2731 erit.
904 2669 1087 2745 Hinc,
1130 2673 1483 2735 secundum
1530 2673 1857 2735 Damasce-

350 2786 531 2842 num,
564 2769 739 2850 quod
777 2768 1021 2849 angelis
1051 2777 1147 2831 est
1177 2770 1383 2845 ruina,
1419 2770 1539 2834 hoc
1578 2771 1857 2834 homini-

347 2865 471 2928 bus
509 2884 706 2930 mors.
746 2866 907 2929 Dicit
944 2876 1157 2930 autem
1193 2868 1551 2950 GregoriuS,
1586 2869 1855 2931 dubium

348 2965 605 3027 nullum
652 2983 793 3028 esse
840 2966 1001 3047 quin
1050 2967 1329 3028 damnati
1372 2966 1607 3030 vellent
1645 2969 1723 3030 ad
1768 2968 1860 3031 lo-

1975 1984 2248 2065 peccatis
2299 1984 2674 2047 mortalibus
2724 1985 3055 2049 defunctos
3100 1988 3177 2049 de
3221 1987 3472 2053 inferno

1972 2081 2319 2156 liberasse;
2371 2083 2648 2144 damnati
2695 2102 2954 2166 quoque
2995 2083 3316 2148 i'nterdum
3360 2107 3473 2171 ap-

1975 2187 2198 2261 parent
2229 2179 2615 2242 viventibus.
2635 2179 2709 2243 Et
2739 2183 3274 2264 respondendum,
3300 2187 3470 2268 quod

1974 2277 2190 2339 nullus
2237 2295 2352 2359 per
2393 2278 2770 2340 sententiam
2818 2279 3215 2344 definitivam
3259 2291 3326 2345 et
3363 2283 3474 2346 ab·

1973 2375 2240 2438 solutam
2273 2375 2896 2450 damnatus,liberari
2928 2386 3134 2459 potest
3163 2397 3274 2441 seu
3306 2399 3474 2463 egre-

1972 2473 2034 2535 di
2078 2474 2156 2535 de
2197 2472 2449 2536 inferno
2487 2481 2790 2555 tanquam
2833 2493 2959 2539 non
2999 2494 3372 2541 reversurus
3403 2479 3469 2542 in

1972 2570 2200 2652 illum;
2253 2572 2362 2634 sed
2424 2589 2539 2654 per
2589 2573 3127 2654 dispensationem
3187 2575 3470 2640 divinam

1969 2670 2048 2731 ad
2080 2677 2335 2752 tempus
2369 2678 2576 2752 potest
2603 2672 2816 2734 exire:
2852 2673 2982 2736 imo
3013 2674 3078 2735 in
3110 2674 3214 2736 die
3240 2675 3466 2756 judicii

1971 2786 2194 2831 omnes
2237 2768 2524 2844 exibunt,
2568 2787 2714 2832 mox
2757 2769 3082 2834 infelicius
3126 2773 3354 2836 ruituri
3399 2775 3464 2838 in

1970 2866 2315 2949 pristinum
2359 2866 2590 2930 lacum.
2975 2919 2990 2932 .

2046 2967 2134 3026 Ec
2174 2967 2272 3025 ait
2303 2985 2326 3024 .·
2355 2967 2530 3042 Royo
2571 2985 2721 3043 erqo
2767 2975 2850 3036 te,
2879 2976 3093 3044 pater,
3134 2977 3207 3030 ut
3247 2971 3464 3032 mittas

347 3083 496 3126 cum
534 3073 731 3146 atque
768 3064 1161 3128 consortium
1190 3064 1522 3129 Beatorum
1560 3067 1860 3128 ascende-
1894 3059 1937 3122 C
1964 3083 2135 3134 eum,
2181 3062 2425 3125 scilicet
2470 3062 2794 3139 Lazarum,
2837 3066 2911 3126 in
2949 3068 3214 3128 domum
3245 3071 3464 3146 patris

348 3181 438 3236 re,
489 3162 546 3225 si
588 3170 758 3225 esset
798 3162 1127 3245 possibile.

430 3260 551 3323 Sed
601 3268 820 3325 contra
869 3261 991 3324 hoc
1037 3261 1218 3342 argui
1270 3268 1498 3344 potest,
1552 3261 1707 3343 quia
1755 3280 1855 3325 se-

350 3359 637 3421 cundum
697 3358 839 3434 hoc,
895 3359 1175 3421 damnati
1227 3378 1354 3421 non
1410 3368 1739 3422 manerent
1788 3361 1853 3422 in

349 3458 687 3520 aversione
744 3476 859 3519 sua
905 3476 942 3519 a
988 3457 1133 3530 Deo,
1187 3475 1305 3519 nec
1363 3457 1429 3518 in
1489 3477 1603 3520 sua
1663 3477 1857 3540 prava

346 3553 691 3617 affectione
747 3573 877 3635 qua
932 3555 1011 3616 ad
1058 3555 1337 3617 carnalia
1384 3561 1447 3615 et
1496 3555 1733 3618 caduca
1788 3574 1855 3618 εθ

346 3651 633 3714 finaliter
662 3660 1135 3716 converterunt.
1159 3651 1484 3727 Praeterea,
1510 3652 1577 3714 in
1606 3660 1853 3716 tantum

345 3751 577 3814 odiunt
614 3750 836 3824 Deum,
870 3751 1043 3832 quod
1085 3769 1211 3813 non
1252 3750 1523 3832 cupiunt
1553 3750 1675 3812 sibi
1712 3751 1856 3813 uni-

348 3849 399 3910 ri
441 3855 556 3910 aut
592 3865 731 3910 esse
770 3866 917 3909 cum
957 3848 1119 3930 ipso.
1156 3848 1425 3911 Thomas
1469 3867 1728 3930 quoque
1766 3850 1856 3912 al-

346 3946 513 4027 legat
540 3945 967 4026 Augustinum
999 3945 1339 4022 dicentem,
1372 3947 1545 4028 quod
1575 3947 1854 4009 damnati

347 4063 475 4108 non
520 4044 795 4127 cupiunt
834 4061 1049 4108 veram
1094 4043 1487 4120 felicitatem,
1530 4046 1640 4107 sed
1684 4047 1855 4108 dete-

344 4151 597 4206 stantur
636 4159 829 4206 omne
867 4142 1110 4206 honum
1154 4143 1519 4205 honestum.
1561 4143 1849 4226 Insuper,

1964 3161 2093 3221 mei
2121 3180 2144 3223 .·
2173 3163 2370 3222 habeo
2407 3162 2582 3221 enim
2621 3163 2910 3242 quinque
2947 3163 3190 3239 fratres
3209 3190 3237 3238 ,·
3275 3174 3347 3226 ut
3380 3175 3464 3228 te-

1963 3267 2190 3326 stetur,
2223 3257 2344 3321 hoc
2373 3265 2488 3332 est,
2524 3258 2799 3321 firmiter
2827 3267 2890 3321 et
2920 3279 3066 3322 cum
3099 3262 3463 3328 testimonio

1964 3357 2152 3430 dicat,
2204 3359 2318 3425 eis,
2369 3375 2512 3438 quae
2571 3357 2892 3438 pertinent
2947 3360 3024 3421 ad
3081 3361 3350 3424 salutem
3400 3371 3462 3426 et

1963 3455 2121 3536 quid
2156 3455 2316 3517 mihi
2359 3455 2661 3518 acciderit
2688 3475 2704 3534 3
2737 3477 2818 3517 ne
2844 3467 2904 3518 et
2936 3459 3064 3534 ipsi
3094 3461 3360 3521 veniant
3389 3465 3460 3522 in

1966 3557 2174 3614 locum
2215 3555 2389 3615 hunc
2429 3564 2916 3623 tormentorum,
2959 3556 3201 3619 scilicet
3251 3557 3318 3621 in
3369 3560 3464 3621 in-

3596 2980 3669 3037 27

1963 3651 2242 3727 fernum,
2276 3653 2389 3734 qui
2429 3660 2588 3715 teste
2629 3652 2813 3716 beato
2849 3653 2986 3729 Job,
3025 3663 3120 3717 est
3165 3663 3331 3719 terra
3372 3666 3462 3720 te—
3528 3677 3748 3730 suomi.

1964 3750 2255 3826 nebrosa,
2306 3758 2368 3813 et
2414 3759 2634 3833 operta
2683 3753 2903 3815 mortis
2952 3753 3241 3835 caligine,
3295 3764 3464 3820 terra

1962 3849 2238 3912 miseriae
2277 3857 2340 3912 et
2383 3848 2814 3924 tenebrarum,
2858 3850 2969 3912 ubi
3020 3852 3245 3915 umbra
3295 3873 3461 3918 mor-

1965 3947 2066 4021 tis,
2090 3955 2156 4009 et
2185 3947 2400 4010 nullus
2429 3947 2604 4022 ordo,
2639 3949 2749 4010 sed
2779 3949 3206 4031 sempiternus
3238 3951 3461 4016 horror

1964 4046 2296 4109 inhabitat.
2345 4045 2587 4109 Coelum
2643 4065 2791 4110 vero
2849 4055 2943 4110 est
2999 4048 3176 4111 locus
3239 4052 3462 4133 gaudi—

1963 4162 2170 4218 orum,
2223 4151 2286 4206 et
2335 4145 2614 4206 mundus
2673 4145 2791 4206 iste
2838 4145 3015 4208 locus
3063 4155 3160 4210 est
3208 4149 3462 4214 merito-

345 4241 408 4304 S.
454 4241 714 4322 Brigitta
762 4241 829 4303 in
878 4240 1395 4305 Revelationibus
1440 4241 1573 4304 suis
1622 4242 1856 4304 descri-
1884 4235 1933 4296 D
1965 4261 2121 4304 rum.
2146 4242 2483 4304 Damnatus
2512 4242 2634 4304 ista
2663 4244 2889 4325 petivit
2919 4263 3044 4307 non
3075 4263 3152 4307 ex
3183 4247 3456 4324 caritate,

344 4341 463 4416 bit,
515 4340 1059 4423 quemadmodum
1106 4340 1321 4402 anima
1372 4341 1663 4421 quaedam
1714 4359 1857 4423 per-

344 4459 551 4514 versa,
608 4437 912 4501 tribunali
968 4437 1200 4501 Christi
1250 4437 1482 4520 oblata,
1534 4438 1784 4502 dicebat
1834 4458 1848 4504 :

343 4537 649 4613 Quamvis
698 4553 952 4618 possem
1000 4535 1255 4611 salvari,
1297 4555 1425 4598 non
1475 4536 1729 4611 vellem,
1772 4555 1852 4600 ne

344 4642 413 4697 tu
460 4634 964 4699 consolationem
1006 4640 1118 4696 aut
1155 4633 1461 4715 gaudium
1503 4634 1735 4697 habeas
1775 4637 1854 4698 de

346 4753 470 4797 me.
526 4733 643 4797 Cui
702 4732 994 4796 alludens
1042 4733 1333 4796 diabolus
1381 4733 1493 4814 qui
1542 4733 1849 4809 adstabat,

343 4832 619 4896 asseruit
653 4850 669 4894 z
703 4831 869 4894 Talis
899 4840 996 4894 est
1024 4832 1214 4894 etiam
1254 4849 1397 4893 mea
1427 4832 1739 4895 voluntas.
1774 4869 1853 4879 —

344 4931 437 4994 Ad
474 4931 615 4994 haec
664 4929 946 4992 breviter
988 4931 1429 5012 respondetur,
1473 4931 1647 5011 quod
1688 4931 1855 4993 sicut

346 5028 627 5092 damnati
668 5029 735 5091 in
777 5027 895 5090 hac
924 5028 1055 5092 vita
1093 5028 1458 5090 maluerunt
1498 5028 1625 5090 frui
1668 5028 1851 5092 bonis

348 5126 604 5189 caducis
643 5134 707 5188 et
738 5125 940 5201 vaniS‚
975 5144 1171 5206 quam
1209 5143 1361 5189 vero
1398 5133 1459 5187 et
1500 5126 1854 5190 incommu-

348 5225 523 5287 tabili
586 5224 807 5303 bon03
864 5223 952 5288 ita
1010 5231 1321 5306 perpetuo
1384 5230 1528 5306 post
1582 5233 1852 5288 mortem

350 5331 563 5386 manet
598 5322 671 5385 in
700 5321 795 5384 eis
833 5321 977 5385 talis
1017 5339 1317 5405 perversa
1342 5322 1661 5400 voluntas,
1695 5323 1855 5385 mal-

1962 4359 2157 4421 quam
2189 4357 2307 4402 nec
2337 4339 2402 4402 in
2434 4348 2638 4403 morte
2667 4359 2786 4403 nec
2814 4349 3032 4423 postea
3061 4342 3315 4426 habuit:
3349 4347 3458 4408 sed

1963 4457 2041 4500 ex
2080 4437 2295 4500 servili
2339 4438 2590 4514 timore,
2625 4457 2705 4501 ne
2745 4440 2842 4501 sui
2889 4439 3092 4522 ipsius
3137 4443 3459 4507 damnatio

1962 4543 2302 4617 augeretur
2348 4554 2425 4599 ex
2473 4535 2742 4599 fratrum
2803 4557 3062 4601 suorum
3112 4541 3462 4606 damnatio-

1964 4652 2065 4707 ne,
2110 4653 2256 4696 cum
2297 4633 2534 4715 quibus
2583 4653 2840 4698 consors
2890 4635 3013 4698 fuit
3053 4637 3118 4700 in
3161 4638 3354 4715 vitiis,
3396 4647 3461 4701 et

1962 4731 2201 4813 quibus
2231 4731 2477 4794 vitiosae
2507 4731 2653 4795 vitae
2691 4733 2953 4814 reliquit
2981 4736 3295 4818 exempla,
3328 4756 3461 4800 ma-

1960 4830 2316 4911 teriamque
2361 4830 2686 4911 peccandi,
2729 4849 2840 4894 seu
2881 4850 3058 4914 opes.
3095 4837 3179 4895 E't
3214 4837 3313 4895 ait
3349 4837 3460 4896 illi

1962 4931 2298 4991 Abraham
2330 4949 2354 4989 .·
2384 4931 2637 4991 Habent
2675 4933 2938 5008 Moysen
2979 4942 3040 4993 et
3073 4935 3454 5013 Prophetae,

1963 5027 2084 5090 hoc
2140 5033 2236 5089 cst
2293 5026 2488 5090 libros
2537 5027 2693 5109 legis
2743 5036 2808 5090 et
2865 5029 3339 5112 Prophetarum,
3391 5032 3457 5095 in

1963 5124 2201 5206 quibus
2237 5126 2316 5187 de
2342 5125 2600 5205 agendis
2639 5126 3100 5209 credendisque
3134 5128 3461 5192 instruun-

1961 5230 2106 5304 tur3
2157 5224 2438 5284 audiant
2475 5225 2622 5284 illos
2657 5224 2922 5286 auribus
2959 5226 3188 5303 cordia,
3223 5227 3460 5291 intelli-

1958 5323 2166 5403 gendo
2209 5320 2506 5385 videlicet
2545 5328 2610 5384 et
2647 5322 3023 5387 obediendo.
