4300 6259
107 709 284 802 Magus.

170 3254 236 3308 31

1112 521 1462 570 ammi-10
1504 521 1570 567 m
1612 520 1750 567 car.
1797 520 1908 566 xm
1947 517 2225 566 Josnms.
2270 539 2351 547 —
2392 519 2535 563 aar.
2582 517 2773 564 xxx1v
3368 497 3488 562 523

373 697 560 777 quod
591 703 766 757 sexta
806 694 966 757 feria
1003 695 1418 768 occideretur,
1451 693 1712 774 jamque
1742 709 1885 774 pro·
1911 689 1962 750 A
1994 689 2158 752 catio
2200 688 2427 751 Christi
2470 707 2662 770 quam
2704 687 2963 750 habebit
3002 688 3069 750 in
3111 687 3212 751 die
3244 687 3488 768 judicii,

291 869 304 880 ⁸
375 801 651 856 testatus
710 793 834 855 fuit
887 795 1058 875 quod
1117 793 1197 854 ab
1257 812 1384 856 uno
1436 810 1656 855 eorum
1718 797 1884 852 esset
1993 789 2247 870 quando
2274 786 2591 869 separabit
2623 787 3091 869 praedestinatos
3121 807 3157 848 a
3190 787 3488 869 reprobiS,
3518 801 3782 851 nattam,

377 893 752 954 tradendus,
797 892 1167 966 Dicendum,
1208 893 1379 974 quod
1431 909 1560 972 prae
1601 888 1878 962 tristitia,
1994 887 2159 950 sicut
2198 895 2447 969 separat
2484 893 2695 968 pastor
2732 904 2923 967 agnos
2961 886 3040 949 ab
3082 885 3285 948 boedis
3320 905 3333 947 ε
3380 904 3491 967 per
3520 867 3587 908 ³²·

376 991 746 1054 turbatione
803 998 994 1072 atque
1051 990 1364 1070 angustia,
1421 990 1527 1052 vix
1585 989 1882 1071 spiritum
1992 1004 2186 1067 quam
2245 985 2743 1066 segregationem
2804 985 3101 1046 omnibus
3150 983 3493 1046 declarabi-

375 1088 727 1164 habebant,
771 1107 888 1151 nec
935 1089 1288 1171 pensabant
1330 1107 1474 1170 quae
1520 1087 1879 1149 audierunt.
1993 1092 2098 1145 tur
2147 1084 2378 1146 veritas
2427 1091 2619 1164 atque
2666 1083 2913 1163 justitia
2962 1081 3213 1145 Christi.
3261 1082 3489 1155 Quarto

373 1187 518 1251 Non
581 1195 788 1250 tamen
850 1189 1158 1270 putabant
1217 1188 1412 1250 verba
1468 1187 1699 1250 Christi
1761 1186 1883 1248 sibi
1995 1183 2086 1244 sic
2121 1201 2134 1245 :
2168 1182 2349 1245 Nunc
2388 1180 2774 1244 clarificatus
2814 1188 2929 1254 est,
2973 1181 3037 1242 id
3076 1189 3191 1255 est,
3236 1181 3301 1242 in
3347 1199 3493 1262 pro-

379 1287 665 1349 invicem
704 1305 842 1349 esse
891 1287 1228 1360 contraria,
1271 1294 1380 1348 aut
1429 1305 1554 1349 non
1598 1303 1766 1348 vera.
1813 1284 1886 1346 Et
1947 1275 1952 1280 ’
1995 1281 2167 1343 ximo
2226 1289 2321 1343 est
2379 1289 2447 1342 ut
2510 1299 2623 1363 per
2682 1280 3041 1362 passionem
3095 1288 3157 1342 et
3212 1297 3492 1342 resurre-

376 1383 548 1447 forte
586 1385 760 1465 quod
791 1384 1077 1448 Christus
1119 1385 1400 1448 nondum
1442 1381 1886 1446 determinavit
1995 1380 2271 1442 ctionem
2318 1399 2392 1440 ac
2438 1379 2688 1442 diversa
2730 1379 3037 1441 miracula
3077 1378 3487 1452 clarificetur,

377 1483 474 1544 eis
524 1491 761 1545 certam
812 1483 1034 1546 horam
1083 1492 1370 1565 tempore
1419 1481 1612 1563 hujus
1663 1499 1880 1554 coenae,
1994 1495 2106 1540 seu
2155 1497 2300 1540 vere
2344 1497 2416 1540 ac
2459 1477 2819 1540 sublimiter
2859 1486 3255 1559 agnoscatur,
3291 1477 3490 1540 Filius

379 1581 484 1643 vel
515 1581 688 1662 quod
729 1581 798 1642 in
837 1589 1021 1644 nocte
1062 1581 1336 1644 instante
1375 1587 1742 1662 caperetur3
1777 1580 1884 1640 sed
1997 1577 2275 1639 hominis
2331 1594 2343 1640 :
2400 1576 2565 1638 sicut
2624 1596 2794 1638 nunc
2852 1594 3019 1658 saepe
3069 1577 3489 1658 praehabitum

379 1679 505 1741 hoc
556 1687 773 1761 postea
819 1679 1038 1742 retulit
1091 1679 1206 1754 θίε,
1263 1679 1428 1741 εἰθυῖ
1485 1685 1627 1760 post
1687 1696 1888 1758 pauca
1996 1683 2111 1738 θεῖ.
2169 1678 2253 1736 Et
2300 1679 2473 1736 Deus
2520 1675 2697 1738 Pater
2748 1675 2846 1738 vel
2895 1675 3191 1750 Trinitas,
3239 1678 3489 1753 clarifi-

381 1776 824 1858 subjungitur.
1996 1785 2178 1835 cacus
2216 1784 2305 1834 est
2344 1775 2415 1834 in
2454 1795 2545 1846 eo,
2588 1774 2652 1837 id
2702 1781 2799 1836 est
2847 1774 3093 1837 Christo
3127 1794 3140 1838 :
3186 1775 3489 1856 quoniam

469 1879 686 1944 Quum
713 1897 862 1953 erqo
893 1879 1231 1954 accepisset
1273 1878 1386 1936 ille
1428 1875 1713 1957 proditor
1743 1877 1889 1935 buc·
1925 1875 1970 1937 B
1997 1872 2313 1953 quidquid
2359 1871 2643 1936 Christus
2688 1879 2759 1934 ut
2800 1873 2988 1935 homo
3024 1872 3197 1947 fecit,
3232 1872 3391 1934 dixit
3428 1881 3491 1935 et

377 1977 614 2034 cellam
657 1958 1128 2048 intinctam,'in
1169 1991 1300 2047 ore,
1343 1980 1406 2034 et
1443 1992 1583 2035 eam
1624 1973 1888 2034 mandu-
1999 1971 2281 2052 pertulit,
2317 1979 2516 2033 totum
2558 1971 2775 2033 retulit
2811 1979 3142 2052 totumque
3182 1971 3371 2032 cessit
3410 1972 3489 2033 ad

380 2078 610 2134 casset.
645 2071 859 2153 Aliqui
901 2079 1112 2133 tamen
1155 2071 1396 2145 dicunt,
1431 2071 1603 2152 quod
1642 2068 1889 2151 accepit
1998 2069 2306 2132 bonorem
2354 2077 2418 2130 et
2463 2069 2731 2150 gloriam
2780 2069 2976 2132 Patris
3024 2088 3097 2131 ac
3139 2068 3485 2131 Trinitatis.

381 2187 523 2231 eam
564 2170 890 2231 dumtaxat
931 2169 998 2232 in
1040 2189 1254 2231 manu.
1290 2171 1517 2230 Exivit
1555 2169 1885 2236 continuo,
1997 2167 2170 2230 Unde
2212 2167 2507 2249 superius
2546 2168 2705 2229 dixit
2739 2186 2752 2230 :
2786 2166 2914 2248 Ego
2944 2186 3071 2230 non
3109 2186 3325 2248 quaero
3364 2167 3492 2248 glo·
3533 2187 3695 2231 Joann.
3700 2201 3787 2238 11111

379 2267 660 2348 agitante
709 2268 983 2341 diabolo,
1031 2267 1146 2348 qui
1194 2267 1474 2330 animam
1518 2266 1656 2348 ejus
1708 2266 1885 2348 peni·
1997 2266 2155 2328 riam
2187 2284 2415 2340 meam,
2440 2267 2549 2328 sed
2583 2265 2936 2330 honorifico
2964 2265 3207 2328 Patrem
3239 2284 3487 2345 meum;
3518 2253 3677 2302 ⁵⁰'⁴⁹·

378 2374 486 2428 tus
531 2367 855 2428 induravit
891 2375 955 2429 et
991 2367 1350 2430 excaecavit.
1385 2367 1560 2430 Unde
1599 2366 1686 2427 ait
1724 2364 1886 2426 Psal-
1995 2372 2057 2426 et
2102 2365 2357 2439 iterum,
2394 2363 2519 2445 Ego
2566 2383 2711 2446 quae
2754 2364 2984 2448 placita
3026 2371 3175 2427 sunt
3217 2365 3273 2426 ei
3326 2363 3491 2426 facio
3544 2382 3755 2427 maan.

129 2486 334 2536 axa-1.
382 2465 574 2527 mista
620 2483 633 2526 τ
683 2464 1132 2546 Egrediebatur
1170 2465 1362 2540 fora&
1407 2472 1471 2527 et
1506 2463 1885 2545 loquebatur
1995 2481 2270 2546 semper.
2308 2463 2545 2526 Dicitur
2582 2471 2793 2524 autem
2825 2462 2987 2524 Deus
3017 2463 3196 2525 Pater
3227 2463 3326 2525 vel
3359 2463 3493 2524 Tri-

381 2562 448 2624 in
485 2563 550 2624 id
583 2562 811 2645 ipsum.
838 2566 1004 2624 Erat
1032 2575 1248 2626 autem
1273 2584 1423 2633 nom,
1445 2582 1586 2645 quae
1614 2569 1711 2624 θεῖ
1739 2569 1885 2623 tem·
1995 2562 2159 2624 nitas
2202 2581 2315 2644 per
2354 2561 2674 2625 Christum
2714 2561 3036 2624 hominem
3078 2561 3486 2635 clarificatuS,

383 2681 508 2743 pus
571 2661 771 2743 magis
830 2669 1051 2743 aptum
1114 2663 1190 2724 ad
1257 2661 1624 2742 hujusmodi
1693 2679 1886 2742 opera
1996 2681 2123 2724 non
2185 2661 2250 2722 in
2309 2679 2397 2734 se,
2461 2661 2572 2722 sed
2632 2660 2697 2721 in
2760 2659 3058 2722 cordibus
3128 2659 3485 2734 bominum,

385 2759 771 2842 proditionis
811 2779 1003 2842 quam
1045 2760 1202 2822 dies.
1249 2759 1390 2822 Erat
1437 2779 1694 2842 quoque
1743 2760 1888 2821 den·
1993 2760 2106 2842 qui
2156 2779 2266 2841 per
2310 2759 2629 2823 Christum
2676 2759 2754 2820 ad
2795 2757 2901 2819 Dei
2944 2776 3155 2820 veram
3202 2758 3489 2822 notitiam

381 2859 644 2921 sissima
687 2877 811 2921 nox
859 2858 923 2920 in
969 2859 1157 2921 corde
1192 2859 1387 2934 Judae,
1421 2859 1572 2940 quia
1615 2858 1885 2938 caligine
1996 2858 2371 2939 cultumque
2410 2859 2705 2920 devotum
2748 2857 3035 2939 perducti
3077 2863 3245 2918 sunt.
3281 2856 3485 2920 Simili

383 2957 736 3039 impietatis
793 2966 856 3019 θῖ
912 2956 1205 3019 falsitatis
1264 2964 1396 3019 erat
1455 2957 1759 3039 repletus.
1812 2955 1888 3018 Et
1995 2959 2183 3020 modo
2233 2956 2465 3019 dicitur
2514 2957 2675 3018 Deus
2718 2956 2796 3018 ab
2841 2955 3209 3019 hominibus
3258 2957 3490 3019 sancti·
3570 2973 3738 3017 Art-een.

382 3062 635 3118 certum
678 3062 775 3117 est
821 3056 992 3136 quod
1035 3054 1223 3119 Coena
1266 3055 1599 3131 celebrata,
1644 3063 1887 3138 poterat
1918 3060 1961 3123 C
1993 3055 2200 3131 ficari,
2233 3054 2628 3136 magnificari
2674 3074 2785 3117 seu
2830 3055 3113 3117 exaltari.
3515 3039 3783 3146 2⁸22}ss

381 3171 524 3215 esse
572 3172 720 3216 nox.
2077 3156 2177 3224 Si,
2227 3173 2343 3236 pro
2390 3153 2561 3235 quia,
2614 3158 2781 3216 Deus
2828 3153 3005 3215 Pater
3054 3172 3165 3215 seu
3216 3153 3487 3215 Trinitas
3626 3165 3695 3220 32

469 3252 684 3319 Quum
711 3271 862 3328 erqo
891 3253 1123 3312 exisset
1161 3251 1349 3314 Judas
1377 3254 1455 3315 ad
1491 3253 1884 3334 prodendum
1993 3255 2399 3332 clarificatus
2426 3263 2516 3314 est
2548 3257 2620 3313 in
2650 3273 2740 3324 e0,
2778 3253 2839 3314 id
2871 3260 2968 3314 est
2998 3270 3110 3334 per
3142 3251 3485 3326 Christum,

379 3347 621 3422 Jesum,
655 3353 834 3410 dimit
860 3352 1042 3412 Jesus
1073 3368 1098 3410 .·
1129 3353 1324 3412 Nunc
1359 3353 1758 3430 clarificatus
1795 3360 1884 3412 est
1996 3354 2182 3415 modo
2209 3353 2338 3432 jam
2374 3351 2555 3423 dictO,
2581 3361 2640 3412 et
2671 3354 2839 3413 Deus
2868 3351 3046 3413 Pater
3076 3369 3185 3412 seu
3218 3351 3489 3414 Trinitas

379 3448 604 3509 Filius
633 3449 940 3510 hominis.
977 3448 1106 3512 Hoc
1137 3449 1648 3531 quadrupliciter
1677 3450 1880 3531 accipi
1993 3451 2405 3527 clarificabit,
2458 3450 2519 3512 id
2575 3457 2691 3523 est,
2745 3449 2946 3530 gloria
3000 3449 3489 3512 immortalitatis

383 3552 594 3626 potest
630 3564 644 3610 ε
688 3545 900 3610 Primo
939 3549 1018 3610 de
1059 3547 1216 3610 Filio
1256 3546 1531 3610 hominis
1571 3554 1882 3628 quantum
1994 3547 2267 3621 ornabit,
2319 3568 2490 3616 eum,
2543 3548 2837 3610 videlicet
2896 3546 3237 3621 Christum,
3290 3567 3491 3628 quan-

379 3645 459 3707 ad
505 3663 740 3727 corpus
781 3645 920 3726 ejus
968 3646 1328 3729 mysticum,
1373 3652 1442 3706 ut
1484 3645 1566 3707 sit
1604 3663 1828 3707 sensus
1864 3665 1877 3708 :
1994 3651 2130 3707 tum
2172 3646 2248 3707 ad
2289 3664 2519 3726 corpus
2564 3653 2985 3726 assumptum,
3028 3648 3100 3706 in
3139 3648 3489 3722 semetipse,

377 3741 565 3805 Nunc
622 3743 1012 3805 clarificatus
1070 3752 1166 3805 est
1212 3743 1408 3805 Filius
1469 3743 1766 3820 hominiS,
1819 3743 1882 3805 id
1995 3743 2057 3805 id
2111 3752 2205 3806 est
2253 3744 2318 3804 in
2370 3761 2438 3805 se
2490 3742 2612 3805 Deo
2667 3743 2844 3805 Patre
2895 3743 2993 3804 vel
3044 3743 3368 3818 Trinitate,
3422 3743 3487 3805 in

381 3847 500 3914 est,
537 3857 653 3921 per
691 3858 1010 3903 recessum
1049 3841 1168 3902 filii
1215 3842 1591 3922 perditionis
1631 3861 1742 3904 seu
1780 3843 1885 3905 Ju-
1993 3861 2122 3925 quo
2173 3841 2461 3904 consistit
2500 3841 2824 3904 beatitudo
2864 3840 3092 3904 Christi
3138 3843 3487 3904 secundum

383 3937 481 4000 dae
529 3956 566 3999 a
607 3939 904 4001 societate
943 3956 1103 4012 mea,
1139 3947 1476 4020 purgatum
1517 3949 1613 4002 est
1650 3960 1880 4023 corpus
1993 3942 2165 4024 quod
2207 3941 2395 4002 homo
2436 3949 2550 4002 est.
2584 3940 2759 4001 Unde
2800 3939 2975 4012 dicit,
3010 3939 3079 4001 In
3120 3941 3483 4022 semetipse,

385 4054 604 4099 meum
658 4039 1018 4118 mysticum,
1073 4038 1364 4101 collectio
1421 4040 1882 4122 discipulorum
1991 4042 2068 4103 ad
2109 4039 2509 4102 innuendum
2553 4038 2877 4101 coelestem
2918 4057 2991 4100 ac
3034 4038 3483 4120 sempiternam

381 4151 700 4210 meorum,
735 4134 870 4196 haec
908 4154 1049 4196 mea
1079 4135 1380 4210 Ecclesia,
1417 4137 1480 4199 id
1519 4146 1615 4200 est
1651 4157 1687 4199 a
1726 4157 1883 4200 com·
1990 4138 2521 4220 glorificationem
2582 4136 2865 4218 corporis
2923 4136 3153 4199 Christi
3218 4154 3231 4198 :
3293 4156 3485 4218 quam

381 4231 696 4294 mixtione
749 4232 1034 4312 pestiferi
1095 4236 1457 4297 emundata.
1516 4235 1711 4298 Decor
1768 4255 1880 4298 au·
1915 4241 1962 4301 D
1994 4236 2517 4299 clarificationem
2558 4233 2911 4317 promeruit
2952 4234 3258 4306 ChristuS‚
3294 4235 3490 4297 bono-

381 4338 511 4392 tem
563 4338 625 4391 et
676 4329 1010 4411 impuritas
1060 4331 1522 4414 discipulorum
1575 4335 1882 4396 redundat
1995 4335 2191 4397 rando
2256 4341 2317 4396 θῖ
2376 4333 2786 4396 clarificando
2853 4332 3073 4404 Deum,
3136 4334 3485 4396 secundum

380 4429 857 4510 quodammodo
913 4427 978 4490 in
1027 4429 1398 4511 magistrum
1445 4451 1458 4494 :
1515 4431 1656 4495 ideo
1702 4431 1878 4495 falsis
1993 4434 2255 4496 modum
2308 4431 2663 4515 praefatum,
2713 4430 2892 4511 juxta
2942 4431 3100 4493 illud
3150 4431 3481 4512 Apostoli:

380 4526 720 4610 discipulis
759 4528 1092 4604 abdicatiS,
1129 4529 1518 4593 clarificatur
1557 4531 1876 4611 magister.
1991 4530 2216 4594 Factus
2275 4540 2370 4593 θεῖ
2426 4531 2729 4593 obediens
2794 4548 2995 4612 usque
3052 4531 3129 4592 ad
3191 4539 3481 4604 mortem,
3534 4555 3781 4611 Ριιειερμιι,

380 4625 675 4690 Secundo
702 4629 794 4690 sic
829 4646 842 4690 :
875 4627 1058 4690 Nunc
1087 4627 1470 4691 clarificatus
1505 4636 1620 4704 est,
1659 4629 1722 4692 id
1761 4637 1876 4704 θεῖ,
1994 4637 2253 4714 propter
2302 4631 2472 4711 quod
2522 4637 2583 4690 et
2630 4629 2788 4690 Deus
2836 4629 3135 4691 exaltavit
3177 4629 3381 4702 illum,
3425 4636 3487 4691 et
3514 4621 3619 4669 ⁸³⁹·

382 4743 576 4788 verax
613 4733 677 4786 et
712 4725 922 4806 justus
961 4734 1254 4788 ostensus
1294 4735 1410 4799 est,
1445 4727 1643 4790 Filius
1678 4729 1882 4791 homi·
1992 4731 2165 4793 dedit
2226 4729 2315 4791 illi
2380 4746 2609 4791 nomen
2666 4728 2836 4809 quod
2894 4735 2990 4789 θεῖ
3046 4745 3240 4809 super
3296 4747 3486 4791 omne

383 4823 507 4896 nis,
562 4840 678 4904 per
734 4823 853 4886 hoc
909 4824 1081 4904 quod
1130 4823 1427 4886 vitiosum
1489 4825 1880 4908 discipulum
1993 4847 2248 4891 nomen.
2285 4830 2369 4889 E't
2413 4828 2719 4888 continuo
2766 4829 3158 4903 clarificabit
3203 4847 3372 4899 eum,
3421 4827 3483 4888 id

381 4943 420 4984 a
467 4940 536 4984 se
586 4921 878 4996 removit,
933 4923 1200 4984 dicendo
1253 4941 1266 4986 ε
1317 4922 1488 4996 Quod
1547 4925 1726 5000 faciS‚
1780 4925 1879 4989 fac
1993 4934 2106 5000 est,
2135 4926 2347 4989 statim
2382 4925 2563 4986 tertia
2594 4925 2695 4986 die
2726 4943 2871 4986 eum
2906 4924 3329 4998 resuscitabit,
3355 4943 3487 4988 cor-

384 5020 597 5083 citius.
651 5018 883 5094 Tertio,
935 5021 1288 5081 secundum
1336 5021 1760 5102 Augustinum
1819 5032 1882 5085 et
1994 5043 2146 5107 pore
2191 5023 2597 5105 glorificabit,
2643 5030 2705 5084 et
2744 5022 3111 5086 bominibus
3153 5022 3479 5086 revelabit.

381 5118 612 5181 Bedam
657 5136 670 5181 :
721 5116 902 5179 Nunc
952 5117 1336 5180 clarificatus
1388 5129 1482 5182 est
1525 5119 1720 5184 Filius
1772 5122 1882 5185 bo·
1991 5123 2118 5186 Hoc
2158 5130 2403 5186 constat
2441 5120 2776 5203 impletum
2818 5121 2884 5182 in
2927 5121 3027 5183 die
3057 5121 3328 5194 Paschae,
3365 5121 3485 5183 sic-

384 5217 598 5292 miniS,
639 5218 704 5279 id
752 5224 870 5290 est,
916 5234 1031 5298 per
1072 5217 1534 5299 separationem
1579 5220 1754 5282 Judae
1800 5221 1880 5283 ab
1995 5231 2063 5283 ut
2100 5221 2385 5285 Christus
2428 5219 2721 5301 praedixit
2761 5219 2827 5281 in
2868 5218 3112 5282 Psalmo
3148 5237 3161 5281 :
3198 5219 3329 5283 Non
3375 5221 3483 5282 de-
3510 5239 3590 5282 Pe.
3624 5241 3777 5290 xmo.

382 5314 604 5378 electis
648 5314 1006 5398 discipulis»,
1050 5314 1457 5397 praefigurata
1498 5325 1594 5379 est
1637 5317 1878 5382 clarifi-
1993 5319 2317 5400 relinques
2366 5317 2643 5380 animam
2692 5335 2900 5380 meam
2944 5318 3010 5379 in
3055 5316 3329 5394 inferno,
3364 5336 3481 5380 nec
