4300 6259
1123 503 1473 550 ENARRATIO
1515 502 1581 548 m
1621 502 1759 549 GAP.
1806 501 1915 548 xm
1960 501 2149 548 LucAE.
2197 521 2275 534 -—
2316 502 2459 549 Aur.
2503 503 2672 549 XXXV

3367 485 3447 548 79

325 675 531 735 etiam
564 685 807 738 tem-am
837 676 1155 750 occupat?
1185 674 1304 737 hoc
1344 681 1459 746 est,
1494 692 1609 736 cur
1639 672 1843 734 inani·
1868 671 1918 732 A
1948 671 2104 735 cisio
2144 690 2258 754 per
2288 679 2377 735 tot
2415 691 2636 746 annOS,
2673 671 2838 734 intra
2875 691 3036 753 quos
3077 671 3278 734 multa
3307 671 3451 732 mil-

325 778 424 831 ter
469 777 709 834 terram
770 771 1237 855 promissioniS,
1291 790 1435 852 quae
1484 779 1577 831 est
1630 770 1837 832 omni-

326 888 437 930 um
471 877 785 932 terrarum
820 871 1092 951 egregia,
1130 870 1547 932 immoratur?
1581 869 1838 930 Terram

324 986 611 1050 namque
644 970 959 1032 inutiliter
988 969 1379 1049 indigneque
1408 975 1699 1049 occupat,
1724 967 1836 1048 qui

324 1065 545 1128 locum
584 1086 718 1130 suae
753 1067 1105 1130 mansionis
1147 1067 1333 1129 bonis
1372 1065 1674 1147 operibus
1711 1084 1838 1127 non

322 1165 617 1227 adornat.
652 1164 729 1228 Et
776 1166 945 1227 sicut
992 1165 1135 1226 talis
1184 1164 1486 1244 indignus
1535 1171 1631 1225 est
1678 1181 1841 1244 pane

324 1281 459 1344 quo
514 1264 816 1337 vescitur,
868 1263 954 1324 ita
1002 1262 1304 1344 indignus
1353 1269 1450 1324 est
1502 1269 1667 1324 terra
1712 1280 1841 1341 qua

328 1368 748 1422 sustentatur.

408 1463 501 1520 At
530 1461 674 1529 ille,
698 1460 761 1520 id
792 1465 889 1520 est
920 1458 1220 1540 praefatus
1253 1458 1457 1520 vineae
1488 1457 1681 1537 hujus
1712 1459 1841 1519 cul·

324 1565 449 1630 tor,
486 1557 787 1618 videlicet
835 1557 1067 1619 chorus
1106 1556 1552 1638 Apostolorum
1597 1573 1668 1617 ac
1713 1555 1842 1637 pri-

322 1657 573 1718 mitivae
604 1654 901 1718 Ecclesiae
940 1655 1006 1716 in
1036 1654 1382 1716 Jerusalem
1423 1661 1833 1734 congregatae,

324 1757 747 1832 respondens,
788 1755 970 1812 dimit
1018 1755 1149 1820 illi,
1191 1752 1487 1813 videlieet
1535 1752 1782 1814 Christo
1820 1770 1833 1814 ζ

1952 771 2033 831 lia
2075 771 2443 832 eorumdem
2488 770 2751 832 fuerunt
2793 789 3118 832 conversa.

2030 869 2353 941 Praeterea,
2389 869 2691 950 quoniam
2725 867 3048 950 Synagoga
3085 869 3292 948 figura
3325 867 3449 928 fuit

1948 966 2267 1040 Ecclesiae,
2328 967 2516 1029 facile
2574 976 2669 1029 est
2727 967 3090 1048 parabolam
3150 967 3312 1029 hanc
3369 967 3446 1028 ad

1948 1065 2294 1129 Ecclesiam
2353 1066 2698 1148 applicare,
2761 1084 2871 1128 seu
2930 1067 3008 1128 ad
3073 1065 3445 1146 religionem

1949 1183 2446 1246 quamcumque,
2481 1183 2624 1244 quae
2659 1164 3024 1245 frequenter
3054 1163 3228 1226 venit
3256 1164 3334 1225 ad
3368 1163 3448 1225 la-

1950 1281 2138 1343 psum
2170 1262 2532 1335 notabilem,
2559 1262 2835 1323 maxime
2867 1269 3278 1344 tyrannorum
3310 1279 3450 1342 per-

1950 1361 2277 1424 secutione
2327 1368 2632 1434 cessante,
2669 1360 2754 1422 ita
2799 1361 2970 1441 quod
3012 1358 3296 1422 Christus
3343 1378 3451 1422 vo-

1950 1458 2069 1519 luit
2112 1477 2250 1520 eam
2305 1459 2366 1519 in
2416 1465 2592 1539 parte
2632 1457 2886 1538 plagare
2933 1466 2996 1518 et
3043 1457 3444 1538 exstirpare:

1949 1557 2135 1628 sicut,
2173 1557 2333 1638 proh
2376 1556 2592 1618 dolor!
2630 1556 2694 1616 in
2727 1555 2916 1616 Terra
2954 1563 3168 1617 sancta
3205 1556 3448 1617 dudum

1945 1655 2075 1735 jam
2105 1655 2278 1730 fecit,
2312 1674 2505 1736 quam
2540 1662 2798 1736 propter
2832 1654 3332 1717 Christianorum
3363 1653 3451 1715 fa-

1948 1754 2164 1816 cinora
2213 1753 2476 1815 canibus
2527 1753 2784 1815 tradidit
2824 1753 3294 1834 possidendam.
3327 1751 3448 1813 Sed

320 1855 631 1920 Domine,
662 1853 923 1912 dimitte
971 1853 1161 1912 illam
1208 1860 1269 1910 ec
1316 1853 1431 1912 hoc
1477 1869 1673 1923 amw,
1719 1850 1837 1913 hoc
1874 1853 1920 1916 B
1947 1853 2147 1916 cultor
2192 1852 2509 1926 Ecclesiae,
2555 1851 2798 1914 scilicet
2852 1851 3082 1914 chorus
3132 1850 3443 1914 bonorum

319 1961 439 2025 est,
475 1952 831 2014 clementer
870 1949 1061 2012 differ
1100 1949 1265 2012 hanc
1307 1949 1638 2023 ultionem,
1680 1967 1840 2030 quo—

320 2069 537 2132 usque
584 2058 841 2131 tempus
896 2047 1363 2131 praedicationis
1415 2065 1572 2111 meae
1621 2047 1686 2108 in
1734 2046 1840 2109 Ju-

320 2151 459 2212 daea
509 2148 908 2230 compleatur
959 2166 973 2210 t
1026 2147 1201 2228 quod
1260 2165 1375 2228 per
1420 2147 1837 2228 quadraginta

322 2249 488 2310 duos
542 2247 799 2309 circiter
844 2264 1045 2308 annos
1096 2245 1393 2324 duravit3
1439 2265 1638 2324 usque
1674 2248 1837 2305 dum

320 2347 583 2424 fodiam
614 2347 791 2405 circa
818 2345 1032 2411 illam,
1065 2343 1129 2404 id
1170 2350 1282 2416 est,
1317 2343 1576 2416 orande,
1612 2343 1841 2404 docen-

318 2444 424 2517 do,
470 2442 1059 2524 exemplariterque
1100 2440 1395 2514 vivendo,
1430 2447 1493 2502 et
1531 2441 1839 2503 miracula

318 2542 675 2624 operand0‚
708 2547 991 2602 mentem
1033 2538 1253 2620 populi
1296 2538 1491 2618 hujus
1530 2539 1607 2600 ad
1640 2539 1839 2601 susci-

318 2641 631 2722 piendam
673 2638 873 2700 fidem
912 2646 976 2700 et
1009 2638 1275 2718 gratiam
1320 2644 1489 2698 tuam
1527 2638 1833 2718 aperiam,

320 2739 422 2800 vel
480 2740 604 2801 hoc
656 2737 865 2800 facere
914 2736 1103 2815 nitar,
1134 2746 1195 2796 et
1233 2737 1494 2796 mittam
1532 2745 1836 2807 stercora,

319 2838 383 2898 id
426 2844 553 2907 est,
588 2854 705 2918 per
743 2835 1119 2897 memoriam
1155 2834 1457 2897 vitiorum
1498 2833 1661 2915 ejus,
1698 2852 1835 2896 eam
1946 2839 2110 2897 Erat
2160 2847 2377 2897 autem
2423 2841 2652 2898 docens
2701 2840 2772 2897 in
2819 2855 3150 2914 synaqoya
3196 2857 3443 2906 eorum,
3581 2848 3650 2904 10

316 2938 399 2998 ad
450 2935 887 2998 humilitatem
938 2942 1000 2995 et
1046 2933 1604 3014 compunctionem
1655 2934 1838 2994 indu·
1945 2935 2189 2997 scilicet
2215 2933 2598 3009 Judaeorum,
2623 2937 2921 3003 sabbatis,
2943 2934 3007 2996 id
3037 2943 3132 2996 est
3162 2936 3264 2997 die
3293 2954 3446 3015 quo-

320 3054 487 3097 cam.
528 3033 787 3095 Peccata
824 3032 997 3094 enim
1038 3039 1189 3092 sunt
1226 3037 1521 3105 stercora,
1559 3050 1836 3112 quorum
1871 3040 1916 3103 C
1946 3034 2088 3096 dam
2148 3032 2392 3096 sabbati
2454 3051 2468 3095 :
2523 3033 2652 3096 imo
2709 3032 2986 3094 sabbatis
3045 3031 3444 3114 frequentius

320 3133 628 3196 dolorosa
656 3130 1007 3194 recordatio
1038 3149 1111 3192 ac
1151 3129 1501 3210 deploratio
1541 3130 1835 3192 cordialis
1946 3131 2181 3205 docuit,
2216 3149 2290 3194 eo
2339 3132 2511 3212 quod
2551 3131 2684 3193 dies
2727 3131 2835 3193 illa
2871 3130 3142 3193 celebris
3180 3131 3307 3194 suit
3341 3131 3448 3194 Ju-

320 3250 555 3312 agrum
598 3229 831 3291 mentis
874 3228 1231 3310 impinguat
1272 3234 1465 3308 atque
1512 3227 1833 3304 fecundat,
1947 3230 2098 3292 daeis
2137 3249 2153 3309 3
2209 3237 2274 3290 et
2325 3237 2476 3292 tunc
2531 3229 2854 3310 copiosius
2908 3229 3318 3292 confluebant
3367 3231 3445 3292 ad

320 3329 875 3412 quemadmodum
927 3325 1122 3388 fimus
1172 3335 1428 3388 terram.
1469 3329 1555 3388 Et
1597 3329 1657 3387 si
1694 3331 1839 3406 qui·
1946 3345 2348 3411 synagogam,
2385 3328 2448 3389 id
2498 3335 2594 3389 est
2640 3328 2716 3388 ad
2763 3328 3024 3390 domum
3069 3327 3335 3390 orationi
3386 3337 3450 3390 et

317 3433 473 3490 dem
502 3429 735 3507 fecerit
760 3428 1080 3504 fructum,
1113 3424 1367 3506 supple,
1402 3424 1567 3486 Bene
1604 3443 1703 3486 res
1732 3443 1839 3506 ge-
1946 3427 2250 3488 doctrinae
2293 3443 2403 3487 seu
2449 3425 2706 3488 lectioni
2752 3426 3138 3506 deputatam.
3173 3425 3448 3507 Eratque

320 3536 417 3588 sta
468 3533 593 3600 est,
630 3543 749 3586 nec
785 3523 1150 3586 succidetur
1182 3541 1195 3584 z
1230 3530 1292 3584 et
1333 3522 1437 3584 hic
1474 3529 1571 3584 est
1610 3525 1837 3586 modus
1947 3525 2013 3586 in
2058 3525 2328 3604 singulis
2371 3524 2727 3588 Judaeorum
2784 3523 3049 3585 urbibus
3093 3527 3450 3587 communi-

320 3624 639 3706 loquendi
680 3628 1033 3689 truncatus,
1069 3627 1139 3680 ut
1167 3619 1363 3682 moris
1404 3628 1501 3682 est
1538 3620 1714 3701 loqui
1746 3621 1837 3683 eis
1946 3632 2042 3685 ter
2071 3623 2214 3685 talis
2254 3624 2479 3685 domus
2515 3642 2528 3684 :
2565 3622 2692 3685 imo
2731 3629 2792 3684 et
2833 3622 2899 3683 in
2931 3622 3296 3684 civitatibus
3335 3623 3448 3686 ubi

320 3725 435 3805 qui
487 3741 573 3784 ex
612 3719 975 3783 vehementi
1023 3717 1238 3781 dolore
1287 3718 1661 3798 loquuntur.
1693 3718 1839 3783 ideo
1948 3721 2068 3782 sub
2102 3720 2386 3784 dominio
2425 3720 2762 3802 gentilium
2804 3719 3238 3795 morabantur,
3273 3740 3451 3803 syna-

318 3820 780 3904 Apostolorum
832 3817 1063 3880 chorus
1112 3817 1205 3877 sic
1253 3815 1558 3897 loquitur,
1612 3818 1840 3898 quoni·
1945 3837 2133 3899 gogas
2177 3819 2516 3892 habebant,
2551 3822 2718 3880 sicut
2765 3835 2843 3879 ex
2883 3817 3147 3880 Actibus
3187 3819 3452 3900 Aposto-
3505 3848 3737 3894 A02,.„‚2,

319 3941 423 3983 am
456 3921 857 4002 synagogam
899 3935 1015 3998 pro
1053 3915 1332 3977 maxima
1361 3934 1477 3977 sua
1518 3923 1693 3997 parte
1727 3937 1841 3981 no-
1947 3919 2156 3980 lorum
2205 3917 2391 3980 facile
2439 3924 2534 3978 est
2585 3915 2873 3997 probare.
2925 3915 3247 3978 Interdum
3299 3935 3448 3980 vero
3475 3923 3562 4014 122·
3583 3913 3735 4016 '‘ff-effi

322 4021 415 4082 vit
446 4037 585 4081 non
625 4015 1119 4079 convertendam
1154 4031 1168 4074 :
1204 4021 1465 4095 propter
1492 4016 1664 4095 quod
1705 4035 1839 4078 cor·
1948 4033 2273 4099 synagoga,
2289 4014 2643 4077 Judaeorum
2676 4013 3110 4077 collectionem
3143 4014 3444 4094 designat.
3551 4005 3561 4023 '
3610 4005 3619 4023 '
3713 4003 3724 4016 ⁸

320 4115 685 4180 dialissime
733 4112 1123 4181 tristabatur,
1165 4119 1353 4192 prout
1399 4113 1477 4173 ad
1524 4111 1837 4176 Romanos
2015 4119 2099 4176 Ει
2128 4135 2262 4174 ecce
2290 4115 2528 4174 mulier
2552 4112 2676 4174 fuit
2707 4111 2942 4173 ibidem
2979 4131 3446 4194 praeseu3‚quae
3583 4124 3645 4178 11

1948 1958 2274 2032 pastorum
2305 1970 2377 2013 ac
2410 1950 2918 2032 praedicatorum,
2946 1949 3244 2030 precibus
3275 1949 3448 2012 obvi-

1945 2050 2097 2123 avit,
2132 2067 2430 2131 saepeque
2468 2049 2722 2110 veniam
2762 2048 3150 2129 impetravit,
3185 2056 3255 2108 ut
3283 2047 3447 2109 Deus

1948 2148 2013 2209 in
2064 2149 2184 2210 hoc
2232 2166 2420 2222 anno,
2458 2147 2521 2209 id
2565 2155 2662 2209 est
2705 2155 2992 2228 tempore
3032 2146 3272 2227 gratiae,
3309 2165 3448 2227 par-

1948 2255 2047 2308 cat
2077 2255 2140 2307 et
2171 2245 2427 2308 differat
2458 2246 2790 2308 ultionem.
2822 2281 2904 2290 —
2932 2244 3273 2318 Postremo,
3307 2245 3450 2325 qui-

1948 2345 2089 2406 dam
2133 2362 2248 2427 per
2285 2344 2631 2407 ficulneam
2681 2344 3049 2424 intelligunt
3086 2361 3289 2424 genus
3333 2343 3452 2404 hu-

1948 2463 2232 2518 manum,
2268 2444 2438 2525 quod
2478 2443 2764 2524 peccavit
2804 2442 2868 2503 in
2912 2442 3050 2522 lege
3085 2448 3345 2517 naturae,
3383 2442 3446 2504 in

1947 2542 2085 2622 lege
2128 2542 2385 2622 scripta,
2433 2549 2495 2604 et
2537 2541 2604 2603 in
2649 2541 2786 2620 lege
2829 2539 3214 2620 evangelica.

2028 2641 2336 2722 Deinceps
2398 2640 2772 2722 praeclarum
2831 2639 3213 2701 describitur
3270 2639 3448 2702 Chri—

1947 2740 2026 2800 sti
2059 2738 2440 2800 miraculum
2483 2757 2613 2800 suae
2646 2737 2949 2800 doctrinae
2989 2736 3443 2800 roborativum.

77 4235 293 4288 nomm.
320 4219 568 4280 fatetur
614 4212 956 4295 Apostolus
1010 4229 1023 4273 ε
1073 4210 1353 4272 Tristitia
1402 4211 1560 4273 mihi
1612 4231 1838 4292 magna
1869 4225 1918 4286 D
1946 4216 2211 4274 habebat
2257 4213 2566 4290 spiritum
2613 4214 3054 4289 infirmitati&
3095 4211 3154 4273 id
3206 4220 3305 4272 est
3351 4211 3448 4274 in-

66 4299 99 4336 ⁴’
320 4324 439 4389 est,
476 4321 551 4377 et
587 4311 769 4375 dolor
798 4310 1140 4372 continuus
1172 4309 1343 4371 cordi
1386 4327 1529 4372 meo
1568 4329 1684 4390 pro
1712 4311 1839 4371 fra·
1945 4310 2313 4373 firmitatem
2365 4327 2441 4371 ex
2491 4308 2804 4372 diabolico
2852 4309 3081 4389 spiritu
3131 4309 3278 4383 sibi,
3323 4309 3446 4374 Deo

320 4415 539 4478 tribus
589 4411 773 4484 meis,
826 4409 938 4492 qui
990 4415 1139 4469 sunt
1184 4407 1501 4469 lsraelitae.
1546 4411 1668 4469 Sin
1720 4430 1839 4468 au-
1948 4409 2374 4491 permittente,
2429 4406 2739 4468 inflictam
2797 4425 2809 4467 :
2863 4407 2964 4468 vel
3023 4416 3282 4488 propter
3330 4427 3448 4471 sua

323 4525 477 4584 tem,
530 4512 599 4573 id
660 4519 777 4582 est,
830 4509 884 4570 si
944 4523 1251 4570 conversa
1307 4525 1433 4568 non
1493 4506 1709 4580 fuerit,
1763 4509 1835 4568 in
1947 4514 2224 4589 peccata,
2248 4505 2785 4587 quemadmodum
2817 4505 3080 4585 spiritus
3112 4505 3316 4567 malus
3349 4523 3446 4568 ve-
3503 4533 3736 4587 meam,

316 4614 639 4690 futurum
668 4609 953 4669 succides
982 4608 1191 4674 illam,
1218 4605 1337 4666 hoc
1366 4611 1482 4678 est,
1516 4614 1656 4686 post
1686 4623 1835 4686 qua·
1946 4606 2117 4668 xavit
2163 4603 2414 4665 Saulem
2451 4622 2466 4682 3
2518 4602 2615 4663 vel
2677 4610 2936 4683 propter
2987 4602 3294 4683 majorem
3347 4603 3442 4665 fe·
3471 4597 3539 4698 :u‘x
3553 4599 3734 4698 ’‘3¹¹¹·¹⁰³

320 4710 623 4790 draginta
653 4708 812 4769 duos
841 4723 1040 4766 annos
1074 4702 1497 4766 Romanorum
1540 4702 1835 4764 manibus
1948 4704 2139 4765 minae
2179 4701 2371 4782 hujus
2411 4700 2948 4774 exercitationem,
2985 4700 3340 4782 profectum
3381 4710 3444 4764 et
3545 4688 3556 4733 ἶ
3606 4687 3618 4701 ’

320 4827 461 4871 eam
494 4808 737 4879 trades,
770 4811 1081 4886 quantum
1112 4802 1191 4863 ad
1222 4801 1507 4883 corporis
1539 4811 1830 4876 mortem,
1940 4802 2231 4883 gloriam,
2288 4807 2355 4861 ut
2411 4799 2536 4860 fuit
2593 4798 2936 4860 infirmitas
2995 4800 3194 4862 sancti
3244 4799 3358 4862 Job
3405 4819 3444 4862 a
3497 4825 3701 4874 mna.

319 4909 574 4970 animas
607 4922 761 4968 vero
799 4900 1194 4966 daemonibus
1234 4900 1615 4962 aeternaliter
1652 4900 1838 4981 puni·
1944 4902 2229 4962 daemone
2261 4897 2582 4979 percussi3
2619 4897 2717 4959 vel
2753 4905 2822 4958 ut
2851 4916 2927 4958 ex
2962 4897 3218 4959 feminae
3248 4896 3442 4979 hujus

323 5008 523 5070 endas
560 5024 575 5067 ε
612 5011 683 5066 ut
717 5002 1011 5066 novimus
1052 4999 1413 5079 contigisse.
1448 5035 1525 5044 —
1555 4998 1643 5060 Ex
1680 5017 1838 5079 prae-
1942 5007 2070 5059 tam
2122 4997 2502 5059 miraculosa
2558 4996 2904 5070 sanatione,
2961 4997 3160 5057 virtus
3210 4995 3440 5060 Christi

324 5105 544 5167 missis
595 5105 699 5179 (ut
758 5101 979 5162 dicunt
1037 5097 1360 5172 nonnulli)
1416 5105 1606 5178 patet,
1662 5097 1835 5178 quod
1945 5103 2314 5179 patesceret,
2374 5093 2971 5175 glorificareturque
3029 5093 3212 5167 DeuS,
3277 5094 3444 5156 sicut

326 5203 635 5285 precibus
684 5219 759 5261 ac
808 5197 1052 5260 meritis
1091 5195 1537 5277 Apostolorum
1584 5214 1658 5256 ac
1710 5195 1838 5276 pri·
1943 5195 2021 5256 de
2059 5212 2224 5256 caeco
2269 5201 2414 5256 nato
2453 5191 2686 5254 dicitur
2726 5191 2790 5252 in
2827 5191 3083 5266 Joanne,
3118 5192 3289 5272 quod
3333 5210 3443 5253 na-

328 5302 571 5364 mitivae
600 5297 903 5360 Ecclesiae
934 5294 1059 5356 fuit
1087 5294 1281 5355 dilata
1305 5293 1662 5355 Judaeorum
1697 5312 1839 5355 suc·
1942 5301 2045 5355 tus
2082 5300 2181 5353 est
2219 5310 2444 5366 caecuS,
2481 5296 2549 5350 ut
2586 5307 2776 5371 opera
2817 5289 2923 5350 Dei
2964 5288 3441 5354 manifestaren·
3465 5316 3733 5368 lomna.
