4300 6259
625 2246 698 2301 26

551 3040 688 3084 Prov.
699 3054 800 3093 xvn,

535 3103 603 3147 2¹2.

573 3823 657 3866 Job
683 3837 799 3876 xxvi,

841 485 958 550 194

1640 505 1992 553 numiano
2033 503 2098 551 m
2138 503 2277 552 GAP.
2324 502 2433 549 xxl
2473 502 2663 551 LUCAE.
2711 523 2791 535 --
2830 503 2975 550 Am.
3020 503 3137 550 va

836 693 1026 737 cursu
1075 693 1296 738 eorum
1341 674 1454 756 qui
1495 693 1534 735 a
1570 675 1703 736 suis
1742 673 2185 739 mansionibus
2234 672 2333 734 fu·
2362 671 2411 732 A
2438 674 2673 735 endum
2714 673 3229 755 supernaturales
3270 669 3827 735 transmutationes
3865 669 3933 731 in

829 772 1028 852 gient,
1075 794 1215 851 proe
1271 773 1649 849 confusione
1704 775 1954 834 sonitu-s
2009 774 2215 833 maris
2272 781 2332 831 et

826 873 1169 946 fluctuum,
1223 871 1287 933 id
1334 878 1431 933 est
1477 891 1554 933 ex
1614 889 1846 952 pavore
1897 889 2090 952 quem
2141 871 2333 932 habe-

830 967 992 1029 bunt
1043 976 1305 1050 propter
1353 967 1632 1050 fragores
1681 969 2046 1046 horribiles,
2093 976 2156 1030 et
2212 969 2331 1030 im-

830 1075 1124 1145 petuosas
1182 1067 1661 1143 commotioneS,
1711 1086 1784 1129 ac
1837 1068 2082 1130 sonitus
2137 1085 2333 1148 aqua-

831 1181 974 1225 rum
1025 1165 1216 1226 maris
1272 1165 1674 1246 aliorumque
1735 1164 2102 1227 fluminum.
2155 1164 2331 1226 Unde

831 1261 998 1323 inter
1026 1263 1396 1343 quindecim
1427 1263 1607 1344 signa
1637 1282 1780 1344 quae
1799 1263 1898 1343 (ut
1927 1261 2160 1342 fertur)
2181 1282 2332 1345 prae-

830 1361 1056 1422 cedent
1089 1361 1427 1442 judicium,
1463 1369 1702 1424 suntet
1742 1362 1861 1424 ista
1895 1381 1907 1423 :
1944 1362 2115 1441 quod
2158 1379 2329 1424 mare

829 1467 1004 1520 extra
1059 1459 1412 1521 naturalem
1470 1479 1660 1521 suum
1709 1459 2065 1523 elevabitur
2115 1459 2327 1522 locum

828 1563 955 1618 tam
986 1557 1130 1631 alte,
1166 1559 1336 1638 quod
1370 1558 1787 1639 quadraginta
1818 1556 2050 1620 cubitis
2091 1558 2213 1619 erit
2241 1557 2330 1619 al-

825 1654 955 1717 tius
1003 1655 1373 1736 montibus3
1421 1656 1651 1718 deinde
1688 1662 1817 1717 tam
1863 1655 2180 1739 profunde
2224 1657 2329 1718 de-

828 1753 1142 1833 primetur
1185 1753 1305 1816 sub
1353 1760 1541 1828 terra,
1591 1761 1662 1815 ut
1707 1754 1906 1816 videri
1959 1754 2064 1818 vix
2109 1761 2321 1835 queat.

828 1848 904 1911 Et
943 1851 995 1912 si
1035 1851 1206 1914 istud
1235 1858 1522 1932 negetur,
1555 1859 1664 1913 aut
1699 1852 2013 1914 incertum
2055 1853 2321 1926 dicatur,
2362 1851 2411 1914 B
2438 1853 2793 1932 micorum;
2846 1859 2907 1913 et
2958 1851 3267 1934 pugnabit
3313 1870 3427 1933 pro
3465 1869 3539 1914 eo
3587 1850 3759 1914 orbis
3810 1858 3941 1912 ter-
3968 1836 3995 1876 ²

829 1947 1033 2012 nihilo
1076 1949 1288 2011 minus
1334 1957 1581 2012 certum
1632 1957 1728 2012 est
1774 1951 1948 2030 quod
1993 1951 2158 2013 ultra
2200 1969 2329 2012 om—

829 2063 975 2109 nem
1007 2047 1481 2110 aestimationem
1507 2055 1570 2109 et
1595 2047 2111 2110 consuetudinem
2143 2056 2331 2110 erunt

831 2145 1380 2226 procellosissimae
1437 2145 1905 2220 inundationeS,
1962 2147 2207 2209 sonitus
2268 2154 2329 2208 et

831 2243 1110 2325 fragores
1169 2244 1234 2306 in
1295 2244 1452 2306 mari
1511 2252 1576 2306 et
1629 2243 1836 2325 aquiS.
1879 2246 2329 2306 Arescentibus

833 2342 1204 2402 hominibus
1251 2362 1395 2421 proe
1451 2344 1678 2403 timore
1738 2351 1798 2402 et
1863 2344 2330 2418 eoespectatione

831 2438 1258 2502 afflictionum
1305 2447 1369 2502 et
1417 2439 1872 2521 periculorum,
1921 2461 2064 2519 quae
2107 2461 2329 2518 super-

832 2538 1089 2598 venient
1119 2539 1418 2599 universo
1448 2540 1615 2608 orbi,
1644 2537 1764 2600 hoc
1794 2546 1890 2600 est
1929 2539 2176 2600 cunctis
2216 2539 2329 2602 ho-

831 2636 1138 2711 minibus,
1202 2636 1553 2718 praesertim
1610 2635 1866 2716 injustis
1918 2655 1932 2699 :

832 2734 1268 2814 magnitudine
1317 2733 1678 2797 formidinis
1727 2741 1790 2796 et
1837 2734 2150 2808 moeroriS,
2194 2754 2327 2798 cor-

830 2833 1065 2914 poralis
1103 2833 1432 2894 harmonia
1459 2832 1801 2914 quamdam
1838 2833 2325 2895 desiccationem

828 2937 892 2992 et
947 2930 1456 2992 extenuationem
1519 2930 1803 2992 incurret
1860 2930 1926 2991 in
1984 2931 2098 3005 eiS,
2163 2931 2329 2993 sicut

1987 2637 2139 2717 quia
2197 2656 2327 2719 prae

2443 771 2771 832 creaturis.

2540 870 2776 950 ltaque,
2830 871 2995 932 sicut
3039 878 3293 933 terreno
3344 869 3635 952 principe
3700 887 3771 930 ac
3833 887 3941 948 pa-

2442 966 2813 1029 trefamilias
2854 967 3185 1042 irascente,
3220 967 3487 1041 offenso,
3524 974 3585 1027 et
3622 984 3690 1028 se
3727 967 3806 1028 ad
3844 964 3946 1026 ul-

2442 1065 2681 1127 tionem
2711 1065 3108 1148 disponente,
3142 1065 3557 1128 conturbatur
3584 1063 3725 1145 ejus
3754 1062 3944 1126 fami-

2442 1163 2547 1237 lia,
2597 1183 2671 1226 ac
2723 1164 2903 1246 plebs
2962 1164 3270 1245 subjecta,
3322 1171 3386 1226 et
3437 1162 3811 1246 praeparatio
3861 1160 3941 1222 fit

2440 1280 2801 1342 armorum3
2836 1263 2928 1323 sic
2958 1261 3122 1342 Rege
3153 1280 3431 1343 superno
3462 1261 3525 1322 in
3558 1259 3691 1323 fine
3722 1260 3936 1322 saeculi

2441 1359 2773 1433 irascente,
2807 1369 2870 1422 et
2894 1359 3182 1441 judicare
3210 1360 3481 1434 volente,
3516 1358 3678 1421 fient
3710 1359 3773 1420 in
3808 1377 3944 1420 cre-

2440 1459 2637 1520 aturis
2696 1459 3169 1521 immutationes
3229 1464 3561 1540 praetactae,
3614 1465 3677 1519 et
3723 1475 3945 1539 opera-

2439 1557 2642 1620 tiones
2692 1557 3108 1633 miraculosae,
3151 1575 3225 1619 ac
3272 1557 3820 1620 consurrectiones
3870 1556 3939 1618 in

2438 1655 2693 1738 impios.
2728 1656 2902 1718 Unde
2942 1656 3007 1718 in
3036 1655 3374 1738 Sapientiae
3411 1655 3575 1718 libro
3613 1655 3883 1717 habetur
3918 1673 3934 1718 ε

2438 1753 2722 1816 Armabit
2760 1753 2922 1815 Deus
2961 1761 3315 1815 creaturam
3354 1754 3431 1815 ad
3463 1752 3768 1815 ultionem
3812 1752 3941 1813 ini·
3990 1771 4211 1876 {ar-‘’¹5-

2439 1970 2651 2012 rarum
2696 1957 2914 2013 contra
2955 1951 3331 2012 insensatos.

2520 2053 2603 2110 Et
2644 2057 2799 2110 tunc:
2844 2051 3149 2109 videbunt
3194 2049 3452 2109 Filium
3499 2049 3783 2108 hominis
3836 2069 3941 2107 ve-
4074 2050 4141 2105 Ξῖ

2438 2149 2721 2208 nientem
2765 2149 2837 2207 in
2884 2149 3075 2214 nube,
3115 2146 3179 2208 id
3224 2155 3341 2219 est,
3375 2163 3617 2220 omnes,
3661 2145 3813 2208 boni
3862 2164 3939 2208 ac

2438 2246 2611 2318 mali,
2662 2246 2847 2309 oculo
2894 2243 3206 2326 corporali
3256 2244 3564 2306 videbunt
3612 2242 3937 2307 Christum

2436 2343 2716 2424 judicem
2746 2344 2824 2405 ad
2860 2342 3277 2423 judicandum
3308 2342 3669 2404 venientem
3710 2341 3775 2404 in
3819 2361 3944 2404 nu-

2442 2441 2629 2503 bibus
2669 2440 2811 2504 coeli
2853 2439 3137 2502 lucifluis
3168 2457 3317 2502 cum
3354 2439 3527 2502 omni
3560 2439 3796 2502 civium
3834 2459 3943 2501 su-

2440 2558 2784 2622 pernorum
2824 2538 3105 2602 exercitu
3141 2557 3154 2600 :
3190 2538 3343 2619 quia
3384 2545 3445 2599 et
3482 2538 3691 2620 angeli
3732 2539 3939 2600 sancti

2438 2647 2590 2701 tunc
2628 2655 2847 2701 omnes
2882 2636 3221 2701 visibiliter
3258 2635 3677 2718 apparebunt,
3712 2655 3945 2700 secun-

2439 2738 2591 2799 dum
2639 2735 3029 2816 Gregorium.
3077 2735 3249 2797 Unde
3298 2735 3363 2796 in
3412 2734 3793 2816 Apocalypsi
3840 2755 3941 2797 as-

2438 2834 2669 2897 seritur
2704 2853 2717 2896 :
2750 2833 2909 2895 Ecce
2939 2833 3113 2896 venit
3144 2851 3291 2894 cum
3331 2832 3635 2904 nubibuS,
3669 2841 3734 2895 et
3762 2832 3945 2896 vide-
3986 2857 4121 2910 apoc.
4140 2867 4163 2896 1.
4179 2857 4209 2894 ·.

2435 2932 2531 2994 bit
2558 2949 2705 2993 eum
2735 2931 2943 2993 omnis
2974 2930 3218 2992 oculus.
3246 2929 3419 2992 Sicut
3448 2931 3620 2992 enim
3648 2931 3943 2994 ascendit

828 3026 1122 3092 Salomon
1154 3029 1439 3109 loquitur
1473 3045 1486 3090 :
1521 3027 1794 3110 Spiritus
1825 3028 2022 3090 tristis
2053 3029 2327 3091 exsiccat
2364 3028 2406 3090 C
2436 3030 2500 3091 in
2552 3028 2743 3102 nube,
2788 3029 2874 3090 ita
2918 3028 2982 3089 in
3030 3027 3199 3089 nubc
3248 3029 3325 3089 ad
3366 3027 3785 3108 judicandum
3832 3029 3945 3090 de-

827 3143 990 3189 ossa.

909 3226 1084 3288 Nam
1123 3226 1395 3286 virtutes
1430 3229 1756 3294 coelorum,
1792 3223 1856 3286 id
1895 3233 1991 3286 est
2024 3224 2325 3306 angelicae

828 3330 1189 3403 potestates,
1221 3329 1284 3384 et
1311 3321 1518 3402 angeli
1557 3322 1866 3396 universi,
1901 3325 2325 3383 movebuntur

829 3427 1004 3483 motu
1065 3420 1436 3482 reverentiae
1489 3427 1552 3481 et
1606 3419 2042 3482 admirationis
2111 3420 2325 3500 cujus-

2436 3128 2714 3200 scendet,
2747 3126 2925 3207 juxta
2964 3125 3123 3187 illud
3164 3125 3437 3188 Actuum
3471 3144 3485 3187 :
3519 3124 3943 3198 Quemadmo-
3992 3147 4209 3192 1⁶1...st

2436 3227 2587 3288 dum
2620 3224 2866 3288 vidistis
2897 3243 3044 3286 eum
3084 3224 3531 3286 ascendentem
3572 3223 3639 3286 in
3669 3224 3937 3299 coelum,

2434 3323 2522 3384 ita
2566 3323 2795 3386 veniet.
2834 3324 2991 3382 Cum
3026 3330 3334 3398 potestate
3373 3340 3635 3398 mayna,
3672 3321 3794 3385 hoc
3839 3331 3941 3384 est

2438 3422 2701 3484 vallatus
2750 3420 2924 3483 omni
2972 3419 3304 3482 Beatorum
3350 3420 3653 3494 exercitu,
3692 3430 3753 3480 et
3804 3441 3941 3482 ma-

828 3518 994 3592 dam,
1029 3535 1105 3579 ex
1147 3525 1274 3580 tam
1314 3517 1703 3580 inconsuetis
1744 3536 1816 3579 ac
1855 3517 2323 3599 praehorrendis
2417 3521 2675 3597 jesiaco,
2709 3519 2828 3582 hoc
2858 3526 2953 3580 est
2980 3518 3283 3593 claritate,
3309 3525 3372 3579 et
3398 3517 3618 3598 gloria,
3651 3537 3725 3580 ac
3753 3520 3937 3582 omni

825 3615 1088 3697 justitiae
1134 3615 1366 3679 divinae
1413 3614 1773 3678 effectibus.
1811 3616 1941 3690 Vel,
1984 3615 2325 3678 Movebun-

829 3723 953 3788 tur,
987 3715 1140 3797 quia
1177 3716 1256 3777 ad
1297 3715 1558 3776 modum
1597 3712 2080 3776 formidantium
2120 3732 2187 3774 se
2219 3714 2325 3775 ha-

829 3812 1093 3886 bebunt,
1133 3812 1313 3894 juxta
1362 3812 1522 3875 illud
1571 3812 1684 3876 Job
1739 3831 1752 3874 :
1807 3812 2129 3876 Columnae
2179 3813 2323 3875 coeli

831 3912 1328 3973 contremiscunt
1357 3918 1420 3972 et
1456 3918 1688 3992 pavent
1716 3911 1794 3972 ad
1835 3919 2059 3973 nutum
2097 3911 2321 3992 ipsius.

827 4009 1096 4091 Insuper
1138 4008 1566 4072 movebuntur
1605 4008 1671 4071 in
1723 4009 2104 4090 obsequium
2154 4008 2328 4071 Judi-

830 4107 944 4181 ciS,
991 4115 1055 4169 et
1100 4126 1249 4169 cum
1302 4125 1375 4170 eo
1423 4108 1830 4182 descendent,
1877 4109 2059 4188 quasi
2111 4108 2176 4169 in
2228 4126 2327 4169 ex-

2435 3618 2735 3700 potentia,
2770 3617 2872 3680 cui
2918 3616 3133 3678 nullus
3173 3615 3408 3678 valebit
3450 3617 3765 3678 resistere.

2515 3716 2750 3777 Dcinde
2795 3715 2976 3797 ponit
3018 3712 3301 3777 Salvator
3345 3713 3664 3794 justorum
3712 3733 3939 3781 conso-

2437 3814 2755 3876 lationem.
2792 3816 2914 3874 His
2942 3821 3156 3872 autem
3198 3812 3395 3892 signis
3439 3812 3753 3893 praetactis
3780 3817 3938 3890 fieri
4074 3822 4139 3876 28

2436 3912 2923 3988 incipientibus,
2946 3913 3245 3986 respicite
3274 3927 3368 3984 ea,
3394 3920 3453 3970 et
3482 3913 3685 3970 levate
3712 3914 3937 3988 capita

2436 4020 2668 4080 vestra,
2714 4009 2778 4070 id
2826 4016 2941 4082 est,
2985 4009 3175 4070 corda
3216 4009 3293 4070 ad
3340 4008 3536 4070 Deum
3574 4009 3821 4090 erigite,
3869 4011 3935 4071 in

2437 4108 2577 4189 ipso
2605 4107 2929 4180 confidite,
2964 4113 3154 4186 atque
3195 4123 3310 4187 per
3346 4124 3525 4188 spem
3554 4107 3801 4168 animas
3832 4126 3942 4170 ve-

830 4205 1219 4286 peditionem
1267 4214 1482 4268 contra
1530 4205 1740 4268 hostes
1783 4205 2007 4287 ipsius.
2045 4205 2203 4268 Hinc
2240 4205 2330 4268 ait
2357 4216 2405 4277 D
2437 4213 2595 4267 stras
2653 4205 3040 4283 exhilarate3
3092 4207 3403 4284 quoniam
3452 4207 3941 4286 appropinquat

829 4302 1312 4386 chrysostomus
1349 4321 1362 4364 :
1396 4302 1458 4364 Si
1493 4320 1602 4364 rex
1634 4310 1922 4365 terrenus
1964 4312 2184 4367 contra
2213 4304 2327 4366 ali-

827 4419 1021 4483 quem
1071 4401 1378 4482 procedit,
1430 4401 1899 4483 expeditionem
1951 4404 2209 4465 mandat
2258 4404 2322 4464 in

828 4500 1089 4583 popule,
1142 4499 1413 4580 dignitas
1462 4499 1669 4561 omnis
1720 4508 2032 4576 movetur,
2085 4501 2327 4563 exerci-

829 4605 930 4660 tus
969 4597 1342 4671 concitatur,
1377 4597 1598 4659 civitas
1637 4597 1842 4660 fervet
1875 4617 1889 4660 :
1923 4608 2163 4680 quanto
2202 4619 2326 4662 ma-

825 4695 922 4776 gis
963 4713 1108 4776 rege
1143 4695 1381 4759 coelesti
1413 4703 1790 4776 exsurgente
1828 4695 2114 4776 judicare
2147 4697 2323 4760 vivos

827 4801 890 4855 et
928 4800 1232 4868 mortuOS,
1276 4793 1541 4855 virtutes
1584 4801 1921 4855 moventur
1963 4794 2323 4874 angelicae2

826 4891 1091 4964 Quidam
1133 4909 1247 4973 per
1284 4891 1550 4954 virtutes
1588 4891 1920 4966 coelorum,
1957 4892 2325 4973 intelligunt

825 4990 1080 5070 angelos
1112 4989 1332 5052 ·medii
1383 4990 1623 5052 ordinis
1674 4989 1899 5052 mediae
1951 4991 2326 5054 hierarchiae

824 5088 1142 5168 angelica
1173 5088 1251 5149 ad
1282 5107 1442 5169 quos
1473 5095 1714 5169 spectat
1733 5089 1833 5168 (ut
1864 5089 2111 5167 dicunt)
2137 5089 2325 5151 mira-

826 5186 969 5248 cula
1007 5185 1214 5248 facere
1249 5205 1262 5248 :
1298 5186 1534 5250 idcirco
1576 5197 1725 5250 tunc
1763 5189 2060 5250 movendi
2100 5188 2327 5250 dicun-

826 5291 952 5359 tur,
986 5283 1138 5365 quia
1171 5303 1300 5365 prae
1327 5285 1512 5348 solito
1545 5285 2031 5366 progredientur
2060 5287 2138 5348 ad
2172 5285 2325 5349 faci-

2436 4305 2785 4380 redemptio
2827 4312 3057 4372 vestra,
3097 4303 3161 4364 id
3210 4311 3307 4365 est
3350 4301 3631 4384 perfecta
3672 4303 3939 4367 salvatio

2434 4421 2470 4463 a
2515 4401 2807 4483 praesenti
2854 4401 3079 4464 exsilio
3122 4419 3195 4462 ac
3238 4401 3406 4462 salus
3455 4408 3709 4464 aeterna.
3752 4400 3943 4463 Deni-

2433 4517 2561 4581 que
2600 4499 2885 4562 Christus
2921 4501 3055 4562 haec
3086 4499 3248 4561 dixit
3286 4498 3405 4560 sub
3437 4516 3707 4581 persona
3743 4499 3937 4562 disci-

2435 4598 2733 4680 pulorum
2779 4616 3040 4660 suorum
3077 4599 3155 4660 ad
3195 4598 3430 4662 clectos
3470 4604 3533 4659 et
3572 4597 3779 4677 justos
3818 4598 3934 4679 qui

2433 4704 2623 4758 erunt
2669 4696 2735 4757 in
2786 4695 2920 4758 fine
2971 4695 3195 4757 mundi
3240 4713 3253 4758 :
3297 4695 3410 4777 qui
3459 4703 3613 4757 tunc
3659 4696 3937 4777 desuper

2434 4793 2959 4858 confortationem
3018 4802 3081 4856 et
3136 4794 3635 4856 consolationem
3692 4793 3932 4875 accipi·

2433 4901 2561 4968 ent,
2597 4893 2833 4974 quibus
2863 4900 2927 4954 et
2966 4893 3223 4974 propria
3261 4892 3649 4955 conscientia
3686 4891 3931 4954 bonum

2434 4991 2869 5054 testimonium
2914 4990 3297 5072 perhibebit.

2514 5093 2599 5150 Et
2636 5090 2814 5148 dimit
2858 5091 2997 5148 illis
3032 5089 3564 5159 similitudinem,
3596 5094 3807 5169 aptam
3851 5089 3931 5150 ad
4068 5109 4135 5162 29

2434 5187 2917 5267 intelligendum
2966 5187 3139 5266 quod
3186 5186 3347 5249 dixit
3394 5187 3473 5248 de
3513 5185 3647 5248 fine
3688 5187 3929 5261 saeculi,

2434 5285 2958 5350 considerandam
2991 5303 3069 5346 ex
3106 5285 3303 5366 signis
3336 5284 3723 5366 praehabitis.
3751 5287 3937 5346 Vide-
