4300 6259
626 889 789 932 Ionan.

684 2647 755 2702 25

882 485 1003 553 3oe

1694 503 2041 552 mutuno
2083 503 2149 550 m
2189 503 2329 551 cAP.
2375 503 2421 550 11
2461 501 2739 550 sommis.
2785 521 2867 534 --
2907 503 3050 552 nr.
3095 505 3180 550 vn

883 673 1057 736 enim
1092 673 1359 755 gloriam
1399 674 1732 740 hominum
1776 675 1975 756 magis
2014 694 2208 758 quam
2247 675 2380 756 glo-
2407 673 2460 738 A
2481 674 2952 756 lerosolymam.
3005 674 3108 738 Sic
3163 683 3227 737 et
3273 693 3410 748 nos,
3460 673 3971 757 appropinquan—

884 771 1043 833 riam
1095 771 1221 833 Dei.
1256 771 1433 834 Tales
1480 781 1689 834 autem
1739 791 1867 836 non
1918 773 2187 835 credunt
2231 789 2380 835 vere

810 902 851 940 v,
882 878 1074 951 atque
1116 870 1457 933 salubriter
1490 890 1503 934 ε
1538 873 1705 934 sicut
1744 871 1833 932 ait
1872 870 2175 945 Salvator,
2218 870 2381 943 Quo-

883 968 1071 1031 modo
1100 969 1361 1050 potestis
1392 988 1503 1033 vos
1536 971 1814 1044 credere,
1848 969 1962 1051 qui
2000 969 2268 1050 gloriam
2299 968 2378 1030 ab

882 1065 1159 1128 invicem
1206 1066 1517 1148 accipitiS,
1559 1075 1623 1128 et
1661 1067 1931 1148 gloriam
1980 1085 2125 1148 quae
2167 1085 2203 1128 a
2245 1067 2380 1129 solo

884 1163 1009 1226 Deo
1038 1172 1150 1239 est,
1168 1183 1295 1227 non
1325 1165 1645 1246 quaeritis2
1668 1165 1977 1246 Loquitur
2005 1182 2156 1245 ergo
2187 1164 2382 1226 Evan-

880 1261 1109 1342 gelista
1152 1263 1503 1325 secundum
1543 1281 1949 1326 communem
1990 1264 2251 1325 modum
2291 1263 2383 1326 lo-

884 1360 1146 1440 quendi,
1170 1378 1299 1442 quo
1327 1360 1561 1442 aliquis
1592 1361 1826 1424 dicitur
1854 1379 1923 1422 se
1951 1361 2168 1442 ipsum
2197 1360 2379 1422 alteri

884 1459 1162 1532 credere,
1209 1459 1513 1541 quoniam
1555 1458 1709 1522 fidei
1761 1459 1935 1521 illius
1980 1477 2047 1520 se
2087 1458 2381 1521 commit-

882 1556 981 1631 tit,
1026 1564 1236 1619 certus
1278 1558 1357 1619 de
1396 1556 1706 1620 fidelitate
1746 1557 1845 1621 vel
1888 1557 2168 1620 amicitia
2215 1557 2378 1637 ejuS.

884 1652 948 1716 Si
991 1672 1139 1718 vero
1183 1663 1474 1717 sumatur
1504 1658 1785 1725 credere,
1836 1663 2027 1736 prout
2066 1662 2165 1716 est
2205 1660 2383 1716 actus

884 1751 1039 1816 fidei
1086 1771 1231 1834 quae
1278 1761 1373 1815 est
1413 1753 1614 1816 virtus
1662 1752 2034 1835 theologica,
2079 1753 2172 1816 sic
2209 1753 2386 1816 Chri-

2487 779 2547 834 to
2593 771 2828 836 Pascha
2885 761 3411 846 Christianorum,
3471 772 3586 854 qui
3645 778 3796 833 sunt
3845 771 3970 831 veri

2485 869 2704 944 Judaei,
2759 889 2886 933 non
2943 888 3130 933 carne
3185 877 3250 932 et
3301 871 3532 944 littera,
3584 870 3696 932 sed
3753 868 3976 950 spiritu

2491 967 2890 1043 confitenteS,
2927 969 3269 1031 ascendere
3305 968 3612 1031 debemus
3653 967 3976 1029 ecclesiam

2491 1073 2621 1129 toto
2681 1075 2965 1148 tempore
3023 1066 3577 1148 quadragesimali,
3631 1083 3982 1148 praeparan-

2490 1166 2569 1227 do
2618 1183 2732 1228 nos
2789 1165 2867 1226 ad
2927 1166 3216 1228 devotam
3267 1164 3580 1247 paschalis
3625 1163 3980 1226 festivitatis

2489 1261 3002 1338 celebrationem,
3067 1281 3180 1346 per
3232 1281 3426 1346 opera
3483 1261 3868 1345 poenitentiae
3921 1266 3985 1322 et

2491 1360 2790 1422 exercitia
2840 1361 3192 1424 devotionis
3241 1367 3432 1442 atque
3479 1359 3982 1442 compunctionis

2493 1457 2780 1520 internae.

2572 1555 2862 1628 Quotidie
2900 1575 3158 1639 quoque
3199 1557 3413 1620 visitat
3451 1555 3736 1619 Christus
3775 1555 3988 1618 Eccle-

2494 1653 2675 1728 siam,
2728 1673 2873 1736 quae
2920 1672 3037 1736 per
3078 1655 3426 1717 Jerusalem
3475 1655 3878 1735 designatur3
3923 1661 3986 1715 et

2492 1752 2739 1816 invenit
2767 1753 2858 1816 ibi
2890 1755 3235 1817 vendentes
3264 1771 3414 1816 oves
3443 1761 3508 1814 et
3545 1752 3764 1824 boveS,
3799 1753 3860 1814 id
3887 1760 3986 1814 cst

886 1857 1019 1912 stus
1070 1868 1195 1913 non
1248 1851 1541 1925 credidit,
1599 1869 1715 1913 nec
1771 1851 2007 1933 aliquis
2055 1851 2244 1914 debet
2291 1851 2384 1912 sic
2415 1853 2466 1918 Β
2494 1851 2756 1915 clericos
2795 1852 3255 1934 temporalibus
3295 1851 3562 1932 negotiis
3603 1850 3980 1934 implicatoS‚

886 1948 953 2010 in
984 1967 1218 2031 purum
1250 1949 1575 2012 hominem
1611 1951 1889 2013 credere.
1916 1949 2201 2032 Denique
2232 1949 2382 2012 huic

886 2047 1264 2128 expositioni
1311 2049 1695 2110 concordant
1738 2049 2091 2129 sequentia,
2134 2049 2202 2109 in
2241 2047 2384 2129 qui-

887 2143 1008 2207 bus
1037 2145 1316 2226 tangitur
1347 2147 1504 2209 ratio
1533 2164 1730 2227 quare
1760 2146 2045 2210 Christus
2086 2164 2213 2209 non
2245 2163 2382 2208 cre-

889 2242 1079 2305 debat
1118 2261 1187 2304 se
1230 2243 1379 2305 illis.

970 2344 1063 2404 Eo
1100 2345 1272 2422 quod
1310 2344 1445 2420 ipse
1482 2351 1684 2403 nosset
1721 2362 1958 2414 omneS,
1993 2342 2058 2404 id
2099 2349 2217 2416 est,
2251 2359 2385 2404 cer-

886 2439 1307 2501 titudinaliter
1362 2447 1769 2519 cognosceret
1823 2439 2111 2502 omnium
2170 2441 2379 2515 corda,

889 2545 953 2599 et
1000 2554 1115 2619 per
1161 2554 1557 2619 consequens
1606 2539 1795 2600 corda
1843 2537 2131 2612 istorum,
2177 2538 2383 2600 sciens

888 2642 1126 2717 quanta
1170 2642 1338 2696 esset
1382 2652 1603 2697 eorum
1662 2634 1911 2697 interna
1959 2635 2276 2715 defecti03
2325 2646 2386 2698 et

888 2735 1048 2812 quia
1083 2752 1268 2810 opus,
1296 2733 1363 2795 id
1401 2740 1497 2794 est
1530 2750 1810 2808 necesse,
1841 2735 1904 2794 ei
1942 2753 2072 2794 non
2113 2742 2282 2803 erat,
2313 2743 2386 2794 ut

884 2833 1032 2910 quis
1092 2832 1531 2892 testimonium
1580 2831 1944 2908 perhiberet
1994 2834 2073 2892 de
2124 2834 2386 2892 homine

879 2945 1304 3009 quocumque,
1328 2929 1406 2990 ad
1440 2926 1976 2990 manifestandum
2006 2929 2253 2992 Christo
2281 2929 2388 2990 ali-

2493 1951 2868 2025 sacerdoteS,
2912 1950 3238 2031 religiosos
3275 1958 3466 2030 atque
3508 1948 3796 2032 praelatos
3841 1968 3985 2012 ava-

2492 2047 2652 2110 ritiae
2700 2048 2966 2122 deditoS,
3021 2047 3278 2130 propria
3325 2048 3522 2122 lucra,
3575 2067 3702 2111 non
3751 2047 3982 2111 Christi
4010 2066 4226 2115 wama

2492 2147 2796 2210 honorem
2829 2155 2892 2208 et
2917 2147 3126 2228 gregis
3157 2145 3459 2210 dominici
3489 2145 3780 2221 salutem,
3811 2165 3985 2228 qute-

2495 2253 2726 2308 rentes.
2775 2245 3128 2319 Quocontra
3173 2245 3326 2309 dicit
3371 2245 3708 2327 Apostolus
3741 2263 3758 2308 t
3789 2245 3986 2309 Nemo
4013 2261 4228 2306 nrm-,t

2492 2345 2774 2407 militans
2815 2344 2960 2418 Deo,
2997 2344 3281 2427 implicat
3319 2361 3386 2406 se
3425 2343 3834 2406 saeeularibus
3876 2363 3990 2406 ne-

2490 2443 2701 2524 gotiis.
2732 2444 2993 2506 Demum
3027 2442 3351 2506 columbas
3381 2443 3687 2517 vendunt,
3721 2443 3834 2524 qui
3867 2444 3990 2525 spi-

2496 2542 2748 2604 ritualia
2785 2541 2953 2604 bona
2991 2559 3106 2623 pro
3141 2539 3600 2623 temporalibus
3639 2540 3988 2622 exhibent,
3970 2561 3985 2574 ·

2495 2639 2609 2721 qui
2659 2658 2784 2703 non
2833 2639 3167 2702 excutiunt
3215 2657 3440 2701 manus
3491 2657 3634 2700 suas
3681 2638 3760 2700 ab
3810 2639 3988 2703 omni

2497 2755 2783 2799 munere.
2819 2737 3046 2800 Contra
3087 2755 3248 2819 quos
3293 2736 3383 2798 ait
3425 2734 3753 2799 Salvator:
3785 2735 3991 2799 Gratis

2493 2835 2854 2918 accepistis,
2897 2835 3094 2915 gratis
3135 2835 3300 2896 date.

2573 2933 2802 2996 Omnes
2845 2934 3000 2996 tales
3041 2932 3218 3014 ejicit
3265 2932 3548 2996 Christus
3597 2933 3676 2996 de
3721 2934 3986 3015 templo,

882 3026 1040 3108 quid
1081 3026 1261 3107 prius
1300 3027 1360 3088 ei
1399 3026 1711 3107 ignotum·
1734 3030 1881 3106 Ipse
1915 3029 2093 3088 enim
2125 3029 2384 3097 sciebat,
2418 3030 2466 3097 C
2497 3033 2558 3095 id
2598 3040 2714 3106 est,
2749 3051 2786 3094 a
2823 3049 3087 3113 corpore
3127 3049 3242 3094 suo
3279 3031 3566 3114 mystico,
3597 3050 3634 3093 a
3671 3032 3990 3096 consortio

884 3127 1237 3209 praesertim
1295 3144 1411 3208 per
1466 3127 1796 3188 scientiam
1857 3127 2223 3203 increatam,
2285 3145 2384 3190 se-

884 3225 1169 3287 cundum
1199 3226 1372 3305 quod
1401 3224 1587 3299 Deus,
1622 3232 1685 3286 et
1724 3225 1875 3288 item
1908 3242 2023 3307 per
2052 3225 2384 3288 scientiam

884 3321 1186 3398 infusam,
1223 3329 1291 3384 ut
1333 3323 1544 3396 homo,
1579 3323 1679 3386 vel
1724 3323 1790 3384 in
1833 3323 2060 3399 Verb0,
2092 3328 2257 3404 quid
2295 3343 2385 3384 es-

883 3431 974 3482 set
1021 3423 1095 3482 in
1142 3423 1427 3491 homine,
1478 3421 1599 3484 hoc
1656 3429 1752 3484 est
1808 3421 2023 3484 omnia
2079 3422 2386 3485 interiora

888 3526 1257 3600 secretaque
1306 3519 1583 3582 hominis
1632 3519 2119 3601 cujuscumque,
2165 3519 2388 3583 videli-

889 3626 989 3680 cet
1017 3617 1349 3692 desideria,
1374 3618 1805 3699 cogitationeS,
1840 3618 2247 3682 intentiones.
2271 3618 2386 3680 Per

886 3717 1059 3798 quod
1102 3717 1314 3779 innuit
1362 3715 1761 3797 Evangelista
1802 3717 2204 3779 divinitatem
2255 3717 2388 3779 Sal-

890 3814 1147 3888 vatoris,
1180 3815 1333 3896 quia
1362 3814 1707 3896 Scripturae
1746 3822 2057 3877 testantur
2086 3814 2211 3878 Deo
2245 3833 2389 3897 pro-

890 3912 1104 3993 prium
1160 3929 1322 3987 esse,
1376 3912 1822 3976 universorum
1875 3913 2165 3976 cordium
2225 3914 2388 3976 scire

890 4029 1137 4073 arcana.
1190 4010 1343 4073 Nam
1402 4010 1550 4074 licet
1606 4011 1891 4074 Christus
1949 4012 2206 4076 sciverit
2254 4011 2384 4086 illa,

892 4111 1083 4171 etiam
1115 4118 1186 4171 ut
1214 4110 1423 4184 homo,
1458 4127 1573 4191 per
1603 4109 1935 4172 scientiam
1966 4118 2385 4185 concreatam,

2493 3131 2839 3194 electorum
2889 3137 3139 3212 separat
3185 3147 3290 3193 eos
3338 3148 3510 3192 nunc
3555 3137 3702 3193 voto
3743 3148 3817 3192 ac
3857 3147 3994 3192 me-

2495 3229 2658 3309 rito;
2711 3236 2926 3312 postea
2965 3245 3116 3291 vero
3159 3227 3476 3310 separabit
3517 3227 3670 3290 istos
3711 3227 3793 3290 ab
3835 3227 3989 3300 illis,

2495 3327 2633 3391 loco
2663 3335 2726 3389 et
2756 3326 3038 3408 praemio,
3073 3325 3238 3389 sicut
3275 3333 3560 3407 segregat
3599 3333 3812 3407 pastor
3839 3343 3994 3388 oves

2495 3425 2574 3487 ab
2605 3425 2830 3499 hoedis,
2864 3426 3119 3506 quando
3147 3424 3216 3485 hi
3247 3423 3433 3485 ibunt
3461 3423 3528 3485 in
3571 3423 3784 3504 ignem
3813 3432 3998 3486 aiter-

2497 3543 2674 3597 num,
2731 3522 2826 3584 illi
2885 3540 3034 3585 vero
3093 3521 3158 3583 in
3219 3520 3584 3603 paradisum
3641 3521 3992 3584 coelestem.

2493 3620 2684 3701 Ejicit
2729 3627 2963 3691 autem,
3005 3617 3284 3699 flagellat
3324 3625 3388 3679 et
3429 3618 3618 3700 punit
3663 3635 3770 3681 eos
3819 3617 4000 3681 Ghri·

2495 3727 2653 3793 stuS,
2713 3717 2968 3798 flagello
3026 3716 3194 3779 facto
3251 3718 3328 3779 de
3383 3715 3713 3790 funiculiS,
3775 3715 3842 3779 id
3903 3723 4002 3778 est

2497 3834 2687 3899 poena
2714 3833 2908 3896 quam
2946 3822 3271 3876 merentur
3312 3813 3590 3896 propriis
3621 3813 3817 3888 vitiis,
3851 3833 4002 3896 quae

2499 3923 2649 3976 sunt
2705 3913 2892 3975 funes
2961 3929 3075 3974 seu
3139 3911 3395 3976 vincula
3453 3911 3692 3994 quibus
3758 3911 4002 3994 impius

2499 4013 2803 4086 irretitur,
2856 4011 3107 4091 ligatur,
3155 4019 3348 4092 atque
3396 4010 3876 4090 constringitur,
3923 4027 4002 4072 ne

2499 4111 2697 4174 Deum
2751 4117 3073 4191 sequatur,
3127 4127 3206 4170 ne
3261 4108 3328 4170 in
3379 4108 3546 4170 viam
3596 4108 3740 4170 vitae
3797 4107 4000 4190 prosi-

898 4217 967 4270 ut
1013 4208 1255 4270 dictum
1310 4215 1426 4283 est,
1482 4208 1601 4270 hoc
1656 4215 1867 4269 tamen
1920 4227 2045 4271 non
2093 4207 2217 4271 fuit
2266 4209 2386 4270 nisi
2421 4212 2472 4276 D
2502 4210 2793 4282 ciscatur,
2845 4209 2954 4270 sed
3007 4207 3312 4270 daemonis
3371 4206 3684 4288 potestati,
3732 4205 3892 4288 iugo
3939 4213 4002 4268 et

898 4305 1248 4368 secundum
1276 4307 1446 4386 quod
1481 4306 1671 4369 homo
1699 4305 1866 4380 talis,
1903 4314 2119 4387 utpote
2150 4307 2391 4369 habens

900 4403 1359 4466 humanitatem
1424 4404 1629 4467 Verbo
1698 4405 2090 4488 hypostatica
2157 4406 2393 4469 unione

900 4503 1326 4583 conjunctam.
1376 4501 1534 4564 Hinc
1582 4503 1646 4565 in
1698 4503 1880 4565 libris
1940 4503 2180 4585 Regum
2229 4503 2394 4568 Salo-

606 4619 873 4677 nianum.
901 4619 1050 4664 mon
1104 4601 1386 4681 loquitur
1438 4619 1451 4663 ε
1505 4599 1618 4676 Τιι,
1672 4601 1953 4675 Domine,
2006 4602 2178 4666 solus
2227 4603 2391 4666 nosti

904 4701 1090 4764 corda
1120 4699 1408 4764 omnium
1439 4699 1884 4762 hominum.Et
1914 4700 1979 4764 in
2010 4699 2393 4783 Apocalypsi

605 4814 877 4872 Λροωιαι.
906 4799 1209 4862 Dominus
1242 4803 1660 4879 protestatur:
1695 4797 1909 4860 Scient
1936 4817 2160 4862 omnes
2193 4799 2397 4862 Eccle-

907 4897 1036 4971 siae,
1060 4897 1213 4978 quia
1242 4912 1356 4976 ego
1385 4911 1527 4956 sum
1559 4903 1845 4958 scrutans
1876 4898 2063 4960 corda
2092 4905 2158 4958 et
2188 4915 2391 4961 renes.

656 5105 879 5162 asponae
985 5092 1153 5156 Nunc
1189 5093 1435 5175 aliquid
1467 5095 1543 5156 de
1584 5093 1935 5156 moralitate
1977 5095 2171 5176 hujus
2212 5113 2400 5157 evan-

610 5170 801 5216 moralis.

904 5192 1123 5274 gelicae
1170 5192 1459 5256 lectionis
1510 5194 1904 5255 tractandum
1954 5201 2069 5255 est.
2124 5193 2400 5256 Instante

2501 4307 2809 4389 obsequio
2857 4305 3149 4368 subditus
3210 4313 3480 4378 maneat,
3534 4313 3723 4387 prout
3767 4304 3846 4367 ad
3901 4305 4002 4367 Ti-

2501 4407 2827 4470 motheum
2866 4404 2955 4466 ait
2993 4402 3332 4485 Apostolus
3365 4421 3380 4465 :
3414 4402 3807 4485 Resipiscant
3841 4421 3884 4464 a
3921 4403 4002 4465 la-

2503 4505 2686 4616 queis
2733 4502 2991 4577 diaboli,
3033 4522 3070 4564 a
3115 4521 3245 4584 quo
3291 4501 3527 4583 captivi
3575 4510 3875 4564 tenentur
3921 4502 4000 4564 ad

2505 4603 2706 4686 ipsius
2757 4601 3168 4665 voluntatem.
3212 4599 3297 4662 De
3343 4599 3577 4662 talibus
3625 4617 3862 4682 nempe
3906 4600 4002 4661 su-

2505 4701 2736 4764 niculis
2783 4698 3076 4762 Salomon
3127 4698 3410 4779 loquitur
3456 4697 3523 4760 in
3573 4696 3930 4761 Proverbiis
3980 4716 3996 4760 ε

2503 4799 2871 4882 Iniquitates
2915 4815 3044 4859 suae
3087 4797 3350 4878 capiunt
3387 4796 3682 4877 impium,
3723 4803 3788 4856 et
3830 4795 4000 4858 funi-

2505 4899 2624 4961 bus
2658 4903 3058 4979 peccatorum
3089 4913 3350 4958 suorum
3381 4893 3856 4973 constringitur.
3889 4893 4000 4955 Ta-

2507 4997 2676 5059 libus
2715 4993 3024 5057 funiculis
3065 5011 3132 5054 se
3171 4991 3631 5072 constringunt,
3663 4999 3726 5053 et
3765 5000 3998 5054 restem

2507 5093 2837 5158 infernalis
2867 5091 3296 5175 suspensionis
3325 5091 3578 5153 sibimet
3609 5097 3852 5167 texunt,
3866 5109 4000 5172 qui

2507 5210 2786 5273 cumque
2833 5191 2898 5254 in
2949 5190 3122 5254 vitiis
3171 5195 3617 5273 perseverant;
3665 5188 3780 5269 qui
3839 5188 4000 5269 adji-

4059 2664 4112 2707 18.
4121 2677 4228 2705 ma.

4019 2730 4078 2769 1⁵.

4017 2788 4186 2831 Uadi-x
4189 2789 4232 2832 ..S

4044 3251 4146 3294 [δεῖ.
4157 3263 4226 3296 xtv.

4021 3318 4082 3358 32.

4047 3447 4148 3492 md-
4171 3447 4220 3486 δί.

4049 4426 4082 4469 ll
4101 4424 4190 4467 rin.
4205 4433 4236 4462 ιι.

4027 4491 4088 4531 2⁶.

4023 4795 4247 4862 Pras-l

4023 5201 4245 5252 mma

906 5289 1069 5353 festo
1127 5289 1406 5371 paschali
1460 5290 1840 5364 Judaeorum,
1890 5292 2176 5354 ascendit
2221 5292 2400 5354 Jesus
2510 5291 2690 5354 ciunt
2725 5292 2805 5354 ad
2847 5290 3274 5372 peccandum3
3313 5305 3592 5369 quorum
3629 5286 3997 5368 iniquitates
4023 5283 4245 5392 annai}
