<?xml version="1.0" encoding="UTF-8"?>
<!DOCTYPE html PUBLIC "-//W3C//DTD XHTML 1.0 Transitional//EN"
    "http://www.w3.org/TR/xhtml1/DTD/xhtml1-transitional.dtd">
<html xmlns="http://www.w3.org/1999/xhtml" xml:lang="en" lang="en">
 <head>
  <title>
</title>
<meta http-equiv="Content-Type" content="text/html;charset=utf-8" />
  <meta name='ocr-system' content='tesseract 3.04.00' />
  <meta name='ocr-capabilities' content='ocr_page ocr_carea ocr_par ocr_line ocrx_word'/>
</head>
<body>
  <div class='ocr_page' id='page_1' title='image "./doctorisecstati09unkngoog_0157.png"; bbox 0 0 4300 6259; ppageno 0'>
   <div class='ocr_carea' id='block_1_1' title="bbox 78 2095 319 2146">
    <p class='ocr_par' dir='ltr' id='par_1_1' title="bbox 78 2095 319 2146">
     <span class='ocr_line' id='line_1_1' title="bbox 78 2095 319 2146; baseline 0.012 -10"><span class='ocrx_word' id='word_1_1' title='bbox 78 2095 188 2136; x_wconf 72' lang='lat' dir='ltr'>flon-</span> <span class='ocrx_word' id='word_1_2' title='bbox 199 2109 237 2146; x_wconf 78' lang='lat' dir='ltr'>v,</span> <span class='ocrx_word' id='word_1_3' title='bbox 250 2097 319 2139; x_wconf 73' lang='lat'>2⁰.</span> 
     </span>
    </p>
   </div>
   <div class='ocr_carea' id='block_1_2' title="bbox 86 3275 316 3390">
    <p class='ocr_par' dir='ltr' id='par_1_2' title="bbox 86 3275 316 3390">
     <span class='ocr_line' id='line_1_2' title="bbox 128 3275 279 3320; baseline 0.02 -3"><span class='ocrx_word' id='word_1_4' title='bbox 128 3275 279 3320; x_wconf 65' lang='lat' dir='ltr'>Mami.</span> 
     </span>
     <span class='ocr_line' id='line_1_3' title="bbox 86 3343 316 3390; baseline 0.039 -14"><span class='ocrx_word' id='word_1_5' title='bbox 86 3351 180 3386; x_wconf 77' lang='lat' dir='ltr'>mn,</span> <span class='ocrx_word' id='word_1_6' title='bbox 188 3343 245 3390; x_wconf 75' lang='lat'>12,</span> <span class='ocrx_word' id='word_1_7' title='bbox 254 3345 267 3383; x_wconf 85' lang='lat' dir='ltr'>l</span> <span class='ocrx_word' id='word_1_8' title='bbox 276 3344 316 3385; x_wconf 77' lang='lat'>3.</span> 
     </span>
    </p>
   </div>
   <div class='ocr_carea' id='block_1_3' title="bbox 1122 529 2710 578">
    <p class='ocr_par' dir='ltr' id='par_1_3' title="bbox 1122 529 2710 578">
     <span class='ocr_line' id='line_1_4' title="bbox 1122 529 2710 578; baseline 0.001 -2"><span class='ocrx_word' id='word_1_9' title='bbox 1122 529 1473 578; x_wconf 67' lang='lat' dir='ltr'>zumulo</span> <span class='ocrx_word' id='word_1_10' title='bbox 1514 529 1579 576; x_wconf 77' lang='lat' dir='ltr'>m</span> <span class='ocrx_word' id='word_1_11' title='bbox 1618 529 1757 578; x_wconf 72' lang='lat' dir='ltr'>cAP.</span> <span class='ocrx_word' id='word_1_12' title='bbox 1802 531 1885 576; x_wconf 77' lang='lat' dir='ltr'>XV</span> <span class='ocrx_word' id='word_1_13' title='bbox 1924 529 2115 578; x_wconf 74' lang='lat' dir='ltr'>LucAE.</span> <span class='ocrx_word' id='word_1_14' title='bbox 2161 549 2242 562; x_wconf 89' lang='grc'>-</span> <span class='ocrx_word' id='word_1_15' title='bbox 2283 530 2425 578; x_wconf 74' lang='lat' dir='ltr'>Am.</span> <span class='ocrx_word' id='word_1_16' title='bbox 2471 531 2710 578; x_wconf 77' lang='lat' dir='ltr'>mvn!</span> 
     </span>
    </p>
   </div>
   <div class='ocr_carea' id='block_1_4' title="bbox 3345 509 3464 576">
    <p class='ocr_par' dir='ltr' id='par_1_4' title="bbox 3345 509 3464 576">
     <span class='ocr_line' id='line_1_5' title="bbox 3345 509 3464 576; baseline 0 0"><span class='ocrx_word' id='word_1_17' title='bbox 3345 509 3464 576; x_wconf 77' lang='lat'>105</span> 
     </span>
    </p>
   </div>
   <div class='ocr_carea' id='block_1_5' title="bbox 356 697 3468 785">
    <p class='ocr_par' dir='ltr' id='par_1_5' title="bbox 356 697 3468 785">
     <span class='ocr_line' id='line_1_6' title="bbox 356 697 3468 785; baseline 0.001 -26"><span class='ocrx_word' id='word_1_18' title='bbox 356 698 677 762; x_wconf 79' lang='lat' dir='ltr'>nocentiae</span> <span class='ocrx_word' id='word_1_19' title='bbox 716 698 1151 781; x_wconf 80' lang='lat' dir='ltr'>praeferendus</span> <span class='ocrx_word' id='word_1_20' title='bbox 1196 700 1278 763; x_wconf 93' lang='lat' dir='ltr'>sit</span> <span class='ocrx_word' id='word_1_21' title='bbox 1320 700 1507 763; x_wconf 90' lang='lat' dir='ltr'>statui</span> <span class='ocrx_word' id='word_1_22' title='bbox 1550 700 1865 785; x_wconf 90' lang='lat' dir='ltr'>poeniten-</span> <span class='ocrx_word' id='word_1_23' title='bbox 1891 697 1943 759; x_wconf 87' lang='lat' dir='ltr'><strong>A</strong></span> <span class='ocrx_word' id='word_1_24' title='bbox 1972 709 2203 763; x_wconf 87' lang='lat' dir='ltr'>runtur</span> <span class='ocrx_word' id='word_1_25' title='bbox 2255 721 2268 765; x_wconf 94' lang='lat'><strong>:</strong></span> <span class='ocrx_word' id='word_1_26' title='bbox 2319 704 2492 784; x_wconf 89' lang='lat' dir='ltr'>quod</span> <span class='ocrx_word' id='word_1_27' title='bbox 2549 710 2759 766; x_wconf 89' lang='lat' dir='ltr'>tamen</span> <span class='ocrx_word' id='word_1_28' title='bbox 2814 721 2964 767; x_wconf 87' lang='lat' dir='ltr'>sane</span> <span class='ocrx_word' id='word_1_29' title='bbox 3021 701 3294 784; x_wconf 83' lang='lat' dir='ltr'>intelligi</span> <span class='ocrx_word' id='word_1_30' title='bbox 3353 721 3468 784; x_wconf 89' lang='lat' dir='ltr'>par</span> 
     </span>
    </p>
   </div>
   <div class='ocr_carea' id='block_1_6' title="bbox 348 795 1865 1865">
    <p class='ocr_par' dir='ltr' id='par_1_6' title="bbox 348 795 1865 1865">
     <span class='ocr_line' id='line_1_7' title="bbox 354 795 1865 879; baseline 0.002 -22"><span class='ocrx_word' id='word_1_31' title='bbox 354 795 485 870; x_wconf 80' lang='lat' dir='ltr'>tiae,</span> <span class='ocrx_word' id='word_1_32' title='bbox 538 814 617 860; x_wconf 90' lang='lat' dir='ltr'>eo</span> <span class='ocrx_word' id='word_1_33' title='bbox 662 800 835 879; x_wconf 92' lang='lat' dir='ltr'>quod</span> <span class='ocrx_word' id='word_1_34' title='bbox 892 799 1101 879; x_wconf 89' lang='lat' dir='ltr'>majus</span> <span class='ocrx_word' id='word_1_35' title='bbox 1150 799 1260 861; x_wconf 90' lang='lat' dir='ltr'>Dei</span> <span class='ocrx_word' id='word_1_36' title='bbox 1309 801 1547 862; x_wconf 91' lang='lat' dir='ltr'>donum</span> <span class='ocrx_word' id='word_1_37' title='bbox 1604 799 1865 861; x_wconf 73' lang='lat' dir='ltr'>exsistat</span> 
     </span>
     <span class='ocr_line' id='line_1_8' title="bbox 352 893 1864 979; baseline 0.003 -23"><span class='ocrx_word' id='word_1_38' title='bbox 352 893 727 958; x_wconf 90' lang='lat' dir='ltr'>innocentia</span> <span class='ocrx_word' id='word_1_39' title='bbox 756 915 949 978; x_wconf 89' lang='lat' dir='ltr'>quam</span> <span class='ocrx_word' id='word_1_40' title='bbox 992 897 1389 979; x_wconf 82' lang='lat' dir='ltr'>poenitentia.</span> <span class='ocrx_word' id='word_1_41' title='bbox 1423 896 1487 961; x_wconf 92' lang='lat' dir='ltr'>Si</span> <span class='ocrx_word' id='word_1_42' title='bbox 1521 916 1669 961; x_wconf 89' lang='lat' dir='ltr'>vero</span> <span class='ocrx_word' id='word_1_43' title='bbox 1700 917 1864 960; x_wconf 93' lang='lat' dir='ltr'>com-</span> 
     </span>
     <span class='ocr_line' id='line_1_9' title="bbox 354 996 1864 1078; baseline 0.002 -23"><span class='ocrx_word' id='word_1_44' title='bbox 354 1011 661 1075; x_wconf 85' lang='lat' dir='ltr'>paremus</span> <span class='ocrx_word' id='word_1_45' title='bbox 714 1011 1051 1077; x_wconf 83' lang='lat' dir='ltr'>personam</span> <span class='ocrx_word' id='word_1_46' title='bbox 1102 996 1293 1059; x_wconf 92' lang='lat' dir='ltr'>unius</span> <span class='ocrx_word' id='word_1_47' title='bbox 1344 1003 1543 1059; x_wconf 87' lang='lat' dir='ltr'>status</span> <span class='ocrx_word' id='word_1_48' title='bbox 1594 997 1672 1058; x_wconf 89' lang='lat' dir='ltr'>ad</span> <span class='ocrx_word' id='word_1_49' title='bbox 1721 1013 1864 1078; x_wconf 89' lang='lat' dir='ltr'>per-</span> 
     </span>
     <span class='ocr_line' id='line_1_10' title="bbox 352 1094 1860 1170; baseline 0.001 -15"><span class='ocrx_word' id='word_1_50' title='bbox 352 1111 583 1156; x_wconf 86' lang='lat' dir='ltr'>sonam</span> <span class='ocrx_word' id='word_1_51' title='bbox 632 1094 916 1170; x_wconf 78' lang='lat' dir='ltr'>alteriuS,</span> <span class='ocrx_word' id='word_1_52' title='bbox 952 1095 1190 1158; x_wconf 89' lang='lat' dir='ltr'>babent</span> <span class='ocrx_word' id='word_1_53' title='bbox 1238 1113 1307 1158; x_wconf 91' lang='lat' dir='ltr'>se</span> <span class='ocrx_word' id='word_1_54' title='bbox 1346 1095 1511 1158; x_wconf 88' lang='lat' dir='ltr'>sicut</span> <span class='ocrx_word' id='word_1_55' title='bbox 1553 1096 1860 1159; x_wconf 87' lang='lat' dir='ltr'>excedens</span> 
     </span>
     <span class='ocr_line' id='line_1_11' title="bbox 350 1192 1860 1275; baseline 0.001 -23"><span class='ocrx_word' id='word_1_56' title='bbox 350 1199 416 1252; x_wconf 87' lang='lat' dir='ltr'>et</span> <span class='ocrx_word' id='word_1_57' title='bbox 468 1209 806 1254; x_wconf 82' lang='lat' dir='ltr'><strong>excessum</strong></span> <span class='ocrx_word' id='word_1_58' title='bbox 849 1211 863 1255; x_wconf 94' lang='lat'>:</span> <span class='ocrx_word' id='word_1_59' title='bbox 906 1192 993 1254; x_wconf 91' lang='lat' dir='ltr'>ita</span> <span class='ocrx_word' id='word_1_60' title='bbox 1041 1194 1214 1274; x_wconf 91' lang='lat' dir='ltr'>quod</span> <span class='ocrx_word' id='word_1_61' title='bbox 1256 1193 1519 1275; x_wconf 90' lang='lat' dir='ltr'>quidam</span> <span class='ocrx_word' id='word_1_62' title='bbox 1568 1195 1645 1256; x_wconf 93' lang='lat' dir='ltr'>de</span> <span class='ocrx_word' id='word_1_63' title='bbox 1694 1200 1860 1255; x_wconf 91' lang='lat' dir='ltr'>statu</span> 
     </span>
     <span class='ocr_line' id='line_1_12' title="bbox 352 1288 1864 1372; baseline 0.001 -21"><span class='ocrx_word' id='word_1_64' title='bbox 352 1307 489 1352; x_wconf 92' lang='lat' dir='ltr'>uno</span> <span class='ocrx_word' id='word_1_65' title='bbox 540 1288 972 1370; x_wconf 80' lang='lat' dir='ltr'>praeferuntur</span> <span class='ocrx_word' id='word_1_66' title='bbox 1012 1291 1397 1372; x_wconf 88' lang='lat' dir='ltr'>quibusdam</span> <span class='ocrx_word' id='word_1_67' title='bbox 1443 1293 1521 1354; x_wconf 90' lang='lat' dir='ltr'>de</span> <span class='ocrx_word' id='word_1_68' title='bbox 1562 1299 1728 1354; x_wconf 88' lang='lat' dir='ltr'>statu</span> <span class='ocrx_word' id='word_1_69' title='bbox 1773 1291 1864 1353; x_wconf 88' lang='lat' dir='ltr'>al-</span> 
     </span>
     <span class='ocr_line' id='line_1_13' title="bbox 348 1389 1862 1471; baseline 0.001 -22"><span class='ocrx_word' id='word_1_70' title='bbox 348 1394 515 1462; x_wconf 87' lang='lat' dir='ltr'>tero,</span> <span class='ocrx_word' id='word_1_71' title='bbox 549 1390 906 1451; x_wconf 90' lang='lat' dir='ltr'>secundum</span> <span class='ocrx_word' id='word_1_72' title='bbox 953 1390 1127 1471; x_wconf 89' lang='lat' dir='ltr'>quod</span> <span class='ocrx_word' id='word_1_73' title='bbox 1174 1397 1325 1452; x_wconf 89' lang='lat' dir='ltr'>sunt</span> <span class='ocrx_word' id='word_1_74' title='bbox 1372 1389 1438 1451; x_wconf 91' lang='lat' dir='ltr'>in</span> <span class='ocrx_word' id='word_1_75' title='bbox 1480 1389 1705 1469; x_wconf 91' lang='lat' dir='ltr'>majori</span> <span class='ocrx_word' id='word_1_76' title='bbox 1752 1396 1862 1451; x_wconf 90' lang='lat' dir='ltr'>aut</span> 
     </span>
     <span class='ocr_line' id='line_1_14' title="bbox 350 1486 1861 1569; baseline 0 -21"><span class='ocrx_word' id='word_1_77' title='bbox 350 1486 595 1550; x_wconf 87' lang='lat' dir='ltr'>minori</span> <span class='ocrx_word' id='word_1_78' title='bbox 656 1487 915 1550; x_wconf 88' lang='lat' dir='ltr'>caritate</span> <span class='ocrx_word' id='word_1_79' title='bbox 974 1495 1039 1550; x_wconf 89' lang='lat' dir='ltr'>et</span> <span class='ocrx_word' id='word_1_80' title='bbox 1082 1487 1305 1569; x_wconf 87' lang='lat' dir='ltr'>gratia.</span> <span class='ocrx_word' id='word_1_81' title='bbox 1359 1487 1519 1550; x_wconf 86' lang='lat' dir='ltr'>Hinc</span> <span class='ocrx_word' id='word_1_82' title='bbox 1573 1486 1861 1550; x_wconf 90' lang='lat' dir='ltr'>absolute</span> 
     </span>
     <span class='ocr_line' id='line_1_15' title="bbox 351 1585 1862 1667; baseline 0.001 -21"><span class='ocrx_word' id='word_1_83' title='bbox 351 1585 704 1666; x_wconf 88' lang='lat' dir='ltr'>loquendo,</span> <span class='ocrx_word' id='word_1_84' title='bbox 746 1587 827 1649; x_wconf 91' lang='lat' dir='ltr'>de</span> <span class='ocrx_word' id='word_1_85' title='bbox 874 1586 1096 1649; x_wconf 88' lang='lat' dir='ltr'>multis</span> <span class='ocrx_word' id='word_1_86' title='bbox 1140 1586 1331 1667; x_wconf 88' lang='lat' dir='ltr'>justis</span> <span class='ocrx_word' id='word_1_87' title='bbox 1387 1605 1461 1648; x_wconf 89' lang='lat' dir='ltr'>ac</span> <span class='ocrx_word' id='word_1_88' title='bbox 1510 1585 1862 1648; x_wconf 88' lang='lat' dir='ltr'>innocenti-</span> 
     </span>
     <span class='ocr_line' id='line_1_16' title="bbox 349 1683 1859 1768; baseline 0 -22"><span class='ocrx_word' id='word_1_89' title='bbox 349 1683 501 1758; x_wconf 90' lang='lat' dir='ltr'><strong>bus,</strong></span> <span class='ocrx_word' id='word_1_90' title='bbox 554 1691 863 1767; x_wconf 84' lang='lat' dir='ltr'>tanquam</span> <span class='ocrx_word' id='word_1_91' title='bbox 914 1686 995 1748; x_wconf 91' lang='lat' dir='ltr'>de</span> <span class='ocrx_word' id='word_1_92' title='bbox 1053 1686 1435 1768; x_wconf 88' lang='lat' dir='ltr'>simpliciter</span> <span class='ocrx_word' id='word_1_93' title='bbox 1484 1685 1859 1749; x_wconf 91' lang='lat' dir='ltr'>melioribus</span> 
     </span>
     <span class='ocr_line' id='line_1_17' title="bbox 348 1782 1859 1865; baseline 0.001 -22"><span class='ocrx_word' id='word_1_94' title='bbox 348 1791 412 1844; x_wconf 90' lang='lat' dir='ltr'>et</span> <span class='ocrx_word' id='word_1_95' title='bbox 468 1783 597 1846; x_wconf 88' lang='lat' dir='ltr'>Deo</span> <span class='ocrx_word' id='word_1_96' title='bbox 650 1784 851 1865; x_wconf 87' lang='lat' dir='ltr'>magis</span> <span class='ocrx_word' id='word_1_97' title='bbox 904 1782 1175 1860; x_wconf 82' lang='lat' dir='ltr'>dilectis,</span> <span class='ocrx_word' id='word_1_98' title='bbox 1231 1785 1439 1864; x_wconf 90' lang='lat' dir='ltr'>majus</span> <span class='ocrx_word' id='word_1_99' title='bbox 1492 1792 1590 1847; x_wconf 90' lang='lat' dir='ltr'>est</span> <span class='ocrx_word' id='word_1_100' title='bbox 1637 1783 1859 1865; x_wconf 84' lang='lat' dir='ltr'>gaudi-</span> 
     </span>
    </p>
   </div>
   <div class='ocr_carea' id='block_1_7' title="bbox 1965 800 3469 1857">
    <p class='ocr_par' dir='ltr' id='par_1_7' title="bbox 1965 800 3469 1857">
     <span class='ocr_line' id='line_1_18' title="bbox 1970 800 3468 883; baseline 0.001 -22"><span class='ocrx_word' id='word_1_101' title='bbox 1970 807 2086 862; x_wconf 90' lang='lat' dir='ltr'>est.</span> <span class='ocrx_word' id='word_1_102' title='bbox 2136 801 2272 864; x_wconf 90' lang='lat' dir='ltr'>Non</span> <span class='ocrx_word' id='word_1_103' title='bbox 2321 801 2494 864; x_wconf 90' lang='lat' dir='ltr'>enim</span> <span class='ocrx_word' id='word_1_104' title='bbox 2545 802 2853 866; x_wconf 87' lang='lat' dir='ltr'>veraciter</span> <span class='ocrx_word' id='word_1_105' title='bbox 2899 803 3066 864; x_wconf 90' lang='lat' dir='ltr'>inest</span> <span class='ocrx_word' id='word_1_106' title='bbox 3113 802 3205 864; x_wconf 91' lang='lat' dir='ltr'>eis</span> <span class='ocrx_word' id='word_1_107' title='bbox 3252 800 3468 883; x_wconf 89' lang='lat' dir='ltr'>aliqua</span> 
     </span>
     <span class='ocr_line' id='line_1_19' title="bbox 1971 899 3469 983; baseline -0.001 -21"><span class='ocrx_word' id='word_1_108' title='bbox 1971 899 2242 981; x_wconf 88' lang='lat' dir='ltr'>poenalis</span> <span class='ocrx_word' id='word_1_109' title='bbox 2291 899 2571 976; x_wconf 81' lang='lat' dir='ltr'>affecti0,</span> <span class='ocrx_word' id='word_1_110' title='bbox 2617 902 2727 964; x_wconf 91' lang='lat' dir='ltr'>sed</span> <span class='ocrx_word' id='word_1_111' title='bbox 2777 919 2890 983; x_wconf 89' lang='lat' dir='ltr'>per</span> <span class='ocrx_word' id='word_1_112' title='bbox 2941 901 3198 965; x_wconf 90' lang='lat' dir='ltr'>modum</span> <span class='ocrx_word' id='word_1_113' title='bbox 3252 899 3469 963; x_wconf 88' lang='lat' dir='ltr'>dolen-</span> 
     </span>
     <span class='ocr_line' id='line_1_20' title="bbox 1968 996 3465 1081; baseline 0 -22"><span class='ocrx_word' id='word_1_114' title='bbox 1968 996 2049 1059; x_wconf 92' lang='lat' dir='ltr'>tis</span> <span class='ocrx_word' id='word_1_115' title='bbox 2110 1017 2178 1060; x_wconf 89' lang='lat' dir='ltr'>se</span> <span class='ocrx_word' id='word_1_116' title='bbox 2227 999 2463 1062; x_wconf 89' lang='lat' dir='ltr'>habent</span> <span class='ocrx_word' id='word_1_117' title='bbox 2509 1017 2524 1062; x_wconf 72' lang='grc' dir='ltr'>ε</span> <span class='ocrx_word' id='word_1_118' title='bbox 2573 999 2754 1080; x_wconf 82' lang='lat' dir='ltr'>juxta</span> <span class='ocrx_word' id='word_1_119' title='bbox 2799 1017 2994 1081; x_wconf 89' lang='lat' dir='ltr'>quem</span> <span class='ocrx_word' id='word_1_120' title='bbox 3042 1015 3300 1060; x_wconf 91' lang='lat' dir='ltr'>sensum</span> <span class='ocrx_word' id='word_1_121' title='bbox 3351 997 3465 1072; x_wconf 91' lang='lat' dir='ltr'>ira,</span> 
     </span>
     <span class='ocr_line' id='line_1_21' title="bbox 1966 1094 3342 1180; baseline -0.001 -22"><span class='ocrx_word' id='word_1_122' title='bbox 1966 1094 2170 1178; x_wconf 81' lang='lat' dir='ltr'>furor,</span> <span class='ocrx_word' id='word_1_123' title='bbox 2217 1105 2280 1159; x_wconf 89' lang='lat' dir='ltr'>et</span> <span class='ocrx_word' id='word_1_124' title='bbox 2321 1096 2672 1180; x_wconf 71' lang='lat' dir='ltr'>poenitudo,</span> <span class='ocrx_word' id='word_1_125' title='bbox 2719 1096 2844 1160; x_wconf 92' lang='lat' dir='ltr'>Deo</span> <span class='ocrx_word' id='word_1_126' title='bbox 2885 1096 3342 1159; x_wconf 87' lang='lat' dir='ltr'>attribuuntur.</span> 
     </span>
     <span class='ocr_line' id='line_1_22' title="bbox 2049 1193 3469 1279; baseline -0.001 -21"><span class='ocrx_word' id='word_1_127' title='bbox 2049 1193 2522 1276; x_wconf 89' lang='lat' dir='ltr'>Consequenter</span> <span class='ocrx_word' id='word_1_128' title='bbox 2560 1214 2676 1279; x_wconf 89' lang='lat' dir='ltr'>per</span> <span class='ocrx_word' id='word_1_129' title='bbox 2712 1195 2902 1258; x_wconf 89' lang='lat' dir='ltr'>aliam</span> <span class='ocrx_word' id='word_1_130' title='bbox 2948 1194 3312 1278; x_wconf 88' lang='lat' dir='ltr'>parabolam</span> <span class='ocrx_word' id='word_1_131' title='bbox 3361 1193 3469 1256; x_wconf 93' lang='lat' dir='ltr'>do—</span> 
     </span>
     <span class='ocr_line' id='line_1_23' title="bbox 1970 1291 3469 1377; baseline -0.001 -22"><span class='ocrx_word' id='word_1_132' title='bbox 1970 1300 2067 1355; x_wconf 85' lang='lat' dir='ltr'>cet</span> <span class='ocrx_word' id='word_1_133' title='bbox 2115 1291 2420 1369; x_wconf 84' lang='lat' dir='ltr'><strong>Salvator,</strong></span> <span class='ocrx_word' id='word_1_134' title='bbox 2455 1296 2625 1376; x_wconf 90' lang='lat' dir='ltr'>quod</span> <span class='ocrx_word' id='word_1_135' title='bbox 2676 1301 3036 1377; x_wconf 80' lang='lat' dir='ltr'>peccatores</span> <span class='ocrx_word' id='word_1_136' title='bbox 3075 1312 3201 1357; x_wconf 90' lang='lat' dir='ltr'>non</span> <span class='ocrx_word' id='word_1_137' title='bbox 3247 1291 3469 1355; x_wconf 86' lang='lat' dir='ltr'>debuit</span> 
     </span>
     <span class='ocr_line' id='line_1_24' title="bbox 1969 1391 3469 1474; baseline -0.001 -21"><span class='ocrx_word' id='word_1_138' title='bbox 1969 1409 2270 1474; x_wconf 88' lang='lat' dir='ltr'>spernere</span> <span class='ocrx_word' id='word_1_139' title='bbox 2318 1398 2380 1454; x_wconf 87' lang='lat' dir='ltr'>et</span> <span class='ocrx_word' id='word_1_140' title='bbox 2429 1392 2648 1467; x_wconf 85' lang='lat' dir='ltr'>vitare,</span> <span class='ocrx_word' id='word_1_141' title='bbox 2703 1394 2811 1455; x_wconf 92' lang='lat' dir='ltr'>sed</span> <span class='ocrx_word' id='word_1_142' title='bbox 2862 1391 3072 1474; x_wconf 90' lang='lat' dir='ltr'>potius</span> <span class='ocrx_word' id='word_1_143' title='bbox 3119 1391 3469 1453; x_wconf 87' lang='lat' dir='ltr'>clementer</span> 
     </span>
     <span class='ocr_line' id='line_1_25' title="bbox 1966 1489 3467 1572; baseline -0.001 -20"><span class='ocrx_word' id='word_1_144' title='bbox 1966 1490 2322 1564; x_wconf 82' lang='lat' dir='ltr'>admittere,</span> <span class='ocrx_word' id='word_1_145' title='bbox 2365 1498 2555 1572; x_wconf 89' lang='lat' dir='ltr'>atque</span> <span class='ocrx_word' id='word_1_146' title='bbox 2601 1492 2679 1553; x_wconf 88' lang='lat' dir='ltr'>ad</span> <span class='ocrx_word' id='word_1_147' title='bbox 2718 1491 2886 1552; x_wconf 88' lang='lat' dir='ltr'>viam</span> <span class='ocrx_word' id='word_1_148' title='bbox 2935 1489 3156 1552; x_wconf 89' lang='lat' dir='ltr'>salutis</span> <span class='ocrx_word' id='word_1_149' title='bbox 3204 1491 3467 1552; x_wconf 87' lang='lat' dir='ltr'>reduce-</span> 
     </span>
     <span class='ocr_line' id='line_1_26' title="bbox 1969 1587 3461 1668; baseline 0 -18"><span class='ocrx_word' id='word_1_150' title='bbox 1969 1606 2057 1650; x_wconf 89' lang='lat' dir='ltr'>re.</span> <span class='ocrx_word' id='word_1_151' title='bbox 2091 1592 2232 1650; x_wconf 76' lang='lat' dir='ltr'>Aut</span> <span class='ocrx_word' id='word_1_152' title='bbox 2269 1610 2412 1668; x_wconf 82' lang='lat' dir='ltr'>quoe</span> <span class='ocrx_word' id='word_1_153' title='bbox 2449 1591 2690 1650; x_wconf 82' lang='lat' dir='ltr'>mulier</span> <span class='ocrx_word' id='word_1_154' title='bbox 2726 1591 2962 1650; x_wconf 72' lang='lat' dir='ltr'>habens</span> <span class='ocrx_word' id='word_1_155' title='bbox 2997 1591 3368 1658; x_wconf 66' lang='lat' dir='ltr'>drachma-⁴1,</span> <span class='ocrx_word' id='word_1_156' title='bbox 3397 1587 3461 1650; x_wconf 90' lang='lat' dir='ltr'>id</span> 
     </span>
     <span class='ocr_line' id='line_1_27' title="bbox 1968 1687 3464 1768; baseline -0.003 -18"><span class='ocrx_word' id='word_1_157' title='bbox 1968 1694 2064 1750; x_wconf 89' lang='lat' dir='ltr'>est</span> <span class='ocrx_word' id='word_1_158' title='bbox 2110 1687 2478 1768; x_wconf 89' lang='lat' dir='ltr'>hujusmodi</span> <span class='ocrx_word' id='word_1_159' title='bbox 2530 1707 2846 1762; x_wconf 89' lang='lat' dir='ltr'>nummos,</span> <span class='ocrx_word' id='word_1_160' title='bbox 2877 1690 3116 1757; x_wconf 84' lang='lat' dir='ltr'>decem,</span> <span class='ocrx_word' id='word_1_161' title='bbox 3151 1688 3212 1747; x_wconf 77' lang='lat' dir='ltr'>si</span> <span class='ocrx_word' id='word_1_162' title='bbox 3240 1688 3464 1764; x_wconf 81' lang='lat' dir='ltr'>perdi-</span> 
     </span>
     <span class='ocr_line' id='line_1_28' title="bbox 1965 1785 3462 1857; baseline -0.001 -11"><span class='ocrx_word' id='word_1_163' title='bbox 1965 1787 2139 1846; x_wconf 79' lang='lat' dir='ltr'>derit</span> <span class='ocrx_word' id='word_1_164' title='bbox 2195 1789 2575 1848; x_wconf 72' lang='lat' dir='ltr'>drachmam</span> <span class='ocrx_word' id='word_1_165' title='bbox 2622 1807 2853 1857; x_wconf 83' lang='lat' dir='ltr'>unam,</span> <span class='ocrx_word' id='word_1_166' title='bbox 2897 1806 3112 1846; x_wconf 79' lang='lat' dir='ltr'>nonne</span> <span class='ocrx_word' id='word_1_167' title='bbox 3167 1785 3462 1845; x_wconf 72' lang='lat' dir='ltr'>accendit</span> 
     </span>
    </p>
   </div>
   <div class='ocr_carea' id='block_1_8' title="bbox 348 1881 3463 1966">
    <p class='ocr_par' dir='ltr' id='par_1_8' title="bbox 348 1881 3463 1966">
     <span class='ocr_line' id='line_1_29' title="bbox 348 1881 3463 1966; baseline 0.001 -24"><span class='ocrx_word' id='word_1_168' title='bbox 348 1899 463 1942; x_wconf 90' lang='lat' dir='ltr'>um</span> <span class='ocrx_word' id='word_1_169' title='bbox 498 1881 749 1946; x_wconf 86' lang='lat' dir='ltr'>Christo</span> <span class='ocrx_word' id='word_1_170' title='bbox 788 1883 1215 1964; x_wconf 82' lang='lat' dir='ltr'>supernisque</span> <span class='ocrx_word' id='word_1_171' title='bbox 1254 1883 1525 1958; x_wconf 78' lang='lat' dir='ltr'>civibuS‚</span> <span class='ocrx_word' id='word_1_172' title='bbox 1558 1901 1751 1965; x_wconf 88' lang='lat' dir='ltr'>quam</span> <span class='ocrx_word' id='word_1_173' title='bbox 1780 1884 1860 1946; x_wconf 87' lang='lat' dir='ltr'>de</span> <span class='ocrx_word' id='word_1_174' title='bbox 1894 1884 1942 1947; x_wconf 93' lang='lat' dir='ltr'>B</span> <span class='ocrx_word' id='word_1_175' title='bbox 1970 1887 2320 1957; x_wconf 76' lang='lat' dir='ltr'>lucernam,</span> <span class='ocrx_word' id='word_1_176' title='bbox 2359 1884 2708 1966; x_wconf 81' lang='lat' dir='ltr'>praesertim</span> <span class='ocrx_word' id='word_1_177' title='bbox 2753 1884 2803 1947; x_wconf 91' lang='lat' dir='ltr'>si</span> <span class='ocrx_word' id='word_1_178' title='bbox 2845 1891 3131 1966; x_wconf 88' lang='lat' dir='ltr'>tempore</span> <span class='ocrx_word' id='word_1_179' title='bbox 3172 1882 3463 1946; x_wconf 90' lang='lat' dir='ltr'>tenebro—</span> 
     </span>
    </p>
   </div>
   <div class='ocr_carea' id='block_1_9' title="bbox 342 1980 1860 3049">
    <p class='ocr_par' dir='ltr' id='par_1_9' title="bbox 342 1980 1860 3049">
     <span class='ocr_line' id='line_1_30' title="bbox 350 1980 1855 2063; baseline 0.001 -21"><span class='ocrx_word' id='word_1_180' title='bbox 350 1980 801 2062; x_wconf 89' lang='lat' dir='ltr'>peceatoribus</span> <span class='ocrx_word' id='word_1_181' title='bbox 831 1980 1293 2063; x_wconf 88' lang='lat' dir='ltr'>poenitentibus</span> <span class='ocrx_word' id='word_1_182' title='bbox 1321 1981 1855 2063; x_wconf 90' lang='lat' dir='ltr'>quibuscumque.</span> 
     </span>
     <span class='ocr_line' id='line_1_31' title="bbox 348 2079 1858 2162; baseline -0.001 -20"><span class='ocrx_word' id='word_1_183' title='bbox 348 2113 428 2124; x_wconf 88' lang='lat'>-</span> <span class='ocrx_word' id='word_1_184' title='bbox 462 2079 811 2155; x_wconf 90' lang='lat' dir='ltr'>Postremo,</span> <span class='ocrx_word' id='word_1_185' title='bbox 845 2080 1151 2162; x_wconf 89' lang='lat' dir='ltr'>quoniam</span> <span class='ocrx_word' id='word_1_186' title='bbox 1189 2088 1349 2143; x_wconf 89' lang='lat' dir='ltr'>teste</span> <span class='ocrx_word' id='word_1_187' title='bbox 1385 2079 1706 2162; x_wconf 86' lang='lat' dir='ltr'>Apost010,</span> <span class='ocrx_word' id='word_1_188' title='bbox 1740 2079 1858 2142; x_wconf 86' lang='lat' dir='ltr'>Ubi</span> 
     </span>
     <span class='ocr_line' id='line_1_32' title="bbox 344 2178 1860 2261; baseline -0.001 -21"><span class='ocrx_word' id='word_1_189' title='bbox 344 2178 707 2241; x_wconf 85' lang='lat' dir='ltr'>abundavit</span> <span class='ocrx_word' id='word_1_190' title='bbox 747 2178 1077 2259; x_wconf 87' lang='lat' dir='ltr'>delictum,</span> <span class='ocrx_word' id='word_1_191' title='bbox 1108 2179 1585 2261; x_wconf 83' lang='lat' dir='ltr'>superabundat</span> <span class='ocrx_word' id='word_1_192' title='bbox 1622 2186 1685 2240; x_wconf 90' lang='lat' dir='ltr'>et</span> <span class='ocrx_word' id='word_1_193' title='bbox 1718 2196 1860 2259; x_wconf 88' lang='lat' dir='ltr'>gra-</span> 
     </span>
     <span class='ocr_line' id='line_1_33' title="bbox 343 2275 1860 2360; baseline 0 -22"><span class='ocrx_word' id='word_1_194' title='bbox 343 2276 457 2350; x_wconf 90' lang='lat' dir='ltr'>tia,</span> <span class='ocrx_word' id='word_1_195' title='bbox 515 2275 889 2359; x_wconf 81' lang='lat' dir='ltr'>frequenter</span> <span class='ocrx_word' id='word_1_196' title='bbox 936 2278 1249 2360; x_wconf 89' lang='lat' dir='ltr'>contingit</span> <span class='ocrx_word' id='word_1_197' title='bbox 1304 2286 1375 2341; x_wconf 92' lang='lat' dir='ltr'>ut</span> <span class='ocrx_word' id='word_1_198' title='bbox 1421 2277 1604 2359; x_wconf 91' lang='lat' dir='ltr'>impii</span> <span class='ocrx_word' id='word_1_199' title='bbox 1655 2277 1860 2359; x_wconf 89' lang='lat' dir='ltr'>poeni-</span> 
     </span>
     <span class='ocr_line' id='line_1_34' title="bbox 342 2374 1859 2458; baseline 0.001 -21"><span class='ocrx_word' id='word_1_200' title='bbox 342 2383 584 2450; x_wconf 89' lang='lat' dir='ltr'>tentes,</span> <span class='ocrx_word' id='word_1_201' title='bbox 630 2383 807 2440; x_wconf 87' lang='lat' dir='ltr'>tanto</span> <span class='ocrx_word' id='word_1_202' title='bbox 856 2379 1262 2458; x_wconf 90' lang='lat' dir='ltr'>postmodum</span> <span class='ocrx_word' id='word_1_203' title='bbox 1312 2377 1379 2439; x_wconf 91' lang='lat' dir='ltr'>in</span> <span class='ocrx_word' id='word_1_204' title='bbox 1431 2377 1649 2439; x_wconf 90' lang='lat' dir='ltr'>divino</span> <span class='ocrx_word' id='word_1_205' title='bbox 1696 2374 1859 2438; x_wconf 81' lang='lat' dir='ltr'>fiant</span> 
     </span>
     <span class='ocr_line' id='line_1_35' title="bbox 346 2473 1858 2557; baseline 0 -21"><span class='ocrx_word' id='word_1_206' title='bbox 346 2473 773 2538; x_wconf 76' lang='lat' dir='ltr'>ferventiores</span> <span class='ocrx_word' id='word_1_207' title='bbox 820 2475 1152 2557; x_wconf 88' lang='lat' dir='ltr'>obsequio,</span> <span class='ocrx_word' id='word_1_208' title='bbox 1203 2483 1506 2557; x_wconf 87' lang='lat' dir='ltr'>tantoque</span> <span class='ocrx_word' id='word_1_209' title='bbox 1558 2474 1858 2537; x_wconf 90' lang='lat' dir='ltr'>humilio-</span> 
     </span>
     <span class='ocr_line' id='line_1_36' title="bbox 344 2572 1858 2655; baseline 0 -21"><span class='ocrx_word' id='word_1_210' title='bbox 344 2591 448 2635; x_wconf 85' lang='lat' dir='ltr'>res</span> <span class='ocrx_word' id='word_1_211' title='bbox 500 2591 577 2635; x_wconf 84' lang='lat' dir='ltr'>ac</span> <span class='ocrx_word' id='word_1_212' title='bbox 624 2573 945 2648; x_wconf 78' lang='lat' dir='ltr'>melioreS,</span> <span class='ocrx_word' id='word_1_213' title='bbox 998 2582 1236 2655; x_wconf 90' lang='lat' dir='ltr'>quanto</span> <span class='ocrx_word' id='word_1_214' title='bbox 1284 2592 1351 2636; x_wconf 90' lang='lat' dir='ltr'>se</span> <span class='ocrx_word' id='word_1_215' title='bbox 1396 2573 1653 2655; x_wconf 82' lang='lat' dir='ltr'>gravius</span> <span class='ocrx_word' id='word_1_216' title='bbox 1702 2572 1858 2634; x_wconf 91' lang='lat' dir='ltr'>deli-</span> 
     </span>
     <span class='ocr_line' id='line_1_37' title="bbox 342 2671 1855 2754; baseline 0 -21"><span class='ocrx_word' id='word_1_217' title='bbox 342 2672 596 2753; x_wconf 84' lang='lat' dir='ltr'>quisse,</span> <span class='ocrx_word' id='word_1_218' title='bbox 648 2679 713 2734; x_wconf 87' lang='lat' dir='ltr'>et</span> <span class='ocrx_word' id='word_1_219' title='bbox 768 2671 968 2734; x_wconf 90' lang='lat' dir='ltr'>Deum</span> <span class='ocrx_word' id='word_1_220' title='bbox 1028 2673 1197 2736; x_wconf 90' lang='lat' dir='ltr'>circa</span> <span class='ocrx_word' id='word_1_221' title='bbox 1250 2673 1423 2754; x_wconf 91' lang='lat' dir='ltr'>ipsos</span> <span class='ocrx_word' id='word_1_222' title='bbox 1474 2671 1855 2734; x_wconf 87' lang='lat' dir='ltr'>clementius</span> 
     </span>
     <span class='ocr_line' id='line_1_38' title="bbox 342 2770 1857 2852; baseline 0.001 -20"><span class='ocrx_word' id='word_1_223' title='bbox 342 2771 559 2851; x_wconf 83' lang='lat' dir='ltr'>egisse</span> <span class='ocrx_word' id='word_1_224' title='bbox 598 2770 1005 2834; x_wconf 80' lang='lat' dir='ltr'>considerant</span> <span class='ocrx_word' id='word_1_225' title='bbox 1038 2789 1052 2834; x_wconf 89' lang='lat'>:</span> <span class='ocrx_word' id='word_1_226' title='bbox 1088 2771 1309 2852; x_wconf 89' lang='lat' dir='ltr'>sicque</span> <span class='ocrx_word' id='word_1_227' title='bbox 1351 2771 1429 2832; x_wconf 90' lang='lat' dir='ltr'>de</span> <span class='ocrx_word' id='word_1_228' title='bbox 1458 2788 1679 2833; x_wconf 87' lang='lat' dir='ltr'>eorum</span> <span class='ocrx_word' id='word_1_229' title='bbox 1710 2788 1857 2833; x_wconf 89' lang='lat' dir='ltr'>con-</span> 
     </span>
     <span class='ocr_line' id='line_1_39' title="bbox 344 2868 1856 2951; baseline -0.001 -18"><span class='ocrx_word' id='word_1_230' title='bbox 344 2869 651 2933; x_wconf 80' lang='lat' dir='ltr'>versione</span> <span class='ocrx_word' id='word_1_231' title='bbox 680 2869 977 2951; x_wconf 90' lang='lat' dir='ltr'>specialis</span> <span class='ocrx_word' id='word_1_232' title='bbox 1012 2888 1202 2931; x_wconf 92' lang='lat' dir='ltr'>causa</span> <span class='ocrx_word' id='word_1_233' title='bbox 1232 2868 1485 2932; x_wconf 82' lang='lat' dir='ltr'>laetandi</span> <span class='ocrx_word' id='word_1_234' title='bbox 1515 2869 1718 2932; x_wconf 92' lang='lat' dir='ltr'>oritur</span> <span class='ocrx_word' id='word_1_235' title='bbox 1745 2887 1856 2931; x_wconf 91' lang='lat' dir='ltr'>an-</span> 
     </span>
     <span class='ocr_line' id='line_1_40' title="bbox 342 2967 689 3049; baseline -0.012 -18"><span class='ocrx_word' id='word_1_236' title='bbox 342 2968 513 3049; x_wconf 87' lang='lat' dir='ltr'>gelis</span> <span class='ocrx_word' id='word_1_237' title='bbox 556 2967 689 3029; x_wconf 88' lang='lat' dir='ltr'>Dei.</span> 
     </span>
    </p>
   </div>
   <div class='ocr_carea' id='block_1_10' title="bbox 1964 1981 3466 3048">
    <p class='ocr_par' dir='ltr' id='par_1_10' title="bbox 1964 1981 3466 3048">
     <span class='ocr_line' id='line_1_41' title="bbox 1969 1981 3462 2065; baseline -0.001 -21"><span class='ocrx_word' id='word_1_238' title='bbox 1969 2000 2038 2045; x_wconf 91' lang='lat' dir='ltr'>so</span> <span class='ocrx_word' id='word_1_239' title='bbox 2084 1991 2196 2044; x_wconf 89' lang='lat' dir='ltr'>aut</span> <span class='ocrx_word' id='word_1_240' title='bbox 2237 1982 2303 2045; x_wconf 94' lang='lat' dir='ltr'>in</span> <span class='ocrx_word' id='word_1_241' title='bbox 2336 1983 2491 2046; x_wconf 89' lang='lat' dir='ltr'>locis</span> <span class='ocrx_word' id='word_1_242' title='bbox 2541 1982 2828 2046; x_wconf 86' lang='lat' dir='ltr'>obscuris</span> <span class='ocrx_word' id='word_1_243' title='bbox 2871 2000 3156 2065; x_wconf 82' lang='lat' dir='ltr'>quaerere</span> <span class='ocrx_word' id='word_1_244' title='bbox 3195 1981 3369 2056; x_wconf 88' lang='lat' dir='ltr'>velit,</span> <span class='ocrx_word' id='word_1_245' title='bbox 3400 1991 3462 2042; x_wconf 78' lang='lat' dir='ltr'>ec</span> 
     </span>
     <span class='ocr_line' id='line_1_42' title="bbox 1965 2079 3462 2156; baseline 0.001 -14"><span class='ocrx_word' id='word_1_246' title='bbox 1965 2083 2196 2143; x_wconf 77' lang='lat' dir='ltr'>evertit</span> <span class='ocrx_word' id='word_1_247' title='bbox 2232 2085 2524 2154; x_wconf 80' lang='lat' dir='ltr'>domum,</span> <span class='ocrx_word' id='word_1_248' title='bbox 2553 2081 2619 2145; x_wconf 90' lang='lat' dir='ltr'>id</span> <span class='ocrx_word' id='word_1_249' title='bbox 2668 2089 2783 2156; x_wconf 88' lang='lat' dir='ltr'>est,</span> <span class='ocrx_word' id='word_1_250' title='bbox 2819 2089 3114 2145; x_wconf 82' lang='lat' dir='ltr'>contenta</span> <span class='ocrx_word' id='word_1_251' title='bbox 3159 2079 3226 2142; x_wconf 88' lang='lat' dir='ltr'>in</span> <span class='ocrx_word' id='word_1_252' title='bbox 3275 2082 3462 2144; x_wconf 90' lang='lat' dir='ltr'>domo</span> 
     </span>
     <span class='ocr_line' id='line_1_43' title="bbox 1968 2179 3460 2255; baseline -0.001 -12"><span class='ocrx_word' id='word_1_253' title='bbox 1968 2179 2269 2243; x_wconf 84' lang='lat' dir='ltr'>transfert</span> <span class='ocrx_word' id='word_1_254' title='bbox 2315 2182 2394 2244; x_wconf 91' lang='lat' dir='ltr'>de</span> <span class='ocrx_word' id='word_1_255' title='bbox 2442 2180 2581 2245; x_wconf 90' lang='lat' dir='ltr'>loco</span> <span class='ocrx_word' id='word_1_256' title='bbox 2616 2183 2696 2244; x_wconf 90' lang='lat' dir='ltr'>ad</span> <span class='ocrx_word' id='word_1_257' title='bbox 2740 2181 2977 2255; x_wconf 88' lang='lat' dir='ltr'>locum,</span> <span class='ocrx_word' id='word_1_258' title='bbox 3012 2197 3092 2243; x_wconf 89' lang='lat' dir='ltr'>ne</span> <span class='ocrx_word' id='word_1_259' title='bbox 3129 2179 3294 2243; x_wconf 79' lang='lat' dir='ltr'>forte</span> <span class='ocrx_word' id='word_1_260' title='bbox 3341 2179 3460 2242; x_wconf 90' lang='lat' dir='ltr'>sub</span> 
     </span>
     <span class='ocr_line' id='line_1_44' title="bbox 1966 2278 3464 2360; baseline -0.001 -20"><span class='ocrx_word' id='word_1_261' title='bbox 1966 2279 2184 2360; x_wconf 89' lang='lat' dir='ltr'>aliquo</span> <span class='ocrx_word' id='word_1_262' title='bbox 2215 2278 2471 2343; x_wconf 91' lang='lat' dir='ltr'>illorum</span> <span class='ocrx_word' id='word_1_263' title='bbox 2499 2280 2702 2360; x_wconf 91' lang='lat' dir='ltr'>jaceat</span> <span class='ocrx_word' id='word_1_264' title='bbox 2741 2279 3057 2360; x_wconf 89' lang='lat' dir='ltr'>lateatque</span> <span class='ocrx_word' id='word_1_265' title='bbox 3085 2280 3257 2360; x_wconf 91' lang='lat' dir='ltr'>quod</span> <span class='ocrx_word' id='word_1_266' title='bbox 3295 2296 3464 2359; x_wconf 82' lang='lat' dir='ltr'>quae-</span> 
     </span>
     <span class='ocr_line' id='line_1_45' title="bbox 1968 2376 3463 2458; baseline 0.001 -20"><span class='ocrx_word' id='word_1_267' title='bbox 1968 2376 2152 2452; x_wconf 89' lang='lat' dir='ltr'>ritur,</span> <span class='ocrx_word' id='word_1_268' title='bbox 2175 2387 2236 2438; x_wconf 80' lang='lat' dir='ltr'>ec</span> <span class='ocrx_word' id='word_1_269' title='bbox 2264 2379 2500 2458; x_wconf 74' lang='lat' dir='ltr'>qua’rit</span> <span class='ocrx_word' id='word_1_270' title='bbox 2524 2380 2874 2455; x_wconf 73' lang='lat' dir='ltr'>diliqenter</span> <span class='ocrx_word' id='word_1_271' title='bbox 2902 2377 3212 2458; x_wconf 86' lang='lat' dir='ltr'>perditam</span> <span class='ocrx_word' id='word_1_272' title='bbox 3245 2376 3463 2439; x_wconf 88' lang='lat' dir='ltr'>drach·</span> 
     </span>
     <span class='ocr_line' id='line_1_46' title="bbox 1965 2475 3460 2558; baseline 0 -21"><span class='ocrx_word' id='word_1_273' title='bbox 1965 2493 2149 2550; x_wconf 89' lang='lat' dir='ltr'>mam,</span> <span class='ocrx_word' id='word_1_274' title='bbox 2166 2479 2366 2536; x_wconf 83' lang='lat' dir='ltr'>donec</span> <span class='ocrx_word' id='word_1_275' title='bbox 2391 2477 2688 2537; x_wconf 79' lang='lat' dir='ltr'>inveniat</span> <span class='ocrx_word' id='word_1_276' title='bbox 2717 2493 2868 2546; x_wconf 89' lang='lat' dir='ltr'>eam,</span> <span class='ocrx_word' id='word_1_277' title='bbox 2891 2475 3237 2558; x_wconf 80' lang='lat' dir='ltr'>praesertim</span> <span class='ocrx_word' id='word_1_278' title='bbox 3267 2493 3460 2556; x_wconf 91' lang='lat' dir='ltr'>quum</span> 
     </span>
     <span class='ocr_line' id='line_1_47' title="bbox 1964 2571 3458 2648; baseline -0.001 -13"><span class='ocrx_word' id='word_1_279' title='bbox 1964 2571 2224 2636; x_wconf 81' lang='lat' dir='ltr'>feminae</span> <span class='ocrx_word' id='word_1_280' title='bbox 2280 2573 2690 2637; x_wconf 87' lang='lat' dir='ltr'>vehementer</span> <span class='ocrx_word' id='word_1_281' title='bbox 2743 2573 3110 2636; x_wconf 81' lang='lat' dir='ltr'>afficiantur</span> <span class='ocrx_word' id='word_1_282' title='bbox 3164 2575 3242 2636; x_wconf 93' lang='lat' dir='ltr'>ad</span> <span class='ocrx_word' id='word_1_283' title='bbox 3300 2592 3458 2648; x_wconf 87' lang='lat' dir='ltr'>rem,</span> 
     </span>
     <span class='ocr_line' id='line_1_48' title="bbox 1966 2670 3462 2755; baseline -0.001 -21"><span class='ocrx_word' id='word_1_284' title='bbox 1966 2691 2170 2754; x_wconf 90' lang='lat' dir='ltr'>quum</span> <span class='ocrx_word' id='word_1_285' title='bbox 2218 2673 2296 2734; x_wconf 89' lang='lat' dir='ltr'>ad</span> <span class='ocrx_word' id='word_1_286' title='bbox 2345 2690 2484 2734; x_wconf 90' lang='lat' dir='ltr'>eam</span> <span class='ocrx_word' id='word_1_287' title='bbox 2524 2671 2836 2755; x_wconf 88' lang='lat' dir='ltr'>coeperint</span> <span class='ocrx_word' id='word_1_288' title='bbox 2881 2670 3102 2734; x_wconf 67' lang='lat' dir='ltr'>affici?</span> <span class='ocrx_word' id='word_1_289' title='bbox 3138 2675 3224 2734; x_wconf 76' lang='lat' dir='ltr'>Ec</span> <span class='ocrx_word' id='word_1_290' title='bbox 3260 2693 3462 2752; x_wconf 77' lang='lat' dir='ltr'>quum</span> 
     </span>
     <span class='ocr_line' id='line_1_49' title="bbox 1964 2771 3465 2844; baseline -0.001 -13"><span class='ocrx_word' id='word_1_291' title='bbox 1964 2773 2314 2844; x_wconf 80' lang='lat' dir='ltr'>invenerit,</span> <span class='ocrx_word' id='word_1_292' title='bbox 2346 2781 2646 2832; x_wconf 79' lang='lat' dir='ltr'>convocat</span> <span class='ocrx_word' id='word_1_293' title='bbox 2684 2775 2928 2832; x_wconf 80' lang='lat' dir='ltr'>amicas</span> <span class='ocrx_word' id='word_1_294' title='bbox 2955 2781 3016 2830; x_wconf 79' lang='lat' dir='ltr'>et</span> <span class='ocrx_word' id='word_1_295' title='bbox 3054 2771 3332 2841; x_wconf 82' lang='lat' dir='ltr'>vicinas,</span> <span class='ocrx_word' id='word_1_296' title='bbox 3358 2772 3465 2830; x_wconf 78' lang='lat' dir='ltr'>di·-</span> 
     </span>
     <span class='ocr_line' id='line_1_50' title="bbox 1964 2871 3466 2948; baseline -0.001 -17"><span class='ocrx_word' id='word_1_297' title='bbox 1964 2891 2110 2931; x_wconf 82' lang='lat' dir='ltr'>cens</span> <span class='ocrx_word' id='word_1_298' title='bbox 2141 2890 2164 2931; x_wconf 89' lang='lat'>.·</span> <span class='ocrx_word' id='word_1_299' title='bbox 2200 2871 2769 2947; x_wconf 74' lang='lat' dir='ltr'>Gonyratulamini</span> <span class='ocrx_word' id='word_1_300' title='bbox 2806 2871 2997 2940; x_wconf 68' lang='lat' dir='ltr'>milei,</span> <span class='ocrx_word' id='word_1_301' title='bbox 3030 2871 3188 2948; x_wconf 79' lang='lat' dir='ltr'>quia</span> <span class='ocrx_word' id='word_1_302' title='bbox 3237 2871 3466 2930; x_wconf 80' lang='lat' dir='ltr'>inveni</span> 
     </span>
     <span class='ocr_line' id='line_1_51' title="bbox 1964 2966 3466 3048; baseline 0 -18"><span class='ocrx_word' id='word_1_303' title='bbox 1964 2972 2348 3030; x_wconf 77' lang='lat' dir='ltr'>drachmam</span> <span class='ocrx_word' id='word_1_304' title='bbox 2395 2989 2594 3048; x_wconf 82' lang='lat' dir='ltr'>quam</span> <span class='ocrx_word' id='word_1_305' title='bbox 2636 2969 3077 3045; x_wconf 84' lang='lat' dir='ltr'>perdideram.</span> <span class='ocrx_word' id='word_1_306' title='bbox 3123 2966 3252 3031; x_wconf 84' lang='lat' dir='ltr'>Hoc</span> <span class='ocrx_word' id='word_1_307' title='bbox 3298 2966 3466 3030; x_wconf 83' lang='lat' dir='ltr'>litte-</span> 
     </span>
    </p>
   </div>
   <div class='ocr_carea' id='block_1_11' title="bbox 424 3065 2470 3148">
    <p class='ocr_par' dir='ltr' id='par_1_11' title="bbox 424 3065 2470 3148">
     <span class='ocr_line' id='line_1_52' title="bbox 424 3065 2470 3148; baseline -0.001 -19"><span class='ocrx_word' id='word_1_308' title='bbox 424 3066 612 3129; x_wconf 90' lang='lat' dir='ltr'>Unde</span> <span class='ocrx_word' id='word_1_309' title='bbox 650 3074 713 3128; x_wconf 87' lang='lat' dir='ltr'>et</span> <span class='ocrx_word' id='word_1_310' title='bbox 741 3065 1016 3148; x_wconf 89' lang='lat' dir='ltr'>qualiter</span> <span class='ocrx_word' id='word_1_311' title='bbox 1046 3065 1368 3146; x_wconf 86' lang='lat' dir='ltr'>majoritas</span> <span class='ocrx_word' id='word_1_312' title='bbox 1405 3065 1618 3147; x_wconf 84' lang='lat' dir='ltr'>gaudii</span> <span class='ocrx_word' id='word_1_313' title='bbox 1655 3065 1849 3146; x_wconf 84' lang='lat' dir='ltr'>hujus</span> <span class='ocrx_word' id='word_1_314' title='bbox 1893 3068 1938 3134; x_wconf 85' lang='lat' dir='ltr'>C</span> <span class='ocrx_word' id='word_1_315' title='bbox 1967 3067 2184 3129; x_wconf 90' lang='lat' dir='ltr'>raliter</span> <span class='ocrx_word' id='word_1_316' title='bbox 2227 3067 2313 3129; x_wconf 91' lang='lat' dir='ltr'>ita</span> <span class='ocrx_word' id='word_1_317' title='bbox 2354 3074 2470 3128; x_wconf 90' lang='lat' dir='ltr'>est.</span> 
     </span>
    </p>
   </div>
   <div class='ocr_carea' id='block_1_12' title="bbox 336 3163 1859 4232">
    <p class='ocr_par' dir='ltr' id='par_1_12' title="bbox 336 3163 1859 4232">
     <span class='ocr_line' id='line_1_53' title="bbox 344 3163 1855 3246; baseline -0.001 -19"><span class='ocrx_word' id='word_1_318' title='bbox 344 3165 431 3228; x_wconf 90' lang='lat' dir='ltr'>sit</span> <span class='ocrx_word' id='word_1_319' title='bbox 482 3163 923 3246; x_wconf 87' lang='lat' dir='ltr'>intelligenda,</span> <span class='ocrx_word' id='word_1_320' title='bbox 966 3165 1031 3226; x_wconf 87' lang='lat' dir='ltr'>in</span> <span class='ocrx_word' id='word_1_321' title='bbox 1079 3163 1367 3227; x_wconf 80' lang='lat' dir='ltr'>Matthaeo</span> <span class='ocrx_word' id='word_1_322' title='bbox 1414 3163 1667 3246; x_wconf 88' lang='lat' dir='ltr'>plenius</span> <span class='ocrx_word' id='word_1_323' title='bbox 1720 3172 1855 3226; x_wconf 89' lang='lat' dir='ltr'>tan-</span> 
     </span>
     <span class='ocr_line' id='line_1_54' title="bbox 343 3261 1857 3346; baseline -0.001 -20"><span class='ocrx_word' id='word_1_324' title='bbox 343 3265 549 3346; x_wconf 83' lang='lat' dir='ltr'>gitur,</span> <span class='ocrx_word' id='word_1_325' title='bbox 586 3262 695 3325; x_wconf 90' lang='lat' dir='ltr'>ubi</span> <span class='ocrx_word' id='word_1_326' title='bbox 735 3262 1009 3324; x_wconf 88' lang='lat' dir='ltr'>habetur</span> <span class='ocrx_word' id='word_1_327' title='bbox 1042 3281 1055 3324; x_wconf 92' lang='lat'><strong>:</strong></span> <span class='ocrx_word' id='word_1_328' title='bbox 1092 3261 1157 3324; x_wconf 89' lang='lat' dir='ltr'>Si</span> <span class='ocrx_word' id='word_1_329' title='bbox 1196 3261 1439 3324; x_wconf 81' lang='lat' dir='ltr'>fuerint</span> <span class='ocrx_word' id='word_1_330' title='bbox 1474 3262 1667 3324; x_wconf 91' lang='lat' dir='ltr'>alicui</span> <span class='ocrx_word' id='word_1_331' title='bbox 1711 3281 1857 3325; x_wconf 89' lang='lat' dir='ltr'>cen-</span> 
     </span>
     <span class='ocr_line' id='line_1_55' title="bbox 342 3361 1856 3438; baseline -0.001 -13"><span class='ocrx_word' id='word_1_332' title='bbox 342 3371 491 3425; x_wconf 89' lang='lat' dir='ltr'>tum</span> <span class='ocrx_word' id='word_1_333' title='bbox 522 3379 697 3438; x_wconf 85' lang='lat' dir='ltr'>oves,</span> <span class='ocrx_word' id='word_1_334' title='bbox 724 3370 788 3425; x_wconf 91' lang='lat' dir='ltr'>et</span> <span class='ocrx_word' id='word_1_335' title='bbox 816 3362 871 3424; x_wconf 94' lang='lat' dir='ltr'>si</span> <span class='ocrx_word' id='word_1_336' title='bbox 900 3361 1207 3424; x_wconf 88' lang='lat' dir='ltr'>erraverit</span> <span class='ocrx_word' id='word_1_337' title='bbox 1236 3379 1364 3424; x_wconf 88' lang='lat' dir='ltr'>una</span> <span class='ocrx_word' id='word_1_338' title='bbox 1392 3379 1470 3424; x_wconf 86' lang='lat' dir='ltr'>ex</span> <span class='ocrx_word' id='word_1_339' title='bbox 1498 3361 1608 3435; x_wconf 80' lang='lat' dir='ltr'>eiS,</span> <span class='ocrx_word' id='word_1_340' title='bbox 1645 3378 1856 3425; x_wconf 91' lang='lat' dir='ltr'>nonne</span> 
     </span>
     <span class='ocr_line' id='line_1_56' title="bbox 345 3459 1849 3542; baseline -0.002 -18"><span class='ocrx_word' id='word_1_341' title='bbox 345 3461 665 3542; x_wconf 90' lang='lat' dir='ltr'>relinquit</span> <span class='ocrx_word' id='word_1_342' title='bbox 714 3459 1057 3541; x_wconf 86' lang='lat' dir='ltr'>nonaginta</span> <span class='ocrx_word' id='word_1_343' title='bbox 1106 3477 1335 3523; x_wconf 85' lang='lat' dir='ltr'>novem</span> <span class='ocrx_word' id='word_1_344' title='bbox 1385 3459 1451 3521; x_wconf 92' lang='lat' dir='ltr'>in</span> <span class='ocrx_word' id='word_1_345' title='bbox 1501 3460 1849 3535; x_wconf 80' lang='lat' dir='ltr'>montibuS‚</span> 
     </span>
     <span class='ocr_line' id='line_1_57' title="bbox 342 3558 1859 3641; baseline -0.003 -16"><span class='ocrx_word' id='word_1_346' title='bbox 342 3568 405 3625; x_wconf 90' lang='lat' dir='ltr'>et</span> <span class='ocrx_word' id='word_1_347' title='bbox 444 3559 627 3624; x_wconf 80' lang='lat' dir='ltr'>vadit</span> <span class='ocrx_word' id='word_1_348' title='bbox 673 3560 752 3622; x_wconf 90' lang='lat' dir='ltr'>ad</span> <span class='ocrx_word' id='word_1_349' title='bbox 790 3577 931 3621; x_wconf 90' lang='lat' dir='ltr'>eam</span> <span class='ocrx_word' id='word_1_350' title='bbox 970 3577 1116 3641; x_wconf 82' lang='lat' dir='ltr'>quae</span> <span class='ocrx_word' id='word_1_351' title='bbox 1154 3558 1432 3622; x_wconf 72' lang='lat' dir='ltr'>erravit?</span> <span class='ocrx_word' id='word_1_352' title='bbox 1462 3558 1538 3620; x_wconf 80' lang='lat' dir='ltr'>Et</span> <span class='ocrx_word' id='word_1_353' title='bbox 1576 3558 1631 3620; x_wconf 92' lang='lat' dir='ltr'>si</span> <span class='ocrx_word' id='word_1_354' title='bbox 1681 3558 1859 3622; x_wconf 87' lang='lat' dir='ltr'>inve-</span> 
     </span>
     <span class='ocr_line' id='line_1_58' title="bbox 340 3657 1852 3739; baseline -0.001 -18"><span class='ocrx_word' id='word_1_355' title='bbox 340 3659 519 3722; x_wconf 91' lang='lat' dir='ltr'>nerit</span> <span class='ocrx_word' id='word_1_356' title='bbox 547 3675 712 3732; x_wconf 87' lang='lat' dir='ltr'>eam,</span> <span class='ocrx_word' id='word_1_357' title='bbox 741 3658 977 3738; x_wconf 89' lang='lat' dir='ltr'>gaudet</span> <span class='ocrx_word' id='word_1_358' title='bbox 1014 3674 1209 3739; x_wconf 92' lang='lat' dir='ltr'>super</span> <span class='ocrx_word' id='word_1_359' title='bbox 1239 3674 1378 3719; x_wconf 88' lang='lat' dir='ltr'>eam</span> <span class='ocrx_word' id='word_1_360' title='bbox 1419 3657 1620 3738; x_wconf 88' lang='lat' dir='ltr'>magis</span> <span class='ocrx_word' id='word_1_361' title='bbox 1659 3675 1852 3738; x_wconf 90' lang='lat' dir='ltr'>quam</span> 
     </span>
     <span class='ocr_line' id='line_1_59' title="bbox 338 3756 1856 3840; baseline -0.003 -19"><span class='ocrx_word' id='word_1_362' title='bbox 338 3776 543 3840; x_wconf 88' lang='lat' dir='ltr'>super</span> <span class='ocrx_word' id='word_1_363' title='bbox 592 3756 937 3838; x_wconf 86' lang='lat' dir='ltr'>nonaginta</span> <span class='ocrx_word' id='word_1_364' title='bbox 975 3774 1207 3819; x_wconf 85' lang='lat' dir='ltr'>novem</span> <span class='ocrx_word' id='word_1_365' title='bbox 1252 3774 1396 3836; x_wconf 84' lang='lat' dir='ltr'>quae</span> <span class='ocrx_word' id='word_1_366' title='bbox 1432 3775 1558 3818; x_wconf 91' lang='lat' dir='ltr'>non</span> <span class='ocrx_word' id='word_1_367' title='bbox 1605 3772 1856 3818; x_wconf 84' lang='lat' dir='ltr'>errave-</span> 
     </span>
     <span class='ocr_line' id='line_1_60' title="bbox 338 3853 1855 3937; baseline -0.001 -18"><span class='ocrx_word' id='word_1_368' title='bbox 338 3863 517 3919; x_wconf 87' lang='lat' dir='ltr'>runt.</span> <span class='ocrx_word' id='word_1_369' title='bbox 562 3856 803 3937; x_wconf 88' lang='lat' dir='ltr'>Itaque,</span> <span class='ocrx_word' id='word_1_370' title='bbox 846 3855 1013 3917; x_wconf 90' lang='lat' dir='ltr'>sicut</span> <span class='ocrx_word' id='word_1_371' title='bbox 1049 3853 1503 3936; x_wconf 84' lang='lat' dir='ltr'>paterfamilias</span> <span class='ocrx_word' id='word_1_372' title='bbox 1555 3855 1701 3936; x_wconf 89' lang='lat' dir='ltr'>plus</span> <span class='ocrx_word' id='word_1_373' title='bbox 1750 3855 1855 3918; x_wconf 80' lang='lat' dir='ltr'>lae-</span> 
     </span>
     <span class='ocr_line' id='line_1_61' title="bbox 336 3952 1852 4035; baseline -0.001 -18"><span class='ocrx_word' id='word_1_374' title='bbox 336 3963 515 4017; x_wconf 85' lang='lat' dir='ltr'>tatur</span> <span class='ocrx_word' id='word_1_375' title='bbox 573 3954 653 4016; x_wconf 92' lang='lat' dir='ltr'>de</span> <span class='ocrx_word' id='word_1_376' title='bbox 714 3971 843 4014; x_wconf 91' lang='lat' dir='ltr'>una</span> <span class='ocrx_word' id='word_1_377' title='bbox 898 3971 1017 4016; x_wconf 88' lang='lat' dir='ltr'>ove</span> <span class='ocrx_word' id='word_1_378' title='bbox 1078 3961 1221 4034; x_wconf 89' lang='lat' dir='ltr'>post</span> <span class='ocrx_word' id='word_1_379' title='bbox 1276 3952 1699 4035; x_wconf 86' lang='lat' dir='ltr'>perditionem</span> <span class='ocrx_word' id='word_1_380' title='bbox 1753 3953 1852 4015; x_wconf 89' lang='lat' dir='ltr'>in·-</span> 
     </span>
     <span class='ocr_line' id='line_1_62' title="bbox 338 4050 1851 4134; baseline -0.002 -17"><span class='ocrx_word' id='word_1_381' title='bbox 338 4060 557 4126; x_wconf 64' lang='grc'><strong>1611111,</strong></span> <span class='ocrx_word' id='word_1_382' title='bbox 592 4069 789 4134; x_wconf 89' lang='lat' dir='ltr'>quam</span> <span class='ocrx_word' id='word_1_383' title='bbox 828 4052 907 4113; x_wconf 91' lang='lat' dir='ltr'>de</span> <span class='ocrx_word' id='word_1_384' title='bbox 946 4051 1215 4133; x_wconf 85' lang='lat' dir='ltr'>reliquis</span> <span class='ocrx_word' id='word_1_385' title='bbox 1254 4050 1501 4114; x_wconf 90' lang='lat' dir='ltr'>cunctis</span> <span class='ocrx_word' id='word_1_386' title='bbox 1540 4070 1685 4133; x_wconf 82' lang='lat' dir='ltr'>quae</span> <span class='ocrx_word' id='word_1_387' title='bbox 1726 4071 1851 4115; x_wconf 92' lang='lat' dir='ltr'>non</span> 
     </span>
     <span class='ocr_line' id='line_1_63' title="bbox 338 4150 1855 4232; baseline -0.002 -17"><span class='ocrx_word' id='word_1_388' title='bbox 338 4159 725 4216; x_wconf 83' lang='lat' dir='ltr'>erraverunt</span> <span class='ocrx_word' id='word_1_389' title='bbox 770 4151 925 4232; x_wconf 91' lang='lat' dir='ltr'>(non</span> <span class='ocrx_word' id='word_1_390' title='bbox 977 4152 1147 4232; x_wconf 90' lang='lat' dir='ltr'>quod</span> <span class='ocrx_word' id='word_1_391' title='bbox 1196 4169 1389 4213; x_wconf 87' lang='lat' dir='ltr'>unam</span> <span class='ocrx_word' id='word_1_392' title='bbox 1440 4150 1585 4232; x_wconf 89' lang='lat' dir='ltr'>plus</span> <span class='ocrx_word' id='word_1_393' title='bbox 1635 4150 1855 4230; x_wconf 89' lang='lat' dir='ltr'>diligat</span> 
     </span>
    </p>
   </div>
   <div class='ocr_carea' id='block_1_13' title="bbox 1962 3163 3464 3639">
    <p class='ocr_par' dir='ltr' id='par_1_13' title="bbox 1962 3163 3464 3639">
     <span class='ocr_line' id='line_1_64' title="bbox 2054 3163 3464 3248; baseline -0.001 -21"><span class='ocrx_word' id='word_1_394' title='bbox 2054 3165 2483 3248; x_wconf 85' lang='lat' dir='ltr'>Spiritualiter</span> <span class='ocrx_word' id='word_1_395' title='bbox 2529 3183 2702 3246; x_wconf 82' lang='lat' dir='ltr'>vere,</span> <span class='ocrx_word' id='word_1_396' title='bbox 2753 3181 2868 3246; x_wconf 90' lang='lat' dir='ltr'>per</span> <span class='ocrx_word' id='word_1_397' title='bbox 2915 3163 3250 3226; x_wconf 89' lang='lat' dir='ltr'>mulierem</span> <span class='ocrx_word' id='word_1_398' title='bbox 3298 3164 3464 3226; x_wconf 90' lang='lat' dir='ltr'>hanc</span> 
     </span>
     <span class='ocr_line' id='line_1_65' title="bbox 1966 3261 3464 3344; baseline -0.003 -17"><span class='ocrx_word' id='word_1_399' title='bbox 1966 3263 2346 3344; x_wconf 81' lang='lat' dir='ltr'>intelligitur</span> <span class='ocrx_word' id='word_1_400' title='bbox 2402 3270 2635 3326; x_wconf 80' lang='lat' dir='ltr'>aeterna</span> <span class='ocrx_word' id='word_1_401' title='bbox 2691 3271 2754 3325; x_wconf 90' lang='lat' dir='ltr'>et</span> <span class='ocrx_word' id='word_1_402' title='bbox 2817 3263 3090 3325; x_wconf 87' lang='lat' dir='ltr'>increata</span> <span class='ocrx_word' id='word_1_403' title='bbox 3153 3261 3464 3343; x_wconf 87' lang='lat' dir='ltr'>sapientia</span> 
     </span>
     <span class='ocr_line' id='line_1_66' title="bbox 1964 3360 3464 3444; baseline -0.002 -19"><span class='ocrx_word' id='word_1_404' title='bbox 1964 3362 2097 3432; x_wconf 88' lang='lat' dir='ltr'>Dei,</span> <span class='ocrx_word' id='word_1_405' title='bbox 2124 3381 2268 3444; x_wconf 79' lang='lat' dir='ltr'>quae</span> <span class='ocrx_word' id='word_1_406' title='bbox 2308 3361 2389 3424; x_wconf 92' lang='lat' dir='ltr'>ob</span> <span class='ocrx_word' id='word_1_407' title='bbox 2430 3381 2608 3423; x_wconf 89' lang='lat' dir='ltr'>suam</span> <span class='ocrx_word' id='word_1_408' title='bbox 2649 3360 3126 3434; x_wconf 88' lang='lat' dir='ltr'>amabilitatem,</span> <span class='ocrx_word' id='word_1_409' title='bbox 3161 3360 3464 3442; x_wconf 89' lang='lat' dir='ltr'>speciosi-</span> 
     </span>
     <span class='ocr_line' id='line_1_67' title="bbox 1964 3457 3462 3541; baseline -0.001 -20"><span class='ocrx_word' id='word_1_410' title='bbox 1964 3466 2180 3532; x_wconf 88' lang='lat' dir='ltr'>tatem,</span> <span class='ocrx_word' id='word_1_411' title='bbox 2217 3458 2516 3541; x_wconf 85' lang='lat' dir='ltr'>pietatem</span> <span class='ocrx_word' id='word_1_412' title='bbox 2548 3465 2610 3520; x_wconf 88' lang='lat' dir='ltr'>et</span> <span class='ocrx_word' id='word_1_413' title='bbox 2637 3457 3109 3532; x_wconf 79' lang='lat' dir='ltr'>fecunditatem,</span> <span class='ocrx_word' id='word_1_414' title='bbox 3135 3475 3370 3538; x_wconf 89' lang='lat' dir='ltr'>sponsa</span> <span class='ocrx_word' id='word_1_415' title='bbox 3397 3465 3462 3519; x_wconf 89' lang='lat' dir='ltr'>et</span> 
     </span>
     <span class='ocr_line' id='line_1_68' title="bbox 1962 3554 3461 3639; baseline 0 -20"><span class='ocrx_word' id='word_1_416' title='bbox 1962 3557 2200 3619; x_wconf 89' lang='lat' dir='ltr'>mulier</span> <span class='ocrx_word' id='word_1_417' title='bbox 2256 3555 2637 3639; x_wconf 88' lang='lat' dir='ltr'>appellatur.</span> <span class='ocrx_word' id='word_1_418' title='bbox 2687 3555 2773 3618; x_wconf 91' lang='lat' dir='ltr'>De</span> <span class='ocrx_word' id='word_1_419' title='bbox 2814 3575 2945 3638; x_wconf 92' lang='lat' dir='ltr'>qua</span> <span class='ocrx_word' id='word_1_420' title='bbox 2990 3554 3253 3638; x_wconf 89' lang='lat' dir='ltr'>Sapiens</span> <span class='ocrx_word' id='word_1_421' title='bbox 3317 3575 3461 3637; x_wconf 91' lang='lat' dir='ltr'>pro-</span> 
     </span>
    </p>
   </div>
   <div class='ocr_carea' id='block_1_14' title="bbox 1963 3653 3753 3738">
    <p class='ocr_par' dir='ltr' id='par_1_14' title="bbox 1963 3653 3753 3738">
     <span class='ocr_line' id='line_1_69' title="bbox 1963 3653 3753 3738; baseline 0 -20"><span class='ocrx_word' id='word_1_422' title='bbox 1963 3663 2250 3730; x_wconf 88' lang='lat' dir='ltr'>testatur,</span> <span class='ocrx_word' id='word_1_423' title='bbox 2291 3656 2560 3738; x_wconf 90' lang='lat' dir='ltr'>pudicus</span> <span class='ocrx_word' id='word_1_424' title='bbox 2608 3662 2671 3716; x_wconf 90' lang='lat' dir='ltr'>et</span> <span class='ocrx_word' id='word_1_425' title='bbox 2719 3673 2917 3736; x_wconf 91' lang='lat' dir='ltr'>purus</span> <span class='ocrx_word' id='word_1_426' title='bbox 2965 3662 3206 3717; x_wconf 86' lang='lat' dir='ltr'>amator</span> <span class='ocrx_word' id='word_1_427' title='bbox 3241 3672 3254 3716; x_wconf 92' lang='lat'><strong>:</strong></span> <span class='ocrx_word' id='word_1_428' title='bbox 3287 3653 3460 3716; x_wconf 87' lang='lat' dir='ltr'>Hanc</span> <span class='ocrx_word' id='word_1_429' title='bbox 3489 3675 3753 3732; x_wconf 54' lang='lat' dir='ltr'>Sapama.</span> 
     </span>
    </p>
   </div>
   <div class='ocr_carea' id='block_1_15' title="bbox 1961 3751 3462 4229">
    <p class='ocr_par' dir='ltr' id='par_1_15' title="bbox 1961 3751 3462 4229">
     <span class='ocr_line' id='line_1_70' title="bbox 1962 3751 3462 3834; baseline -0.001 -18"><span class='ocrx_word' id='word_1_430' title='bbox 1962 3754 2171 3818; x_wconf 84' lang='lat' dir='ltr'>amavi</span> <span class='ocrx_word' id='word_1_431' title='bbox 2227 3761 2290 3816; x_wconf 92' lang='lat' dir='ltr'>et</span> <span class='ocrx_word' id='word_1_432' title='bbox 2345 3752 2663 3834; x_wconf 85' lang='lat' dir='ltr'>exquisivi</span> <span class='ocrx_word' id='word_1_433' title='bbox 2711 3771 2750 3814; x_wconf 89' lang='lat' dir='ltr'>a</span> <span class='ocrx_word' id='word_1_434' title='bbox 2791 3751 3126 3833; x_wconf 85' lang='lat' dir='ltr'>juventute</span> <span class='ocrx_word' id='word_1_435' title='bbox 3183 3769 3345 3826; x_wconf 90' lang='lat' dir='ltr'>mea,</span> <span class='ocrx_word' id='word_1_436' title='bbox 3397 3761 3462 3814; x_wconf 92' lang='lat' dir='ltr'>et</span> 
     </span>
     <span class='ocr_line' id='line_1_71' title="bbox 1962 3848 3462 3934; baseline -0.001 -20"><span class='ocrx_word' id='word_1_437' title='bbox 1962 3851 2234 3934; x_wconf 85' lang='lat' dir='ltr'>quaesivi</span> <span class='ocrx_word' id='word_1_438' title='bbox 2275 3869 2572 3933; x_wconf 87' lang='lat' dir='ltr'>sponsam</span> <span class='ocrx_word' id='word_1_439' title='bbox 2614 3868 2753 3912; x_wconf 90' lang='lat' dir='ltr'>eam</span> <span class='ocrx_word' id='word_1_440' title='bbox 2801 3848 2960 3912; x_wconf 88' lang='lat' dir='ltr'>mihi</span> <span class='ocrx_word' id='word_1_441' title='bbox 3005 3867 3367 3931; x_wconf 89' lang='lat' dir='ltr'>assumere;</span> <span class='ocrx_word' id='word_1_442' title='bbox 3399 3855 3462 3913; x_wconf 92' lang='lat' dir='ltr'>et</span> 
     </span>
     <span class='ocr_line' id='line_1_72' title="bbox 1961 3947 3456 4024; baseline 0.001 -13"><span class='ocrx_word' id='word_1_443' title='bbox 1961 3957 2205 4013; x_wconf 88' lang='lat' dir='ltr'>amator</span> <span class='ocrx_word' id='word_1_444' title='bbox 2249 3949 2455 4012; x_wconf 85' lang='lat' dir='ltr'>factus</span> <span class='ocrx_word' id='word_1_445' title='bbox 2515 3967 2654 4011; x_wconf 90' lang='lat' dir='ltr'>sum</span> <span class='ocrx_word' id='word_1_446' title='bbox 2715 3947 2938 4012; x_wconf 80' lang='lat' dir='ltr'>formae</span> <span class='ocrx_word' id='word_1_447' title='bbox 2994 3947 3192 4010; x_wconf 91' lang='lat' dir='ltr'>illius.</span> <span class='ocrx_word' id='word_1_448' title='bbox 3243 3947 3456 4024; x_wconf 90' lang='lat' dir='ltr'>Porr0,</span> 
     </span>
     <span class='ocr_line' id='line_1_73' title="bbox 1962 4045 3462 4131; baseline -0.001 -20"><span class='ocrx_word' id='word_1_449' title='bbox 1962 4067 2077 4131; x_wconf 90' lang='lat' dir='ltr'>per</span> <span class='ocrx_word' id='word_1_450' title='bbox 2116 4049 2444 4111; x_wconf 90' lang='lat' dir='ltr'>lucernam</span> <span class='ocrx_word' id='word_1_451' title='bbox 2484 4047 2862 4128; x_wconf 88' lang='lat' dir='ltr'>intelligitur</span> <span class='ocrx_word' id='word_1_452' title='bbox 2899 4045 3130 4110; x_wconf 90' lang='lat' dir='ltr'>Christi</span> <span class='ocrx_word' id='word_1_453' title='bbox 3169 4047 3462 4110; x_wconf 90' lang='lat' dir='ltr'>humani-</span> 
     </span>
     <span class='ocr_line' id='line_1_74' title="bbox 1961 4145 3460 4229; baseline 0 -20"><span class='ocrx_word' id='word_1_454' title='bbox 1961 4156 2077 4222; x_wconf 82' lang='lat' dir='ltr'>taS,</span> <span class='ocrx_word' id='word_1_455' title='bbox 2129 4165 2324 4229; x_wconf 90' lang='lat' dir='ltr'>quam</span> <span class='ocrx_word' id='word_1_456' title='bbox 2371 4145 2647 4208; x_wconf 90' lang='lat' dir='ltr'>Verbum</span> <span class='ocrx_word' id='word_1_457' title='bbox 2694 4153 3002 4208; x_wconf 81' lang='lat' dir='ltr'>aeternum</span> <span class='ocrx_word' id='word_1_458' title='bbox 3060 4147 3282 4208; x_wconf 90' lang='lat' dir='ltr'>eodem</span> <span class='ocrx_word' id='word_1_459' title='bbox 3330 4164 3460 4227; x_wconf 88' lang='lat' dir='ltr'>quo</span> 
     </span>
    </p>
   </div>
   <div class='ocr_carea' id='block_1_16' title="bbox 338 4244 3455 4334">
    <p class='ocr_par' dir='ltr' id='par_1_16' title="bbox 338 4244 3455 4334">
     <span class='ocr_line' id='line_1_75' title="bbox 338 4244 3455 4334; baseline -0.003 -20"><span class='ocrx_word' id='word_1_460' title='bbox 338 4270 539 4334; x_wconf 87' lang='lat' dir='ltr'>quam</span> <span class='ocrx_word' id='word_1_461' title='bbox 573 4258 817 4313; x_wconf 87' lang='lat' dir='ltr'>ceteras</span> <span class='ocrx_word' id='word_1_462' title='bbox 847 4268 1091 4325; x_wconf 75' lang='lat' dir='ltr'>omneS‚</span> <span class='ocrx_word' id='word_1_463' title='bbox 1128 4251 1238 4312; x_wconf 91' lang='lat' dir='ltr'>sed</span> <span class='ocrx_word' id='word_1_464' title='bbox 1276 4250 1430 4331; x_wconf 88' lang='lat' dir='ltr'>quia</span> <span class='ocrx_word' id='word_1_465' title='bbox 1467 4249 1545 4312; x_wconf 93' lang='lat' dir='ltr'>de</span> <span class='ocrx_word' id='word_1_466' title='bbox 1578 4249 1717 4330; x_wconf 90' lang='lat' dir='ltr'>ejus</span> <span class='ocrx_word' id='word_1_467' title='bbox 1758 4248 1854 4311; x_wconf 89' lang='lat' dir='ltr'>in·</span> <span class='ocrx_word' id='word_1_468' title='bbox 1881 4249 1932 4312; x_wconf 93' lang='lat' dir='ltr'>D</span> <span class='ocrx_word' id='word_1_469' title='bbox 1962 4263 2098 4308; x_wconf 91' lang='lat' dir='ltr'>eam</span> <span class='ocrx_word' id='word_1_470' title='bbox 2137 4244 2483 4326; x_wconf 86' lang='lat' dir='ltr'>assumpsit</span> <span class='ocrx_word' id='word_1_471' title='bbox 2522 4244 2805 4321; x_wconf 88' lang='lat' dir='ltr'>instanti,</span> <span class='ocrx_word' id='word_1_472' title='bbox 2837 4244 3147 4319; x_wconf 90' lang='lat' dir='ltr'>accendit,</span> <span class='ocrx_word' id='word_1_473' title='bbox 3182 4244 3302 4308; x_wconf 90' lang='lat' dir='ltr'>hoc</span> <span class='ocrx_word' id='word_1_474' title='bbox 3339 4251 3455 4320; x_wconf 90' lang='lat' dir='ltr'>est,</span> 
     </span>
    </p>
   </div>
   <div class='ocr_carea' id='block_1_17' title="bbox 336 4347 1854 5394">
    <p class='ocr_par' dir='ltr' id='par_1_17' title="bbox 336 4347 1854 5394">
     <span class='ocr_line' id='line_1_76' title="bbox 339 4347 1854 4430; baseline -0.003 -17"><span class='ocrx_word' id='word_1_475' title='bbox 339 4349 651 4413; x_wconf 84' lang='lat' dir='ltr'>ventione</span> <span class='ocrx_word' id='word_1_476' title='bbox 677 4349 971 4430; x_wconf 81' lang='lat' dir='ltr'>quaedam</span> <span class='ocrx_word' id='word_1_477' title='bbox 1011 4347 1307 4430; x_wconf 90' lang='lat' dir='ltr'>specialis</span> <span class='ocrx_word' id='word_1_478' title='bbox 1336 4366 1409 4410; x_wconf 93' lang='lat' dir='ltr'>ac</span> <span class='ocrx_word' id='word_1_479' title='bbox 1449 4366 1611 4410; x_wconf 89' lang='lat' dir='ltr'>nova</span> <span class='ocrx_word' id='word_1_480' title='bbox 1644 4347 1854 4410; x_wconf 86' lang='lat' dir='ltr'>exsul-</span> 
     </span>
     <span class='ocr_line' id='line_1_77' title="bbox 336 4444 1854 4528; baseline -0.003 -18"><span class='ocrx_word' id='word_1_481' title='bbox 336 4447 497 4511; x_wconf 89' lang='lat' dir='ltr'>tatio</span> <span class='ocrx_word' id='word_1_482' title='bbox 539 4445 894 4528; x_wconf 84' lang='lat' dir='ltr'>ingignitur</span> <span class='ocrx_word' id='word_1_483' title='bbox 922 4445 1003 4520; x_wconf 92' lang='lat' dir='ltr'>ei,</span> <span class='ocrx_word' id='word_1_484' title='bbox 1037 4452 1175 4508; x_wconf 92' lang='lat' dir='ltr'>tum</span> <span class='ocrx_word' id='word_1_485' title='bbox 1213 4444 1517 4527; x_wconf 91' lang='lat' dir='ltr'>quoniam</span> <span class='ocrx_word' id='word_1_486' title='bbox 1552 4463 1737 4508; x_wconf 89' lang='lat' dir='ltr'>ovem</span> <span class='ocrx_word' id='word_1_487' title='bbox 1777 4444 1854 4506; x_wconf 90' lang='lat' dir='ltr'>il-</span> 
     </span>
     <span class='ocr_line' id='line_1_78' title="bbox 336 4542 1853 4626; baseline -0.003 -17"><span class='ocrx_word' id='word_1_488' title='bbox 336 4547 469 4610; x_wconf 88' lang='lat' dir='ltr'>lam</span> <span class='ocrx_word' id='word_1_489' title='bbox 520 4544 725 4626; x_wconf 82' lang='lat' dir='ltr'>magis</span> <span class='ocrx_word' id='word_1_490' title='bbox 775 4543 1151 4619; x_wconf 89' lang='lat' dir='ltr'>considerat,</span> <span class='ocrx_word' id='word_1_491' title='bbox 1206 4552 1340 4605; x_wconf 92' lang='lat' dir='ltr'>tum</span> <span class='ocrx_word' id='word_1_492' title='bbox 1390 4542 1543 4626; x_wconf 92' lang='lat' dir='ltr'>quia</span> <span class='ocrx_word' id='word_1_493' title='bbox 1591 4551 1853 4626; x_wconf 88' lang='lat' dir='ltr'>propter</span> 
     </span>
     <span class='ocr_line' id='line_1_79' title="bbox 339 4642 1850 4727; baseline -0.004 -18"><span class='ocrx_word' id='word_1_494' title='bbox 339 4645 813 4727; x_wconf 73' lang='lat' dir='ltr'>praecedentem</span> <span class='ocrx_word' id='word_1_495' title='bbox 867 4644 948 4706; x_wconf 87' lang='lat' dir='ltr'>de</span> <span class='ocrx_word' id='word_1_496' title='bbox 1004 4643 1144 4723; x_wconf 87' lang='lat' dir='ltr'>ejus</span> <span class='ocrx_word' id='word_1_497' title='bbox 1202 4642 1559 4725; x_wconf 86' lang='lat' dir='ltr'>perditione</span> <span class='ocrx_word' id='word_1_498' title='bbox 1615 4660 1850 4706; x_wconf 88' lang='lat' dir='ltr'>moero-</span> 
     </span>
     <span class='ocr_line' id='line_1_80' title="bbox 338 4740 1853 4826; baseline -0.003 -19"><span class='ocrx_word' id='word_1_499' title='bbox 338 4763 504 4818; x_wconf 90' lang='lat' dir='ltr'>rem,</span> <span class='ocrx_word' id='word_1_500' title='bbox 540 4741 912 4826; x_wconf 87' lang='lat' dir='ltr'>oppositum</span> <span class='ocrx_word' id='word_1_501' title='bbox 943 4744 1020 4805; x_wconf 89' lang='lat' dir='ltr'>de</span> <span class='ocrx_word' id='word_1_502' title='bbox 1059 4741 1201 4823; x_wconf 85' lang='lat' dir='ltr'>ejus</span> <span class='ocrx_word' id='word_1_503' title='bbox 1233 4741 1602 4804; x_wconf 90' lang='lat' dir='ltr'>inventione</span> <span class='ocrx_word' id='word_1_504' title='bbox 1632 4740 1853 4821; x_wconf 85' lang='lat' dir='ltr'>gaudi-</span> 
     </span>
     <span class='ocr_line' id='line_1_81' title="bbox 342 4836 1852 4919; baseline -0.003 -16"><span class='ocrx_word' id='word_1_505' title='bbox 342 4859 453 4903; x_wconf 86' lang='lat' dir='ltr'>um</span> <span class='ocrx_word' id='word_1_506' title='bbox 498 4837 703 4919; x_wconf 86' lang='lat' dir='ltr'>magis</span> <span class='ocrx_word' id='word_1_507' title='bbox 743 4836 951 4899; x_wconf 79' lang='lat' dir='ltr'>afficit</span> <span class='ocrx_word' id='word_1_508' title='bbox 988 4844 1050 4898; x_wconf 90' lang='lat' dir='ltr'>et</span> <span class='ocrx_word' id='word_1_509' title='bbox 1088 4837 1417 4918; x_wconf 89' lang='lat' dir='ltr'>sentitur);</span> <span class='ocrx_word' id='word_1_510' title='bbox 1458 4837 1549 4899; x_wconf 90' lang='lat' dir='ltr'>sic</span> <span class='ocrx_word' id='word_1_511' title='bbox 1589 4855 1852 4919; x_wconf 90' lang='lat' dir='ltr'>propor-</span> 
     </span>
     <span class='ocr_line' id='line_1_82' title="bbox 340 4935 1849 5016; baseline -0.001 -16"><span class='ocrx_word' id='word_1_512' title='bbox 340 4935 763 5009; x_wconf 88' lang='lat' dir='ltr'>tionabiliter,</span> <span class='ocrx_word' id='word_1_513' title='bbox 797 4936 875 4997; x_wconf 88' lang='lat' dir='ltr'>de</span> <span class='ocrx_word' id='word_1_514' title='bbox 913 4942 1241 5016; x_wconf 83' lang='lat' dir='ltr'>peccatore</span> <span class='ocrx_word' id='word_1_515' title='bbox 1287 4935 1635 5016; x_wconf 88' lang='lat' dir='ltr'>poenitente</span> <span class='ocrx_word' id='word_1_516' title='bbox 1676 4935 1849 4998; x_wconf 89' lang='lat' dir='ltr'>cives</span> 
     </span>
     <span class='ocr_line' id='line_1_83' title="bbox 344 5032 1851 5118; baseline -0.003 -18"><span class='ocrx_word' id='word_1_517' title='bbox 344 5035 495 5100; x_wconf 88' lang='lat' dir='ltr'>coeli</span> <span class='ocrx_word' id='word_1_518' title='bbox 526 5034 677 5118; x_wconf 90' lang='lat' dir='ltr'>plus</span> <span class='ocrx_word' id='word_1_519' title='bbox 703 5033 1004 5114; x_wconf 88' lang='lat' dir='ltr'>gaudent,</span> <span class='ocrx_word' id='word_1_520' title='bbox 1037 5040 1145 5094; x_wconf 87' lang='lat' dir='ltr'>aut</span> <span class='ocrx_word' id='word_1_521' title='bbox 1183 5033 1363 5114; x_wconf 90' lang='lat' dir='ltr'>signa</span> <span class='ocrx_word' id='word_1_522' title='bbox 1390 5033 1623 5096; x_wconf 79' lang='lat' dir='ltr'>laetitiae</span> <span class='ocrx_word' id='word_1_523' title='bbox 1653 5032 1851 5096; x_wconf 91' lang='lat' dir='ltr'>abun·</span> 
     </span>
     <span class='ocr_line' id='line_1_84' title="bbox 346 5130 1846 5212; baseline -0.002 -15"><span class='ocrx_word' id='word_1_524' title='bbox 346 5135 604 5197; x_wconf 87' lang='lat' dir='ltr'>dantius</span> <span class='ocrx_word' id='word_1_525' title='bbox 656 5139 1031 5194; x_wconf 89' lang='lat' dir='ltr'>monstrant.</span> <span class='ocrx_word' id='word_1_526' title='bbox 1078 5130 1233 5194; x_wconf 91' lang='lat' dir='ltr'>Nam</span> <span class='ocrx_word' id='word_1_527' title='bbox 1283 5139 1346 5194; x_wconf 89' lang='lat' dir='ltr'>et</span> <span class='ocrx_word' id='word_1_528' title='bbox 1390 5131 1598 5212; x_wconf 83' lang='lat' dir='ltr'>angeli</span> <span class='ocrx_word' id='word_1_529' title='bbox 1648 5133 1846 5195; x_wconf 90' lang='lat' dir='ltr'>sancti</span> 
     </span>
     <span class='ocr_line' id='line_1_85' title="bbox 346 5229 1850 5311; baseline -0.001 -16"><span class='ocrx_word' id='word_1_530' title='bbox 346 5233 421 5295; x_wconf 91' lang='lat' dir='ltr'>de</span> <span class='ocrx_word' id='word_1_531' title='bbox 454 5230 795 5296; x_wconf 90' lang='lat' dir='ltr'>hominum</span> <span class='ocrx_word' id='word_1_532' title='bbox 826 5229 950 5291; x_wconf 91' lang='lat' dir='ltr'>sibi</span> <span class='ocrx_word' id='word_1_533' title='bbox 982 5229 1468 5294; x_wconf 90' lang='lat' dir='ltr'>commissorum</span> <span class='ocrx_word' id='word_1_534' title='bbox 1503 5237 1850 5311; x_wconf 88' lang='lat' dir='ltr'>transgres-</span> 
     </span>
     <span class='ocr_line' id='line_1_86' title="bbox 348 5326 1849 5394; baseline -0.001 -2"><span class='ocrx_word' id='word_1_535' title='bbox 348 5328 527 5394; x_wconf 88' lang='lat' dir='ltr'>sione</span> <span class='ocrx_word' id='word_1_536' title='bbox 574 5336 639 5390; x_wconf 88' lang='lat' dir='ltr'>et</span> <span class='ocrx_word' id='word_1_537' title='bbox 686 5326 1139 5392; x_wconf 84' lang='lat' dir='ltr'>recidivatione</span> <span class='ocrx_word' id='word_1_538' title='bbox 1186 5326 1400 5394; x_wconf 90' lang='lat' dir='ltr'>dolere</span> <span class='ocrx_word' id='word_1_539' title='bbox 1448 5333 1511 5389; x_wconf 88' lang='lat' dir='ltr'>et</span> <span class='ocrx_word' id='word_1_540' title='bbox 1556 5326 1717 5390; x_wconf 80' lang='lat' dir='ltr'>flere</span> <span class='ocrx_word' id='word_1_541' title='bbox 1760 5327 1849 5391; x_wconf 80' lang='lat' dir='ltr'>fe—</span> 
     </span>
    </p>
   </div>
   <div class='ocr_carea' id='block_1_18' title="bbox 1958 4341 3461 5213">
    <p class='ocr_par' dir='ltr' id='par_1_18' title="bbox 1958 4341 3461 5213">
     <span class='ocr_line' id='line_1_87' title="bbox 1962 4341 3460 4424; baseline 0 -18"><span class='ocrx_word' id='word_1_542' title='bbox 1962 4344 2197 4407; x_wconf 82' lang='lat' dir='ltr'>divinae</span> <span class='ocrx_word' id='word_1_543' title='bbox 2242 4342 2517 4405; x_wconf 88' lang='lat' dir='ltr'>caritatis</span> <span class='ocrx_word' id='word_1_544' title='bbox 2564 4341 2835 4416; x_wconf 85' lang='lat' dir='ltr'>fervore,</span> <span class='ocrx_word' id='word_1_545' title='bbox 2889 4342 3082 4406; x_wconf 92' lang='lat' dir='ltr'>totius</span> <span class='ocrx_word' id='word_1_546' title='bbox 3131 4342 3460 4424; x_wconf 62' lang='lat' dir='ltr'>sapientiae</span> 
     </span>
     <span class='ocr_line' id='line_1_88' title="bbox 1962 4439 3461 4524; baseline -0.001 -20"><span class='ocrx_word' id='word_1_547' title='bbox 1962 4441 2322 4524; x_wconf 89' lang='lat' dir='ltr'>splendore,</span> <span class='ocrx_word' id='word_1_548' title='bbox 2382 4439 2689 4522; x_wconf 89' lang='lat' dir='ltr'>omnique</span> <span class='ocrx_word' id='word_1_549' title='bbox 2748 4440 2982 4503; x_wconf 85' lang='lat' dir='ltr'>virtute</span> <span class='ocrx_word' id='word_1_550' title='bbox 3041 4440 3284 4502; x_wconf 89' lang='lat' dir='ltr'>nullam</span> <span class='ocrx_word' id='word_1_551' title='bbox 3343 4440 3461 4503; x_wconf 91' lang='lat' dir='ltr'>im-</span> 
     </span>
     <span class='ocr_line' id='line_1_89' title="bbox 1961 4537 3453 4622; baseline -0.001 -20"><span class='ocrx_word' id='word_1_552' title='bbox 1961 4539 2420 4622; x_wconf 81' lang='lat' dir='ltr'>perfectionem</span> <span class='ocrx_word' id='word_1_553' title='bbox 2470 4538 2536 4601; x_wconf 91' lang='lat' dir='ltr'>in</span> <span class='ocrx_word' id='word_1_554' title='bbox 2594 4556 2708 4600; x_wconf 88' lang='lat' dir='ltr'>sua</span> <span class='ocrx_word' id='word_1_555' title='bbox 2765 4538 3007 4602; x_wconf 89' lang='lat' dir='ltr'>ratione</span> <span class='ocrx_word' id='word_1_556' title='bbox 3064 4537 3453 4613; x_wconf 89' lang='lat' dir='ltr'>includente,</span> 
     </span>
     <span class='ocr_line' id='line_1_90' title="bbox 1960 4635 3460 4721; baseline -0.001 -20"><span class='ocrx_word' id='word_1_557' title='bbox 1960 4638 2255 4721; x_wconf 87' lang='lat' dir='ltr'>implevit</span> <span class='ocrx_word' id='word_1_558' title='bbox 2297 4657 2312 4701; x_wconf 90' lang='lat'>:</span> <span class='ocrx_word' id='word_1_559' title='bbox 2359 4637 2582 4719; x_wconf 91' lang='lat' dir='ltr'>sicque</span> <span class='ocrx_word' id='word_1_560' title='bbox 2619 4635 2942 4719; x_wconf 87' lang='lat' dir='ltr'>Sapientia</span> <span class='ocrx_word' id='word_1_561' title='bbox 2990 4637 3314 4699; x_wconf 89' lang='lat' dir='ltr'>incarnata</span> <span class='ocrx_word' id='word_1_562' title='bbox 3362 4637 3460 4699; x_wconf 91' lang='lat' dir='ltr'>in-</span> 
     </span>
     <span class='ocr_line' id='line_1_91' title="bbox 1959 4734 3453 4816; baseline -0.003 -16"><span class='ocrx_word' id='word_1_563' title='bbox 1959 4745 2055 4800; x_wconf 87' lang='lat' dir='ltr'>ter</span> <span class='ocrx_word' id='word_1_564' title='bbox 2084 4736 2374 4801; x_wconf 86' lang='lat' dir='ltr'>homines</span> <span class='ocrx_word' id='word_1_565' title='bbox 2414 4734 2867 4809; x_wconf 87' lang='lat' dir='ltr'>conversando,</span> <span class='ocrx_word' id='word_1_566' title='bbox 2901 4734 3130 4798; x_wconf 86' lang='lat' dir='ltr'>evertit</span> <span class='ocrx_word' id='word_1_567' title='bbox 3168 4736 3453 4816; x_wconf 90' lang='lat' dir='ltr'>domum,</span> 
     </span>
     <span class='ocr_line' id='line_1_92' title="bbox 1960 4832 3455 4918; baseline -0.002 -20"><span class='ocrx_word' id='word_1_568' title='bbox 1960 4836 2079 4899; x_wconf 91' lang='lat' dir='ltr'>hoc</span> <span class='ocrx_word' id='word_1_569' title='bbox 2118 4843 2234 4910; x_wconf 89' lang='lat' dir='ltr'>est,</span> <span class='ocrx_word' id='word_1_570' title='bbox 2270 4833 2581 4918; x_wconf 90' lang='lat' dir='ltr'>populum</span> <span class='ocrx_word' id='word_1_571' title='bbox 2610 4833 2968 4897; x_wconf 81' lang='lat' dir='ltr'>Judaeorum</span> <span class='ocrx_word' id='word_1_572' title='bbox 3011 4832 3455 4915; x_wconf 88' lang='lat' dir='ltr'>multipliciter</span> 
     </span>
     <span class='ocr_line' id='line_1_93' title="bbox 1959 4931 3454 5008; baseline -0.003 -11"><span class='ocrx_word' id='word_1_573' title='bbox 1959 4933 2278 5008; x_wconf 87' lang='lat' dir='ltr'>excitavit,</span> <span class='ocrx_word' id='word_1_574' title='bbox 2321 4932 2540 5007; x_wconf 87' lang='lat' dir='ltr'>movit,</span> <span class='ocrx_word' id='word_1_575' title='bbox 2576 4931 2858 5006; x_wconf 84' lang='lat' dir='ltr'>deduxit,</span> <span class='ocrx_word' id='word_1_576' title='bbox 2899 4933 3205 5007; x_wconf 90' lang='lat' dir='ltr'>docendo,</span> <span class='ocrx_word' id='word_1_577' title='bbox 3241 4949 3454 4994; x_wconf 84' lang='lat' dir='ltr'>exem-</span> 
     </span>
     <span class='ocr_line' id='line_1_94' title="bbox 1960 5029 3454 5115; baseline -0.002 -20"><span class='ocrx_word' id='word_1_578' title='bbox 1960 5033 2223 5115; x_wconf 89' lang='lat' dir='ltr'>plariter</span> <span class='ocrx_word' id='word_1_579' title='bbox 2261 5031 2714 5104; x_wconf 85' lang='lat' dir='ltr'>conversando,</span> <span class='ocrx_word' id='word_1_580' title='bbox 2747 5029 3057 5092; x_wconf 89' lang='lat' dir='ltr'>miracula</span> <span class='ocrx_word' id='word_1_581' title='bbox 3088 5037 3454 5112; x_wconf 88' lang='lat' dir='ltr'>perpetran-</span> 
     </span>
     <span class='ocr_line' id='line_1_95' title="bbox 1958 5126 3447 5213; baseline -0.003 -18"><span class='ocrx_word' id='word_1_582' title='bbox 1958 5133 2059 5207; x_wconf 92' lang='lat' dir='ltr'>do,</span> <span class='ocrx_word' id='word_1_583' title='bbox 2110 5130 2248 5213; x_wconf 89' lang='lat' dir='ltr'>qui,</span> <span class='ocrx_word' id='word_1_584' title='bbox 2302 5137 2370 5190; x_wconf 91' lang='lat' dir='ltr'>ut</span> <span class='ocrx_word' id='word_1_585' title='bbox 2427 5129 2493 5190; x_wconf 90' lang='lat' dir='ltr'>in</span> <span class='ocrx_word' id='word_1_586' title='bbox 2548 5126 2808 5190; x_wconf 89' lang='lat' dir='ltr'>Actibus</span> <span class='ocrx_word' id='word_1_587' title='bbox 2866 5128 3151 5209; x_wconf 88' lang='lat' dir='ltr'>loquitur</span> <span class='ocrx_word' id='word_1_588' title='bbox 3205 5126 3447 5202; x_wconf 80' lang='lat' dir='ltr'>PetruS,</span> 
     </span>
    </p>
   </div>
   <div class='ocr_carea' id='block_1_19' title="bbox 1956 5225 3657 5308">
    <p class='ocr_par' dir='ltr' id='par_1_19' title="bbox 1956 5225 3657 5308">
     <span class='ocr_line' id='line_1_96' title="bbox 1956 5225 3657 5308; baseline -0.003 -16"><span class='ocrx_word' id='word_1_589' title='bbox 1956 5227 2369 5292; x_wconf 77' lang='lat' dir='ltr'>Pei-transivit</span> <span class='ocrx_word' id='word_1_590' title='bbox 2405 5225 2899 5308; x_wconf 85' lang='lat' dir='ltr'>benefaciend03</span> <span class='ocrx_word' id='word_1_591' title='bbox 2931 5232 2995 5288; x_wconf 90' lang='lat' dir='ltr'>et</span> <span class='ocrx_word' id='word_1_592' title='bbox 3032 5225 3329 5308; x_wconf 81' lang='lat' dir='ltr'>quaesivit</span> <span class='ocrx_word' id='word_1_593' title='bbox 3359 5227 3454 5289; x_wconf 93' lang='lat' dir='ltr'>di-</span> <span class='ocrx_word' id='word_1_594' title='bbox 3495 5245 3657 5296; x_wconf 53' lang='lat' dir='ltr'>aaa,</span> 
     </span>
    </p>
   </div>
   <div class='ocr_carea' id='block_1_20' title="bbox 1957 5322 3448 5409">
    <p class='ocr_par' dir='ltr' id='par_1_20' title="bbox 1957 5322 3448 5409">
     <span class='ocr_line' id='line_1_97' title="bbox 1957 5322 3448 5409; baseline -0.002 -18"><span class='ocrx_word' id='word_1_595' title='bbox 1957 5327 2229 5409; x_wconf 89' lang='lat' dir='ltr'>ligenter</span> <span class='ocrx_word' id='word_1_596' title='bbox 2259 5323 2584 5390; x_wconf 91' lang='lat' dir='ltr'>hominem</span> <span class='ocrx_word' id='word_1_597' title='bbox 2615 5322 2960 5408; x_wconf 88' lang='lat' dir='ltr'>perditum,</span> <span class='ocrx_word' id='word_1_598' title='bbox 2997 5323 3232 5388; x_wconf 88' lang='lat' dir='ltr'>summi</span> <span class='ocrx_word' id='word_1_599' title='bbox 3263 5323 3448 5408; x_wconf 84' lang='lat' dir='ltr'>Regis</span> 
     </span>
    </p>
   </div>
  </div>
 </body>
</html>
