4300 6259
667 2362 733 2419 31

581 3326 647 3368 1⁰.

876 497 995 562 132

1688 515 2037 562 ENARRATIO
2080 515 2143 562 m
2185 515 2324 562 GAP.
2369 515 2497 561 xvn
2539 513 2727 562 LUCAE.
2773 533 2854 544 -·
2894 516 3037 562 ΛΒΤ.
3083 516 3160 562 ΧῙ.

955 689 1043 748 At
1073 687 1187 746 ille
1222 687 1399 746 dimit
1427 707 1450 746 .·
1480 687 1654 758 Non,
1687 697 1878 765 pater
1910 689 2265 770 Abraham,
2302 686 2367 748 id
2398 686 2449 746 A
2476 693 2725 749 verunt.
2757 684 3014 748 Mortuis
3053 703 3336 768 quoque,
3372 683 3486 767 qui
3529 703 3675 747 cum
3713 681 3964 747 Christo

874 791 991 860 est,
1022 783 1270 867 Moysen
1302 793 1365 847 et
1396 785 1735 868 Prophetas
1766 805 1890 850 non
1921 786 2211 847 audiunt.
2248 785 2370 846 lsta
2479 791 2981 858 resurrexerunt,
3017 792 3079 846 et
3119 783 3339 847 multis
3382 783 3448 845 in
3491 789 3704 844 sancta
3741 781 3966 844 civita·
4039 801 4172 844 sinui
4240 817 4241 822 κ

875 883 1169 962 cognovit
1212 883 1545 945 damnatus
1588 884 1695 946 hic
1743 901 1821 946 ex
1870 883 2108 946 recenti
2159 901 2372 944 sensa-

876 988 1080 1043 torum
1128 981 1455 1056 memoria,
1500 1001 1613 1044 seu
1658 981 2069 1062 conjecturali
2120 981 2364 1057 notitia,

872 1096 948 1140 ex
996 1079 1498 1143 consideratione
1547 1079 1644 1142 sui
1692 1080 2033 1160 judicando
2078 1081 2158 1142 de
2198 1079 2362 1142 aliis.

872 1176 1081 1253 Porro,
1116 1196 1192 1240 ex
1232 1196 1307 1242 eo
1346 1180 1516 1261 quod
1556 1178 1871 1241 Abraham
1911 1180 1999 1241 ait
2038 1180 2117 1240 de
2159 1178 2370 1240 fratri-

870 1274 991 1336 bus
1036 1275 1272 1351 divitis,
1308 1276 1555 1338 Habent
1593 1277 1843 1357 Moysen
1884 1285 1947 1338 et
1996 1276 2362 1358 Prophetas,

869 1374 1123 1436 elicitur
1152 1377 1323 1456 quod
1354 1375 1713 1438 Israeliticae
1754 1375 1971 1458 stirpis
2002 1383 2203 1438 erant.
2237 1378 2368 1437 Sed

866 1474 928 1532 si
965 1474 1111 1553 quis
1146 1495 1231 1533 em
1271 1477 1543 1535 mortuis
1584 1476 1737 1534 ierit
1776 1478 1865 1534 ad
1902 1495 2022 1548 εοε,
2048 1475 2369 1552 poeniten-

871 1572 1031 1631 tiam
1060 1581 1275 1648 ayenc,
1307 1571 1461 1653 quia
1499 1590 1576 1634 ex
1616 1571 1988 1635 inconsueta
2024 1570 2368 1654 apparitio·

870 1686 951 1730 ne
981 1677 1172 1749 atque
1210 1671 1288 1732 ad
1330 1670 1501 1752 ipsos
1540 1670 1975 1735 exhortatione
2004 1669 2366 1752 specialiter

866 1765 1053 1848 facta,
1084 1765 1311 1831 fortius
1353 1768 1801 1831 movebuntur.
1837 1768 1957 1831 Sed
1997 1768 2367 1850 frequenter

2480 891 2540 944 te
2568 891 3024 965 apparuerunt,
3051 883 3498 963 Christumque
3543 881 3965 942 resurrexisse

2479 982 2684 1044 testati
2730 988 2900 1056 sunt,
2939 1000 3064 1044 non
3107 981 3514 1044 crediderunt
3545 979 3762 1054 Judaei,
3797 979 3969 1040 sicut

2475 1097 2594 1142 nec
2637 1079 2904 1144 Christo.

2557 1178 2646 1240 Ex
2695 1179 2814 1241 hac
2859 1178 3224 1259 evangelica
3272 1177 3542 1240 lectione
3585 1176 3781 1238 multa
3823 1195 3971 1258 pos-

2477 1284 2627 1338 sunt
2661 1276 3080 1339 saluberrima
3117 1276 3527 1349 considerari,
3564 1274 3855 1337 videlicet
3887 1274 3971 1334 ri-

2473 1392 2588 1455 gor
2633 1382 2824 1456 atque
2872 1375 3190 1436 subtilitas
3239 1373 3441 1437 divini
3489 1373 3713 1455 judicii
3769 1391 3784 1434 ε
3835 1391 3970 1454 quo

2474 1481 2698 1553 agente
2743 1473 2836 1535 sic
2875 1473 3126 1548 accidit,
3172 1481 3244 1534 ut
3282 1473 3482 1548 diveS‚
3531 1472 3642 1554 qui
3693 1489 3808 1534 nec
3846 1471 3971 1533 mi-

2477 1572 2650 1634 nima
2691 1571 2920 1635 Lazaro
2963 1571 3189 1633 tribuit
3231 1571 3296 1633 in
3341 1571 3458 1634 hac
3499 1572 3647 1645 vita,
3683 1571 3748 1632 in
3787 1570 3970 1632 nullo

2474 1670 2666 1731 etiam
2695 1669 2964 1732 minimo
2992 1669 3326 1731 exauditus
3363 1678 3459 1732 est
3496 1677 3639 1752 post
3676 1668 3836 1730 hanc
3877 1667 3971 1730 vi-

2475 1775 2625 1842 tam,
2670 1768 2851 1848 juxta
2898 1767 3055 1829 illud
3108 1767 3593 1832 Proverbiorum
3635 1786 3648 1829 :
3691 1764 3804 1838 Qui
3855 1766 3972 1829 ob-

869 1865 1179 1947 contingit
1236 1867 1623 1948 oppositum.
1678 1867 2057 1948 Hujusmodi
2106 1886 2365 1949 quoque
2401 1867 2448 1929 B
2477 1874 2644 1929 turat
2690 1884 2874 1928 aures
2925 1884 3070 1928 suas
3116 1867 3194 1928 ad
3241 1866 3584 1930 clamorem
3641 1865 3964 1948 pauperiS‚

869 1964 1299 2047 apparitiones
1331 1983 1499 2047 saepe
1525 1965 1895 2046 judicantur
1926 1965 2362 2047 phantasticae;

871 2069 934 2123 et
974 2061 1123 2124 licet
1163 2063 1240 2124 ad
1285 2062 1505 2126 horam
1550 2063 1799 2145 aliquos
1850 2071 2164 2138 moveant,
2209 2064 2369 2126 mul-

869 2159 1055 2222 toties
1106 2167 1315 2222 tamen
1358 2167 1645 2243 tempore
1690 2161 2092 2243 procedente,
2140 2179 2365 2243 parum

872 2258 1286 2322 fructificant.

951 2357 1111 2420 Hinc
1160 2356 1457 2420 subditur
1507 2376 1521 2421 :
1571 2361 1657 2420 Ec
1703 2361 1801 2420 ait
1850 2361 1957 2418 illi
1994 2357 2360 2421 Abraham:

872 2458 953 2519 Si
995 2458 1258 2534 Moysen
1302 2465 1363 2518 et
1404 2457 1782 2534 Prophetas,
1826 2457 1937 2538 qui
1985 2463 2175 2518 tantae
2224 2475 2367 2518 san-

871 2554 1101 2617 ctitatis
1145 2560 1207 2616 et
1248 2554 1641 2617 auctoritatis
1682 2553 1965 2633 fuerunt,
2002 2575 2130 2615 non
2174 2557 2367 2616 audi-

870 2663 1014 2725 unt,
1048 2671 1162 2734 per
1191 2653 1473 2715 veritatis
1516 2653 1826 2728 notitiam,
1868 2661 2061 2734 atque
2100 2652 2365 2733 justitiae

869 2750 1414 2834 adimpletionem,
1457 2772 1660 2832 neque
1694 2753 1755 2811 si
1792 2753 1941 2830 quis
1980 2772 2063 2811 eoe
2092 2754 2367 2812 mortui-s·

868 2851 1333 2918 resurrexerit„
1371 2850 1450 2911 ad
1500 2866 1738 2930 eosque
1790 2849 2055 2923 venerit,
2106 2853 2366 2910 credent

869 2947 952 3020 ei,
985 2947 1356 3009 credulitate
1400 2947 1783 3030 procedente
1824 2947 1889 3008 in
1932 2946 2225 3009 stabilem
2263 2965 2367 3008 ac-

2477 1965 2615 2048 ipse
2671 1964 2990 2039 clamabit,
3043 1971 3106 2026 et
3163 1983 3290 2028 non
3340 1965 3733 2027 exaudietur.
3783 1964 3964 2038 ltem,

2475 2065 2648 2145 quod
2691 2064 2856 2126 sicut
2903 2063 3121 2125 electis
3171 2063 3386 2126 omnia
3431 2069 3848 2146 cooperantur
3901 2063 3968 2124 in

2475 2162 2739 2236 bonum,
2792 2162 2884 2224 sic
2934 2162 3249 2243 perversis
3307 2169 3369 2223 et
3417 2160 3704 2244 reprobis
3751 2160 3972 2224 omnia

2475 2267 2896 2342 cooperantur
2944 2260 3011 2322 in
3059 2260 3322 2321 malum.
3367 2261 3585 2342 Itaque
3635 2259 3849 2321 nullus
3903 2260 3972 2321 in

2477 2359 2758 2422 vestibus
2790 2357 2982 2419 stulte
3020 2357 3286 2432 laetetur‚
3321 2375 3509 2420 nemo
3547 2357 3614 2420 in
3655 2357 3862 2440 epulis
3901 2376 3974 2419 se

2475 2456 2797 2530 dissolvat,
2849 2473 2968 2518 nec
3016 2464 3301 2538 tempore
3347 2474 3582 2518 mensae
3624 2455 3975 2538 loquacita-

2473 2563 2601 2618 tem
2639 2555 2951 2629 admittat,
2985 2557 3096 2617 sed
3139 2573 3286 2617 cum
3321 2553 3528 2618 cordis
3569 2554 3852 2618 custodia
3893 2554 3975 2616 ti-

2475 2670 2780 2735 moreque
2837 2652 2945 2714 Dei
3002 2653 3306 2715 alimenta
3361 2652 3669 2734 suscipiat
3721 2653 3796 2714 ad
3859 2671 3974 2715 ne—

2474 2752 2854 2832 cessitatem,
2899 2769 3025 2814 non
3075 2751 3152 2813 ad
3202 2751 3614 2832 voluptatem.
3657 2751 3826 2813 Unde
3883 2752 3976 2813 ait

2473 2849 2741 2912 Basilius
2804 2867 2818 2911 :
2888 2847 3203 2921 Quantum
3275 2866 3636 2930 possumuS,
3706 2848 3974 2911 delicias

2475 2948 2697 3010 mundi
2743 2955 2808 3009 et
2853 2947 3138 3010 ciborum
3185 2946 3578 3029 opulentiam
3622 2946 3971 3028 fugiamus,

869 3053 1007 3107 tum
1049 3045 1381 3108 virtutum.
1407 3045 1582 3107 Unde
1617 3045 1837 3121 Judaei,
1872 3051 2158 3127 tempore
2194 3043 2365 3108 Chri·
2402 3050 2446 3114 G
2476 3063 2556 3107 ne
2611 3046 2868 3127 quando
2925 3044 3188 3107 cruciati
3249 3045 3315 3106 in
3375 3044 3656 3106 flammis
3704 3045 3973 3118 inferni,

874 3143 977 3218 sti,
1039 3142 1266 3206 Lazaro
1324 3143 1504 3206 fratri
1565 3143 1817 3207 Marthae
1875 3145 2176 3207 suscitato
2235 3163 2363 3206 non
2472 3150 2717 3225 guttam
2755 3162 2936 3225 aquae
2978 3161 3360 3225 quaeramuS,
3397 3151 3459 3205 et
3496 3143 3742 3205 nullum
3781 3145 3979 3206 refri-

593 3259 843 3312 Joann.xu,
874 3241 1301 3318 crediderunt,
1362 3243 1471 3304 sed
1530 3250 1800 3306 mortem
1860 3242 2097 3305 inferre
2150 3243 2367 3305 decre-
2471 3242 2724 3324 gerium
2765 3260 3254 3323 consequamur.

1989 3672 2642 3760 ARTICULUS
2727 3673 2872 3758 XL

1024 3947 1336 3995 Exposrrlo
1378 3945 1654 3994 cAPrrnm
1698 3945 2147 3992 snrrmmssclm
2192 3946 2208 3991 :
2255 3947 2328 3991 m·
2373 3946 2474 3991 Al'r
2516 3947 2600 3991 AD
2643 3945 2990 3992 Dlsclrums
3035 3946 3182 3992 SUOS
3228 3946 3241 3990 :
3289 3945 3668 3992 lurossmim
3710 3945 3818 3992 1381·

1954 4045 2031 4091 ΠΤ
2071 4044 2195 4090 NON
2237 4044 2505 4090 VENIANT
2548 4043 2893 4090 SCANDALA.

1023 4325 1078 4385 T
1106 4325 1201 4384 ait
1230 4325 1318 4384 ad
1343 4323 1699 4401 discipulos
1733 4342 1879 4383 suos
1909 4343 1931 4381 .·
1968 4324 2372 4400 Impossibile
2403 4319 2454 4383 D
2480 4341 2609 4403 quo
2642 4323 2790 4404 quis
2839 4321 3066 4384 incidit
3110 4340 3187 4384 ex
3231 4322 3587 4388 inordinato
3629 4323 3819 4388 verbo
3863 4334 3979 4388 aut

1042 4431 1134 4482 est
1163 4431 1235 4482 ut
1264 4440 1396 4482 non
1426 4422 1694 4481 veniant
1721 4424 2059 4482 scandala.
2092 4420 2226 4483 Non
2266 4420 2376 4482 ab·

884 4518 1089 4581 solute
1152 4525 1344 4600 atque
1411 4517 1477 4580 in
1538 4517 1905 4599 particulari
1966 4535 2224 4580 necesse
2280 4528 2376 4582 est

884 4617 1179 4680 scandala
1224 4617 1523 4696 evenire3
1576 4618 1686 4679 sed
1734 4635 1809 4680 eo
1857 4617 2043 4680 modo
2086 4636 2216 4699 quo
2259 4617 2377 4678 im-

886 4715 1191 4798 possibile
1249 4722 1344 4777 est
1400 4715 1692 4778 homines
1746 4734 1871 4778 non
1922 4734 2206 4797 peccare,
2260 4716 2379 4777 im-

888 4812 1193 4896 possibile
1240 4819 1336 4875 est
1383 4813 1676 4875 scandala
1724 4831 1849 4876 non
1893 4814 2068 4876 oriri.
2110 4813 2380 4876 Scanda-

887 4911 1021 4973 lum
1054 4927 1331 4992 namque
1360 4919 1457 4973 cst
1484 4911 1726 4973 dictum
1755 4919 1863 4974 aut
1894 4910 2132 4974 factum
2164 4912 2378 4974 minus

890 5018 1155 5084 rectum,
1191 5008 1481 5091 praebens
1522 5009 1703 5072 alteri
1742 5011 2134 5074 occasionem
2181 5011 2379 5074 ruinae

890 5107 1229 5189 culpabilis
1272 5125 1385 5168 seu
1430 5107 1693 5189 peccati.
1748 5106 1821 5170 Et
1869 5108 1988 5169 ista
2036 5108 2380 5190 descriptio

891 5207 1075 5268 datur
1114 5206 1193 5269 de
1230 5205 1523 5268 scandalo
1560 5206 1786 5269 activo.
1820 5205 2199 5268 Scandalum
2232 5225 2380 5270 vero

892 5303 1215 5386 passivum
1285 5311 1381 5367 est
1437 5303 1805 5384 hujusmodi
1871 5305 2055 5367 ruina
2112 5305 2375 5387 peccati,

2479 4421 2645 4484 facto
2691 4420 2974 4483 alterius.
3028 4421 3156 4484 Hoc
3213 4429 3424 4484 tamen
3484 4422 3975 4504 intelligendum

2481 4526 2578 4580 est
2619 4519 2697 4580 de
2746 4519 3040 4582 scandalo
3089 4519 3360 4600 passivo,
3405 4521 3579 4601 quod
3627 4522 3862 4583 directe
3913 4529 3980 4582 et

2486 4635 2599 4698 per
2647 4635 2714 4679 se
2760 4617 2906 4698 quis
2957 4616 3228 4679 incurrit
3274 4635 3352 4680 ex
3401 4618 3598 4682 verbo
3653 4627 3761 4681 aut
3804 4617 3980 4682 facto

2484 4716 2767 4778 alterius.

2576 4813 2878 4886 Quocirca
2935 4815 3355 4896 pensandum,
3417 4815 3572 4896 quia
3629 4823 3699 4877 ut
3752 4815 3982 4878 scribit

2487 4913 2756 4976 Thomas
2815 4912 2879 4974 in
2931 4914 3211 4976 secunda
3259 4914 3574 4988 secundae,
3626 4914 3982 4995 quaestione

2487 5011 2578 5086 43,
2605 5012 2958 5074 secundum
2988 5011 3461 5093 Hieronymum,
3479 5015 3789 5074 σκάνδαλον
3817 5011 3986 5076 Grae—

2489 5127 2581 5185 ce,
2612 5108 2832 5171 Latine
2865 5109 3160 5185 offensio,
3196 5109 3383 5171 ruina
3422 5109 3522 5172 vel
3563 5109 3988 5192 impingentia

2490 5207 2743 5269 dicitur.
2785 5206 3326 5279 Quemadmodum
3375 5207 3546 5269 enim
3599 5208 3662 5270 in
3713 5208 3812 5272 via
3849 5227 3988 5272 cor-

2493 5305 2692 5387 porali
2734 5305 3076 5386 aliquando
3117 5304 3280 5370 obex
3319 5306 3554 5387 aliquis
3601 5306 3879 5388 ponitur,
3915 5307 3984 5369 in

3989 867 4205 916 ιιηρζὃλ
4240 857 4241 860 ’

4022 1781 4138 1824 Prot.
4151 1793 4212 1822 m.

3996 1847 4060 1887 13.

4023 2082 4132 2125 Rom.
4151 2095 4212 2126 vm.

3997 2147 4061 2187 ΞΒ.
