4300 6259
598 2854 632 2898 ΙΙ
657 2855 768 2898 rim.
786 2869 829 2906 u,

569 3711 634 3752 1⁶.

593 4887 642 4930 Is

658 3659 751 3697 Lxx,
767 3648 832 3699 ¹5,

653 4805 726 4861 ⁴6

865 489 985 556 170

1659 511 2010 559 mannum
2049 511 2114 558 m
2156 510 2296 558 cAP.
2340 510 2447 558 xlx
2487 510 2675 559 tucn.
2720 529 2801 542 ·-
2840 511 2982 558 ΛΒΤ.
3028 509 3151 556 an

942 681 1251 746 Fecerunt
1285 693 1498 747 autem
1537 685 1860 768 principes
1886 686 2245 749 Judaeorum
2284 684 2351 746 in
2379 682 2430 743 A
2459 700 2639 744 num.
2672 680 3030 745 Enormiter
3064 681 3257 764 igitur
3286 687 3569 764 peceant,
3600 680 3710 762 qui
3750 679 3949 742 sacris

863 782 1072 864 primo
1119 783 1280 847 atrio
1325 784 1548 864 templi
1599 802 1675 847 ex
1719 784 1984 848 avaritia
2041 784 2161 846 tria
2214 784 2351 847 loca

859 882 1190 944 venalibus
1224 901 1239 946 ε
1274 883 1338 945 in
1379 901 1652 964 quorum
1695 902 1821 947 uno
1860 884 2164 946 sedebant
2201 902 2352 946 ven-

857 980 1096 1054 dentes,
1132 979 1195 1042 in
1237 981 1362 1044 alio
1392 981 1826 1057 nummularii,
1861 982 1926 1045 in
1965 983 2155 1046 tertio
2186 983 2292 1044 alii
2330 1001 2344 1045 :

856 1085 920 1140 et
963 1077 1082 1141 hoc
1124 1077 1287 1158 ideo,
1329 1087 1400 1141 ut
1435 1079 1651 1142 nullus
1689 1097 1757 1142 se
1795 1088 2008 1162 posset
2047 1099 2348 1142 excusare

858 1175 937 1237 ab
975 1175 1313 1239 oblatione.
1357 1175 1420 1238 Si
1460 1177 1632 1239 enim
1683 1197 1808 1242 non
1853 1179 2216 1241 detulerunt
2255 1197 2351 1241 se-

859 1294 1002 1336 cum
1062 1273 1410 1350 offerenda,
1463 1277 1846 1340 invenerunt
1895 1296 1968 1340 ea
2019 1278 2110 1340 ibi
2161 1297 2350 1341 vena-

859 1372 984 1453 lia;
1030 1381 1092 1435 et
1135 1373 1186 1435 si
1233 1374 1570 1456 pecuniam
1619 1395 1744 1439 non
1793 1376 2130 1452 habebant,
2174 1377 2351 1440 inve—

861 1480 1093 1534 nerunt
1151 1472 1239 1534 ibi
1295 1475 1754 1538 nummularios
1803 1475 1878 1538 ad
1926 1476 2349 1538 mutuandum

862 1578 1108 1652 paratos
1152 1589 1166 1633 ε
1210 1572 1322 1653 qui
1367 1580 1575 1635 tamen
1628 1573 1694 1636 in
1744 1573 1864 1637 hoc
1912 1575 2243 1636 commoda
2288 1580 2351 1635 et

860 1668 1281 1732 emolumenta
1310 1671 1566 1753 propria
1593 1671 1996 1753 quaesierunt.
2013 1671 2186 1749 Nam,
2204 1671 2355 1753 quia

719 1789 832 1826 xxm.
862 1766 982 1828 sub
1029 1767 1364 1830 manifesta
1412 1789 1604 1831 usura
1651 1772 1996 1833 concedere
2043 1770 2349 1852 prohibiti

2458 780 2613 844 locis
2662 781 3034 855 abutuntur,
3088 788 3151 843 et
3197 781 3290 843 eis
3341 779 3815 843 irreverentiam
3864 780 3951 840 ir-

2458 886 2677 960 rogant
2724 898 2739 942 :
2786 887 2855 941 ut
2903 879 3015 960 qui
3066 880 3304 942 intrant
3349 877 3678 940 ecclesiam
3728 885 3797 938 ut
3844 877 3947 940 in-

2458 979 2730 1061 spiciant
2773 978 3067 1053 feminas,
3113 986 3176 1040 et
3222 977 3477 1040 feminae
3524 976 3825 1038 intrantes
3878 983 3949 1038 ut

2456 1078 2712 1140 videant
2741 1078 2909 1141 viros
2934 1097 2950 1156 ;
2992 1084 3056 1140 et
3085 1077 3196 1159 qui
3232 1076 3323 1138 ibi
3356 1075 3589 1139 lascive
3617 1075 3765 1138 hinc
3794 1075 3949 1138 inde

2454 1177 2838 1260 adspiciunt,
2886 1184 2995 1240 aut
3042 1176 3383 1239 libidinose
3428 1193 3503 1238 ac
3540 1173 3949 1237 sceleratissi-

2457 1294 2559 1338 me
2608 1276 3089 1358 concupiscunt,
3140 1281 3249 1336 aut
3289 1274 3431 1337 aliis
3480 1290 3549 1335 se
3588 1281 3945 1354 ostentant3

2456 1382 2519 1436 et
2564 1375 2677 1456 qui
2728 1375 2814 1436 ibi
2867 1373 3385 1448 fabulationibus,
3434 1371 3947 1446 scurrilitatibus,

2454 1473 2615 1553 jocis
2660 1472 3023 1554 risibusque
3065 1471 3292 1534 intenti
3338 1478 3508 1533 sunt.
3540 1469 3667 1532 Nec
3708 1469 3773 1531 in
3819 1488 3953 1533 οω-

2458 1571 2739 1634 meteriis
2801 1571 3035 1634 debent
3100 1569 3268 1633 ludis
3330 1577 3439 1632 aut
3502 1569 3644 1631 aliis
3702 1568 3953 1631 actibus

2460 1669 2660 1742 vaniS,
2704 1671 2814 1733 sed
2856 1669 2965 1731 Dei
3007 1666 3323 1742 laudibuS,
3356 1665 3767 1740 orationibus,
3798 1685 3957 1730 con-

2461 1767 3000 1849 templationibus,
3048 1764 3601 1850 praedicationibus
3647 1772 3711 1827 et
3754 1766 3955 1828 sacris

863 1873 1040 1928 erant
1069 1865 1371 1929 fratribus
1411 1867 1542 1930 suis
1571 1869 1824 1948 Iudaeis,
1858 1869 2233 1932 mutuabant
2259 1869 2351 1931 eis
2387 1860 2434 1922 Β
2461 1866 2888 1929 oblationibus
2926 1865 3159 1928 ibidem
3203 1883 3346 1927 cum
3387 1863 3561 1928 omni
3600 1863 3957 1927 reverentia

864 1973 1124 2046 propter
1163 1966 1452 2046 quaedam
1498 1967 1879 2029 munuscula
1919 1966 2268 2030 fructuum.

942 2061 1102 2125 Dicit
1140 2063 1260 2126 hoc
1296 2063 1434 2126 loco
1461 2062 1654 2126 Gorra
1686 2083 1700 2126 :
1735 2063 1849 2126 Per
1887 2065 2039 2128 istos
2075 2065 2355 2127 venden-

857 2167 952 2222 tes
982 2167 1045 2222 et
1072 2167 1374 2234 ementes,
1410 2161 1818 2242 designantur
1851 2171 2094 2244 septem
2122 2181 2356 2244 genera

860 2258 1193 2320 hominum
1249 2257 1330 2322 ab
1387 2259 1653 2322 ecclesia
1707 2260 2104 2342 expellenda.
2162 2259 2351 2322 Primi

863 2364 1012 2419 sunt
1047 2357 1457 2420 saecularibus
1493 2357 1740 2420 actibus
1771 2357 1990 2421 dediti.
2023 2358 2185 2422 Hinc
2224 2358 2356 2440 pla-

863 2454 986 2516 cita
1027 2472 1153 2518 non
1193 2455 1427 2517 debent
1465 2456 1531 2518 in
1569 2456 1836 2518 ecclesia
1876 2454 2044 2518 fieri.
2078 2455 2352 2520 Secundi

863 2560 1013 2615 sunt
1058 2553 1458 2626 tumultuosi,
1506 2572 1586 2616 ne
1632 2555 2036 2619 devotionem
2085 2555 2357 2637 impedi-

860 2659 969 2713 ant
1016 2651 1218 2715 divini
1267 2650 1500 2714 Officii.
1544 2652 1735 2715 Tertii
1786 2661 1936 2715 sunt
1981 2653 2197 2716 clerici
2247 2672 2356 2716 ne-

859 2749 1218 2830 gotiatores„
1270 2751 1424 2832 quia
1479 2769 1604 2814 non
1665 2751 1814 2813 licet
1870 2752 1961 2813 eis
2021 2751 2349 2832 negotiari,

861 2847 1110 2910 dicente
1138 2848 1436 2930 Apostolo
1470 2866 1483 2911 :
1516 2848 1714 2912 Nemo
1751 2849 2030 2912 militans
2068 2848 2195 2913 Deo
2235 2851 2355 2913 i1n-

860 2946 1054 3029 plicat
1083 2965 1151 3008 se
1181 2947 1448 3027 negotiis
1487 2947 1917 3011 saecularibus.
1951 2947 2164 3021 Quarti
2203 2957 2353 3012 sunt

2460 1972 2524 2026 et
2561 1963 2893 2028 devotione
2931 1982 3173 2038 vacare,
3208 1981 3289 2025 ne
3324 1963 3448 2026 alia
3486 1962 3575 2024 ibi
3612 1960 3790 2036 fiant,
3822 1963 3955 2025 nisi

2462 2070 2722 2146 propter
2754 2082 2899 2145 quae
2936 2070 3335 2126 constructus
3367 2081 3442 2124 ac
3470 2061 3595 2125 Deo
3627 2061 3957 2124 dedicatus

2462 2168 2558 2223 est
2586 2161 2787 2235 loeus,
2821 2162 2924 2224 cui
2957 2170 3021 2224 et
3048 2167 3311 2244 propter
3342 2161 3713 2241 dignitatem
3738 2159 3959 2222 Sacra·-

2462 2259 2659 2321 menti
2692 2258 2893 2322 honor
2917 2259 3182 2322 debetur
3214 2259 3715 2341 praecipuus.Vos
3740 2269 3958 2320 autem

2462 2359 2705 2436 fecistis
2732 2377 2875 2418 eam
2896 2361 3269 2436 speluncam
3294 2360 3636 2428 latronum,
3659 2357 3722 2418 id
3750 2363 3845 2418 est
3876 2357 3961 2418 si-

2462 2455 2679 2518 milem
2711 2455 2819 2518 tali
2852 2455 3195 2538 speluncae,
3218 2462 3309 2519 tot
3338 2455 3576 2518 seelera
3603 2455 3959 2520 exercendo

2464 2554 2531 2616 in
2561 2553 2669 2615 Dei
2703 2554 2912 2628 domo,
2948 2553 3012 2617 in
3052 2572 3181 2635 qua
3219 2560 3283 2615 et
3321 2553 3567 2616 animas
3605 2553 3960 2635 spirituali-

2462 2659 2561 2714 ter
2599 2651 2932 2727 occidistis
2966 2652 3209 2733 aliquos
3236 2651 3501 2715 forsitan
3540 2651 3959 2734 corporaliter

2462 2750 2847 2823 trucidastiS,
2890 2751 3057 2813 sicut
3092 2751 3158 2812 in
3199 2751 3407 2833 primo
3442 2751 3683 2832 templo
3722 2751 3957 2833 lapida-

2462 2855 2564 2910 tus
2604 2847 2726 2910 suit
2764 2847 3089 2911 Zacharias
3129 2847 3307 2910 filius
3340 2848 3589 2912 Joiadae.
3624 2849 3795 2912 Unde
3832 2868 3956 2931 per

2458 2945 2794 3007 Jeremiam
2861 2944 3144 3026 loquitur
3196 2943 3497 3008 Dominus
3550 2963 3565 3007 ε

858 3043 1228 3126 simoniaci;
1273 3045 1505 3126 quinti,
1540 3046 2110 3124 excommunicati3
2164 3047 2347 3122 sexti,
2388 3043 2431 3107 C
2460 3043 2767 3125 spelunca
2804 3042 3119 3106 latronum
3156 3041 3323 3105 facta
3355 3050 3453 3106 est
3488 3043 3714 3108 domus
3752 3043 3913 3107 ista?

859 3142 1218 3222 interdicti3
1271 3143 1548 3225 septimi,
1602 3143 2001 3207 contentiosi.
2052 3144 2144 3207 Ad
2198 3165 2352 3227 quo-

858 3261 1000 3303 rum
1040 3242 1324 3305 omnium
1357 3242 1756 3322 ejectionem,
1787 3243 1919 3323 jam
1950 3243 2054 3305 vix
2091 3243 2353 3306 suffice-

859 3346 999 3401 rent
1039 3337 1225 3402 l'unes
1267 3340 1499 3420 magni,
1534 3359 1736 3422 quum
1781 3340 1966 3402 multi
2009 3341 2137 3403 sint
2178 3342 2351 3405 vitiis

857 3439 958 3501 his
1005 3437 1246 3502 infecti.
1297 3438 1456 3501 Dicit
1501 3457 1760 3520 quoque
1808 3438 2289 3522 chrysostomus
2332 3459 2346 3503 :

857 3534 971 3608 Qui
1012 3535 1286 3599 voluerit
1323 3553 1460 3597 esse
1498 3542 1827 3611 mercator,
1863 3536 2237 3617 projiciatur
2273 3539 2351 3600 de

860 3634 1145 3709 ecclesia,
1179 3635 1430 3697 dicente
1468 3633 1794 3696 Psalmista
1826 3653 1840 3696 t
1873 3633 2179 3707 Quoniam
2224 3655 2350 3699 non

860 3733 1124 3814 cognovi
1175 3733 1650 3813 negotiationeS,
1694 3733 1969 3797 introibo
2017 3734 2081 3796 in
2134 3742 2353 3816 poten-

858 3831 976 3892 tias
1035 3830 1304 3894 Domini.
1354 3828 1432 3891 Et
1478 3831 1686 3893 simile
1745 3831 1897 3893 huic
1947 3831 2351 3895 Cassiodorus

856 3929 965 3991 ait.
1008 3928 1098 3990 Ex
1141 3927 1377 4010 quibus
1423 3929 1672 3991 videtur
1716 3929 2158 4010 negotiationis
2205 3929 2353 3994 ossi-

859 4027 1028 4089 cium
1067 4044 1206 4088 esse
1243 4026 1504 4089 omnino
1543 4025 1834 4089 illicitum
1869 4046 1884 4091 ε
1918 4029 2089 4109 quod
2129 4047 2354 4091 secun-

857 4125 1010 4186 dum
1040 4123 1343 4188 Thomam
1375 4124 1440 4186 in
1471 4125 1748 4186 secunda
1777 4126 2090 4200 secundae,
2127 4144 2349 4188 verum

2538 3144 2626 3203 Ec
2662 3151 2803 3202 erat
2841 3142 3131 3220 quotidie
3164 3144 3390 3202 docens
3426 3143 3501 3202 in
3541 3146 3790 3220 templo.
3820 3141 3957 3206 Hoc

2462 3259 2685 3302 verum
2736 3246 2831 3302 est
2886 3247 3197 3320 quantum
3246 3240 3322 3302 ad
3377 3250 3621 3303 certum
3670 3247 3955 3322 tempuS,

2460 3339 2613 3421 quia
2661 3339 2727 3400 in
2773 3339 2875 3401 die
2920 3337 3275 3400 Palmarum
3322 3346 3387 3400 et
3430 3339 3677 3402 duobus
3724 3339 3955 3403 diebus

2462 3437 2909 3519 sequentibus3
2942 3455 3067 3500 non
3098 3443 3311 3499 autem
3340 3435 3501 3499 feria
3526 3445 3771 3518 quarta,
3796 3441 3956 3520 quia

2460 3545 2613 3599 tunc
2652 3535 2885 3599 mansit
2923 3535 2988 3596 in
3029 3534 3349 3610 Bethania,
3381 3543 3443 3598 et
3481 3537 3765 3618 proditor
3797 3555 3959 3601 ven-

2460 3633 2621 3696 didit
2668 3651 2837 3695 eum.
2889 3632 3106 3714 ltaque
3153 3632 3437 3696 Christus
3497 3634 3789 3716 passione
3834 3655 3956 3698 sua

2461 3733 2755 3807 instante,
2796 3750 2833 3792 a
2871 3730 3425 3813 praedicationibus
3471 3739 3535 3794 et
3580 3733 3812 3795 sanctis
3854 3734 3958 3797 in-

2461 3829 2933 3913 crepationibus
2964 3847 3090 3892 non
3122 3829 3391 3892 cessavit
3419 3849 3434 3892 :
3465 3848 3596 3911 quo
3624 3831 3950 3908 docemur,

2460 3947 2543 3992 ne
2601 3929 2829 3992 timore
2885 3928 3107 3991 mortis
3165 3934 3274 3990 aut
3332 3927 3793 4011 cujuscumque
3850 3931 3951 3994 in·

2460 4026 2774 4091 commodi
2815 4044 3135 4089 cessemus
3164 4045 3201 4088 a
3229 4026 3667 4109 spiritualibus
3704 4029 3955 4093 actibus

2461 4123 2714 4188 debitis,
2769 4124 2881 4187 Per
2928 4125 3099 4205 quod
3145 4124 3334 4187 etiam
3393 4127 3809 4207 quorumdam
3856 4129 3958 4191 in-

857 4229 953 4283 est
998 4222 1076 4282 de
1123 4221 1544 4302 negotiatione
1592 4240 1736 4303 quae
1783 4221 1990 4284 solum
2036 4231 2229 4303 atque
2274 4223 2354 4286 fi·
2384 4221 2434 4284 D
2462 4231 2755 4304 crepatur
2797 4223 3074 4304 pigritia,
3110 4222 3223 4304 qui
3264 4224 3417 4286 dum
3459 4233 3815 4297 senescunt,
3846 4244 3957 4290 ex—

859 4319 1087 4381 naliter
1113 4318 1190 4381 sit
1220 4319 1455 4381 intuitu
1486 4319 1671 4393 lucri,
1707 4337 1830 4382 non
1863 4327 2122 4402 propter
2149 4319 2349 4383 finem

859 4416 1103 4480 licitum
1149 4424 1213 4480 et
1253 4416 1611 4480 honestum.

939 4515 1153 4597 ltaque
1210 4515 1496 4578 Christus
1553 4513 1741 4595 ejecit
1790 4516 1869 4577 de
1914 4515 2155 4598 templo
2204 4535 2354 4580 ven-

859 4614 1078 4675 dentes
1128 4620 1190 4674 et
1238 4620 1560 4692 ementes3
1611 4619 1675 4675 et
1727 4630 1808 4674 ne
1855 4613 2177 4677 videretur
2233 4615 2353 4678 hoc

860 4710 1374 4775 irrationabiliter
1401 4729 1597 4792 agere,
1615 4712 1911 4792 allegavit
1938 4711 2347 4796 Scripturam‚

855 4811 1075 4870 dicens
1105 4829 1128 4869 .·
1159 4809 1492 4885 Scriptum
1529 4819 1620 4870 est
1658 4809 1725 4872 in
1765 4811 1941 4885 Isaia,
1977 4811 2040 4872 in
2084 4830 2354 4894 persona

646 4900 752 4936 ‘m‘
770 4887 810 4927 ⁷·
859 4907 966 4969 Dei
1019 4906 1286 4968 dicentis
1331 4923 1347 4968 ε
1391 4909 1632 4968 Domus
1679 4927 1845 4978 mea,
1889 4908 2008 4970 hoc
2057 4916 2152 4970 est
2198 4918 2357 4972 tem-

860 5005 1066 5088 plum,
1092 5022 1204 5066 seu
1239 5003 1580 5067 materialis
1611 5005 1879 5068 ecclesia
1906 5005 2125 5071 divino
2155 5007 2352 5070 cultui

861 5110 1244 5178 consecrata,
1281 5105 1508 5164 domus
1543 5105 1860 5165 orationis
1899 5105 2256 5173 vocabitur,
2293 5105 2357 5168 id
2458 5108 2794 5184 principes
2832 5107 3063 5183 plebiS,
3113 5104 3409 5169 videlicet
3468 5106 3799 5172 inferiores
3860 5127 3963 5172 re—

864 5208 959 5263 est
1007 5200 1186 5264 locus
1235 5199 1438 5263 divini
1488 5198 1720 5274 Officii,
1776 5220 1901 5265 non
1959 5201 2360 5265 saeeularium
2470 5211 2673 5266 ctores
2704 5209 2767 5264 et
2797 5203 3079 5267 seniores
3114 5203 3357 5287 populi,
3377 5208 3744 5284 quoerebant
3768 5209 3963 5270 illum

2463 4328 2711 4404 ponunt
2752 4339 2820 4383 se
2858 4321 2987 4384 otio
3028 4328 3092 4382 et
3133 4320 3443 4402 corporali
3485 4321 3710 4402 quieti,
3750 4341 3955 4404 quum

2462 4418 2670 4483 adhuc
2702 4419 2875 4500 gregi
2908 4418 3031 4480 sibi
3063 4417 3423 4493 commisso,
3455 4437 3529 4482 ac
3556 4419 3697 4482 aliis
3734 4421 3954 4486 multis

2465 4518 2710 4600 possint
2767 4518 3087 4600 prodesse,
3142 4517 3271 4580 imo
3326 4523 3479 4580 tunc
3526 4537 3671 4580 cum
3728 4519 3953 4601 maiori

2462 4617 2818 4679 reverentia
2860 4615 3254 4678 audirentur.
3289 4615 3632 4678 Advertant
3674 4617 3739 4680 hi
3780 4620 3955 4700 quod

2462 4714 2550 4777 ait
2583 4713 2865 4778 Salvator
2904 4732 2917 4776 :
2951 4713 3066 4787 Qui
3107 4714 3605 4796 perseveraverit
3646 4735 3845 4799 usque
3885 4717 3953 4780 in

2462 4812 2687 4888 finem,
2730 4812 2835 4875 hic
2880 4812 3093 4875 salvus
3136 4811 3277 4873 erit.

2544 4911 2889 4989 Principes
2918 4919 3135 4971 autem
3162 4913 3588 4983 sacerdotum,
3619 4920 3770 4994 puta
3798 4931 3956 4995 pon-

2465 5007 2695 5082 tificcS,
2727 5018 2787 5070 et
2817 5010 3079 5080 Scriba»,
3116 5007 3181 5070 id
3224 5015 3321 5070 est
3367 5008 3523 5090 legis
3558 5009 3861 5085 doctores,
3894 5023 3957 5073 et

4036 2870 4069 2914 {l
4096 2871 4185 2912 Par.

3625 2943 3953 3027 Numquid
3978 2937 4205 3048 ᾖξ’-’ζη-

4082 3151 4141 3206 47

4036 4735 4183 4780 Muta.

3982 4815 4095 4848 xxiv,
4114 4801 4169 4841 ¹³.

863 5298 1365 5380 illicitorumque
1421 5305 1678 5362 actuum
1735 5308 1845 5362 aut
1901 5299 2360 5366 confabulatio·
2462 5305 2753 5382 perdere,
2784 5303 2851 5366 id
2896 5309 2993 5366 est
3030 5302 3347 5367 Christum
3388 5305 3709 5387 occidere3
3738 5316 3799 5368 et
3824 5327 3959 5370 non
4074 5315 4137 5372 48
