4300 6259
515 2179 784 2230 locun-uin,

517 2245 620 2349 14⁵0).
649 2317 692 2356 v,
714 2305 781 2347 ευ.

513 2474 637 2519 Ibid.
664 2487 723 2526 ιιι,
742 2475 780 2518 ¹.

552 2576 673 2620 md.
694 2589 780 2630 viti,

516 2643 582 2694 u,
597 2643 663 2684 ιε.

818 495 940 564 600

1569 513 1918 562 &Annulo
1961 515 2026 562 m
2065 515 2206 562 CAP-
2252 515 2339 561 XX
2377 515 2657 562 somme.
2702 534 2783 546 -
2822 515 2967 562 An'r.
3014 517 3177 563 vau

819 687 988 751 dicta
1042 687 1447 762 domuncula,
1511 687 1639 752 imo
1694 687 1904 750 adhuc
1959 694 2093 749 erat
2150 687 2317 749 intra
2344 685 2395 746 A
2422 685 2641 761 Judaei,
2683 686 3097 750 abstulissent
3144 687 3374 750 Christi
3422 707 3657 770 corpus
3699 688 3781 751 de
3826 695 3921 750 tu-

819 786 1294 850 domunculam.

903 887 1207 946 Cucurrit
1243 905 1412 962 eryo,
1457 885 1757 948 recedens
1795 903 1832 946 a
1873 891 2309 958 monumento,

817 995 878 1045 et
927 987 1102 1045 venit
1149 987 1236 1044 ad
1284 986 1614 1045 Simonem
1663 987 1953 1054 Petrum,
2009 989 2311 1064 tanquam

816 1084 893 1145 ad
935 1082 1452 1165 principaliorem
1494 1082 1657 1144 inter
1693 1081 2045 1164 Apostolos.
2080 1080 2315 1144 Cucur-

818 1181 902 1244 rit
956 1190 1167 1244 autem
1217 1199 1294 1244 ex
1353 1200 1580 1261 magna
1635 1180 2054 1242 admiratione
2099 1187 2162 1240 et
2209 1180 2315 1241 de·

815 1280 1070 1355 siderio,
1107 1279 1373 1362 cupiens
1419 1279 1665 1361 aliquid
1703 1279 1938 1341 certius
1983 1279 2060 1340 de
2104 1295 2173 1339 re
2218 1277 2315 1359 ip-

817 1397 883 1441 sa
919 1396 1317 1460 cognoscere.
1351 1377 1712 1440 Secundum
1755 1377 2036 1439 diversas
2065 1375 2311 1457 quippe

813 1476 1185 1540 affectiones
1251 1477 1706 1560 passionesque
1764 1475 2014 1549 animae,
2077 1492 2309 1555 corpus

813 1576 1240 1639 diversimode
1279 1581 1590 1639 movetur.
1625 1577 1710 1636 Et
1739 1577 1828 1636 ad
1865 1573 2077 1633 alium
2114 1574 2311 1632 disci-

804 1679 1042 1752 pulum
1088 1695 1276 1753 quem
1324 1677 1637 1750 diliqebat
1673 1677 1882 1742 JesuS,
1927 1679 2078 1753 puta
2125 1670 2311 1733 Ioan-

814 1791 978 1847 nem,
1014 1773 1342 1854 praesentis
1373 1771 1685 1852 evangelii
1718 1770 2197 1851 descriptorem.
2232 1768 2307 1830 Hi

2424 785 2623 858 mulo,
2664 793 2727 847 et
2770 786 2923 848 alibi
2970 786 3331 868 posuissent
3376 785 3532 848 illud
3572 805 3585 848 ε
3631 795 3696 848 et
3738 785 3920 850 forsi-

2423 891 2529 945 tan
2582 882 2949 947 formidavit
2998 903 3077 946 ne
3126 885 3581 948 contumeliam
3634 885 3915 966 aliquam

2425 983 2678 1063 corpori
2721 983 3093 1063 irrogarent.
3130 987 3215 1045 Et
3246 985 3563 1044 nescimus
3590 986 3709 1044 ubi
3732 1004 3919 1062 posu-

2420 1092 2613 1142 erunt
2658 1103 2833 1151 eum,
2882 1083 2945 1144 id
3004 1090 3099 1144 est
3156 1101 3387 1165 corpus
3446 1083 3675 1165 ipsius.
3728 1085 3921 1145 Exiit

2418 1198 2569 1257 eryo
2598 1183 2832 1242 Petrus
2860 1200 2896 1242 a
2935 1181 3072 1244 loco
3110 1200 3240 1263 quo
3276 1199 3343 1243 se
3382 1189 3642 1263 propter
3668 1181 3917 1244 Judaeos

2420 1278 2770 1354 abscondit,
2802 1291 2863 1341 et
2900 1281 3014 1340 ille
3049 1283 3228 1341 alius
3269 1282 3633 1358 discipulus
3652 1305 3681 1352 ,·
3716 1289 3780 1340 et
3820 1300 3919 1339 ve-

2419 1388 2657 1438 nerunt
2704 1382 2794 1438 ad
2842 1388 3349 1440 monumentum.
3390 1378 3523 1441 Jam
3572 1379 3749 1440 enim
3800 1378 3918 1439 mi-

2420 1474 2562 1537 lites
2612 1477 2947 1540 recessisse
2996 1477 3313 1552 videntur‚
3368 1477 3466 1540 vel
3516 1476 3707 1539 Maria
3756 1495 3919 1538 nun·

2421 1573 2601 1636 tiavit
2632 1574 2947 1657 Apostolis
2983 1577 3153 1658 quod
3182 1576 3519 1657 jacuerunt
3554 1583 3625 1638 ut
3659 1575 3911 1639 mortui.

2418 1671 2524 1733 lsti
2590 1673 2717 1736 duo
2782 1693 2911 1755 prae
2974 1675 3201 1736 ceteris
3263 1673 3581 1756 Apostolis
3644 1673 3915 1757 profecti

2420 1778 2568 1832 sunt
2614 1772 2691 1832 ad
2742 1772 3133 1853 sepulcrum,
3176 1791 3253 1834 ex
3299 1773 3621 1855 praecipua
3674 1773 3919 1835 dilecti-

811 1871 984 1933 enim
1035 1873 1160 1936 duo
1203 1870 1487 1952 Apostoli
1539 1870 1814 1932 invicem
1861 1868 2307 1930 familiariores
2346 1870 2390 1932 B
2418 1887 2539 1933 one
2584 1871 2661 1932 ad
2712 1870 3029 1933 Christum
3089 1872 3535 1934 ardentissime
3584 1872 3917 1954 cupientes

812 1969 1094 2045 fuerunt,
1129 1977 1190 2031 et
1231 1969 1630 2050 frequentius
1673 1967 1998 2048 conjuncti
2037 1975 2102 2029 et
2140 1985 2309 2029 com-

812 2067 1012 2130 binati
1061 2066 1260 2130 fuisse
1304 2068 1620 2148 leguntur.
1661 2067 1838 2129 Unde
1879 2074 1942 2128 et
1985 2065 2306 2128 Christum

813 2167 1346 2249 comprehensum
1390 2165 1581 2228 simul
1627 2165 1827 2227 secuti
1879 2172 2067 2242 sunt3
2113 2163 2306 2225 simul

812 2283 1070 2348 quoque
1129 2264 1530 2347 principibus
1587 2265 1984 2326 sacerdotum
2044 2280 2306 2345 respon-

811 2366 1064 2438 derunt,
1104 2363 1374 2426 Obedire
1421 2369 1668 2445 oportet
1712 2361 1834 2425 Deo
1875 2361 2074 2442 magis
2113 2379 2309 2443 quam

813 2463 1236 2543 hominibus;
1296 2462 1487 2524 simul
1545 2462 1970 2524 ascenderunt
2027 2461 2091 2522 in
2154 2469 2311 2522 tem-

811 2561 992 2643 plum
1038 2561 1117 2624 ad
1166 2560 1388 2624 horam
1434 2559 1739 2624 orationis
1789 2578 2063 2638 nonam3
2117 2557 2308 2620 simul

809 2660 991 2722 missi
1035 2667 1184 2722 sunt
1223 2660 1302 2722 ad
1347 2659 1792 2730 SamaritanOS,
1831 2676 2012 2721 orare
2059 2677 2175 2740 pro
2220 2657 2310 2718 eis

810 2767 880 2820 ut
908 2759 1274 2841 acciperent
1301 2757 1610 2840 Spiritum
1643 2757 1963 2820 Sanctum.
1999 2757 2308 2838 Denique,

808 2859 1162 2920 secundum
1201 2857 1472 2920 aliorum
1505 2855 2050 2936 Evangelistarum
2083 2854 2314 2917 doctri-

2416 1987 2757 2048 agnoscere
2787 1971 2945 2053 quid
2974 1971 3311 2033 accidisset
3336 1989 3556 2034 eorum
3588 1972 3913 2052 magistro.

2419 2067 2629 2141 Perre,
2664 2070 2835 2150 quod
2875 2069 2965 2132 ait
2990 2069 3283 2144 IoanneS,
3316 2069 3641 2132 Venerunt
3677 2071 3759 2131 ad
3792 2087 3919 2132 mo-

2419 2173 2819 2241 numentum,
2862 2167 3017 2230 dicit
3060 2186 3175 2249 per
3214 2167 3758 2249 anticipationem.
3800 2167 3917 2229 Un-

2420 2265 2497 2326 de
2541 2284 2686 2328 mox
2730 2266 2947 2328 subdit
2989 2268 3309 2348 quomodo
3354 2273 3691 2329 venerunt.

2522 2368 2879 2426 Currebant
2936 2375 3153 2426 autem
3211 2368 3339 2426 duo
3402 2367 3619 2437 simul,
3682 2375 3743 2426 et
3803 2368 3916 2426 ille

2420 2463 2595 2522 alius
2622 2464 2986 2542 discipulus
3008 2466 3441 2541 proecucurrit
3470 2465 3667 2524 citius
3696 2467 3910 2526 Petu-0.

2422 2559 2569 2621 Erat
2627 2580 2903 2642 namque
2965 2562 3184 2642 junior
3239 2570 3430 2643 atque
3490 2561 3715 2642 agilior
3776 2580 3791 2624 :
3850 2571 3917 2624 et

2422 2657 2685 2722 forsitan
2732 2659 2947 2722 Petrus
2986 2661 3185 2741 magis
3225 2661 3439 2722 timuit
3475 2661 3679 2724 notari
3716 2679 3913 2742 quam

2420 2756 2710 2832 JoanncS‚
2761 2759 2914 2840 quia
2968 2760 3099 2840 jam
3156 2768 3301 2821 ante
3360 2760 3613 2840 negavit
3658 2777 3728 2821 se
3776 2777 3916 2820 esse

2424 2856 2654 2919 Christi
2686 2857 3097 2940 discipulum.
3134 2861 3218 2920 Ει
3248 2861 3425 2919 venit
3444 2860 3637 2936 prius
3666 2861 3757 2918 ad
3786 2878 3917 2918 mo-
3950 2855 3963 2878 ¹
4002 2872 4015 2889 ’
4070 2843 4147 2888 ··”
4178 2871 4189 2880 ·

569 2977 741 3022 Macen.
810 2975 980 3031 nam,
1023 2957 1214 3018 etiam
1263 2956 1402 3018 aliae
1453 2955 1754 3017 mulieres
1805 2963 2117 3016 venerunt
2166 2973 2312 3016 cum
2422 2965 2827 3016 numentum.
2880 2959 2965 3018 Et
3022 2978 3225 3036 quum
3274 2977 3339 3016 se
3394 2958 3794 3024 inclinasset,
3844 2964 3918 3017 ut

515 3043 779 3152 2322..
807 3053 996 3117 Maria
1043 3053 1402 3136 Magdalene
1449 3055 1528 3118 ad
1579 3063 2090 3128 monumentum,
2139 3053 2315 3115 vide-
2350 3053 2393 3116 C
2426 3071 2538 3134 per
2585 3053 2817 3116 ostium
2870 3055 3189 3136 speluncae
3237 3055 3303 3117 in
3352 3073 3479 3136 qua
3528 3053 3653 3117 fuit
3698 3054 3917 3136 sepul-

519 3169 618 3218 ω.
811 3153 959 3216 licet
1025 3153 1212 3216 Maria
1275 3153 1486 3216 Jacobi
1557 3162 1619 3215 et
1687 3151 1955 3226 Salome,
2028 3152 2312 3233 itemque
2421 3171 2600 3214 crum
2634 3153 3196 3235 introspiceret‚·et
3224 3153 3381 3235 quid
3420 3153 3787 3234 contigisset
3816 3153 3919 3214 in-

543 3253 1065 3326 Luamvdoanna,
1127 3253 1480 3316 secundum
1536 3251 1795 3314 Lucam.
1858 3250 2004 3323 Quae
2060 3268 2305 3326 omncS,
2420 3258 2724 3326 tueretur,
2778 3254 2948 3314 vidit
2995 3253 3381 3314 linteamina
3424 3255 3661 3329 posita,
3706 3253 3772 3314 id
3818 3260 3916 3314 est

515 3339 556 3388 ⁹·
581 3339 648 3380 ¹⁰·
810 3351 1162 3414 secundum
1219 3351 1476 3425 Lucam,
1528 3351 1686 3412 duos
1735 3350 1991 3430 angelos
2046 3367 2310 3430 conspe-
2419 3369 2661 3432 pannos
2702 3351 2903 3414 lineos
2942 3351 3181 3432 quibus
3218 3351 3575 3414 involutum
3615 3350 3739 3412 fuit
3778 3371 3916 3414 cor-

557 3659 676 3704 Ibid.
698 3663 739 3703 9.

565 4253 738 4297 matth.

511 4329 658 4366 xxviii,
687 4319 711 4359 8
734 4331 745 4368 ;

511 4377 659 4482 ὕπο-ο.
691 4393 776 4430 xvi,

531 3399 763 3443 'MA-⁷⁸
809 3457 1060 3524 xerunt,
1101 3469 1138 3512 a
1183 3449 1421 3530 quibus
1471 3456 1533 3510 et
1581 3447 1944 3510 didicerunt
1986 3447 2303 3510 Christum

809 3547 1276 3627 resurrexisse3
1327 3555 1519 3630 atque
1567 3565 1644 3608 ex
1695 3553 2012 3628 praecepto
2057 3545 2331 3626 angelo·,

811 3665 954 3708 rum
1005 3654 1320 3709 venerunt
1373 3655 1438 3707 et
1495 3646 1951 3708 nuntiaverunt
2008 3645 2305 3707 undecim

809 3743 1126 3827 Apostolis
1176 3744 1348 3825 quod
1393 3743 1735 3806 audierunt
1775 3743 1855 3805 ab
1902 3744 2146 3823 angelo,
2190 3743 2306 3806 sci-

809 3843 959 3907 licet
998 3844 1168 3925 quod
1208 3843 1492 3905 Christus
1535 3842 2002 3904 resurrexisset.
2033 3841 2303 3904 Ioannes

807 3950 1020 4005 autem
1079 3961 1251 4004 nunc
1309 3941 1517 4005 solum
1575 3940 1877 4023 exprimit
1936 3940 2189 4002 Petrum
2242 3948 2305 4002 et

806 4059 874 4104 se
906 4041 1117 4122 ipsum
1159 4041 1277 4102 sub
1317 4039 1500 4102 solita
1539 4038 2124 4103 circumlocutione.
2164 4039 2301 4101 Haec

806 4139 979 4202 enim
1025 4138 1337 4202 nuntiatio
1379 4138 1584 4200 Mariae
1623 4136 2003 4219 Magdalene,
2050 4137 2303 4200 videtur

2415 3457 2537 3530 'pus
2576 3449 2991 3524 dominicum,
3023 3449 3313 3514 ordinate
3352 3449 3661 3532 repositos
3690 3457 3755 3512 et
3792 3449 3916 3532 pli-

2415 3555 2607 3621 catos,
2658 3549 2738 3610 ad
2785 3549 3248 3612 ostendendum
3298 3549 3471 3631 quod
3518 3566 3751 3629 corpus
3802 3547 3914 3611 Do-

2416 3645 2572 3708 mini
2630 3665 2755 3711 non
2816 3646 2941 3708 fuit
2989 3645 3209 3709 furtim
3270 3646 3615 3720 sublatum,
3668 3647 3771 3709 vel
3826 3647 3909 3708 ab

2412 3745 2791 3808 adversariis
2848 3753 3261 3827 asportatum,
3320 3745 3471 3826 quia
3528 3763 3745 3807 secum
3810 3752 3911 3806 tu-

2413 3842 2637 3905 lissent
2675 3844 3041 3924 hujusmodi
3085 3863 3349 3926 pannOS,
3384 3845 3494 3906 sed
3532 3843 3749 3907 divina
3782 3843 3911 3906 vir-

2412 3949 2544 4003 tute
2574 3942 3347 4023 resuscitatum-Angelus
3378 3941 3613 4004 etenim
3654 3941 3906 4005 Domini
3936 3965 4193 4015 ιιι-ωιτη,

2409 4039 2521 4120 qui
2562 4041 2907 4114 descendit,
2942 4040 3350 4123 lapidemque
3390 4039 3680 4114 revolvit,
3712 4039 3909 4102 etiam
3936 4031 3979 4074 ²·

2409 4157 2653 4220 pannos
2695 4138 2986 4220 praefatos
3033 4138 3369 4220 disposuit,
3410 4157 3571 4221 quos
3619 4137 3908 4201 Christus

804 4239 928 4300 alia
966 4238 1045 4299 ab
1085 4237 1194 4298 illa
1231 4254 1422 4318 quam
1467 4235 1573 4298 alii
1622 4235 2033 4316 Evangelistae
2073 4237 2303 4298 descri-
2332 4237 2379 4299 D
2410 4255 2447 4298 a
2483 4255 2599 4298 suo
2637 4254 2901 4318 corpore
2940 4255 3277 4318 resurgens
3321 4236 3693 4318 potestative
3734 4255 3911 4300 amo-

805 4337 988 4411 bunt,
1049 4343 1112 4398 et
1170 4335 1346 4418 prior
1401 4335 1530 4397 illa.
1587 4333 1843 4410 Tamen,
1894 4355 2024 4417 quo
2078 4336 2303 4397 ordine

805 4434 970 4497 facta
1009 4435 1136 4496 sint
1163 4433 1379 4498 omnia
1406 4452 1551 4515 quae
1582 4441 1856 4515 quatuor
1885 4433 2301 4514 Evangelistae

805 4539 1122 4607 enarrant,
1174 4540 1237 4594 et
1292 4532 1766 4595 consonantiam
1827 4531 2116 4606 habeant,
2171 4551 2296 4595 non

805 4639 903 4694 est
956 4630 1144 4694 facile
1191 4631 1531 4693 declarare.
1583 4630 1842 4712 Propter
1888 4632 2058 4712 quod
2108 4650 2299 4713 expo-

805 4729 1031 4794 sitores
1063 4729 1270 4793 varios
1303 4729 1523 4793 modos
1561 4729 1886 4809 assignant
1914 4727 2082 4790 circa
2110 4729 2247 4792 haec
2278 4749 2292 4792 z

804 4828 1079 4910 quorum
1126 4827 1441 4908 judicium
1490 4827 1632 4889 aliis
1681 4827 2029 4902 committo,
2083 4836 2154 4889 ut
2212 4836 2299 4890 te-

803 4933 950 4988 neat
1004 4925 1444 5007 unusquisque
1495 4927 1668 5006 quod
1719 4924 2055 5007 Evangelio
2097 4929 2297 5007 magis

804 5024 1164 5088 concordat.

893 5127 978 5185 Et
1023 5125 1187 5184 dicit
1234 5125 1325 5182 eis
1374 5143 1396 5182 .·
1455 5125 1770 5184 Tulerunt
1817 5125 2173 5184 Dominum
2218 5127 2298 5184 de

801 5231 1234 5283 monumenta
1286 5220 1534 5284 Putavit
1589 5219 1725 5284 haec
1779 5220 2008 5284 Christi
2072 5221 2297 5302 praedi-

801 5319 964 5382 lecta
989 5318 1323 5401 discipula,
1357 5318 1529 5400 quod
1570 5318 1804 5381 milites
1846 5318 2157 5402 praesidiS,
2194 5319 2293 5384 vel

2413 4334 2523 4397 vit.
2560 4337 2703 4398 Non
2750 4345 2963 4396 tamen
3002 4335 3303 4397 introivit
3344 4335 3797 4399 domunculam
3836 4336 3907 4398 in

2411 4451 2537 4514 qua
2585 4440 2719 4494 erat
2766 4433 3155 4514 sepulcrum,
3199 4433 3421 4496 nolens
3464 4433 3707 4513 ingredi
3755 4442 3907 4495 ante

2409 4531 2660 4593 Petrum
2704 4538 2884 4593 aetate
2922 4541 2985 4592 et
3022 4531 3327 4612 dignitate
3370 4531 3696 4612 maj0rem,
3738 4529 3905 4595 forte

2410 4639 2669 4713 propter
2720 4630 3137 4693 reverentiam
3194 4629 3375 4704 Petri,
3416 4638 3479 4692 et
3529 4637 3597 4692 ut
3630 4629 3688 4691 ei
3738 4649 3904 4693 nun-

2409 4728 2591 4791 tiaret
2634 4729 2803 4810 quod
2847 4728 3026 4791 vidit.
3818 4811 3821 4814 ἦ

2508 4829 2687 4890 Venit
2715 4847 2860 4904 erqo
2902 4830 3131 4889 Simon
3163 4830 3398 4889 Petrus
3434 4847 3699 4907 sequens
3723 4847 3903 4898 eum,

2406 4937 2463 4986 et
2494 4927 2795 4986 introivit
2838 4928 2911 4987 in
2952 4935 3464 4995 monumentum,
3498 4925 3562 4988 id
3610 4933 3707 4987 est
3746 4944 3903 5007 prae-

2406 5033 2817 5089 memoratam
2862 5025 3334 5089 domunculam.
3378 5023 3511 5088 Non
3552 5024 3725 5086 enim
3768 5023 3901 5086 suf-

2405 5122 2555 5186 fecit
2584 5123 2641 5185 ei
2684 5144 2719 5186 a
2750 5124 2935 5205 longe
2966 5123 3390 5206 prospexisse,
3426 5124 3535 5186 sed
3567 5123 3895 5185 veritatem

2405 5222 2606 5285 voluit
2649 5222 2883 5284 certius
2935 5222 3340 5305 perscrutari,
3383 5220 3593 5285 locum
3636 5239 3899 5302 quoque

2403 5319 2681 5402 sepulcri
2723 5319 2956 5382 intueri
3000 5338 3291 5384 vacuum.
3326 5319 3531 5394 Quum
3568 5319 3743 5382 enim
3783 5337 3897 5382 no·-
