4300 6259
114 2969 243 3014 Exod-
262 2986 275 3015 1

86 3037 119 3080 ti,
138 3037 193 3076 ts.

108 3757 243 3802 Galat.

89 3823 143 3871 1⁴,
162 3825 221 3863 16.

88 4149 325 4203 Ιὸὶᾰ.ιιτιιι,

106 5025 231 5130 effi-⁰⁶·
243 5071 339 5108 uu,

1134 517 1489 566 ιιιωιιιᾼτιο
1532 518 1595 564 m
1636 518 1775 565 cu.
1822 517 1936 564 xm
1976 517 2168 566 Luca.
2209 537 2289 548 -
2330 519 2474 568 aar.
2517 520 2708 569 xxxv1
3390 504 3471 570 87

360 684 645 749 infinita.
692 687 1056 752 Secundum
1106 689 1280 770 quod
1331 689 1397 750 in
1442 688 1601 752 fletu
1648 708 1872 771 corpo·
1901 686 1952 747 A
2063 692 2149 751 Et
2179 692 2438 752 venient
2470 691 2654 754 electi
2694 695 2774 753 ab
2803 695 3065 767 oriente,
3099 703 3159 754 et
3187 695 3475 756 occiden-
3595 700 3668 757 29

360 785 475 847 rali
524 786 985 862 consideratur,
1030 797 1127 850 est
1171 788 1503 852 oculorum
1544 796 1607 851 et
1644 789 1870 871 capitis

352 883 638 947 turbatio
666 893 731 946 et
760 885 1161 949 obnubilatio
1195 905 1209 949 ε
1244 888 1415 968 quod
1456 887 1579 949 erit
1608 888 1674 948 in
1716 888 1865 949 illis.

462 985 677 1052 Quum
730 987 1033 1045 videritis
1090 987 1426 1047 Abraham
1473 997 1534 1046 et
1581 990 1769 1048 Isaac
1810 995 1870 1047 et

353 1083 551 1142 Jacob
578 1092 639 1142 et
668 1101 885 1144 omnes
904 1084 1283 1162 Prophetas,
1306 1085 1419 1166 qui
1452 1083 1691 1166 Spiritu
1724 1083 1871 1146 San-

358 1186 461 1242 cto
522 1197 651 1254 eos,
716 1199 843 1243 non
908 1180 1117 1244 solum
1182 1200 1297 1263 per
1351 1184 1619 1263 gratiam
1674 1183 1883 1263 gratis,

358 1277 597 1352 datam,
654 1278 865 1360 qualis
924 1287 1019 1342 est
1075 1281 1277 1361 gratia
1339 1282 1711 1364 prophetiae,
1757 1282 1868 1343 sed

354 1376 555 1438 etiam
598 1395 714 1459 per
748 1377 1019 1458 gratiam
1065 1386 1314 1459 gratum
1367 1379 1728 1454 facientem,
1774 1380 1869 1442 in-

352 1474 709 1550 habitante,
753 1476 948 1539 loeuti
1000 1485 1172 1552 sunt,
1208 1481 1283 1538 in
1323 1499 1519 1555 reyno
1562 1481 1683 1540 Dei
1727 1479 1870 1560 qui-

352 1581 667 1636 escentes.
688 1609 767 1620 —-
791 1573 969 1638 Circa
995 1577 1168 1657 quod
1198 1577 1523 1657 quaeritur,
1548 1579 1868 1659 quomodo

352 1672 619 1754 reprobi
667 1673 901 1736 electos
942 1673 1143 1736 visuri
1196 1675 1325 1736 sint
1374 1682 1528 1738 tune
1565 1676 1633 1738 in
1673 1693 1867 1756 regno

352 1771 490 1846 Dei,
518 1789 724 1852 quum
764 1772 1123 1834 secundum
1161 1770 1558 1854 Gregorium,
1595 1780 1737 1855 post
1774 1774 1868 1835 di-

1985 796 2065 856 te,
2095 797 2156 848 ec
2185 791 2510 869 aquilone,
2541 800 2602 851 et
2631 800 2882 861 austro,
2912 791 3032 854 hoc
3073 799 3168 853 est
3207 810 3332 855 non
3375 810 3476 855 so-

1982 885 2117 946 lum
2167 904 2243 948 ex
2288 886 2520 962 Judaea,
2556 890 2666 951 sed
2715 909 2752 950 a
2799 898 3073 971 quatuor
3111 891 3312 973 plagis
3359 908 3473 952 seu

1983 984 2270 1064 partibus
2325 994 2528 1061 tcrrae,
2570 997 2632 1048 et
2674 991 3067 1060 accumbent,
3111 989 3174 1051 id
3223 997 3339 1064 est,
3387 987 3478 1051 fe—

1981 1082 2190 1144 liciter
2220 1083 2591 1147 reficientur
2621 1105 2692 1148 ac
2726 1087 3149 1168 requiescent,
3179 1089 3254 1148 in
3283 1107 3478 1166 reqno

1980 1183 2102 1242 Dei
2132 1201 2156 1241 .·
2195 1181 2348 1262 quia
2393 1182 2524 1262 jam
2565 1185 2643 1246 de
2683 1183 2982 1246 omnibus
3025 1184 3245 1247 mundi
3286 1185 3480 1266 parti-

1980 1278 2117 1351 buS,
2154 1297 2278 1342 non
2316 1279 2512 1343 Judaei
2557 1282 2900 1355 dumtaxat,
2935 1284 3044 1344 sed
3084 1291 3147 1344 et
3187 1283 3479 1344 innume-

1981 1376 2212 1438 rabiles
2258 1378 2595 1458 gentilium
2645 1387 2794 1442 sunt
2841 1381 3130 1443 conversi
3178 1382 3256 1443 ad
3297 1381 3476 1444 Chri-

1980 1482 2147 1537 stum
2182 1495 2295 1558 per
2323 1477 2520 1540 fidem
2550 1496 2624 1540 ac
2650 1479 2912 1559 gratiam
2934 1479 3080 1560 :qui
3112 1479 3278 1542 sicut
3305 1499 3477 1543 nune

1980 1572 2393 1654 requiescunt
2441 1575 2507 1636 in
2553 1593 2746 1656 regno
2783 1575 3081 1640 Ecclesiae
3118 1577 3472 1654 militantiS,

1980 1670 2100 1734 hoc
2141 1678 2239 1734 est
2283 1672 2349 1734 in
2401 1673 2541 1754 ipsa
2589 1673 2868 1736 Ecclesia
2915 1675 3358 1756 peregrinante
3403 1695 3479 1738 ac

1981 1769 2263 1843 viatrice,
2298 1771 2386 1833 ita
2413 1779 2555 1853 post
2584 1771 2782 1836 finale
2808 1773 3148 1854 judicium,
3169 1774 3480 1836 aeternali-

352 1889 461 1932 em
500 1869 753 1951 judicii,
795 1870 1076 1933 damnati
1118 1889 1245 1934 non
1288 1872 1565 1953 amplius
1606 1872 1735 1934 sint
1776 1873 1867 1936 vi·
1906 1864 1950 1926 B
1978 1875 2075 1929 ter
2111 1887 2186 1931 ac
2224 1869 2588 1932 beatissime
2617 1871 3072 1952 conquiescent
3102 1871 3165 1934 in
3201 1870 3478 1934 Ecclesia

352 1969 493 2032 suri
548 1968 781 2031 electos
828 1967 895 2030 in
946 1986 1140 2049 regno
1178 1970 1444 2034 coelesti.
1487 1969 1565 2032 Et
1608 1989 1867 2052 respon-

352 2068 667 2140 dendum,
700 2067 873 2149 quod
906 2068 1165 2149 reprobi
1202 2069 1280 2131 ad
1321 2088 1455 2132 suae
1490 2070 1867 2132 calamitatis

349 2173 797 2247 augmentum,
860 2165 1173 2229 videbunt
1227 2168 1482 2242 electoS,
1546 2169 1669 2231 lata
1727 2187 1869 2231 sen-

348 2264 579 2338 tentia,
616 2263 681 2326 in
723 2264 917 2327 eoelos
960 2266 1407 2340 conscendere,
1443 2267 1665 2348 sicque
1701 2266 1870 2329 facta

350 2363 465 2426 illa
516 2362 910 2437 ascensione,
948 2362 1283 2437 videbunt,
1329 2363 1449 2428 hoc
1490 2373 1606 2439 est,
1649 2365 1869 2428 certis-

348 2463 520 2524 sime
578 2461 803 2532 scient,
858 2479 967 2524 eos
1024 2478 1163 2524 esse
1223 2461 1289 2524 in
1351 2479 1546 2543 regno
1597 2463 1863 2526 coelesti.

346 2595 429 2606 --
478 2558 771 2640 Denique
820 2558 1107 2623 Christus
1164 2560 1527 2642 specialiter
1584 2563 1871 2624 nominat

350 2659 471 2722 hos
527 2665 651 2720 tres
701 2656 1114 2732 PatriarchaS,
1169 2667 1430 2741 propter
1480 2660 1869 2742 praecipuam

348 2775 583 2820 eorum
636 2755 1059 2831 sanctitatem,
1112 2763 1175 2818 et
1222 2757 1530 2838 quoniam
1588 2757 1752 2820 Deus
1802 2759 1870 2820 in

354 2853 561 2916 veteri
621 2851 1023 2915 Testamento
1080 2854 1445 2935 specialiter
1503 2873 1571 2918 se
1621 2856 1871 2920 vocavit

278 2985 320 3022 u,
352 2953 559 3016 Deum
594 2969 841 3024 eorum,
873 2949 1059 3030 juxta
1088 2951 1247 3014 illud
1278 2951 1481 3015 Exodi
1517 2972 1530 3015 ε
1567 2952 1695 3034 Ego
1726 2973 1865 3016 sum

1975 1966 2425 2048 triumphanti.
2467 1967 2628 2031 Hinc
2666 1970 2835 2051 apud
2873 1968 3232 2032 Matthaeum
3271 1970 3479 2051 loqui-

1978 2072 2082 2126 tur
2121 2065 2408 2128 Christus
2447 2067 2524 2128 de
2563 2067 2904 2149 semetipso
2936 2085 2951 2130 ε
2985 2067 3185 2130 Mittet
3219 2069 3475 2149 angelos
3555 2087 3727 2131 uates.

1978 2183 2126 2227 suos
2157 2183 2304 2226 cum
2335 2165 2487 2227 tuba
2516 2173 2578 2227 et
2610 2183 2760 2229 voce
2790 2183 3034 2247 magna,
3052 2173 3115 2229 et
3144 2184 3476 2250 congrega·
3503 2163 3618 2200 '‘¹¹''
3639 2153 3707 2194 ²¹·

1979 2263 2074 2326 bit
2102 2263 2336 2326 electos
2375 2283 2411 2325 a
2439 2272 2712 2344 quatuor
2742 2265 2970 2338 ventis,
3005 2272 3067 2328 et
3096 2266 3475 2329 accumbent

1979 2361 2044 2425 in
2107 2379 2300 2442 regno
2360 2361 2488 2424 Dei.
2541 2361 2634 2425 Ad
2682 2364 2854 2445 quod
2910 2363 3218 2447 applicari
3269 2372 3477 2448 potest

1977 2461 2148 2543 quod
2201 2478 2468 2540 magnus
2517 2461 2626 2524 ille
2667 2461 2856 2524 Isaias
2901 2463 3213 2544 propheta
3250 2463 3476 2545 praedi-

1980 2560 2071 2622 xit
2114 2577 2128 2620 :
2173 2557 2333 2621 Ecce
2384 2559 2488 2620 isti
2536 2561 2613 2622 de
2662 2560 2848 2641 longe
2896 2561 3174 2635 venient,
3217 2568 3282 2624 et
3327 2579 3474 2626 eece
3505 2580 3765 2632 ιιωιμ.

1980 2657 2073 2720 illi
2115 2656 2197 2719 ab
2240 2657 2540 2738 aquilone
2584 2664 2647 2719 et
2689 2658 2870 2733 mari,
2919 2665 2982 2720 et
3030 2659 3133 2720 isti
3181 2660 3260 2722 de
3307 2667 3476 2723 terra

1979 2755 2263 2818 australi.

2060 2853 2396 2933 Moraliter‚
2422 2872 2536 2935 per
2564 2853 2876 2917 orientem
2906 2855 3271 2935 designatur
3297 2863 3474 2920 ortus

1982 2952 2372 3030 nativitatis3
2426 2970 2541 3033 per
2587 2951 3004 3027 occidentem,
3052 2971 3312 3016 occasus
3361 2973 3472 3017 seu

352 3051 523 3113 Deus
574 3049 917 3122 Abraham,
969 3048 1133 3111 Deus
1192 3049 1383 3125 lsaac,
1438 3058 1501 3113 et
1561 3051 1726 3115 Deus
1775 3052 1871 3114 Ja-
1908 3047 1951 3112 C
1982 3051 2278 3114 interitus
2322 3050 2585 3130 mortis3
2630 3068 2746 3132 per
2791 3050 3181 3132 aquilonem,
3223 3053 3338 3134 qui
3381 3060 3476 3116 est

350 3149 475 3212 coh
531 3167 545 3210 ε
601 3148 723 3210 hoc
772 3165 1007 3210 nomen
1058 3148 1216 3210 mihi
1269 3155 1365 3210 est
1414 3150 1481 3211 in
1532 3157 1865 3214 aeternum.

348 3249 535 3322 Item,
569 3247 727 3328 quia
754 3246 833 3308 ad
864 3245 979 3309 hos
1011 3246 1374 3328 specialiter
1402 3247 1568 3311 facta
1598 3257 1694 3311 est
1725 3268 1872 3330 pro-

350 3345 603 3420 missio,
648 3345 779 3408 imo
827 3351 889 3406 et
928 3345 1149 3406 eadem
1199 3347 1537 3427 promissio
1578 3348 1655 3410 de
1695 3346 1872 3410 Chri-

350 3453 453 3508 sto
492 3452 559 3506 et
596 3441 921 3506 Salvatore
963 3441 1130 3505 facta
1171 3462 1287 3525 per
1327 3445 1569 3526 ipsum.
1603 3445 1871 3509 Abrahae

202 3574 321 3612 ,ma
352 3544 537 3605 enim
574 3542 827 3605 locutus
866 3548 964 3604 est
1003 3540 1311 3605 Dominus
1350 3543 1419 3604 in
1450 3541 1675 3606 Genesi
1712 3563 1726 3607 :
1760 3544 1871 3606 Be-

354 3641 741 3704 nedicentur
789 3639 853 3701 in
908 3640 1153 3702 semine
1202 3647 1311 3703 tuo
1359 3659 1580 3705 omnes
1624 3651 1866 3723 genteS,

267 3774 321 3810 m,
354 3741 479 3804 hoc
504 3747 605 3802 est
635 3739 701 3800 in
734 3737 1007 3813 Christo,
1032 3739 1201 3801 sicut
1227 3740 1305 3801 ad
1336 3738 1580 3802 Galatas
1610 3741 1871 3822 exponit

352 3837 724 3920 Apostolus.
758 3835 972 3910 Porro,
1000 3837 1079 3898 ad
1118 3837 1287 3899 Isaac
1327 3836 1578 3900 locutus
1618 3845 1713 3898 est
1756 3838 1872 3902 Do-

215 3970 321 4006 nm,
354 3937 575 3999 minus
612 3953 626 3998 ε
660 3933 1126 3996 Benedicentur
1172 3935 1238 3996 in
1284 3935 1529 3997 semine
1579 3943 1689 3998 tuo
1738 3955 1873 3999 om·-

352 4053 471 4097 nes
500 4040 726 4114 gentes
754 4040 963 4095 terrae.
990 4031 1082 4094 Ad
1109 4031 1297 4096 Jacob
1328 4050 1589 4115 quoque
1619 4034 1869 4097 locutus

354 4141 455 4196 est
511 4132 679 4194 Deus
733 4149 748 4192 ε
800 4129 1267 4194 Benedicentur
1323 4131 1389 4192 in
1456 4130 1703 4194 semine
1762 4139 1871 4195 tuo

1983 3157 2211 3212 ventus
2268 3148 2672 3223 durissimus,
2736 3149 2970 3212 duritia
3026 3150 3422 3214 adversitatis
3453 3170 3470 3232 3

1983 3266 2097 3330 per
2125 3254 2435 3321 austrum,
2469 3246 2582 3328 qui
2621 3253 2718 3308 est
2754 3247 3180 3310 calidissimus
3221 3257 3471 3325 ventuS,

1984 3345 2164 3409 favor
2191 3351 2255 3407 et
2284 3344 2509 3407 lenitas
2541 3344 3000 3426 prosperitatis.
3034 3345 3250 3428 Itaque
3288 3347 3477 3429 spiri-

1980 3443 2236 3507 tualiter
2265 3442 2343 3505 ab
2375 3442 2619 3504 oriente
2649 3442 2936 3517 veniunt,
2971 3443 3084 3524 qui
3121 3444 3476 3508 considera-

1980 3542 2155 3604 tione
2186 3559 2316 3602 suae
2345 3539 2610 3620 originis
2641 3549 3116 3616 convertuntur,
3137 3549 3474 3624 pensantes

1984 3640 2143 3703 illud
2182 3637 2296 3702 Job
2333 3656 2347 3700 ε
2381 3637 2578 3701 Homo
2620 3645 2805 3701 natus
2845 3640 2924 3701 de
2967 3638 3260 3714 muliere,
3295 3640 3474 3705 brevi
3519 3658 3602 3703 10⁶
3619 3659 3757 3709 mi.

1984 3739 2208 3802 vivens
2243 3743 2550 3818 tempore,
2585 3737 2868 3818 repletur
2911 3736 3132 3799 multis
3172 3737 3471 3800 miseriis

1982 3836 2077 3899 Ab
2108 3834 2408 3916 aquilone
2437 3834 2724 3908 veniunt,
2749 3833 2861 3916 qui
2892 3834 3116 3897 mortis
3145 3835 3472 3910 memoria,

1979 3934 2206 4017 judicii
2237 3941 2434 4006 metu,
2468 3932 2702 3994 inferni
2732 3932 3078 3996 formidine
3107 3941 3480 3996 convertun-

1982 4040 2109 4104 tur,
2145 4039 2484 4113 pensantes
2524 4030 2682 4092 illud
2713 4029 2995 4112 Apostoli
3031 4049 3044 4093 :
3078 4030 3476 4095 Horrendum
3507 4047 3770 4098 aetram.

1983 4138 2079 4193 est
2136 4129 2418 4192 incidere
2476 4128 2541 4189 in
2600 4147 2826 4190 manus
2875 4127 2983 4190 Dei
3036 4128 3330 4193 viventis.
3382 4128 3478 4192 Ab

354 4237 611 4295 cunctae
668 4228 876 4291 tribus
946 4235 1151 4292 terrae.
1203 4229 1381 4292 Unde
1439 4231 1610 4311 quod
1669 4230 1867 4311 aliqui
1902 4225 1952 4287 D
1982 4228 2283 4310 aquilone
2316 4227 2600 4300 veniunt,
2635 4227 2748 4307 qui
2786 4227 3159 4289 necessitate
3191 4235 3474 4308 urgente,

354 4330 585 4393 dicunt
632 4328 712 4390 ad
752 4325 1071 4388 Abraham
1120 4335 1183 4390 et
1228 4329 1309 4390 ad
1358 4328 1553 4391 David
1601 4336 1873 4391 tantum-

356 4429 551 4491 modo
611 4424 845 4488 factam
896 4442 1037 4487 esse
1083 4426 1670 4507 repromissionem,
1721 4445 1872 4488 sane

358 4523 857 4604 intelligendum
904 4529 1021 4584 est.

462 4625 577 4684 Vos
626 4631 846 4682 autem
898 4621 1197 4684 videbitis
1250 4639 1364 4702 per
1413 4621 1874 4702 experientiam

356 4723 610 4800 eoepelli
636 4724 840 4801 foras,
875 4721 995 4784 hoc
1031 4728 1148 4794 est,
1182 4720 1437 4782 excludi
1476 4739 1513 4782 a
1554 4739 1747 4802 regno
1784 4728 1877 4782 at-

361 4839 493 4902 que
542 4818 815 4898 collegio
860 4818 1211 4881 electorum
1258 4837 1271 4881 :
1314 4818 1668 4881 secundum
1718 4819 1877 4880 illud

95 4927 335 4982 nattam.
363 4916 665 4998 Matthaei,
708 4916 1005 4979 inutilem
1052 4934 1309 4979 servum
1353 4916 1646 4998 projicite
1685 4917 1751 4979 in
1793 4925 1881 4978 te-

368 5018 603 5081 nebras
648 5015 1035 5092 exteriores3
1082 5022 1146 5076 et
1188 5014 1253 5077 in
1293 5015 1670 5097 Apocalypsi
1714 5034 1727 5078 :
1773 5015 1883 5078 Fo-

373 5117 463 5178 ris
502 5133 718 5189 caneS,
752 5120 817 5176 et
851 5111 1149 5188 venefici,
1182 5121 1247 5176 et
1284 5113 1617 5196 impudici,
1651 5121 1713 5176 et
1753 5114 1884 5177 ido-

376 5214 457 5276 lis
506 5211 884 5286 servienteS,
926 5218 989 5272 et
1027 5210 1237 5274 omnis
1274 5211 1388 5292 qui
1430 5218 1596 5272 amat
1634 5219 1696 5272 et
1734 5211 1885 5273 facit

384 5311 818 5376 mendacium.

1984 4328 2086 4391 vel
2134 4325 2514 4389 adversitate
2563 4333 2884 4404 monente,
2937 4333 3476 4407 compunguntur,

1983 4432 2044 4487 et
2076 4425 2344 4486 redeunt
2381 4423 2459 4484 ad
2499 4422 2767 4484 salutem
2803 4441 2816 4485 :
2854 4423 2931 4484 de
2965 4423 3202 4504 quibus
3232 4424 3322 4486 ait
3350 4422 3482 4486 Sal-

1985 4531 2184 4598 vator,
2219 4521 2541 4602 Gompelle
2583 4521 2840 4584 intrare.
2885 4520 2970 4583 De
3013 4521 3250 4604 quibus
3291 4522 3479 4586 Isaias
3507 4543 3770 4594 Lamnas.

1984 4621 2209 4684 asserit
2242 4639 2257 4682 :
2292 4619 2576 4693 Domine,
2612 4619 2676 4682 in
2719 4620 3009 4700 angustia
3049 4620 3482 4702 requisierunt
3508 4641 3773 4694 ammo.

1986 4727 2069 4793 te,
2105 4720 2170 4779 in
2212 4717 2626 4780 tribulatione
2665 4718 3014 4780 murmuris
3049 4719 3335 4782 doctrina
3373 4726 3482 4781 tua

1988 4818 2101 4878 eis.
2136 4816 2204 4878 ln
2237 4816 2475 4897 quibus
2507 4816 2812 4898 impletur
2851 4817 3021 4898 quod
3065 4835 3179 4898 per
3207 4816 3360 4880 Osee
3391 4817 3483 4880 lo-

1989 4915 2212 4997 quitur
2239 4913 2544 4977 Dominus
2580 4932 2594 4976 :
2629 4913 2788 4976 Ecce
2819 4914 3060 4996 sepiam
3102 4913 3270 4978 viam
3305 4922 3482 4976 tuam
3512 4937 3775 4988 escensa.

1993 5013 2218 5096 spinis,
2252 5019 2315 5074 et
2344 5012 2586 5094 sepiam
2617 5030 2754 5074 eam
2787 5013 3101 5092 maceria3
3141 5020 3206 5074 et
3241 5021 3486 5094 quaeret

1992 5119 2304 5176 amatores
2349 5129 2518 5184 suOS,
2553 5118 2617 5172 et
2661 5129 2786 5174 non
2827 5111 3131 5186 inveniet,
3164 5118 3227 5174 ct
3264 5111 3432 5174 dicet
3465 5131 3479 5175 ε

1994 5210 2229 5272 Vadam
2279 5214 2342 5270 et
2382 5217 2660 5270 revertar
2698 5210 2776 5270 ad
2816 5209 3024 5271 virum
3064 5227 3278 5272 meum
3318 5209 3487 5292 prio-

1998 5327 2149 5382 rem,
2171 5307 2323 5389 quia
2353 5306 2515 5369 bene
2545 5307 2703 5370 mihi
2733 5315 2868 5370 erat
2895 5316 3042 5371 tunc
3072 5308 3271 5392 magis
3299 5329 3486 5392 quam
