4300 6259
68 988 228 1031 soem.
245 1002 276 1039 1,

157 2555 230 2611 39

87 4442 340 4529 {lm-¹⁷³8,

129 4536 234 4614 ben.
243 4586 342 4623 xxn,

168 4725 238 4781 ⁴0

1133 510 1484 559 numano
1527 510 1592 557 m
1631 510 1770 583 cAr.
1817 511 1926 557 vm
1965 510 2243 561 JOANNIS.
2288 534 2369 545 —
2408 518 2549 564 Aur.
2596 520 2727 565 xxn

3362 503 3482 567 437

376 682 676 761 cognovi,
725 701 922 764 quem
982 683 1255 747 videndo
1309 683 1524 747 omnia
1575 681 1884 744 1616111611-
1911 680 1964 743 A
1993 683 2219 747 ritatis.
2264 688 2375 747 Vos
2420 689 2645 765 facitis
2689 710 2881 768 opera
2910 693 3125 769 patris
3163 693 3379 764 vestri,
3416 688 3482 753 id
3616 700 3684 757 ⁴1

375 784 479 840 ter
519 779 727 856 viden,
762 781 945 845 vobis
989 783 1320 845 annuntio.
1363 782 1498 855 Vel,
1533 780 1706 855 Quod
1751 780 1881 844 vidi

375 878 553 957 apud
601 865 872 953 Patrem,
906 880 970 942 id
1014 888 1130 955 651,
1164 898 1267 941 1116
1289 880 1547 962 «ipsum,
1581 880 1694 961 qui
1738 898 1882 940 sum

327 1020 340 1031 .
375 974 663 1038 Verbum
730 978 904 1058 quod
973 986 1108 1040 erat
1179 979 1244 1040 in
1320 978 1639 1060 principio
1711 978 1880 1059 apud

375 1071 606 1149 Deum,
669 1076 947 1157 praedico
1015 1077 1219 1140 vobis.
1291 1076 1598 1149 Quaelibet
1665 1076 1882 1140 divina

375 1190 616 1255 nempe
662 1172 933 1238 Persona
991 1176 1324 1258 conspicit,
1379 1195 1504 1239 non
1555 1176 1762 1238 solum
1813 1176 1877 1236 in

375 1288 472 1344 56,
505 1272 616 1333 5611
654 1273 846 1334 etiam
887 1273 954 1336 in
993 1274 1138 1349 alia,
1182 1292 1250 1336 se
1298 1274 1505 1357 ipsam
1547 1281 1608 1336 et
1652 1282 1881 1337 cuncta

373 1377 592 1431 creata
648 1378 713 1433 et
769 1372 1090 1435 creabilia.
1145 1376 1231 1435 Ec
1279 1393 1386 1434 vos
1433 1393 1574 1453 quoe
1622 1375 1882 1434 vidistis

373 1472 562 1546 apud
597 1480 854 1547 patrem
902 1482 1206 1541 vestrum,
1261 1472 1326 1534 id
1379 1479 1476 1533 est
1523 1472 1690 1533 mala
1736 1490 1880 1553 quae

373 1566 634 1631 diabolo
663 1578 1041 1650 suggerente
1069 1569 1474 1652 concepistiS,
1497 1571 1737 1651 facitis,
1750 1588 1877 1632 non

373 1665 736 1729 resistendo
765 1667 1097 1732 diabolicis
1128 1669 1556 1731 tentamentis.
1581 1667 1878 1740 Quamvis

373 1781 530 1844 ergo
591 1765 800 1847 iniqui
859 1786 987 1831 non
1045 1768 1377 1831 advertant
1428 1786 1496 1829 se
1541 1786 1578 1829 a
1627 1766 1878 1829 diabolo

1991 790 2088 844 est
2143 802 2336 865 opera
2380 786 2605 849 vitiosa
2661 788 2931 852 daemoni
2992 790 3242 872 placita,
3296 788 3481 869 cujus

1992 882 2298 944 malitiam
2343 884 2681 948 imitamini
2724 887 2907 967 quasi
2948 887 3072 950 filii
3114 887 3276 969 ejus,

2017 1048 2022 1055 ,
2073 983 2405 1043 Dioeerunt
2453 987 2673 1064 itaque
2718 987 2779 1044 ei
2822 1007 2845 1045 .·
2896 989 3026 1049 Nos
3071 1006 3152 1046 ew
3197 987 3484 1063 fornica-

1993 1080 2166 1140 tione
2194 1101 2323 1141 non
2351 1102 2577 1143 sumus
2608 1087 2753 1144 nati
2771 1108 2799 1156 ,·
2836 1105 3044 1146 unum
3076 1094 3330 1163 patrem
3368 1087 3485 1145 Iza-

1988 1178 2201 1237 bemus
2222 1182 2449 1240 Deum.
2478 1179 2603 1244 Hoc
2632 1182 2930 1243 dixerunt
2959 1182 3037 1244 de
3066 1182 3483 1245 fornicatione

1989 1275 2330 1357 spirituali,
2382 1277 2627 1341 scilicet
2684 1280 3057 1355 idololatria,
3113 1299 3228 1363 per
3285 1299 3478 1362 quam

1987 1374 2201 1436 anima
2248 1395 2481 1458 sponsa
2528 1377 2715 1440 Verbi
2771 1386 3099 1461 separatur
3151 1398 3190 1440 a
3232 1378 3478 1461 Sponso

1986 1473 2252 1536 coelesti.
2302 1474 2478 1537 Unde
2534 1476 2837 1539 Dominus
2886 1476 3169 1558 loquitur
3212 1476 3403 1559 Moysi
3457 1495 3471 1539 :

1987 1569 2265 1652 Populus
2315 1572 2433 1635 iste
2479 1572 2899 1635 fornicabitur
2949 1581 3089 1655 post
3133 1575 3282 1637 deos
3327 1565 3771 1645 11116-ὐωιιιιι,

1988 1687 2125 1732 1165.
2168 1669 2245 1731 Ε1
2291 1672 2357 1733 111
2406 1671 2561 1733 0566
2605 1672 2874 1734 habetur
2916 1690 2929 1734 :
2972 1672 3283 1735 Fornicati
3328 1680 3477 1734 sunt
3506 1654 3760 1767 {2⁶va-

1986 1787 2024 1829 a
2063 1768 2186 1831 Deo
2228 1788 2363 1833 suo.
2408 1769 2705 1833 Videntes
2744 1787 2893 1851 ergo
2928 1770 3123 1833 Judaei
3174 1771 3345 1851 quod
3383 1771 3479 1831 Je-

374 1862 626 1943 agitari,
662 1866 890 1928 tentari
929 1884 1043 1929 seu
1082 1866 1401 1939 inclinari,
1445 1865 1745 1927 dicuntur
1787 1873 1878 1927 ta-
1913 1863 1962 1927 Β
1989 1884 2096 1927 5115
2153 1864 2531 1946 loquebatur
2586 1866 2677 1928 eis
2736 1868 2814 1929 de
2868 1866 2994 1930 alio
3051 1874 3229 1949 patre
3285 1885 3477 1948 quam

374 1980 528 2024 111611
561 1962 628 2025 111
667 1963 921 2027 diabolo
959 1964 1126 2026 mala
1163 1964 1402 2039 videre,
1435 1962 1739 2044 quoniam
1783 1962 1879 2025 in-

373 2060 597 2124 teriori
627 2061 813 2125 oculo
843 2061 1198 2144 inspiciunt
1237 2067 1299 2123 61
1339 2061 1694 2144 approbant
1736 2080 1879 2142 quae

373 2158 672 2222 diabolus
712 2160 1013 2240 suggerit,
1058 2178 1421 2242 proponens
1469 2178 1542 2221 ea
1580 2178 1726 2221 cum
1765 2159 1879 2221 ali-

374 2276 506 2338 qua
546 2258 962 2339 persuasione
999 2258 1119 2319 sub
1160 2258 1373 2340 specie
1416 2257 1592 2333 boni,
1636 2257 1704 2319 in
1743 2266 1880 2319 tan-

374 2362 516 2417 tum
562 2363 632 2417 ut
671 2357 862 2419 homo
909 2374 1079 2438 saepe
1121 2356 1440 2418 existimet
1480 2356 1632 2418 talia
1672 2374 1798 2419 non
1841 2374 1878 2417 a

374 2453 654 2529 diabolo,
691 2455 803 2517 sed
846 2454 926 2516 ab
967 2454 1192 2535 angelo
1235 2454 1562 2537 inspirata.

455 2554 954 2629 Responderunt
981 2562 1040 2613 et
1069 2554 1386 2614 dixerunt
1415 2555 1476 2613 ei
1497 2574 1519 2613 .·
1548 2556 1748 2615 Pater
1776 2572 1880 2613 no·

367 2660 502 2712 scer
529 2652 868 2713 Abraham
903 2660 1015 2712 est.
1058 2650 1246 2723 Quasi
1289 2652 1501 2713 dicant
1536 2669 1550 2713 ε
1586 2649 1877 2713 faciendo

367 2766 570 2830 opera
601 2748 800 2831 patris
829 2757 959 2810 tam
999 2749 1222 2823 sancti,
1257 2767 1385 2812 non
1415 2765 1723 2824 erramuS,
1759 2767 1875 2810 nec

367 2846 694 2929 increpari
727 2864 1070 2921 meremur,
1105 2848 1215 2909 sed
1245 2847 1456 2930 potius
1487 2854 1578 2920 tu,
1612 2846 1724 2927 qui
1765 2865 1876 2909 no-

369 2945 476 3007 bis
528 2946 924 3027 improperas
969 2945 1139 3026 quod
1187 2963 1380 3027 opera
1423 2943 1691 3007 facimus
1731 2963 1876 3025 quae

1988 1970 2169 2046 patre
2216 1965 2475 2039 carnali,
2520 1966 2813 2029 videlicet
2851 1967 2931 2029 de
2970 1974 3147 2048 patre
3184 1966 3297 2047 qui
3339 1985 3482 2048 pro-

1989 2070 2129 2145 pter
2157 2063 2369 2145 operis
2399 2064 2768 2145 qualitatem
2804 2064 3110 2127 asseritur
3141 2071 3338 2147 pater,
3372 2083 3483 2128 vo-

1989 2160 2247 2222 luerunt
2289 2163 2619 2224 ostendere
2675 2164 2846 2244 quod
2904 2171 3118 2225 essent
3154 2161 3295 2224 -tilii
3344 2162 3474 2237 Dei,

1989 2278 2114 2323 non
2156 2259 2484 2323 daemoniS.
2521 2259 2738 2342 Itaque
2775 2261 2997 2324 dicunt
3031 2280 3044 2324 :
3079 2264 3214 2325 Nos
3239 2282 3321 2321 eoe
3345 2262 3482 2339 for-

1986 2359 2338 2426 nicatione,
2372 2358 2436 2420 id
2468 2365 2563 2420 est
2591 2377 2667 2421 ex
2700 2359 3075 2433 idololatria,
3096 2380 3225 2420 non
3256 2380 3481 2420 sumus

1986 2458 2155 2523 nati,
2187 2456 2507 2537 loquendo
2554 2458 2632 2518 de
2676 2456 3002 2519 nativitate
3044 2475 3187 2537 quae
3225 2456 3292 2519 in
3333 2475 3483 2539 ope-

1990 2574 2132 2616 rum
2165 2555 2518 2619 imitatione
2549 2556 2857 2631 consistit,
2893 2565 2963 2619 ut
3000 2557 3317 2639 possimus
3353 2557 3480 2620 dici

1985 2653 2110 2715 filii
2158 2653 2392 2717 diaboli
2433 2654 2535 2717 cui
2579 2654 2923 2718 idololatrae
2967 2655 3276 2729 serviunt,
3312 2656 3481 2718 unde

1988 2758 2050 2813 et
2096 2750 2221 2812 filii
2270 2751 2410 2832 ejus
2450 2752 2791 2831 dicuntur3
2833 2773 3041 2814 unum
3070 2762 3327 2831 patrem
3366 2756 3482 2815 Ῐια-

1987 2853 2203 2911 bemus
2233 2854 2439 2911 Deum
2479 2857 2824 2912 creatorem
2854 2857 2918 2911 et
2947 2850 3340 2932 provisorem
3371 2870 3483 2915 no-

1987 2954 2215 3023 strum,
2268 2948 2452 3028 cujus
2510 2948 2715 3028 legem
2770 2948 3294 3031 caerimoniasque
3354 2969 3481 3012 ser-

371 3044 618 3107 scimus
665 3042 832 3106 facta
875 3043 954 3105 ab
1004 3043 1137 3106 illo.
1181 3045 1358 3105 Dicit
1394 3044 1486 3103 eis
1522 3046 1706 3104 lesus
1734 3060 1758 3103 .·
1795 3042 1876 3104 Si
1913 3042 1958 3107 G
1987 3065 2211 3109 vamus
2247 3063 2260 3108 :
2297 3046 2374 3108 de
2405 3065 2533 3127 quo
2561 3046 2798 3129 Moyses
2837 3054 3123 3122 testatur,
3155 3047 3477 3130 Numquid
3510 3063 3771 3115 Danaum,

367 3144 511 3221 filii
539 3144 820 3204 Abrahoe
843 3144 994 3203 estis
1022 3143 1374 3204 secundum
1408 3140 1755 3222 perfectam
1787 3159 1876 3201 ra-

373 3243 617 3305 tionem
677 3240 1264 3323 proprietatemque
1326 3238 1474 3313 filii,
1536 3238 1721 3319 cujus
1779 3246 1876 3300 est

373 3339 544 3422 patri
582 3338 948 3414 assimilari,
982 3338 1046 3401 id
1085 3344 1201 3413 est,
1237 3336 1290 3400 si
1320 3336 1446 3399 filii
1475 3336 1741 3399 Abrahae
1780 3354 1877 3399 es-

373 3438 482 3513 tis,
517 3455 645 3501 non
687 3437 895 3501 solum
933 3436 1216 3500 carnales
1257 3454 1372 3519 per
1420 3436 1682 3499 seminis
1733 3455 1877 3518 pro-

371 3536 803 3619 pagationem,
851 3537 959 3598 5611
1012 3536 1278 3618 insuper
1335 3534 1698 3617 spirituales
1763 3553 1876 3617 per

371 3638 630 3699 morum
681 3635 1118 3709 mutationem,
1161 3654 1350 3712 opera
1391 3636 1672 3696 Abralzoe
1711 3634 1878 3709 faci-

371 3745 458 3803 te,
507 3740 861 3813 mansuete,
917 3732 1250 3814 patienter,
1311 3730 1637 3794 caritative
1684 3738 1876 3813 atque

367 3832 709 3896 humiliter
758 3832 1188 3894 conversando
1247 3837 1317 3891 ut
1370 3829 1710 3905 Abraham,
1761 3830 1876 3911 qui

369 3930 741 3994 testimonio
799 3929 948 3991 libri
995 3928 1255 3992 Genesis
1315 3928 1620 4010 probatur
1677 3926 1876 3989 fuisse

369 4030 561 4094 valde
616 4035 1010 4103 mansuetuS,
1071 4026 1342 4109 patienS,
1393 4026 1758 4089 caritativus
1815 4035 1878 4089 61

371 4125 665 4190 11111111115.
715 4124 982 4188 Maxime
1030 4131 1240 4187 tamen
1286 4122 1569 4188 Salvator
1606 4124 1879 4186 intendit

1987 3163 2114 3208 non
2167 3144 2305 3226 ipse
2352 3152 2448 3207 est
2498 3152 2676 3228 pater
2712 3152 2883 3221 111115,
2917 3145 3029 3227 qui
3071 3148 3351 3228 possedit
3392 3155 3475 3222 te,
3508 3128 3551 3171 ⁶·

1986 3250 2049 3304 et
2083 3241 2240 3306 fecit
2285 3249 2349 3304 61
2390 3243 2628 3306 creavit
2664 3246 2770 3305 te?
2811 3244 3008 3306 Deum
3048 3243 3240 3326 igitur
3279 3245 3483 3308 nomi-

1989 3349 2143 3404 nant
2193 3348 2458 3423 patrem,
2506 3360 2634 3405 non
2683 3342 2891 3405 solum
2936 3342 3177 3406 ratione
3220 3344 3484 3408 creatio-

1989 3439 2110 3515 1115,
2156 3442 2264 3502 5611
2311 3448 2571 3522 propter
2619 3440 2962 3522 specialem
3013 3441 3479 3522 providentiam

1988 3559 2114 3621 qua
2155 3539 2536 3620 gubernavit
2584 3539 2894 3621 populum
2944 3538 3134 3601 Israel
3178 3548 3480 3622 tanquam

1988 3638 2262 3699 electum
2302 3644 2363 3699 et
2394 3636 2802 3719 peculiarem,
2837 3645 2901 3699 61
2939 3645 3199 3719 propter
3236 3639 3480 3701 cultum

1989 3736 2187 3797 latriae
2224 3753 2418 3817 quem
2458 3734 2516 3796 ei
2558 3734 2675 3798 soli
2718 3733 3187 3816 impenderunt.
3221 3735 3481 3818 Propter

1988 3834 2162 3916 quod
2210 3833 2276 3895 in
2326 3833 2483 3895 Isaia
2541 3832 2867 3895 inducitur
2920 3850 2933 3895 :
2985 3831 3061 3894 Et
3118 3851 3309 3909 nunc,
3362 3834 3771 3902 Do-12.mv‚s.

1987 3933 2183 4007 mine,
2220 3939 2397 4014 pater
2428 3939 2641 3994 noster
2679 3950 2747 3994 es
2788 3938 2879 4007 tu,
2914 3950 3029 3994 nos
3060 3948 3209 3994 vero
3248 3932 3471 3996 lutum.

1988 4031 2062 4093 Et
2113 4031 2179 4093 in
2218 4030 2488 4092 Jeremia
2528 4029 2833 4093 Dominus
2879 4035 3265 4093 contestatur
3305 4048 3319 4093 :
3366 4028 3479 4093 Fa·
3504 4050 3773 4102 sennua.

1988 4137 2125 4193 ctus
2174 4150 2317 4192 sum
2365 4129 2577 4192 Israeli
2632 4138 2830 4211 pater,
2883 4136 2944 4191 et
2990 4128 3293 4212 Ephraim
3343 4131 3476 4212 pri-

374 4225 620 4289 hortari
676 4225 922 4288 Judaeos
980 4225 1060 4287 ad
1115 4224 1495 4286 imitandum
1560 4223 1758 4285 fidem
1817 4225 2344 4310 etDmogenitus
2389 4247 2590 4291 meus.

372 4323 810 4389 obedientiam
859 4322 1148 4399 Abrahae,
1195 4322 1308 4404 qui
1352 4329 1511 4384 teste
1551 4321 1872 4403 Apost010,

375 4432 604 4488 contra
633 4440 815 4505 spem
854 4422 921 4484 in
961 4440 1142 4504 spem
1182 4420 1470 4495 credidit,
1505 4428 1566 4482 et
1597 4438 1722 4483 non
1755 4421 1880 4483 hae-

372 4522 598 4586 sitavit
646 4522 712 4583 in
763 4520 915 4595 fide,
967 4528 1032 4583 et
1079 4538 1284 4602 usque
1331 4521 1408 4581 ad
1458 4516 1876 4581 amantissimi

373 4619 874 4701 innocentisque
911 4617 1034 4681 filii
1073 4618 1455 4682 occisionem
1489 4616 1700 4699 paruit
1727 4616 1874 4680 Deo.

375 4722 582 4785 Nunc
620 4726 836 4778 autem
878 4718 1174 4797 quaeritis
1221 4736 1320 4776 me
1360 4718 1744 4792 interficere,
1773 4718 1882 4775 Ιιο-

375 4820 622 4879 minem
668 4817 788 4897 qui
836 4816 1172 4875 veritatem
1225 4816 1469 4875 locutus
1515 4832 1658 4873 sum
1706 4815 1880 4873 vobis

371 4936 582 4997 quam
630 4915 868 4977 audivi
911 4932 952 4973 a
1001 4915 1151 4973 Dec.
1204 4914 1362 4982 Hoc,
1415 4912 1480 4973 id
1527 4918 1624 4973 est
1670 4909 1880 4972 simile

375 5014 558 5089 huic,
591 5014 928 5076 Abraham
967 5030 1097 5072 non
1138 5011 1315 5087 fecit.
1356 5009 1492 5073 Non
1545 5009 1718 5071 enim
1768 5027 1879 5072 vo-

373 5114 504 5177 luit
551 5130 629 5174 ex
677 5111 921 5173 malitia
967 5109 1247 5191 aliquem
1298 5109 1726 5183 innocentem,
1779 5108 1878 5171 vel

373 5209 686 5275 nuntium
722 5208 832 5270 Dei
873 5224 1022 5272 vera
1064 5206 1533 5290 praedicantem,
1567 5206 1876 5281 occidere,

372 5310 494 5373 sed
535 5306 868 5389 hospitalis
908 5305 1033 5368 fuit
1070 5312 1134 5367 et
1171 5305 1402 5387 plenus
1440 5305 1742 5387 operibus
1784 5323 1883 5366 ca-

2068 4331 2257 4390 Dixit
2286 4349 2433 4406 erqo
2470 4330 2563 4388 eis
2586 4331 2769 4389 Iesus
2797 4349 2821 4387 .·
2852 4330 2931 4389 Si
2958 4332 3129 4389 Deus
3156 4338 3347 4406 pater
3378 4350 3479 4391 ve-
3610 4336 3682 4392 ⁴2

1984 4436 2113 4488 ster
2140 4435 2291 4487 esset
2320 4444 2395 4489 eo
2426 4427 2611 4488 modo
2649 4444 2777 4506 quo
2814 4425 3048 4500 dicitis,
3083 4426 3325 4489 scilicet
3363 4446 3479 4509 per

1987 4526 2233 4588 cultum
2282 4524 2341 4586 ei
2398 4523 2774 4606 placentem,
2826 4542 2901 4585 ex
2950 4525 3205 4587 caritate
3264 4544 3483 4608 proce-

1988 4619 2265 4689 dentem,
2307 4621 2369 4676 et
2416 4630 2678 4695 operum
2736 4612 3175 4689 imitationem,
3216 4634 3484 4696 quomo-

1988 4716 2068 4778 do
2103 4713 2228 4775 fuit
2261 4718 2438 4794 pater
2476 4718 2837 4773 sanctorum
2878 4710 3377 4776 Patriarcharum
3407 4734 3481 4779 ac

1988 4812 2467 4893 Prophetarum,
2494 4810 2853 4886 diliqeretis
2880 4812 3105 4891 utique
3134 4832 3257 4883 me,
3287 4832 3477 4894 quem

1988 4930 2064 4973 ex
2103 4910 2247 4973 odio
2285 4908 2475 4972 vultis
2515 4906 2824 4970 occidere.
2863 4911 2995 4987 Eyo
3028 4912 3207 4972 enim
3235 4932 3317 4971 em
3353 4915 3480 4974 Deo

1981 5010 2261 5089 processi
2287 5018 2347 5069 et
2376 5008 2547 5067 veni.
2582 5004 2645 5069 Si
2686 5005 3025 5088 loquamur
3064 5008 3142 5071 de
3180 5009 3305 5073 Deo
3339 5029 3483 5092 per-

1987 5105 2307 5179 sonaliter,
2344 5111 2495 5165 tunc
2540 5102 2825 5166 Christus
2868 5106 3175 5186 processit
3212 5124 3287 5167 ex
3330 5106 3477 5181 De0‚

1990 5205 2051 5266 id
2100 5210 2216 5275 est,
2268 5220 2343 5263 ex
2393 5200 2571 5262 Patre
2630 5218 2743 5283 per
2784 5203 3257 5282 generationem
3304 5210 3484 5265 16161-

1990 5321 2136 5365 nam
2176 5300 2475 5375 manavit,
2507 5300 2689 5381 juxta
2726 5300 2881 5362 illud
2912 5300 3181 5365 Michaeae
3214 5321 3227 5365 :
3262 5300 3483 5383 Egres-
3509 5316 3770 5369 meam.
