4300 6259
93 874 212 917 Cant.
236 888 278 923 v,
301 877 340 917 ί.

107 1958 122 1973 ·
135 1954 312 2009 Cyrinus

113 3336 270 3381 nauh.
289 3352 342 3388 vt,

93 3403 154 3443 2⁴.

1205 488 1554 535 mannum
1597 486 1662 533 m
1707 485 1846 533 CAP.
1892 485 1958 531 11
2001 484 2189 532 mcAE.
2238 504 2317 515 —
2358 486 2501 533 ΛΒΤ.
2546 486 2697 533 xxix

3411 468 3492 532 29

373 667 596 722 autem
627 660 1134 725 consolationum
1165 678 1238 721 ac
1268 657 1757 722 delectationum
1797 655 1890 719 di-
1917 657 1968 719 A
2077 656 2313 721 Deinde
2351 659 2631 740 tangitur
2670 658 2827 721 ratio
2866 658 3155 739 quaedam
3196 658 3493 739 impetra-

377 758 814 841 vinorumque
855 766 1162 839 gustuum
1206 756 1571 829 refectione,
1605 755 1888 837 Sponsus

374 857 659 921 coelcstis
698 859 786 919 ait
831 858 896 919 in
937 856 1210 920 Canticis
1245 874 1258 917 ε
1296 854 1637 927 comedite,
1671 853 1882 926 amici,

371 963 440 1017 et
491 955 736 1035 bibite;
785 964 848 1018 et
907 954 1340 1028 inebriamini,
1393 952 1725 1015 carissimi.
1777 952 1886 1013 His

371 1054 598 1136 itaque
627 1054 790 1117 cibis
828 1072 1086 1117 oremus
1116 1052 1404 1135 quotidie
1432 1052 1514 1114 ali
1557 1051 1882 1124 divinitus,

371 1170 460 1213 ne
523 1152 791 1235 spiritus
853 1160 1070 1215 noster
1125 1150 1518 1225 debilitetur,
1583 1150 1886 1230 vitiisque

371 1251 780 1313 succumbat.
828 1285 907 1296 —
948 1249 1182 1324 Tertio,
1234 1248 1578 1331 exponitur
1626 1248 1702 1311 de
1752 1266 1888 1310 cor-

371 1349 582 1431 porali
623 1350 949 1423 alimento,
985 1356 1054 1410 ut
1094 1349 1177 1410 sit
1205 1366 1430 1411 sensus
1465 1366 1478 1409 :
1511 1347 1742 1410 Panem
1785 1366 1888 1411 no·

369 1454 584 1509 strum
614 1446 1074 1529 quotidianum,
1095 1446 1216 1510 hoc
1245 1454 1342 1508 est
1371 1444 1721 1508 necessaria
1742 1446 1888 1507 vitae

367 1545 618 1626 quibus
655 1545 943 1627 quotidie
983 1545 1366 1624 indigemuS,
1401 1546 1479 1606 da
1519 1544 1724 1605 nobis.
1747 1542 1888 1615 Oui-

371 1643 502 1705 bus
551 1643 762 1706 verbis
811 1642 1175 1705 excluditur
1223 1641 1506 1717 avaritia,
1550 1660 1694 1723 quae
1743 1660 1888 1704 con-

369 1749 600 1821 gregat
649 1740 714 1803 in
763 1742 1189 1823 longinquum
1233 1748 1298 1803 et
1345 1740 1508 1803 ultra
1557 1739 1892 1802 necessita-

1999 755 2124 817 tiva
2154 755 2425 819 effectus
2458 757 2649 837 hujus
2683 756 3029 839 petitioniS‚
3066 756 3361 819 videlicet
3388 774 3492 817 ve-

1999 854 2140 916 niae.
2192 857 2535 935 Siquidem
2582 866 2641 916 et
2691 858 2821 935 ipsi
2866 856 3265 915 dimittimus
3314 856 3493 915 omni

1993 956 2250 1013 debenti
2288 956 2489 1027 nobis,
2526 954 2645 1017 hoc
2688 962 2804 1027 est,
2842 952 3140 1015 omnibus
3180 952 3495 1032 injurian-

1995 1050 2167 1112 tibus
2211 1052 2391 1114 nobis
2434 1052 2537 1133 pie
2568 1051 2975 1133 ignoscimuS,
3009 1052 3086 1113 ad
3120 1052 3331 1112 minus
3360 1051 3496 1112 cul-

1997 1168 2140 1231 pam
2193 1168 2305 1213 seu
2356 1150 2657 1231 injuriam
2708 1150 3085 1214 dimittendo
3134 1169 3147 1213 :
3197 1151 3492 1232 quamvis

1995 1248 2317 1310 interdum
2357 1248 2569 1311 debita
2600 1268 2787 1331 poena
2818 1268 2929 1311 scu
2970 1250 3327 1312 emendatio
3359 1268 3495 1331 poe-

1996 1346 2159 1410 nalis
2202 1355 2265 1409 et
2307 1346 2722 1411 satisfactoria
2762 1348 2927 1429 exigi
2982 1349 3179 1429 possit
3216 1366 3293 1409 ex
3338 1348 3495 1409 cari-

1997 1453 2142 1519 tate,
2176 1446 2528 1508 secundum
2566 1446 2835 1509 formam
2873 1446 3036 1527 juris
3075 1448 3493 1528 ordinemque

1993 1544 2277 1625 justitiae,
2326 1546 2677 1627 praesertim
2730 1554 2988 1627 propter
3038 1546 3275 1609 bonum
3322 1565 3495 1608 com-

1999 1660 2213 1717 mune,
2249 1651 2311 1704 et
2341 1660 2421 1705 ne
2462 1652 2815 1724 peccanteS,
2848 1662 2923 1705 ex
2958 1644 3259 1706 facilitate
3294 1644 3494 1707 veniae

1999 1740 2161 1803 fiant
2204 1742 2283 1803 ad
2332 1740 2765 1822 injuriandum
2816 1760 2887 1804 ac
2938 1742 3089 1804 vitia
3139 1743 3488 1824 proniores.

374 1848 526 1911 tem,
550 1858 626 1903 ac
654 1840 1018 1902 sollicitudo
1049 1839 1461 1901 immoderata
1489 1839 1566 1901 de
1596 1838 1886 1901 crastino
1926 1840 1972 1902 B
1997 1838 2215 1921 Itaque
2256 1840 2367 1921 qui
2408 1840 2587 1902 alteri
2630 1860 2757 1903 non
2798 1839 3086 1921 ignoscit,
3121 1841 3286 1903 bona
3325 1840 3495 1903 fron-

371 1936 564 2001 Circa
599 1940 772 2020 quod
815 1938 905 2001 ait
942 1937 1334 2020 Theophilus
1357 1937 1380 1961 *
1417 1956 1430 2000 :
1465 1936 1554 1999 Ex
1597 1954 1672 1999 eo
1715 1938 1886 2019 quod

367 2034 668 2099 Christus
711 2035 905 2117 jussit
949 2052 1237 2117 quaerere
1279 2034 1725 2117 quotidianum
1775 2034 1887 2097 ali-

363 2142 688 2209 mentum,
733 2134 986 2197 videtur
1029 2134 1204 2215 quod
1251 2152 1400 2197 suos
1449 2132 1676 2195 fideles
1721 2132 1883 2194 nihil

364 2233 682 2296 concedat
721 2232 976 2306 habere,
1021 2232 1131 2293 sed
1171 2232 1374 2311 magis
1413 2231 1744 2294 honestam
1784 2250 1887 2294 co-

363 2331 508 2393 lere
567 2338 1028 2413 paupertatem.
1083 2328 1222 2392 Non
1277 2329 1453 2391 enim
1509 2328 1884 2392 habentium

365 2448 632 2511 panem,
657 2430 767 2492 sed
797 2446 1252 2511 oppressorum
1284 2428 1576 2510 penuria,
1595 2434 1692 2489 est
1718 2446 1886 2509 quae-

366 2546 518 2591 rere
565 2546 798 2610 panem
839 2528 1286 2610 quotidianum
1337 2546 1452 2609 pro
1495 2527 1705 2589 hodie.
1741 2526 1886 2590 Pro-

365 2635 522 2709 pter
548 2627 724 2708 quod
753 2626 910 2689 dicit
939 2625 1424 2709 chrysostomus
1458 2644 1472 2688 :
1507 2624 1885 2688 Postulanda

365 2732 528 2787 sunt
565 2724 876 2789 divinitus
915 2723 1272 2789 necessaria
1311 2723 1476 2797 vitae,
1511 2742 1636 2786 non
1678 2723 1884 2785 diver-

363 2824 594 2885 sitates
639 2823 955 2898 ciborum,
989 2829 1054 2885 et
1095 2821 1412 2885 odorifera
1456 2821 1625 2895 vina,
1667 2840 1740 2883 ac
1783 2838 1885 2883 ce-

365 2933 510 2986 tera
553 2941 700 3004 quae
739 2922 1056 2985 delectant
1091 2927 1332 3001 guttur,
1365 2927 1630 2985 onerant
1669 2928 1881 2982 autem

1999 1944 2059 2000 te
2107 1956 2289 2000 orare
2336 1957 2462 2002 non
2504 1939 2668 2001 valet
2716 1939 2881 2001 hanc
2929 1939 3319 2018 clausulam;
3363 1939 3493 2003 imo

1997 2055 2191 2117 quam
2240 2036 2438 2119 impie
2484 2044 2639 2117 agat,
2688 2038 2751 2099 in
2802 2036 3241 2101 Ecclesiastico
3288 2038 3495 2119 aperi-

1995 2143 2120 2209 tur,
2184 2154 2313 2216 quo
2368 2134 2601 2216 legitur
2653 2153 2668 2198 ε
2724 2134 2922 2199 Homo
2981 2135 3223 2199 homini
3285 2144 3495 2199 servat

1995 2234 2173 2310 iram,
2192 2240 2253 2293 et
2282 2252 2317 2294 a
2344 2232 2470 2295 Deo
2499 2234 2727 2315 quaerit
2756 2234 3099 2296 medelam?
3122 2234 3261 2315 Ipse
3292 2252 3492 2315 quum
3522 2224 3643 2254 '‘m''

1996 2350 2140 2393 caro
2179 2331 2283 2401 sit,
2317 2331 2385 2393 in
2426 2331 2547 2393 sibi
2590 2330 2863 2394 similem
2908 2350 3033 2395 non
3075 2331 3267 2393 habet
3308 2331 3497 2393 mise-

1997 2430 2355 2507 ricordiam,
2397 2438 2459 2491 et
2506 2438 2715 2493 tamen
2766 2431 2843 2492 de
2892 2431 3166 2512 peccatis
3211 2431 3343 2492 suis
3395 2432 3496 2492 de-

1996 2535 2291 2610 precatur
2347 2527 2799 2589 Altissimum't
2848 2527 2999 2600 Quis
3048 2528 3333 2591 exorabit
3381 2548 3496 2611 pro

1999 2627 2273 2708 peccatis
2324 2625 2541 2688 illius?
2592 2628 2831 2707 Itaque,
2882 2627 3047 2688 sicut
3093 2634 3385 2708 optamus
3435 2635 3499 2690 et

1997 2744 2331 2789 exoramus
2363 2732 2432 2785 ut
2460 2724 2871 2807 peccantibus
2914 2725 3095 2788 nobis
3126 2725 3288 2787 Deus
3326 2726 3497 2806 juste

1997 2823 2183 2887 nobis
2228 2842 2355 2885 non
2400 2823 2706 2885 irascatur
2740 2830 2851 2884 aut
2890 2822 3189 2898 vindicet,
3234 2825 3340 2885 scd
3392 2824 3495 2906 pie

1997 2930 2227 2985 nostrae
2273 2920 2537 2983 caecitati
2576 2940 2650 2982 ac
2688 2920 3013 3001 fragilitati
3062 2922 3392 2984 condoleat
3432 2928 3497 2983 et

367 3028 668 3085 ventrem
700 3028 762 3082 et
793 3026 1073 3082 mentem
1105 3018 1517 3101 perturbant3
1551 3020 1662 3081 sed
1703 3018 1883 3100 panis
1921 3027 1964 3089 C
1995 3020 2319 3101 ignoscat3
2373 3019 2460 3081 ita
2507 3025 2569 3080 et
2628 3037 2741 3082 nos
2800 3018 3247 3099 injuriantium
3309 3019 3492 3082 nobis

369 3120 694 3202 petendus
739 3126 836 3180 est
878 3117 990 3199 qui
1037 3123 1246 3199 potest
1285 3116 1705 3179 substantiam
1752 3134 1888 3180 cor-
1993 3118 2317 3199 fragilitati
2348 3124 2411 3179 et
2441 3117 2702 3180 caecitati
2735 3117 3197 3199 compatiamur
3224 3125 3287 3179 et
3316 3118 3493 3199 igno-
3518 3136 3817 3242 ἐπιῇ,

371 3217 558 3301 poris
597 3224 974 3290 sustentare,
999 3224 1062 3278 et
1089 3216 1201 3277 ille
1227 3216 1339 3297 qui
1377 3215 1560 3279 nobis
1600 3215 1886 3297 quotidie

373 3316 825 3379 tantummodo
873 3314 1140 3390 sufficit,
1191 3322 1262 3375 ut
1310 3314 1388 3376 de
1435 3314 1710 3377 crastino
1759 3332 1886 3377 non

373 3414 760 3496 cogitemus.

459 3516 552 3575 Ec
580 3514 843 3573 dimitte
869 3512 1050 3572 nobis
1071 3518 1336 3587 peccata
1365 3518 1610 3578 nostra,
1633 3510 1888 3592 culpam

373 3610 644 3693 penitus
682 3608 1052 3682 auferendo,
1085 3617 1150 3670 et
1179 3626 1398 3689 poenas
1427 3625 1586 3688 quas
1628 3624 1892 3688 peccan-

373 3710 460 3773 do
518 3707 898 3783 meruimuS,
945 3706 1306 3779 relaxando,
1355 3706 1456 3769 vel
1506 3706 1761 3787 partim,
1808 3706 1892 3767 si-

375 3828 456 3871 ve
507 3805 808 3871 totaliter.
841 3805 1052 3879 Porro,
1097 3813 1354 3886 peccata
1397 3802 1686 3866 mortalia
1729 3804 1891 3885 pari-

371 3916 476 3969 ter
517 3906 954 3977 dimittuntur,
995 3903 1083 3965 ita
1123 3902 1295 3984 quod
1340 3920 1541 3963 unum
1585 3902 1724 3964 sine
1765 3902 1889 3966 alio

373 4024 512 4069 non
556 4002 925 4075 dimittitur,
968 4008 1282 4082 quantum
1330 4000 1409 4062 ad
1453 3999 1745 4082 culpam;
1779 4000 1890 4062 sed

371 4108 560 4165 tanto
605 4100 752 4182 plus
791 4098 1136 4161 dimittitur
1179 4097 1364 4161 nobis
1399 4098 1476 4159 de
1517 4116 1726 4179 poena,
1760 4116 1888 4180 quo

1996 3236 2268 3292 scamus,
2312 3216 2502 3278 simul
2547 3223 2797 3279 orantes
2842 3234 2956 3298 pro
2996 3216 3144 3291 illis,
3184 3224 3251 3278 ut
3291 3216 3491 3279 simus

1999 3316 2120 3378 filii
2170 3314 2365 3377 Patris
2413 3314 2687 3377 coelestis
2735 3314 2847 3396 qui
2909 3314 3055 3396 pius
3103 3322 3165 3376 et
3213 3315 3491 3377 clemens

1997 3422 2093 3477 est
2139 3431 2333 3495 super
2381 3412 2581 3475 bonos
2630 3420 2694 3475 et
2741 3412 2961 3475 malos.
3004 3412 3175 3474 Istud
3220 3431 3369 3476 vero
3416 3415 3493 3476 ad

2000 3512 2289 3595 praelatos
2318 3517 2381 3572 et
2419 3519 2629 3592 patres
2667 3510 3031 3593 spirituales
3068 3518 3130 3572 et
3170 3510 3496 3592 religiosos

1999 3609 2320 3693 praecipue
2369 3608 2667 3690 pertinet,
2719 3608 2827 3689 qui
2886 3608 2951 3669 in
3002 3608 3292 3671 omnium
3342 3610 3501 3671 cari-

1998 3716 2124 3771 tate
2171 3726 2245 3769 ac
2294 3706 2527 3789 pietate
2578 3706 2805 3768 ceteris
2855 3704 3235 3788 praefulgere
3284 3714 3502 3769 tenen-

1998 3816 2124 3883 tur,
2167 3824 2442 3888 quorum
2492 3804 2794 3867 interiora
2834 3804 2901 3866 in
2943 3804 3156 3886 ipsum
3201 3804 3501 3869 bonitatis

1997 3924 2070 3969 ac
2109 3903 2386 3967 caritatis
2430 3902 2732 3965 affectum
2774 3902 3007 3965 debent
3054 3905 3360 3977 converti,
3394 3911 3503 3967 aut

1999 4022 2136 4067 esse
2188 4020 2490 4067 conversa
2534 4020 2547 4064 :
2592 4020 2961 4084 quanquam
3012 4019 3088 4063 ex
3140 4002 3395 4064 caritate
3438 4010 3502 4065 et

1999 4101 2294 4185 aequitate
2348 4100 2585 4181 justam
2633 4118 2802 4182 saepe
2864 4100 3136 4163 debeant
3184 4102 3503 4182 peccanti-

375 4200 592 4282 maJ'or
625 4201 694 4261 in
727 4198 912 4261 nobis
943 4205 1040 4259 est
1070 4198 1274 4279 pudor
1303 4214 1376 4259 ac
1407 4196 1671 4259 intimus
1711 4198 1891 4261 dolor
1921 4206 1970 4267 D
1998 4200 2118 4263 bus
2157 4198 2449 4279 infligere
2491 4216 2767 4280 poenam,
2802 4206 2871 4259 ut
2911 4216 3025 4280 per
3054 4216 3191 4259 eam
3222 4217 3260 4259 a
3291 4199 3499 4280 poenis

376 4302 462 4362 de
506 4296 809 4381 peccatiS,
851 4296 919 4358 in
967 4303 1280 4377 quantum
1331 4302 1480 4357 sunt
1529 4303 1747 4358 contra
1790 4295 1892 4376 ju-

375 4397 650 4473 stitiam,
677 4394 918 4475 Deique
945 4392 1283 4468 ostensiva,
1305 4400 1370 4455 et
1398 4412 1528 4475 quo
1557 4393 1760 4474 maj0r
1789 4412 1892 4457 no-

375 4496 486 4559 bis
531 4495 699 4557 inest
734 4492 950 4556 fervor
979 4492 1258 4554 caritatis
1295 4493 1374 4554 ad
1410 4491 1607 4553 Deum
1643 4511 1716 4554 ac
1747 4512 1893 4575 pro-

377 4595 662 4668 ximum,
695 4610 825 4673 quo
855 4591 1010 4652 item
1039 4589 1403 4653 efficaciora
1443 4589 1890 4654 satisfactionis

375 4694 640 4775 agimus
695 4708 912 4772 opera.
964 4688 1290 4763 Praeterea‚
1344 4688 1482 4750 sine
1532 4688 1891 4751 venialibus

379 4790 670 4876 peccatis
701 4789 898 4853 vitam
927 4788 1090 4850 hanc
1131 4805 1248 4849 nec
1277 4787 1594 4861 ducimuS,
1630 4806 1748 4850 nec
1781 4789 1895 4850 du-

378 4908 536 4956 cere
575 4889 688 4953 diu
728 4888 1034 4959 valemus,
1080 4886 1236 4968 quia
1277 4885 1396 4947 etsi
1441 4885 1714 4966 singula,
1764 4905 1891 4950 non

379 5001 604 5055 tamen
656 4986 874 5051 omnia
921 4986 1182 5066 quimus
1233 4984 1452 5047 vitare.
1504 4983 1624 5046 Sed
1677 4993 1896 5048 contra

381 5108 484 5164 ea,
541 5085 800 5169 provisa
853 5091 918 5145 et
970 5084 1114 5145 data
1171 5089 1322 5143 sunt
1380 5081 1562 5145 nobis
1623 5082 1896 5164 desuper

383 5186 598 5251 multa
633 5182 934 5257 remedia,
967 5200 1243 5262 quorum
1284 5198 1485 5242 unum
1523 5188 1638 5255 est,
1673 5198 1898 5243 secun-

385 5290 548 5351 dum
593 5282 1046 5365 Augustinum,
1078 5278 1286 5343 Oratio
1328 5279 1448 5342 ista
1488 5279 1828 5342 dominica.

1999 4298 2353 4381 eripiantur
2392 4296 2650 4371 futuriS,
2694 4303 2756 4357 et
2798 4296 3065 4376 gratiam
3109 4313 3502 4377 consequan-

1999 4406 2103 4459 tur
2133 4395 2461 4475 majorem,
2498 4393 2849 4476 praesertim
2884 4401 2953 4455 ut
2984 4394 3107 4457 Deo
3136 4393 3501 4476 aliqualiter

2000 4493 2288 4556 satisfiat.
2342 4527 2421 4538 —
2472 4492 2809 4565 Postremo,
2862 4491 3030 4553 circa
3086 4491 3221 4554 haec
3280 4492 3503 4555 scribit

2001 4594 2481 4676 chrysostomus
2516 4610 2529 4653 :
2563 4591 2707 4653 Haec
2738 4591 3334 4666 animadvertentes,
3366 4610 3501 4671 gra·

2001 4691 2116 4753 tias
2174 4706 2359 4771 agere
2417 4688 2723 4751 debemus
2783 4688 3177 4751 debitoribus
3240 4689 3495 4752 nostris.

1999 4790 2188 4851 Fiunt
2216 4789 2389 4850 enim
2422 4786 2628 4860 nobiS,
2656 4787 2707 4849 si
2740 4787 3046 4869 sapimuS‚
3073 4806 3261 4849 causa
3291 4788 3502 4850 indul-

2000 4888 2229 4969 gentiae
2264 4886 2591 4965 maximae3
2633 4892 2695 4947 et
2735 4904 2934 4967 pauca
2972 4884 3347 4947 exhibentes
3388 4904 3501 4947 seu

2003 4985 2251 5049 modica
2293 4983 2706 5057 dimittenteS‚
2755 4982 3035 5064 plurima
3084 4984 3500 5064 reperiemus,

2002 5084 2155 5145 Nam
2188 5090 2251 5145 et
2281 5101 2394 5145 nos
2428 5080 2629 5143 multa
2668 5081 2974 5143 debemus
3017 5089 3081 5143 et
3119 5081 3333 5144 debita
3370 5101 3502 5143 ma-

2004 5200 2128 5263 gna
2161 5180 2447 5254 Domino,
2481 5198 2757 5261 quorum
2799 5179 2850 5241 si
2886 5180 3219 5242 minimam
3255 5187 3498 5262 partem

2006 5300 2044 5343 a
2084 5278 2266 5343 nobis
2306 5278 2497 5342 vellet
2533 5277 2807 5358 exigere,
2839 5276 2969 5359 jam
3013 5278 3423 5360 perissemus.

3578 2149 3706 2193 Ecclt'
