4300 6259
863 502 984 568 468

1647 518 1994 565 ENARRA'HO
2037 516 2100 563 m
2141 516 2281 563 cAP.
2328 516 2369 561 Χ
2411 516 2686 562 somnis.
2732 535 2812 546 —
2851 517 2994 563 Am.
3041 517 3187 564 xxv1

861 698 1210 771 Propterea
1249 713 1346 755 me
1382 693 1734 755 secundum
1777 698 2064 753 naturam
2116 707 2361 751 assum·
2386 687 2435 749 A
2466 689 2818 751 secundum
2858 689 3333 763 Damascenum,
3371 688 3431 750 id
3472 687 3643 769 quod
3676 685 3957 748 Verbum

862 800 1059 875 ptam,
1092 796 1294 855 Pater
1329 794 1578 869 diligit,
1621 790 1752 853 imo
1789 798 1854 851 et
1890 797 2019 853 tota
2057 788 2353 862 TrinitaS,

861 892 928 954 id
967 900 1084 965 est,
1118 890 1380 972 diligere
1420 908 1486 953 se
1525 889 1820 963 ostendit,
1853 890 2012 967 quia
2045 907 2156 965 eqo
2190 906 2357 965 pono

861 993 1154 1052 animam
1207 1010 1440 1058 meam,
1479 988 1542 1051 id
1591 996 1706 1062 est,
1752 986 2033 1069 passioni
2082 1004 2353 1067 expone,

861 1088 960 1152 vel
1003 1108 1039 1149 a
1078 1106 1340 1170 corpore
1388 1087 1649 1170 proprio
1697 1104 1942 1168 separe,
1987 1104 2112 1147 non
2164 1084 2359 1147 inter-

859 1186 1140 1250 ficiendo
1181 1204 1284 1249 me
1321 1186 1556 1267 ipsum,
1591 1186 1701 1247 sed
1739 1190 1964 1266 sponte
2002 1182 2352 1257 moriende,

859 1293 923 1347 et
970 1284 1364 1347 adversarios
1415 1301 1590 1345 meos
1639 1302 1768 1345 non
1817 1281 2237 1364 prohibendo.
2275 1284 2357 1343 Ει

856 1386 1098 1445 *iterum
1139 1403 1395 1444 sumam
1431 1400 1600 1450 eam,
1639 1381 1702 1443 id
1752 1387 1868 1455 est,
1911 1380 2163 1462 corpori
2214 1397 2357 1442 meo

849 1500 1000 1545 eam
1045 1481 1230 1543 tertia
1271 1481 1374 1543 die
1419 1480 1729 1542 reuniam.

2466 789 2830 869 assumpsit,
2876 807 3202 870 nunquam
3248 787 3563 869 deposuit.
3603 786 3843 848 Idcirco
3892 785 3960 847 in

2467 885 2676 949 triduo
2707 887 2949 959 mortiS,
2984 892 3164 948 erant
3193 904 3424 967 corpus
3454 893 3517 947 et
3544 884 3757 946 anima
3786 881 3963 945 Chri-

2469 984 2547 1045 sti
2587 983 2791 1048 Verbo
2836 986 3034 1047 unita.
3078 985 3211 1049 Non
3262 992 3475 1047 tamen
3514 984 3791 1045 Verbum
3836 981 3961 1043 fuit

2468 1089 2620 1145 tunc
2678 1083 2888 1158 homo,
2939 1085 3093 1166 quia
3149 1083 3409 1147 fuerunt
3464 1102 3501 1144 a
3558 1100 3625 1145 se
3682 1081 3957 1143 invicem

2468 1188 2752 1263 separata
2800 1201 3032 1264 corpus
3081 1182 3221 1264 ejus
3272 1190 3334 1244 et
3378 1181 3611 1244 anima.
3662 1179 3959 1252 Quamvis

2467 1296 2616 1359 ergo
2665 1279 2948 1343 Christus
2994 1288 3064 1342 ut
3106 1280 3288 1355 DeuS,
3332 1280 3538 1363 potuit
3582 1280 3857 1342 animam
3896 1285 3961 1339 et

2467 1396 2698 1459 corpus
2740 1398 2927 1441 suum
2967 1398 3003 1441 a
3042 1378 3245 1443 Verbo
3284 1397 3578 1461 separare
3618 1386 3808 1459 atque
3856 1378 3959 1439 de-

2467 1494 2723 1557 ponere,
2786 1478 3135 1539 secundum
3203 1477 3547 1559 potentiam
3608 1495 3785 1539 suam
3838 1475 3954 1537 ab·

658 1578 726 1635 18
941 1583 1144 1645 Nemo
1198 1582 1386 1652 tollit,
1435 1579 1497 1642 id
1549 1586 1664 1652 est,
1707 1587 1993 1659 tempore
2041 1577 2355 1659 passionis
2465 1574 2757 1649 solutam,
2793 1593 2917 1638 non
2958 1583 3168 1639 tamen
3208 1577 3558 1639 secundum
3609 1574 3953 1657 potentiam

857 1678 1124 1754 auferet,
1157 1700 1300 1740 eam
1329 1698 1370 1739 a
1410 1698 1530 1750 me,
1563 1678 1746 1758 quasi
1782 1676 1864 1739 ab
1905 1677 2255 1758 impotente
2295 1683 2357 1737 et
2463 1675 2837 1749 ordinatam,
2879 1674 3033 1756 quia
3078 1692 3202 1738 non
3246 1674 3663 1743 conveniebat
3704 1674 3955 1756 sapien-

857 1777 1017 1840 mori
1061 1776 1335 1841 nolente.
1379 1775 1588 1839 Nihilo
1630 1774 1844 1836 minus
1890 1774 2086 1836 Judaei
2127 1781 2191 1835 et
2240 1773 2356 1834 mi·-
2464 1773 2565 1835 tiae
2614 1781 2676 1836 et
2728 1774 2991 1856 justitiae
3039 1773 3249 1849 Verbi,
3303 1783 3372 1838 ut
3420 1783 3708 1838 naturam
3757 1773 3951 1837 semel

855 1876 998 1938 lites
1030 1874 1386 1937 intulerunt
1415 1873 1661 1937 Christo
1695 1881 1983 1946 mortem,
2017 1880 2080 1934 et
2108 1890 2187 1934 ex
2218 1872 2356 1934 vul·
2388 1872 2437 1935 B
2463 1881 2853 1955 assumptam
2897 1874 3261 1955 deponeret.

855 1973 1117 2035 neribus
1159 1991 1303 2053 quae
1341 1972 1398 2033 ei
1439 1969 1838 2044 inflixerunt,
1883 1978 2222 2033 consecuta
2259 1976 2355 2031 est
2562 1974 2699 2033 Hoc
2754 1975 3166 2039 mandatum,
3218 1971 3535 2045 videlicet,
3595 1978 3667 2032 ut
3720 1990 3951 2053 ponam

855 2070 1168 2153 separatio
1225 2071 1454 2132 animae
1511 2069 1742 2132 Christi
1790 2088 1826 2130 a
1873 2086 2136 2150 corpore
2186 2067 2347 2149 ejus.
2460 2069 2738 2132 animam
2780 2088 2985 2131 meam
3016 2088 3131 2152 pro
3162 2070 3410 2144 ovibuS,
3444 2072 3658 2147 acoepi
3686 2092 3726 2130 a
3756 2072 3957 2131 Patre

853 2167 975 2232 Sed
1041 2169 1160 2232 hoc
1220 2187 1346 2231 non
1407 2165 1696 2230 fecerunt
1754 2166 1872 2228 nisi
1935 2166 2183 2229 Christo
2240 2184 2343 2228 vo·
2460 2186 2622 2237 meo,
2662 2166 2772 2249 qui
2823 2185 2938 2249 per
2981 2186 3186 2229 meam
3232 2166 3590 2249 passionem
3638 2175 3702 2229 et
3740 2167 3957 2231 obedi·

853 2266 1024 2329 lente
1061 2275 1124 2329 et
1166 2265 1571 2348 permittente
1605 2284 1618 2327 :
1653 2265 1766 2347 qui
1809 2265 1999 2327 unico
2039 2272 2200 2325 nutu
2242 2282 2352 2344 po—
2460 2266 2694 2327 entiam
2734 2266 3013 2329 decrevit
3056 2265 3367 2327 redimere
3405 2267 3742 2328 mundum.
3776 2265 3955 2328 Pater

852 2365 977 2426 tuit
1014 2384 1120 2428 eos
1165 2372 1565 2447 prosternere
1607 2372 1797 2444 atque
1839 2364 2149 2436 occidere,
2185 2361 2351 2423 sicut
2458 2372 2669 2425 autem
2727 2364 3030 2445 praecepit
3078 2364 3323 2427 Christo
3374 2365 3725 2426 seeundum
3781 2365 3953 2445 quod

553 2477 822 2529 :vamum
852 2464 922 2543 in
978 2464 1275 2546 passione
1331 2463 1620 2536 dicendo,
1673 2460 1802 2541 Ego
1859 2480 2024 2534 sum,
2079 2459 2349 2542 projecit
2459 2461 2649 2525 homo
2695 2470 2810 2537 est,
2852 2462 3133 2524 divinam
3176 2462 3560 2525 voluntatem
3610 2469 3675 2524 et
3722 2480 3953 2544 praeor-

553 2542 660 2591 ⁵'⁰‘
851 2581 958 2626 eos
1018 2571 1388 2636 retrorsum,
1440 2568 1502 2623 et
1549 2560 1915 2622 ceciderunt
1971 2559 2036 2620 in
2087 2567 2341 2621 terram.
2459 2560 2845 2623 dinationem
2894 2560 3063 2622 circa
3116 2560 3375 2623 humani
3421 2560 3673 2641 generis
3722 2560 3951 2622 libera—

569 2672 794 2725 12.n11‚·1.
848 2660 1009 2723 Hinc
1049 2660 1360 2742 scriptum
1403 2667 1497 2721 est
1533 2676 1546 2721 ε
1579 2656 1836 2720 Oblatus
1876 2665 1972 2719 est
2012 2656 2165 2738 quia
2206 2657 2347 2738 ipse
2460 2654 2696 2720 tionem
2726 2657 3294 2740 implere.Propter
3322 2660 3491 2740 quod
3520 2660 3609 2721 ait
3640 2658 3942 2721 inferius:

849 2758 1070 2832 voluit,
1105 2764 1168 2819 et
1208 2775 1336 2821 non
1377 2755 1628 2838 aperuit
1665 2773 1734 2818 os
1777 2774 1982 2817 suum.
2016 2754 2160 2817 Ideo
2198 2754 2347 2816 sub-

2457 2754 2633 2817 Sicut
2671 2758 3036 2819 mandatum
3076 2756 3249 2819 dedit
3284 2756 3443 2819 mihi
3486 2757 3683 2833 Pater,
3726 2758 3817 2820 sic
3854 2758 4239 2831 l'a-,10.,‚.,.„m
4291 2802 4292 2813 ¹

848 2857 1018 2919 ditur
1053 2875 1066 2919 ε
1100 2859 1210 2917 sed
1237 2876 1348 2933 eqo
1370 2874 1540 2932 pono
1569 2875 1711 2916 eam
1740 2874 1779 2913 a
1813 2874 1910 2915 me
1940 2855 2103 2932 ipsO,
2133 2854 2198 2915 id
2228 2861 2343 2929 est,
2456 2854 2575 2917 cio.
2617 2854 2693 2916 Et
2739 2853 3075 2937 Apostolus
3120 2873 3133 2917 ε
3177 2854 3435 2937 Proprie
3476 2856 3746 2938 (inquit)
3788 2856 3944 2919 Filio
3968 2853 4129 2955 ³25⁰-
4144 2928 4233 2957 w

845 2974 884 3017 a
931 2971 1195 3037 corpore
1254 2971 1396 3016 meo
1443 2970 1580 3014 eam
1641 2951 1774 3015 tolli
1836 2952 2155 3033 permitto.
2206 2951 2341 3015 Non
2455 2971 2577 3016 non
2621 2953 2925 3034 pepercit,
2959 2954 3069 3015 sed
3109 2973 3223 3035 pro
3258 2954 3554 3017 omnibus
3594 2955 3779 3018 nobis
3820 2962 3946 3017 tra-
3970 2978 4041 3019 η

846 3054 1019 3116 enim
1061 3059 1348 3135 separata
1385 3050 1508 3113 fuit
1547 3050 1758 3115 anima
1789 3049 2018 3114 Christi
2058 3069 2341 3132 unquam
2376 3049 2419 3114 C
2453 3050 2613 3112 didit
2658 3050 2865 3113 illum.
2914 3050 2986 3112 Et
3035 3050 3252 3113 Petrus
3298 3050 3387 3113 ait
3429 3051 3662 3115 Judaeis
3706 3071 3721 3115 ε
3763 3051 3943 3114 Hunc
3988 3076 4137 3119 Λα...
4144 3078 4235 3123 23.

845 3172 882 3214 a
911 3151 1117 3214 Verbo
1149 3170 1164 3229 ;
1207 3168 1323 3213 nec
1351 3150 1542 3213 etiam
1575 3150 1644 3216 in
1673 3150 1826 3212 hora
1856 3149 2078 3212 mortis
2109 3148 2339 3212 Christi
2454 3148 2722 3213 definito
2776 3150 3041 3213 consilio
3089 3158 3153 3212 et
3209 3150 3603 3232 praescientia
3658 3150 3765 3213 Dei
3824 3160 3946 3213 tra-

845 3249 1054 3312 ablata
1093 3257 1190 3311 est
1229 3248 1441 3310 anima
1487 3246 1626 3328 ejus
1666 3266 1703 3309 a
1739 3264 2002 3329 corpore
2039 3267 2155 3311 suo
2200 3267 2341 3329 pro·
2456 3248 2679 3323 ditum,
2716 3248 3146 3310 interemistis.
3180 3248 3298 3311 Sed
3335 3268 3536 3330 quum
3581 3250 3793 3331 passio
3832 3268 3945 3311 seu

845 3357 988 3431 pter
1017 3349 1146 3411 vim
1175 3355 1658 3421 tormentorum,
1691 3365 1768 3409 ex
1800 3347 2193 3422 necessitate,
2228 3349 2338 3410 sed
2455 3365 2625 3409 mors
2683 3345 2764 3409 sit
2826 3365 3014 3428 poena
3072 3346 3285 3409 debita
3338 3346 3565 3429 culpae,
3626 3349 3947 3429 quomodo

845 3465 923 3510 ex
953 3446 1182 3511 Christi
1215 3445 1558 3509 voluntate.
1593 3443 1798 3508 Potuit
1836 3445 2030 3520 enim,
2066 3465 2192 3509 non
2232 3447 2342 3509 ob-
2452 3444 2660 3526 justus
2692 3444 2869 3507 Pater
2898 3444 3101 3508 voluit
3129 3446 3529 3509 innocentem
3562 3446 3791 3509 Filium
3820 3466 3947 3509 om·

845 3553 1050 3608 stante
1092 3544 1325 3609 doloris
1373 3543 1794 3617 vehementia,
1836 3544 2112 3607 animam
2161 3565 2339 3608 suam

845 3664 992 3707 cum
1041 3660 1304 3724 corpore
1353 3642 1676 3706 continere
1719 3643 2025 3723 quamdiu
2065 3643 2335 3707 volebat.

843 3742 1019 3805 Unde
1065 3743 1143 3804 ad
1199 3741 1658 3804 ostendendum
1714 3759 1906 3821 quam
1968 3742 2341 3823 potestative

845 3860 918 3903 ac
969 3849 1195 3923 sponte
1237 3840 1535 3921 spiritum
1584 3839 1864 3913 tradidit,
1910 3840 1973 3902 in
2019 3840 2160 3922 ipso
2212 3862 2345 3906 mo-

847 3945 1062 4002 mento
1101 3938 1344 4013 mortiS,
1379 3956 1508 4019 quo
1545 3938 1654 3999 alii
1697 3938 1905 4000 taliter
1941 3940 2204 4001 cruciati
2239 3942 2344 4003 vix

849 4037 1118 4099 halitum
1166 4036 1415 4098 trahere
1456 4036 1686 4110 valent,
1730 4036 1866 4117 ipse
1916 4055 2141 4118 magna
2192 4058 2343 4103 voce

2455 3544 2517 3606 ni
2570 3545 2759 3626 culpa
2815 3551 3155 3620 carentem,
3208 3545 3337 3627 pati
3392 3554 3639 3608 tantum
3698 3546 3947 3629 suppli-

2454 3643 2669 3705 cium?
2709 3642 3079 3717 Dicendum,
3121 3644 3293 3724 quod
3336 3662 3525 3725 poena
3569 3662 3693 3708 non
3736 3646 3945 3709 solum

2454 3760 2571 3823 pro
2610 3741 2796 3823 culpa
2836 3740 3173 3821 infligitur,
3208 3743 3318 3804 sed
3358 3761 3473 3824 pro
3502 3742 3645 3805 aliis
3686 3762 3945 3825 quoque

2453 3840 2661 3902 causis
2691 3838 2958 3901 diversis
2990 3838 3127 3901 vult
3157 3838 3319 3901 Deus
3350 3839 3674 3903 hominem
3706 3842 3858 3923 pati,
3878 3850 3948 3903 ut

2453 3938 2692 4000 dictum
2724 3945 2820 3999 est
2848 3936 3101 4019 plenius
3135 3937 3197 3998 in
3232 3938 3608 4019 praecedenti
3638 3940 3941 4021 capitulo.
3968 3958 4227 4007 sonans-2.

2532 4038 2855 4097 Dis-sensio
2892 4037 3133 4096 iterum
3171 4037 3347 4114 facta
3386 4047 3477 4097 est
3518 4038 3693 4098 inter
3726 4041 3947 4101 Judoe-

4086 4052 4151 4107 ¹9

580 4158 821 4211 Lamum,
851 4135 1147 4199 clamavit
1181 4154 1195 4197 :
1230 4135 1428 4209 Pater,
1463 4134 1528 4197 in
1575 4154 1798 4197 manus
1843 4143 1981 4197 tuas
2022 4154 2344 4199 commen·
2451 4154 2517 4195 os
2558 4143 2821 4211 propter
2864 4136 2975 4195 hos
3018 4154 3333 4195 ser-mones
3385 4133 3613 4198 Christi
3666 4136 3829 4200 altos
3882 4146 3945 4200 et

555 4224 625 4265 ⁴⁶·
851 4235 931 4296 do
971 4232 1268 4315 spiritum
1313 4250 1550 4294 meum.
1591 4232 1767 4305 Quod
1812 4250 2084 4314 pensans
2125 4243 2345 4297 centu-
2374 4236 2423 4297 D
2452 4232 2762 4295 insolitos,
2824 4231 3146 4304 Quomodo
3202 4242 3412 4294 autem
3471 4232 3633 4295 sacta
3682 4235 3767 4296 sit
3826 4235 3945 4298 ista

593 4354 714 4399 ιιι-,α
737 4358 818 4408 ιτς
852 4332 947 4396 rio
1005 4351 1130 4396 non
1189 4349 1328 4394 esse
1387 4332 1692 4405 naturale,
1746 4332 1904 4393 dixit
1955 4350 1968 4395 :
2021 4332 2181 4394 Vere
2238 4334 2342 4397 hie
2454 4330 2767 4392 discordia
2805 4329 3120 4391 subditur.
3154 4333 3465 4393 Dicebant
3496 4342 3715 4395 autem
3746 4337 3946 4395 multi
4080 4347 4149 4401 20

555 4418 784 4534 ἐωξὶ·
851 4428 1048 4492 Filius
1090 4429 1198 4491 Dei
1243 4428 1386 4491 fuit.
1703 4500 1708 4506 ¹
2450 4450 2533 4490 ea>
2570 4430 2729 4507 ipsis
2767 4428 3022 4510 penitus
3070 4429 3363 4492 excaecati
3412 4438 3474 4491 et
3521 4430 3823 4510 indurati,
3866 4450 3944 4494 ex

929 4531 1311 4589 potestatem
1358 4528 1554 4588 habeo
1595 4528 1883 4602 ponendi
1927 4548 2094 4597 eam,
2137 4528 2200 4591 id
2250 4537 2345 4591 est
2452 4526 2807 4601 beneficiiS,
2868 4526 3065 4607 signis
3122 4546 3195 4589 ac
3253 4528 3653 4591 sermonibus
3712 4529 3945 4593 Christi

847 4624 1125 4689 animam
1157 4642 1362 4687 meam
1393 4623 1599 4687 modis
1632 4623 1908 4705 prael'atis
1940 4626 2342 4707 passionibus

847 4724 1206 4807 exponendi
1251 4731 1442 4804 atque
1482 4741 1518 4784 a
1557 4741 1820 4805 corpore
1865 4725 2243 4807 separandi3
2284 4737 2343 4787 ec

837 4832 1213 4901 potestatem
1247 4824 1442 4883 habeo
1479 4824 1716 4882 iterum
1754 4826 2057 4883 sumendi
2091 4845 2234 4885 eam
2276 4825 2341 4887 in

847 4922 1333 4996 resurrectione,
1370 4920 1807 4984 reassoeiando
1844 4939 1981 4983 eam
2027 4941 2176 4984 cum
2218 4942 2344 4987 cor-

847 5038 1022 5103 pore.
1077 5020 1220 5083 Haec
1273 5026 1547 5100 potestas
1593 5019 1900 5101 competit
1947 5019 2196 5083 Christo
2248 5040 2345 5083 se-

845 5118 1128 5181 cundum
1172 5125 1465 5180 naturam
1513 5116 1817 5179 divinam.
1859 5118 1999 5199 lpse
2047 5120 2221 5181 enim
2276 5128 2343 5181 ut

845 5216 1032 5291 DeuS,
1067 5216 1396 5279 suscitavit
1437 5233 1505 5277 se
1549 5216 1758 5298 ipsum
1798 5236 1837 5277 a
1875 5226 2076 5279 morte
2123 5224 2191 5279 ut
2235 5218 2345 5282 ho-

847 5312 1111 5383 minem.
1161 5313 1466 5376 Praeterea
1513 5321 1760 5395 oportet
1804 5332 2144 5406 agposeere
2192 5316 2345 5397 quia

2452 4625 2794 4689 deteriores
2844 4624 3057 4687 effecti
3104 4646 3118 4689 ε
3162 4628 3569 4689 Daemonium
3620 4630 3832 4697 habet,
3880 4631 3947 4692 id

2450 4733 2567 4798 est,
2600 4723 2975 4805 arrepticius
3006 4731 3067 4785 et
3104 4724 3401 4787 obsessus
3440 4732 3554 4800 est,
3588 4726 3813 4808 sicque
3850 4726 3947 4790 in-

2452 4824 2797 4905 spiratione
2846 4822 3079 4886 diaboli
3129 4823 3413 4907 loquitur
3453 4824 3572 4886 ista
3623 4825 3943 4906 profunda

2450 4930 2511 4985 et
2552 4941 2710 4995 rara,
2742 4932 2803 4983 et
2842 4923 3114 4995 insanie,
3148 4921 3213 4985 id
3252 4930 3367 4998 est,
3400 4941 3619 4985 amens
3660 4932 3779 4998 est,
3812 4945 3937 4989 non

2450 5040 2709 5103 compos
2749 5020 3023 5131 propriae
3062 5020 3313 5083 mentis.
3351 5024 3525 5091 Quid
3558 5042 3707 5085 eum
3746 5027 3939 5086 audi-

2452 5123 2579 5181 tis?
2609 5119 2789 5202 quasi
2831 5119 3091 5182 dicant:
3134 5120 3450 5182 Fallimini
3490 5138 3639 5183 eum
3676 5124 3937 5185 audien-

2450 5220 2552 5281 do.
2605 5217 2766 5281 Ecce
2813 5218 2969 5300 quid
3019 5216 3342 5300 Sapientia
3392 5219 3499 5282 Dei
3552 5228 3618 5282 et
3668 5218 4217 5349 Sanctusuczr.1..i.

2452 5317 2827 5381 Sanctorum
2881 5316 3175 5382 toleravit
3232 5336 3347 5399 pro
3402 5307 4027 5402 nobis.1mp0ni-⁰⁰
4088 5320 4140 5352 ¹¹
4154 5308 4217 5346 ‘⁵‘
