4300 6259
864 482 986 546 522

1590 504 1942 552 ENAmtA'rlo
1985 505 2050 551 IN
2091 506 2231 552 CAP.
2278 508 2389 553 xm
2431 507 2705 555 JOANNIS.
2751 528 2832 538 —
2874 509 3018 556 ΛΒΤ.
3062 511 3254 556 xmv

865 683 928 737 te
987 676 1170 758 panis
1229 694 1352 738 non
1408 675 1532 737 suit
1577 685 2001 752 consecratuS,
2063 695 2182 740 nec
2239 678 2358 740 sub
2392 676 2441 736 A
2562 682 2647 741 Ec
2692 681 2856 742 dicit
2895 683 2959 741 ei
2994 684 3173 742 Jesus
3210 702 3235 743 .·
3276 685 3456 751 Quod
3491 683 3681 762 facis,
3722 683 3789 744 id
3834 691 3951 756 est,

867 774 1007 855 ejus
1057 775 1393 856 speciebus
1451 775 1575 838 fuit
1631 795 1863 858 corpus
1920 777 2196 858 Christi3
2250 780 2361 842 sed

868 874 987 936 sub
1035 893 1196 955 pane
1241 893 1366 937 non
1413 875 1680 938 intincto
1723 876 1964 958 recepit
1996 877 2185 940 Judas
2225 896 2360 940 cor-

869 993 989 1055 pus
1031 972 1283 1046 Christi,
1317 975 1851 1054 quemadmodum
1893 976 2191 1058 discipuli
2223 976 2355 1038 alii.

739 1105 790 1132 xx
867 1073 1016 1144 Imo,
1052 1073 1397 1134 secundum
1435 1073 1721 1136 ordinem
1764 1075 2137 1137 narrationis
2175 1075 2360 1138 Lucae

627 1486 797 1531 Manli.

573 1561 686 1598 xxvi,
700 1552 836 1603 21-2s;

573 1611 722 1656 Mare.
753 1627 818 1656 xiv

574 1675 710 1717 ¹8-24.

659 2260 731 2315 27

617 2780 728 2810 vers.
751 2769 790 2810 2.

868 1171 1290 1252 evangelistae,
1343 1172 1730 1236 consecratio
1785 1173 2068 1256 corporis
2127 1174 2357 1237 Christi

867 1279 932 1332 et
984 1270 1476 1333 communicatio
1526 1271 1986 1352 discipulorum
2039 1273 2360 1355 praecessit

867 1368 1060 1431 verba
1089 1369 1317 1432 Christi
1360 1371 1436 1431 de
1477 1369 1815 1450 proditore.
1847 1369 1963 1432 Sed
2006 1372 2357 1434 secundum

867 1468 1156 1530 ordinem
1195 1466 1580 1530 recitationis
1611 1467 1876 1530 Matthaei
1917 1477 1980 1530 et
2005 1469 2215 1543 Marci,
2248 1470 2361 1531 ali-

868 1575 962 1628 ter
1011 1565 1155 1628 fuit.
1210 1564 1383 1628 Unde
1433 1584 1560 1628 non
1609 1566 1860 1629 videtur
1908 1577 2150 1631 certum
2201 1569 2358 1649 quid

866 1665 1094 1728 horum
1146 1665 1559 1746 praecesserit.
1597 1668 1678 1725 Ει
1727 1687 1931 1744 quum
1981 1668 2359 1728 intinxisset

861 1784 1118 1841 panem,
1154 1764 1218 1826 id
1267 1771 1362 1826 est
1413 1782 1680 1844 parvum
1728 1763 2006 1826 frustum
2059 1765 2241 1847 panis
2290 1766 2356 1827 in

2472 776 2680 840 facere
2720 778 2998 841 intendis
3038 788 3100 842 et
3146 787 3346 862 optaS,
3386 782 3498 857 fac
3534 783 3757 852 cicius,
3803 800 3957 844 eun-

2471 877 2549 938 do
2606 877 2684 938 ad
2734 877 3058 960 principes
3106 881 3524 954 sacerdotum,
3568 887 3637 941 ut
3682 899 3787 942 me
3836 888 3957 942 tra-

2471 975 2580 1036 das
2647 992 2865 1037 eorum
2927 975 3259 1050 ministriS‚
3320 996 3482 1058 quos
3536 976 3813 1039 intendis
3871 987 3958 1040 te-

2469 1090 2614 1134 cum
2673 1074 3006 1136 adducere.
3072 1075 3196 1138 Hoc
3254 1075 3538 1138 Christus
3594 1077 3769 1152 dicit,
3832 1097 3955 1140 non

2469 1171 2879 1252 exhortand0,
2940 1174 3327 1238 consulendo
3394 1175 3493 1238 vel
3562 1175 3952 1257 imperando,

2470 1272 2579 1333 sed
2632 1271 3055 1352 permittendo
3112 1282 3174 1335 et
3236 1274 3738 1355 praenuntiando,
3792 1277 3954 1338 sicut

2469 1369 2820 1450 soepissime
2857 1371 2946 1432 ait
2986 1371 3050 1432 in
3091 1371 3375 1444 Psalmis,
3419 1372 3685 1454 Appone
3721 1375 3955 1455 iniqui·
4004 1397 4213 1444 mmm,

2468 1475 2659 1530 tatem
2704 1486 2897 1549 super
2936 1469 3335 1550 iniquitatem
3381 1470 3697 1552 ipsorum3
3730 1481 3809 1546 et,
3844 1472 3955 1535 Ob-
3980 1462 4117 1564 {a
4134 1525 4191 1563 „-

2468 1575 2807 1629 seui-entur
2846 1568 3016 1630 oculi
3064 1586 3283 1632 eorum
3331 1587 3411 1630 ne
3461 1571 3734 1634 videant.
3776 1572 3951 1646 Item,

2468 1666 2639 1746 quod
2698 1665 2805 1740 ait,
2869 1665 3089 1740 Citius,
3154 1686 3275 1730 non
3332 1668 3487 1730 dicit
3542 1669 3954 1733 desiderando

2470 1763 2831 1827 festinatam
2866 1765 3267 1848 iniquitatem
3298 1766 3493 1842 Judae,
3529 1768 3639 1830 sed
3684 1769 3953 1831 celerem

865 1863 1060 1924 calice
1106 1862 1204 1924 vel
1250 1862 1479 1934 catino,
1513 1865 1693 1922 dedit
1727 1866 1916 1924 Judae
1947 1865 2237 1924 Simonis
2264 1867 2361 1927 Is-
2396 1863 2442 1924 B
2472 1864 2968 1945 redemptionem
3021 1872 3261 1926 naturae
3317 1864 3630 1940 humanae,
3684 1874 3747 1928 et.
3804 1887 3957 1948 quo-

863 1963 1143 2022 cariotoe.
1183 1960 1452 2024 Ioannes
1492 1968 1724 2032 tamen,
1767 1959 2014 2024 Christo
2056 1962 2149 2024 sic
2193 1964 2359 2026 ordi-

867 2067 1076 2132 nante,
1112 2077 1236 2121 non
1278 2059 1528 2140 aperuit
1570 2058 1747 2122 Petro
1789 2061 1957 2140 quod
2000 2060 2243 2134 didicit,
2280 2079 2359 2124 ne

866 2159 932 2220 in
979 2175 1196 2219 mensa
1240 2157 1413 2239 pacis
1450 2158 1724 2219 oriretur
1759 2159 2015 2238 grandis
2054 2159 2353 2222 turbatio.

955 2261 1042 2319 Et
1083 2268 1222 2334 post
1270 2259 1641 2326 buccellam,
1691 2257 1755 2319 id
1803 2265 1898 2318 est
1945 2258 2157 2319 statim
2216 2266 2359 2340 post

868 2357 1149 2440 praedicti
1193 2356 1375 2438 panis
1415 2355 1665 2417 intincti
1711 2356 2141 2437 sumptionem
2184 2377 2219 2418 a
2255 2358 2359 2418 Ju-

865 2458 962 2528 da,
997 2464 1150 2517 tunc
1179 2457 1480 2515 introivit
1511 2457 1582 2514 in
1613 2474 1759 2515 eum
1789 2457 2100 2524 Satanas,
2131 2455 2194 2517 id
2236 2464 2352 2529 est,

861 2553 1107 2634 aliquid
1137 2554 1214 2615 de
1247 2571 1408 2615 novo
1439 2559 1500 2614 et
1529 2552 1948 2614 abundantius
1987 2572 2181 2634 quam
2211 2561 2357 2615 ante

861 2651 1242 2735 operabatur
1290 2651 1354 2713 in
1406 2651 1750 2732 proditore.
1802 2651 1954 2714 Nam
2010 2659 2157 2714 ante
2203 2652 2357 2714 buc-

863 2750 1086 2813 cellam
1139 2748 1383 2812 introiit
1426 2749 1671 2821 Judam,
1714 2749 1880 2811 sicut
1925 2749 1989 2811 in
2039 2751 2355 2832 principio

863 2848 1056 2929 hujus
1105 2847 1366 2929 capituli
1418 2847 1660 2908 dictum
1711 2855 1846 2928 est3
1895 2849 2004 2909 sed
2047 2867 2220 2910 nunc
2264 2857 2356 2912 to-

857 2946 1068 3008 taliter
1104 2945 1438 3028 occupavit
1483 2963 1652 3018 eum,
1697 2946 1782 3008 ita
1820 2948 1990 3027 quod
2039 2965 2074 3008 a
2128 2966 2357 3029 propo-

2471 1962 2640 2023 niam
2710 1962 2861 2025 hora
2922 1963 3199 2044 passioni
3254 1963 3515 2045 praefixa
3562 1965 3693 2046 jam
3748 1966 3957 2048 proxi-

2470 2079 2573 2123 ma
2614 2059 2757 2122 suit.

2549 2161 2686 2219 Hoc
2713 2167 2927 2219 autem
2958 2179 3141 2220 nemo
3169 2162 3359 2221 scivit
3386 2162 3953 2230 discumbentium,

2470 2257 2533 2319 id
2564 2265 2659 2319 est
2688 2256 3172 2339 discipulorum,
3206 2259 3319 2338 qui
3358 2277 3501 2321 cum
3538 2258 3787 2323 Christo
3818 2261 3959 2322 ede-

2468 2355 2640 2428 bant,
2684 2363 2746 2416 et
2792 2355 3001 2417 adhuc
3047 2356 3125 2417 ad
3172 2373 3454 2418 mensam
3506 2358 3831 2433 sedebant,
3872 2363 3959 2420 ad

2467 2455 2629 2533 quid
2677 2452 2961 2516 Christus
3006 2456 3254 2516 dixerit
3298 2457 3381 2526 ei,
3424 2456 3721 2519 videlicet
3760 2457 3953 2532 Judae,

2468 2552 2531 2613 id
2562 2560 2678 2626 est,
2712 2552 2929 2614 nullus
2969 2553 3429 2634 discipulorum
3470 2555 3789 2618 intellexit
3818 2575 3959 2618 sen-

2467 2669 2606 2712 sum
2658 2650 2887 2713 horum
2932 2651 3295 2720 verborum,
3339 2662 3568 2734 praeter
3605 2653 3854 2716 Judam.
3884 2654 3959 2716 Et

2467 2749 2701 2812 mirum
2752 2750 2805 2810 si
2848 2750 3139 2824 JoanneS,
3192 2751 3296 2813 cui
3344 2749 3629 2814 Christus
3682 2754 3959 2834 prodito-

2466 2867 2600 2910 rem
2642 2847 3015 2930 propalavit,
3051 2867 3176 2911 non
3218 2849 3529 2911 intellexit
3565 2849 3702 2913 haec
3742 2850 3951 2913 verba.

2465 2946 2559 3008 Ad
2599 2948 2770 3028 quod
2820 2946 2945 3008 dici
2995 2947 3175 3018 solet,
3208 2949 3377 3028 quod
3413 2947 3686 3010 Ioannes
3725 2950 3957 3014 auditis

855 3045 977 3107 sito
1037 3045 1315 3126 pessimo
1373 3062 1497 3106 non
1561 3051 1802 3124 poterat
1863 3045 2166 3107 revocari.
2228 3045 2353 3108 Nec
2394 3043 2437 3106 C
2467 3045 2679 3108 verbis
2737 3044 2965 3108 Christi
3022 3053 3086 3106 et
3132 3045 3383 3125 cognito
3434 3047 3779 3127 proditore,
3836 3059 3955 3112 tam

855 3143 1122 3205 dubium
1167 3143 1324 3224 quin
1367 3142 1553 3204 etiam
1597 3143 1842 3205 daemon
1885 3143 2217 3204 intraverit
2249 3144 2355 3205 Ju-

854 3243 1022 3314 dam,
1057 3241 1310 3321 quando
1342 3259 1572 3321 corpus
1612 3247 1673 3302 et
1711 3240 2085 3320 sanguinem
2120 3240 2350 3304 Christi

853 3339 1130 3420 sumpsit
1177 3339 1456 3419 indigne.
1507 3337 1747 3400 Dicitur
1795 3347 2008 3400 autem
2059 3338 2349 3402 diabolus

854 3439 1178 3503 hominem
1221 3438 1504 3510 introire,
1541 3457 1666 3500 non
1708 3439 1878 3518 quod
1923 3438 2219 3500 illabatur
2258 3458 2352 3501 es-

853 3538 1074 3600 sentiae
1121 3536 1260 3617 ejus
1315 3555 1328 3599 z
1383 3537 1490 3598 sed
1543 3536 1652 3598 ubi
1703 3546 2021 3618 operatur,
2075 3537 2162 3599 ibi
2212 3545 2347 3616 est;

853 3643 1078 3718 estque
1127 3637 1192 3698 in
1236 3635 1372 3698 loco
1415 3634 1769 3707 definitive,
1812 3642 1874 3696 et
1923 3634 2090 3697 infra
2136 3637 2352 3698 termi-

858 3753 970 3797 nos
1032 3733 1306 3796 hominis
1367 3733 1756 3795 dimensivos
1817 3723 2353 3808 continetur,'at-

856 3851 982 3915 que
1015 3833 1079 3895 in
1112 3832 1405 3894 sensibus
1436 3830 1849 3894 interioribus
1881 3839 2199 3912 operatur,
2225 3852 2349 3896 non

855 3939 1066 3993 autem
1099 3931 1334 3992 directe
1368 3929 1430 3990 in
1464 3928 2168 4003 intellectu,secundum
2202 3931 2355 3994 Tho-

857 4049 1048 4091 mam.
1093 4028 1415 4101 Praeterea,
1459 4025 1642 4088 Satan
1684 4027 1943 4089 intravit
1993 4028 2054 4089 in
2102 4029 2348 4101 sudam,

858 4147 982 4190 non
1029 4133 1290 4208 propter
1331 4125 1634 4188 buccellae
1686 4125 2014 4198 malitiam,
2059 4128 2168 4189 sed
2212 4147 2355 4209 pro-

859 4233 997 4307 pter
1047 4225 1248 4306 ipsius
1294 4224 1469 4286 Judae
1518 4224 2038 4303 ingratitudinem
2092 4225 2355 4287 incorri-
2390 4226 2436 4288 D
2468 4229 2649 4296 Quod
2682 4228 2981 4296 dixisset,
3020 4226 3083 4288 id
3126 4233 3243 4301 est,
3282 4226 3495 4289 verbis
3548 4230 3954 4309 praeinductis
3982 4229 4047 4262 ¹¹¹²
4090 4246 4101 4254 ·

852 4324 1246 4405 gibilemque
1313 4323 1638 4397 duritiam,
1700 4324 1812 4404 qui
1872 4331 1963 4386 tot
2017 4324 2353 4386 beneficiis

2466 3143 2663 3205 tristis
2708 3143 2832 3204 fuit
2878 3150 3071 3224 atque
3106 3143 3431 3216 attonituS‚
3463 3146 3637 3226 quod
3678 3166 3803 3210 non
3854 3149 3959 3210 ad-

2466 3242 2654 3304 vertit
2703 3241 2895 3304 verba
2942 3243 3293 3322 sequentia.
3340 3242 3448 3304 Vel
3487 3242 3649 3306 forte
3690 3245 3956 3309 Ioannes

2466 3341 2755 3414 dicende,
2787 3340 2981 3404 Nemo
3021 3340 3583 3417 discumbentium,
3614 3344 3855 3427 excipit
3890 3365 3958 3408 se

2467 3439 2701 3521 ipsum,
2755 3439 2919 3500 sicut
2965 3446 3030 3500 et
3073 3438 3317 3512 Iudam,
3368 3441 3521 3520 quia
3570 3461 3743 3504 nunc
3800 3444 3959 3507 dixit

2465 3538 2636 3620 quod
2686 3536 2969 3600 Christus
3020 3537 3143 3598 sibi
3190 3539 3463 3600 ostendit
3508 3540 3895 3621 proditorem
3937 3562 3951 3604 ε

2465 3654 2580 3719 per
2627 3636 2798 3716 quod
2850 3635 3063 3697 innuit
3112 3654 3179 3697 se
3228 3636 3421 3698 verba
3476 3639 3811 3719 sequentia
3865 3641 3959 3703 in-

2464 3735 2807 3798 tellexisse.
2834 3736 3117 3802 Quidam
3144 3735 3323 3794 enim
3354 3735 3815 3817 discipulorum
3838 3759 3957 3817 pu-

2467 3837 2711 3902 tabant,
2742 3832 2899 3912 quia
2946 3835 3177 3892 loculos
3207 3832 3472 3894 habebat
3498 3836 3723 3903 ludas,
3759 3836 3826 3899 id
3862 3846 3959 3900 est

2466 3931 2837 4013 repositoria
2896 3930 2961 3991 in
3020 3929 3257 4011 quibus
3318 3931 3529 4011 posuit
3576 3939 3637 3994 et
3688 3936 3959 4016 portavit

2464 4030 2895 4110 eleemosynas
2927 4027 3174 4091 Christo
3214 4029 3408 4090 datas.
3442 4030 3527 4092 De
3561 4031 3787 4094 loculis
3820 4033 3955 4094 istis

2466 4129 2703 4191 dictum
2736 4135 2831 4188 est
2860 4126 3113 4208 plenius
3144 4126 3208 4188 in
3243 4129 3622 4208 praecedenti
3652 4132 3950 4212 capitulo.

2466 4323 2909 4405 significasset,
2940 4327 3004 4384 ei
3044 4323 3255 4394 Iesu-³,
3294 4327 3453 4386 Eme
3490 4346 3563 4387 ea
3612 4349 3757 4408 quoe
3802 4349 3957 4406 opus

853 4432 916 4486 et
946 4421 1272 4504 obsequiis
1304 4421 1427 4484 sibi
1459 4442 1495 4484 a
1525 4422 1772 4484 Christo
1804 4422 2134 4504 impensiS,
2172 4424 2354 4487 toties
2462 4434 2616 4484 sunt
2654 4424 2836 4483 nobis
2874 4426 2961 4483 ad
2999 4424 3173 4496 diem
3210 4425 3471 4502 festum,
3515 4424 3575 4486 id
3622 4434 3717 4487 est
3760 4426 3959 4489 victu-

852 4540 1112 4604 quoque
1150 4541 1186 4583 a
1226 4520 1473 4584 Christo
1513 4521 1815 4593 modeste,
1859 4520 2105 4582 occulte
2145 4531 2209 4583 et
2248 4541 2355 4604 pa-

854 4620 1237 4683 tientissime
1284 4620 1669 4700 increpatus,
1714 4636 1841 4680 non
1884 4618 2204 4700 poenituit,
2252 4639 2357 4681 ne-

857 4737 984 4800 que
1032 4716 1300 4778 cessavit
1349 4734 1687 4796 quousque
1745 4723 2126 4797 conceptum
2177 4717 2355 4779 mali-

854 4815 1113 4898 gnitatis
1177 4814 1482 4876 affectum
1549 4814 1809 4876 deduxit
1872 4815 1939 4876 in
1998 4833 2182 4896 opus,
2245 4816 2354 4879 Vel

857 4915 1121 4979 forsitan
1159 4913 1348 4975 sudas
1392 4912 1816 4976 consideravit
1853 4930 1920 4974 se
1961 4931 2074 4994 per
2111 4913 2359 4978 buccel-

859 5013 984 5075 lam
1035 5010 1301 5074 reserari
1349 5030 1386 5072 a
1435 5009 1680 5073 Christo
1731 5009 1854 5091 ipsi
1901 5010 2120 5074 Joanni
2168 5031 2181 5075 :
2229 5032 2358 5094 quo

862 5112 1019 5184 viso,
1044 5109 1400 5191 exasperari
1434 5109 1629 5191 coepit
1657 5117 1719 5170 et
1750 5109 2102 5189 indignari;
2137 5110 2358 5192 sicque

865 5212 1112 5273 daemon
1144 5208 1288 5290 plus
1318 5226 1512 5289 quam
1541 5215 1688 5269 ante
1721 5208 2000 5288 possedit
2029 5210 2359 5272 vasculum

863 5326 1074 5370 suum.

2465 4521 2588 4582 alia
2637 4539 2751 4602 pro
2810 4521 2913 4583 die
2971 4520 3218 4584 Paschae
3278 4523 3669 4596 necessaria;
3721 4535 3840 4586 aut
3890 4536 3959 4586 ut

2464 4621 2677 4697 cycnis
2708 4620 2969 4700 aliquid
2995 4623 3180 4680 daret
3211 4641 3235 4679 .·
3265 4620 3566 4700 quoniam
3596 4621 3787 4683 Judas
3829 4642 3961 4704 pro-

2467 4725 2718 4780 curator
2775 4717 3004 4781 Christi
3066 4717 3288 4779 habuit
3351 4718 3610 4781 loculos.
3675 4718 3959 4782 Christus

2466 4816 2639 4878 enim
2677 4817 2753 4878 ad
2801 4816 2935 4877 haec
2974 4816 3099 4878 duo
3142 4815 3343 4878 voluit
3385 4816 3820 4899 eleemosynas
3870 4837 3962 4880 ca·

2469 4933 2619 4996 pere
2668 4930 3015 4994 secumque
3063 4911 3332 4988 deferre,
3377 4921 3447 4975 ut
3495 4921 3557 4975 et
3596 4915 3735 4996 ipse
3771 4925 3961 4997 atque

2468 5012 2769 5094 discipuli
2818 5011 2956 5093 ejus
3016 5029 3095 5073 ex
3152 5012 3243 5074 eis
3293 5021 3720 5089 vescerentur,
3774 5023 3839 5076 et
3884 5016 3961 5077 de

2472 5112 2721 5193 reliquo
2769 5128 3080 5193 pauperes
3129 5111 3449 5173 alerentur
3497 5129 3607 5173 seu
3652 5112 3961 5176 vestiren-

2470 5217 2595 5272 tur.
2632 5247 2710 5256 -
2749 5208 3081 5283 Quaeritur,
3127 5210 3445 5290 quomodo
3492 5209 3793 5292 discipuli
3841 5211 3957 5273 ista

2474 5307 2802 5390 putabant,
2853 5326 3055 5388 quum
3109 5307 3395 5370 Christus
3453 5307 3545 5370 eis
3599 5309 3959 5390 praedixerit
