<?xml version="1.0" encoding="UTF-8"?>
<!DOCTYPE html PUBLIC "-//W3C//DTD XHTML 1.0 Transitional//EN"
    "http://www.w3.org/TR/xhtml1/DTD/xhtml1-transitional.dtd">
<html xmlns="http://www.w3.org/1999/xhtml" xml:lang="en" lang="en">
 <head>
  <title>
</title>
<meta http-equiv="Content-Type" content="text/html;charset=utf-8" />
  <meta name='ocr-system' content='tesseract 3.04.00' />
  <meta name='ocr-capabilities' content='ocr_page ocr_carea ocr_par ocr_line ocrx_word'/>
</head>
<body>
  <div class='ocr_page' id='page_1' title='image "./doctorisecstati09unkngoog_0574.png"; bbox 0 0 4300 6259; ppageno 0'>
   <div class='ocr_carea' id='block_1_1' title="bbox 44 819 473 1051">
    <p class='ocr_par' dir='ltr' id='par_1_1' title="bbox 44 819 473 1051">
     <span class='ocr_line' id='line_1_1' title="bbox 434 819 473 843; baseline 0 -15"><span class='ocrx_word' id='word_1_1' title='bbox 434 819 473 843; x_wconf 47' lang='lat' dir='ltr'><strong>‘a</strong></span> 
     </span>
     <span class='ocr_line' id='line_1_2' title="bbox 370 856 418 887; baseline 0 -24"><span class='ocrx_word' id='word_1_2' title='bbox 370 856 418 887; x_wconf 63' lang='lat'><strong>⁴.-</strong></span> 
     </span>
     <span class='ocr_line' id='line_1_3' title="bbox 44 891 359 1051; baseline -0.168 -91"><span class='ocrx_word' id='word_1_3' title='bbox 44 891 359 1051; x_wconf 50' lang='lat' dir='ltr'><strong>s?</strong></span> 
     </span>
    </p>
   </div>
   <div class='ocr_carea' id='block_1_2' title="bbox 868 458 3227 521">
    <p class='ocr_par' dir='ltr' id='par_1_2' title="bbox 868 458 3227 521">
     <span class='ocr_line' id='line_1_4' title="bbox 868 458 3227 521; baseline 0 0"><span class='ocrx_word' id='word_1_4' title='bbox 868 458 989 521; x_wconf 77' lang='lat'><strong>484</strong></span> <span class='ocrx_word' id='word_1_5' title='bbox 1617 474 1966 521; x_wconf 64' lang='lat' dir='ltr'><strong>manuario</strong></span> <span class='ocrx_word' id='word_1_6' title='bbox 2009 474 2070 519; x_wconf 76' lang='lat' dir='ltr'><strong>IN</strong></span> <span class='ocrx_word' id='word_1_7' title='bbox 2111 474 2250 521; x_wconf 70' lang='lat' dir='ltr'><strong>car.</strong></span> <span class='ocrx_word' id='word_1_8' title='bbox 2298 474 2361 520; x_wconf 81' lang='lat'><strong>11</strong></span> <span class='ocrx_word' id='word_1_9' title='bbox 2402 471 2677 520; x_wconf 68' lang='lat' dir='ltr'><strong>somma.</strong></span> <span class='ocrx_word' id='word_1_10' title='bbox 2724 492 2805 503; x_wconf 96' lang='lat'>—</span> <span class='ocrx_word' id='word_1_11' title='bbox 2844 473 2986 520; x_wconf 73' lang='lat' dir='ltr'><strong>Am.</strong></span> <span class='ocrx_word' id='word_1_12' title='bbox 3032 472 3227 521; x_wconf 85' lang='lat' dir='ltr'><strong>xxvm</strong></span> 
     </span>
    </p>
   </div>
   <div class='ocr_carea' id='block_1_3' title="bbox 867 640 3969 728">
    <p class='ocr_par' dir='ltr' id='par_1_3' title="bbox 867 640 3969 728">
     <span class='ocr_line' id='line_1_5' title="bbox 867 640 3969 728; baseline -0.001 -21"><span class='ocrx_word' id='word_1_13' title='bbox 867 664 986 728; x_wconf 89' lang='lat' dir='ltr'><strong>pus</strong></span> <span class='ocrx_word' id='word_1_14' title='bbox 1036 644 1228 725; x_wconf 88' lang='lat' dir='ltr'><strong>hujus</strong></span> <span class='ocrx_word' id='word_1_15' title='bbox 1286 642 1751 706; x_wconf 81' lang='lat' dir='ltr'><strong>informationis</strong></span> <span class='ocrx_word' id='word_1_16' title='bbox 1810 662 1941 705; x_wconf 84' lang='lat' dir='ltr'><strong>suae</strong></span> <span class='ocrx_word' id='word_1_17' title='bbox 1986 662 2023 704; x_wconf 92' lang='lat' dir='ltr'><strong>a</strong></span> <span class='ocrx_word' id='word_1_18' title='bbox 2068 642 2239 717; x_wconf 87' lang='lat' dir='ltr'><strong>Jesu,</strong></span> <span class='ocrx_word' id='word_1_19' title='bbox 2292 641 2359 703; x_wconf 91' lang='lat' dir='ltr'><strong>in</strong></span> <span class='ocrx_word' id='word_1_20' title='bbox 2389 640 2440 701; x_wconf 83' lang='lat' dir='ltr'>A</span> <span class='ocrx_word' id='word_1_21' title='bbox 2466 660 2595 723; x_wconf 94' lang='lat' dir='ltr'><strong>quo</strong></span> <span class='ocrx_word' id='word_1_22' title='bbox 2634 651 2791 705; x_wconf 90' lang='lat' dir='ltr'><strong>nutu</strong></span> <span class='ocrx_word' id='word_1_23' title='bbox 2832 641 2969 705; x_wconf 90' lang='lat' dir='ltr'><strong>sine</strong></span> <span class='ocrx_word' id='word_1_24' title='bbox 3010 661 3182 717; x_wconf 89' lang='lat' dir='ltr'><strong>voce,</strong></span> <span class='ocrx_word' id='word_1_25' title='bbox 3213 650 3277 704; x_wconf 90' lang='lat' dir='ltr'><strong>et</strong></span> <span class='ocrx_word' id='word_1_26' title='bbox 3318 661 3520 724; x_wconf 91' lang='lat' dir='ltr'><strong>quum</strong></span> <span class='ocrx_word' id='word_1_27' title='bbox 3558 642 3639 703; x_wconf 90' lang='lat' dir='ltr'><strong>ad</strong></span> <span class='ocrx_word' id='word_1_28' title='bbox 3679 660 3820 703; x_wconf 87' lang='lat' dir='ltr'><strong>eam</strong></span> <span class='ocrx_word' id='word_1_29' title='bbox 3862 659 3969 703; x_wconf 88' lang='lat' dir='ltr'><strong>ve-</strong></span> 
     </span>
    </p>
   </div>
   <div class='ocr_carea' id='block_1_4' title="bbox 855 740 2363 1711">
    <p class='ocr_par' dir='ltr' id='par_1_4' title="bbox 855 740 2363 1711">
     <span class='ocr_line' id='line_1_6' title="bbox 858 740 2361 825; baseline -0.002 -20"><span class='ocrx_word' id='word_1_30' title='bbox 858 762 986 825; x_wconf 90' lang='lat' dir='ltr'><strong>qua</strong></span> <span class='ocrx_word' id='word_1_31' title='bbox 1025 742 1309 807; x_wconf 89' lang='lat' dir='ltr'><strong>Christus</strong></span> <span class='ocrx_word' id='word_1_32' title='bbox 1349 760 1531 803; x_wconf 89' lang='lat' dir='ltr'><strong>suam</strong></span> <span class='ocrx_word' id='word_1_33' title='bbox 1577 741 1977 804; x_wconf 89' lang='lat' dir='ltr'><strong>divinitatem</strong></span> <span class='ocrx_word' id='word_1_34' title='bbox 2017 740 2361 823; x_wconf 82' lang='lat' dir='ltr'><strong>explicavit</strong></span> 
     </span>
     <span class='ocr_line' id='line_1_7' title="bbox 859 838 2361 924; baseline -0.003 -20"><span class='ocrx_word' id='word_1_35' title='bbox 859 842 1202 924; x_wconf 89' lang='lat' dir='ltr'><strong>dupliciter</strong></span> <span class='ocrx_word' id='word_1_36' title='bbox 1236 860 1250 903; x_wconf 89' lang='lat'>:</span> <span class='ocrx_word' id='word_1_37' title='bbox 1285 840 1514 915; x_wconf 88' lang='lat' dir='ltr'><strong>Primo,</strong></span> <span class='ocrx_word' id='word_1_38' title='bbox 1551 858 1666 923; x_wconf 89' lang='lat' dir='ltr'><strong>per</strong></span> <span class='ocrx_word' id='word_1_39' title='bbox 1705 841 1824 903; x_wconf 91' lang='lat' dir='ltr'><strong>hoc</strong></span> <span class='ocrx_word' id='word_1_40' title='bbox 1861 841 2031 922; x_wconf 91' lang='lat' dir='ltr'><strong>quod</strong></span> <span class='ocrx_word' id='word_1_41' title='bbox 2072 840 2161 902; x_wconf 90' lang='lat' dir='ltr'><strong>ait</strong></span> <span class='ocrx_word' id='word_1_42' title='bbox 2196 858 2209 901; x_wconf 93' lang='lat'>:</span> <span class='ocrx_word' id='word_1_43' title='bbox 2244 838 2361 911; x_wconf 88' lang='lat' dir='ltr'><strong>Qui</strong></span> 
     </span>
     <span class='ocr_line' id='line_1_8' title="bbox 859 936 2361 1011; baseline -0.003 -9"><span class='ocrx_word' id='word_1_44' title='bbox 859 940 1060 1002; x_wconf 90' lang='lat' dir='ltr'><strong>credit</strong></span> <span class='ocrx_word' id='word_1_45' title='bbox 1102 941 1168 1001; x_wconf 91' lang='lat' dir='ltr'><strong>in</strong></span> <span class='ocrx_word' id='word_1_46' title='bbox 1208 957 1332 1001; x_wconf 91' lang='lat' dir='ltr'><strong>me.</strong></span> <span class='ocrx_word' id='word_1_47' title='bbox 1367 938 1573 1011; x_wconf 91' lang='lat' dir='ltr'><strong>Quum</strong></span> <span class='ocrx_word' id='word_1_48' title='bbox 1613 939 1788 1001; x_wconf 91' lang='lat' dir='ltr'><strong>enim</strong></span> <span class='ocrx_word' id='word_1_49' title='bbox 1833 937 1994 1000; x_wconf 89' lang='lat' dir='ltr'><strong>fides</strong></span> <span class='ocrx_word' id='word_1_50' title='bbox 2036 938 2117 999; x_wconf 89' lang='lat' dir='ltr'><strong>sit</strong></span> <span class='ocrx_word' id='word_1_51' title='bbox 2159 936 2361 1001; x_wconf 88' lang='lat' dir='ltr'><strong>virtus</strong></span> 
     </span>
     <span class='ocr_line' id='line_1_9' title="bbox 856 1036 2363 1120; baseline -0.002 -20"><span class='ocrx_word' id='word_1_52' title='bbox 856 1039 1210 1120; x_wconf 89' lang='lat' dir='ltr'><strong>theologica</strong></span> <span class='ocrx_word' id='word_1_53' title='bbox 1260 1037 1500 1100; x_wconf 90' lang='lat' dir='ltr'><strong>habens</strong></span> <span class='ocrx_word' id='word_1_54' title='bbox 1559 1037 1758 1099; x_wconf 88' lang='lat' dir='ltr'><strong>Deum</strong></span> <span class='ocrx_word' id='word_1_55' title='bbox 1819 1054 1935 1119; x_wconf 91' lang='lat' dir='ltr'><strong>pro</strong></span> <span class='ocrx_word' id='word_1_56' title='bbox 1983 1036 2243 1119; x_wconf 90' lang='lat' dir='ltr'><strong>proprio</strong></span> <span class='ocrx_word' id='word_1_57' title='bbox 2288 1054 2363 1097; x_wconf 90' lang='lat' dir='ltr'><strong>ac</strong></span> 
     </span>
     <span class='ocr_line' id='line_1_10' title="bbox 856 1133 2363 1218; baseline -0.003 -19"><span class='ocrx_word' id='word_1_58' title='bbox 856 1137 1222 1201; x_wconf 86' lang='lat' dir='ltr'><strong>immediato</strong></span> <span class='ocrx_word' id='word_1_59' title='bbox 1260 1135 1536 1217; x_wconf 89' lang='lat' dir='ltr'><strong>objecto,</strong></span> <span class='ocrx_word' id='word_1_60' title='bbox 1573 1155 1698 1199; x_wconf 89' lang='lat' dir='ltr'><strong>non</strong></span> <span class='ocrx_word' id='word_1_61' title='bbox 1730 1136 2133 1218; x_wconf 18' lang='lat' dir='ltr'><strong>&#39;credendum</strong></span> <span class='ocrx_word' id='word_1_62' title='bbox 2164 1142 2259 1197; x_wconf 90' lang='lat' dir='ltr'><strong>est</strong></span> <span class='ocrx_word' id='word_1_63' title='bbox 2296 1133 2363 1196; x_wconf 91' lang='lat' dir='ltr'><strong>in</strong></span> 
     </span>
     <span class='ocr_line' id='line_1_11' title="bbox 855 1232 2356 1317; baseline -0.001 -20"><span class='ocrx_word' id='word_1_64' title='bbox 855 1236 1158 1317; x_wconf 78' lang='lat' dir='ltr'><strong>aliquem,</strong></span> <span class='ocrx_word' id='word_1_65' title='bbox 1207 1235 1331 1298; x_wconf 89' lang='lat' dir='ltr'><strong>nisi</strong></span> <span class='ocrx_word' id='word_1_66' title='bbox 1380 1235 1446 1296; x_wconf 90' lang='lat' dir='ltr'><strong>in</strong></span> <span class='ocrx_word' id='word_1_67' title='bbox 1499 1252 1725 1299; x_wconf 85' lang='lat' dir='ltr'><strong>verum</strong></span> <span class='ocrx_word' id='word_1_68' title='bbox 1773 1234 1992 1295; x_wconf 91' lang='lat' dir='ltr'><strong>Deum.</strong></span> <span class='ocrx_word' id='word_1_69' title='bbox 2043 1232 2356 1307; x_wconf 79' lang='lat' dir='ltr'><strong>Secunde,</strong></span> 
     </span>
     <span class='ocr_line' id='line_1_12' title="bbox 861 1332 2363 1416; baseline -0.002 -20"><span class='ocrx_word' id='word_1_70' title='bbox 861 1352 974 1416; x_wconf 92' lang='lat' dir='ltr'><strong>per</strong></span> <span class='ocrx_word' id='word_1_71' title='bbox 1010 1334 1130 1397; x_wconf 90' lang='lat' dir='ltr'><strong>hoc</strong></span> <span class='ocrx_word' id='word_1_72' title='bbox 1168 1334 1340 1415; x_wconf 93' lang='lat' dir='ltr'><strong>quod</strong></span> <span class='ocrx_word' id='word_1_73' title='bbox 1379 1333 1470 1395; x_wconf 85' lang='lat' dir='ltr'><strong>ait</strong></span> <span class='ocrx_word' id='word_1_74' title='bbox 1502 1351 1517 1395; x_wconf 75' lang='grc' dir='ltr'>ε</span> <span class='ocrx_word' id='word_1_75' title='bbox 1551 1332 1688 1396; x_wconf 89' lang='lat' dir='ltr'><strong>Non</strong></span> <span class='ocrx_word' id='word_1_76' title='bbox 1728 1332 2036 1396; x_wconf 89' lang='lat' dir='ltr'><strong>morietur</strong></span> <span class='ocrx_word' id='word_1_77' title='bbox 2074 1333 2142 1395; x_wconf 91' lang='lat' dir='ltr'><strong>in</strong></span> <span class='ocrx_word' id='word_1_78' title='bbox 2185 1340 2363 1396; x_wconf 82' lang='lat' dir='ltr'><strong>aeter-</strong></span> 
     </span>
     <span class='ocr_line' id='line_1_13' title="bbox 859 1431 2363 1507; baseline -0.003 -10"><span class='ocrx_word' id='word_1_79' title='bbox 859 1453 1038 1497; x_wconf 89' lang='lat' dir='ltr'><strong>num.</strong></span> <span class='ocrx_word' id='word_1_80' title='bbox 1071 1432 1311 1507; x_wconf 88' lang='lat' dir='ltr'><strong>Quibus</strong></span> <span class='ocrx_word' id='word_1_81' title='bbox 1343 1432 1555 1497; x_wconf 88' lang='lat' dir='ltr'><strong>verbis</strong></span> <span class='ocrx_word' id='word_1_82' title='bbox 1586 1431 1918 1497; x_wconf 88' lang='lat' dir='ltr'><strong>constituit</strong></span> <span class='ocrx_word' id='word_1_83' title='bbox 1950 1440 2233 1495; x_wconf 88' lang='lat' dir='ltr'><strong>nostram</strong></span> <span class='ocrx_word' id='word_1_84' title='bbox 2264 1450 2363 1493; x_wconf 89' lang='lat' dir='ltr'><strong>sa-</strong></span> 
     </span>
     <span class='ocr_line' id='line_1_14' title="bbox 862 1530 2360 1614; baseline -0.001 -21"><span class='ocrx_word' id='word_1_85' title='bbox 862 1532 1061 1594; x_wconf 91' lang='lat' dir='ltr'><strong>lutem</strong></span> <span class='ocrx_word' id='word_1_86' title='bbox 1110 1532 1176 1594; x_wconf 92' lang='lat' dir='ltr'><strong>in</strong></span> <span class='ocrx_word' id='word_1_87' title='bbox 1222 1532 1382 1614; x_wconf 92' lang='lat' dir='ltr'><strong>ipso.</strong></span> <span class='ocrx_word' id='word_1_88' title='bbox 1419 1530 1600 1593; x_wconf 91' lang='lat' dir='ltr'><strong>Salus</strong></span> <span class='ocrx_word' id='word_1_89' title='bbox 1641 1548 1792 1593; x_wconf 91' lang='lat' dir='ltr'><strong>vero</strong></span> <span class='ocrx_word' id='word_1_90' title='bbox 1845 1531 2181 1594; x_wconf 90' lang='lat' dir='ltr'><strong>hominum</strong></span> <span class='ocrx_word' id='word_1_91' title='bbox 2232 1548 2360 1593; x_wconf 89' lang='lat' dir='ltr'><strong>non</strong></span> 
     </span>
     <span class='ocr_line' id='line_1_15' title="bbox 863 1628 2362 1711; baseline -0.002 -18"><span class='ocrx_word' id='word_1_92' title='bbox 863 1630 1152 1694; x_wconf 83' lang='lat' dir='ltr'><strong>consistit</strong></span> <span class='ocrx_word' id='word_1_93' title='bbox 1198 1629 1321 1692; x_wconf 89' lang='lat' dir='ltr'><strong>nisi</strong></span> <span class='ocrx_word' id='word_1_94' title='bbox 1372 1629 1438 1691; x_wconf 89' lang='lat' dir='ltr'><strong>in</strong></span> <span class='ocrx_word' id='word_1_95' title='bbox 1490 1647 1638 1692; x_wconf 91' lang='lat' dir='ltr'><strong>vero</strong></span> <span class='ocrx_word' id='word_1_96' title='bbox 1687 1629 1834 1693; x_wconf 92' lang='lat' dir='ltr'><strong>Deo.</strong></span> <span class='ocrx_word' id='word_1_97' title='bbox 1879 1629 2142 1711; x_wconf 88' lang='lat' dir='ltr'><strong>Propter</strong></span> <span class='ocrx_word' id='word_1_98' title='bbox 2188 1628 2362 1710; x_wconf 91' lang='lat' dir='ltr'><strong>quod</strong></span> 
     </span>
    </p>
   </div>
   <div class='ocr_carea' id='block_1_5' title="bbox 570 1727 3969 1907">
    <p class='ocr_par' dir='ltr' id='par_1_5' title="bbox 570 1727 3969 1907">
     <span class='ocr_line' id='line_1_16' title="bbox 570 1727 2364 1809; baseline 0.002 -23"><span class='ocrx_word' id='word_1_99' title='bbox 570 1742 836 1793; x_wconf 60' lang='lat' dir='ltr'><strong>xer-,uma</strong></span> <span class='ocrx_word' id='word_1_100' title='bbox 861 1728 1162 1791; x_wconf 79' lang='lat' dir='ltr'><strong>Jeremias</strong></span> <span class='ocrx_word' id='word_1_101' title='bbox 1197 1748 1210 1791; x_wconf 90' lang='lat'><strong>:</strong></span> <span class='ocrx_word' id='word_1_102' title='bbox 1243 1727 1606 1790; x_wconf 80' lang='lat' dir='ltr'><strong>Maledictus</strong></span> <span class='ocrx_word' id='word_1_103' title='bbox 1635 1727 1905 1809; x_wconf 91' lang='lat' dir='ltr'><strong>(inquit)</strong></span> <span class='ocrx_word' id='word_1_104' title='bbox 1934 1727 2033 1790; x_wconf 92' lang='lat' dir='ltr'><strong>vir</strong></span> <span class='ocrx_word' id='word_1_105' title='bbox 2070 1727 2183 1808; x_wconf 89' lang='lat' dir='ltr'><strong>qui</strong></span> <span class='ocrx_word' id='word_1_106' title='bbox 2222 1745 2364 1789; x_wconf 90' lang='lat' dir='ltr'><strong>con-</strong></span> 
     </span>
     <span class='ocr_line' id='line_1_17' title="bbox 571 1824 3969 1907; baseline 0.001 -24"><span class='ocrx_word' id='word_1_107' title='bbox 571 1840 835 1893; x_wconf 52' lang='lat' dir='ltr'><strong>summas.</strong></span> <span class='ocrx_word' id='word_1_108' title='bbox 864 1826 1013 1889; x_wconf 85' lang='lat' dir='ltr'><strong>fidit</strong></span> <span class='ocrx_word' id='word_1_109' title='bbox 1049 1827 1114 1889; x_wconf 93' lang='lat' dir='ltr'><strong>in</strong></span> <span class='ocrx_word' id='word_1_110' title='bbox 1155 1826 1448 1907; x_wconf 90' lang='lat' dir='ltr'><strong>homine;</strong></span> <span class='ocrx_word' id='word_1_111' title='bbox 1485 1833 1547 1888; x_wconf 88' lang='lat' dir='ltr'><strong>et</strong></span> <span class='ocrx_word' id='word_1_112' title='bbox 1581 1826 1838 1898; x_wconf 86' lang='lat' dir='ltr'><strong>iterum,</strong></span> <span class='ocrx_word' id='word_1_113' title='bbox 1872 1825 2030 1887; x_wconf 82' lang='lat' dir='ltr'><strong>Vere</strong></span> <span class='ocrx_word' id='word_1_114' title='bbox 2061 1825 2126 1886; x_wconf 88' lang='lat' dir='ltr'><strong>in</strong></span> <span class='ocrx_word' id='word_1_115' title='bbox 2162 1824 2363 1888; x_wconf 90' lang='lat' dir='ltr'><strong>Domi·</strong></span> <span class='ocrx_word' id='word_1_116' title='bbox 2398 1827 2446 1890; x_wconf 92' lang='lat' dir='ltr'><strong>B</strong></span> <span class='ocrx_word' id='word_1_117' title='bbox 2472 1827 2725 1890; x_wconf 85' lang='lat' dir='ltr'><strong>dientiae</strong></span> <span class='ocrx_word' id='word_1_118' title='bbox 2755 1826 3047 1901; x_wconf 89' lang='lat' dir='ltr'><strong>formam,</strong></span> <span class='ocrx_word' id='word_1_119' title='bbox 3082 1834 3152 1887; x_wconf 89' lang='lat' dir='ltr'><strong>ut</strong></span> <span class='ocrx_word' id='word_1_120' title='bbox 3182 1826 3307 1889; x_wconf 91' lang='lat' dir='ltr'><strong>cito</strong></span> <span class='ocrx_word' id='word_1_121' title='bbox 3336 1834 3397 1889; x_wconf 87' lang='lat' dir='ltr'><strong>et</strong></span> <span class='ocrx_word' id='word_1_122' title='bbox 3436 1826 3683 1889; x_wconf 84' lang='lat' dir='ltr'><strong>fervide</strong></span> <span class='ocrx_word' id='word_1_123' title='bbox 3714 1824 3969 1889; x_wconf 86' lang='lat' dir='ltr'><strong>obedia-</strong></span> 
     </span>
    </p>
   </div>
   <div class='ocr_carea' id='block_1_6' title="bbox 865 1923 2363 2006">
    <p class='ocr_par' dir='ltr' id='par_1_6' title="bbox 865 1923 2363 2006">
     <span class='ocr_line' id='line_1_18' title="bbox 865 1923 2363 2006; baseline -0.002 -19"><span class='ocrx_word' id='word_1_124' title='bbox 865 1944 948 1989; x_wconf 92' lang='lat' dir='ltr'><strong>no</strong></span> <span class='ocrx_word' id='word_1_125' title='bbox 985 1924 1110 1989; x_wconf 91' lang='lat' dir='ltr'><strong>Deo</strong></span> <span class='ocrx_word' id='word_1_126' title='bbox 1157 1932 1372 1988; x_wconf 90' lang='lat' dir='ltr'><strong>nostro</strong></span> <span class='ocrx_word' id='word_1_127' title='bbox 1421 1924 1606 1987; x_wconf 90' lang='lat' dir='ltr'><strong>salus.</strong></span> <span class='ocrx_word' id='word_1_128' title='bbox 1647 1923 1808 1986; x_wconf 88' lang='lat' dir='ltr'><strong>Hinc</strong></span> <span class='ocrx_word' id='word_1_129' title='bbox 1855 1941 2114 2006; x_wconf 91' lang='lat' dir='ltr'><strong>quoque</strong></span> <span class='ocrx_word' id='word_1_130' title='bbox 2156 1923 2363 1986; x_wconf 90' lang='lat' dir='ltr'><strong>Domi-</strong></span> 
     </span>
    </p>
   </div>
   <div class='ocr_carea' id='block_1_7' title="bbox 573 2020 2360 2105">
    <p class='ocr_par' dir='ltr' id='par_1_7' title="bbox 573 2020 2360 2105">
     <span class='ocr_line' id='line_1_19' title="bbox 573 2020 2360 2105; baseline -0.001 -22"><span class='ocrx_word' id='word_1_131' title='bbox 573 2038 835 2091; x_wconf 58' lang='lat' dir='ltr'><strong>memma</strong></span> <span class='ocrx_word' id='word_1_132' title='bbox 865 2042 986 2086; x_wconf 89' lang='lat' dir='ltr'><strong>nus</strong></span> <span class='ocrx_word' id='word_1_133' title='bbox 1035 2031 1415 2105; x_wconf 87' lang='lat' dir='ltr'><strong>protestatur</strong></span> <span class='ocrx_word' id='word_1_134' title='bbox 1465 2040 1580 2104; x_wconf 88' lang='lat' dir='ltr'><strong>per</strong></span> <span class='ocrx_word' id='word_1_135' title='bbox 1621 2020 1775 2084; x_wconf 89' lang='lat' dir='ltr'><strong>Osee</strong></span> <span class='ocrx_word' id='word_1_136' title='bbox 1823 2040 1836 2084; x_wconf 90' lang='lat'>:</span> <span class='ocrx_word' id='word_1_137' title='bbox 1878 2021 2004 2103; x_wconf 84' lang='lat' dir='ltr'><strong>Ego</strong></span> <span class='ocrx_word' id='word_1_138' title='bbox 2054 2021 2360 2085; x_wconf 88' lang='lat' dir='ltr'><strong>Dominus</strong></span> 
     </span>
    </p>
   </div>
   <div class='ocr_carea' id='block_1_8' title="bbox 653 3008 726 3065">
    <p class='ocr_par' dir='ltr' id='par_1_8' title="bbox 653 3008 726 3065">
     <span class='ocr_line' id='line_1_20' title="bbox 653 3008 726 3065; baseline 0.014 -1"><span class='ocrx_word' id='word_1_139' title='bbox 653 3008 726 3065; x_wconf 82' lang='lat'><strong>28</strong></span> 
     </span>
    </p>
   </div>
   <div class='ocr_carea' id='block_1_9' title="bbox 859 2120 2363 2972">
    <p class='ocr_par' dir='ltr' id='par_1_9' title="bbox 859 2120 2363 2972">
     <span class='ocr_line' id='line_1_21' title="bbox 865 2120 2355 2202; baseline -0.003 -18"><span class='ocrx_word' id='word_1_140' title='bbox 865 2121 1028 2184; x_wconf 90' lang='lat' dir='ltr'><strong>Deus</strong></span> <span class='ocrx_word' id='word_1_141' title='bbox 1064 2128 1232 2197; x_wconf 82' lang='lat' dir='ltr'><strong>tuuS,</strong></span> <span class='ocrx_word' id='word_1_142' title='bbox 1264 2130 1326 2183; x_wconf 91' lang='lat' dir='ltr'><strong>et</strong></span> <span class='ocrx_word' id='word_1_143' title='bbox 1365 2120 1636 2183; x_wconf 89' lang='lat' dir='ltr'><strong>salvator</strong></span> <span class='ocrx_word' id='word_1_144' title='bbox 1666 2139 1793 2183; x_wconf 90' lang='lat' dir='ltr'><strong>non</strong></span> <span class='ocrx_word' id='word_1_145' title='bbox 1837 2127 1933 2183; x_wconf 90' lang='lat' dir='ltr'><strong>est</strong></span> <span class='ocrx_word' id='word_1_146' title='bbox 1973 2126 2203 2202; x_wconf 86' lang='lat' dir='ltr'><strong>praeter</strong></span> <span class='ocrx_word' id='word_1_147' title='bbox 2231 2138 2355 2181; x_wconf 87' lang='lat' dir='ltr'><strong>me.</strong></span> 
     </span>
     <span class='ocr_line' id='line_1_22' title="bbox 864 2218 2363 2300; baseline 0 -19"><span class='ocrx_word' id='word_1_148' title='bbox 864 2219 1093 2283; x_wconf 89' lang='lat' dir='ltr'><strong>Dicunt</strong></span> <span class='ocrx_word' id='word_1_149' title='bbox 1145 2237 1293 2300; x_wconf 88' lang='lat' dir='ltr'><strong>ergo</strong></span> <span class='ocrx_word' id='word_1_150' title='bbox 1339 2218 1655 2291; x_wconf 91' lang='lat' dir='ltr'><strong>nonnulli,</strong></span> <span class='ocrx_word' id='word_1_151' title='bbox 1696 2220 1867 2299; x_wconf 92' lang='lat' dir='ltr'><strong>quod</strong></span> <span class='ocrx_word' id='word_1_152' title='bbox 1915 2218 2153 2280; x_wconf 79' lang='lat' dir='ltr'><strong>Martha</strong></span> <span class='ocrx_word' id='word_1_153' title='bbox 2202 2237 2363 2300; x_wconf 83' lang='lat' dir='ltr'><strong>prae-</strong></span> 
     </span>
     <span class='ocr_line' id='line_1_23' title="bbox 863 2316 2359 2397; baseline -0.001 -18"><span class='ocrx_word' id='word_1_154' title='bbox 863 2318 1031 2381; x_wconf 89' lang='lat' dir='ltr'><strong>dicta</strong></span> <span class='ocrx_word' id='word_1_155' title='bbox 1052 2316 1246 2381; x_wconf 87' lang='lat' dir='ltr'><strong>verba</strong></span> <span class='ocrx_word' id='word_1_156' title='bbox 1281 2318 1636 2390; x_wconf 76' lang='lat' dir='ltr'><strong>attendenS,</strong></span> <span class='ocrx_word' id='word_1_157' title='bbox 1670 2323 1862 2397; x_wconf 89' lang='lat' dir='ltr'><strong>atque</strong></span> <span class='ocrx_word' id='word_1_158' title='bbox 1895 2316 2143 2379; x_wconf 90' lang='lat' dir='ltr'><strong>Christo</strong></span> <span class='ocrx_word' id='word_1_159' title='bbox 2186 2316 2359 2377; x_wconf 90' lang='lat' dir='ltr'><strong>intus</strong></span> 
     </span>
     <span class='ocr_line' id='line_1_24' title="bbox 861 2413 2363 2495; baseline -0.001 -18"><span class='ocrx_word' id='word_1_160' title='bbox 861 2416 1144 2479; x_wconf 81' lang='lat' dir='ltr'><strong>radiante</strong></span> <span class='ocrx_word' id='word_1_161' title='bbox 1184 2415 1567 2495; x_wconf 82' lang='lat' dir='ltr'><strong>intelligenS,</strong></span> <span class='ocrx_word' id='word_1_162' title='bbox 1603 2433 1776 2476; x_wconf 91' lang='lat' dir='ltr'><strong>nunc</strong></span> <span class='ocrx_word' id='word_1_163' title='bbox 1820 2414 2120 2495; x_wconf 84' lang='lat' dir='ltr'><strong>explicite</strong></span> <span class='ocrx_word' id='word_1_164' title='bbox 2162 2413 2363 2476; x_wconf 89' lang='lat' dir='ltr'><strong>credi-</strong></span> 
     </span>
     <span class='ocr_line' id='line_1_25' title="bbox 863 2512 2360 2597; baseline -0.003 -20"><span class='ocrx_word' id='word_1_165' title='bbox 863 2514 954 2578; x_wconf 86' lang='lat' dir='ltr'><strong>dit</strong></span> <span class='ocrx_word' id='word_1_166' title='bbox 1001 2515 1174 2597; x_wconf 92' lang='lat' dir='ltr'><strong>quod</strong></span> <span class='ocrx_word' id='word_1_167' title='bbox 1223 2514 1303 2576; x_wconf 89' lang='lat' dir='ltr'><strong>sit</strong></span> <span class='ocrx_word' id='word_1_168' title='bbox 1347 2513 1454 2575; x_wconf 91' lang='lat' dir='ltr'><strong>Dei</strong></span> <span class='ocrx_word' id='word_1_169' title='bbox 1503 2512 1700 2573; x_wconf 86' lang='lat' dir='ltr'><strong>Filius</strong></span> <span class='ocrx_word' id='word_1_170' title='bbox 1754 2512 2082 2574; x_wconf 90' lang='lat' dir='ltr'><strong>naturalis.</strong></span> <span class='ocrx_word' id='word_1_171' title='bbox 2121 2514 2250 2582; x_wconf 79' lang='lat' dir='ltr'><strong>Qui</strong></span> <span class='ocrx_word' id='word_1_172' title='bbox 2286 2514 2360 2573; x_wconf 82' lang='lat' dir='ltr'><strong>in</strong></span> 
     </span>
     <span class='ocr_line' id='line_1_26' title="bbox 861 2610 2359 2692; baseline -0.003 -17"><span class='ocrx_word' id='word_1_173' title='bbox 861 2616 1036 2675; x_wconf 71' lang='lat' dir='ltr'><strong>hunc</strong></span> <span class='ocrx_word' id='word_1_174' title='bbox 1082 2614 1407 2674; x_wconf 79' lang='lat' dir='ltr'><strong>mundum</strong></span> <span class='ocrx_word' id='word_1_175' title='bbox 1461 2612 1718 2682; x_wconf 73' lang='lat' dir='ltr'><strong>venisti,</strong></span> <span class='ocrx_word' id='word_1_176' title='bbox 1772 2628 1886 2692; x_wconf 89' lang='lat' dir='ltr'><strong>per</strong></span> <span class='ocrx_word' id='word_1_177' title='bbox 1945 2610 2359 2673; x_wconf 79' lang='lat' dir='ltr'><strong>humanitatis</strong></span> 
     </span>
     <span class='ocr_line' id='line_1_27' title="bbox 859 2709 2360 2793; baseline -0.002 -20"><span class='ocrx_word' id='word_1_178' title='bbox 859 2711 1385 2793; x_wconf 79' lang='lat' dir='ltr'><strong>assumptionem,</strong></span> <span class='ocrx_word' id='word_1_179' title='bbox 1421 2709 1742 2772; x_wconf 87' lang='lat' dir='ltr'><strong>visibilem</strong></span> <span class='ocrx_word' id='word_1_180' title='bbox 1777 2709 2263 2791; x_wconf 81' lang='lat' dir='ltr'><strong>apparitionem,</strong></span> <span class='ocrx_word' id='word_1_181' title='bbox 2298 2716 2360 2770; x_wconf 90' lang='lat' dir='ltr'><strong>et</strong></span> 
     </span>
     <span class='ocr_line' id='line_1_28' title="bbox 862 2809 2362 2889; baseline -0.001 -18"><span class='ocrx_word' id='word_1_182' title='bbox 862 2829 1170 2874; x_wconf 90' lang='lat' dir='ltr'><strong>novorum</strong></span> <span class='ocrx_word' id='word_1_183' title='bbox 1221 2809 1745 2872; x_wconf 85' lang='lat' dir='ltr'><strong>documentorum</strong></span> <span class='ocrx_word' id='word_1_184' title='bbox 1783 2826 1857 2869; x_wconf 94' lang='lat' dir='ltr'><strong>ac</strong></span> <span class='ocrx_word' id='word_1_185' title='bbox 1899 2826 2165 2889; x_wconf 90' lang='lat' dir='ltr'><strong>operum</strong></span> <span class='ocrx_word' id='word_1_186' title='bbox 2217 2825 2362 2889; x_wconf 92' lang='lat' dir='ltr'><strong>pro—</strong></span> 
     </span>
     <span class='ocr_line' id='line_1_29' title="bbox 861 2908 1248 2972; baseline -0.01 0"><span class='ocrx_word' id='word_1_187' title='bbox 861 2908 1248 2972; x_wconf 90' lang='lat' dir='ltr'><strong>ductionem.</strong></span> 
     </span>
    </p>
   </div>
   <div class='ocr_carea' id='block_1_10' title="bbox 859 3102 2357 3974">
    <p class='ocr_par' dir='ltr' id='par_1_10' title="bbox 859 3102 2357 3974">
     <span class='ocr_line' id='line_1_30' title="bbox 860 3102 2355 3169; baseline 0 -2"><span class='ocrx_word' id='word_1_188' title='bbox 860 3106 999 3168; x_wconf 89' lang='lat' dir='ltr'><strong>sine</strong></span> <span class='ocrx_word' id='word_1_189' title='bbox 1029 3104 1476 3169; x_wconf 89' lang='lat' dir='ltr'><strong>commissione</strong></span> <span class='ocrx_word' id='word_1_190' title='bbox 1507 3104 1606 3167; x_wconf 90' lang='lat' dir='ltr'><strong>vel</strong></span> <span class='ocrx_word' id='word_1_191' title='bbox 1647 3104 1902 3165; x_wconf 89' lang='lat' dir='ltr'><strong>licentia</strong></span> <span class='ocrx_word' id='word_1_192' title='bbox 1933 3103 2187 3166; x_wconf 87' lang='lat' dir='ltr'><strong>Christi.</strong></span> <span class='ocrx_word' id='word_1_193' title='bbox 2220 3102 2355 3167; x_wconf 89' lang='lat' dir='ltr'><strong>Non</strong></span> 
     </span>
     <span class='ocr_line' id='line_1_31' title="bbox 860 3202 2355 3283; baseline 0 -17"><span class='ocrx_word' id='word_1_194' title='bbox 860 3204 1033 3267; x_wconf 88' lang='lat' dir='ltr'><strong>enim</strong></span> <span class='ocrx_word' id='word_1_195' title='bbox 1063 3223 1100 3266; x_wconf 88' lang='lat' dir='ltr'><strong>a</strong></span> <span class='ocrx_word' id='word_1_196' title='bbox 1135 3212 1263 3266; x_wconf 87' lang='lat' dir='ltr'><strong>tam</strong></span> <span class='ocrx_word' id='word_1_197' title='bbox 1304 3203 1534 3265; x_wconf 90' lang='lat' dir='ltr'><strong>dilecto</strong></span> <span class='ocrx_word' id='word_1_198' title='bbox 1573 3209 1638 3264; x_wconf 90' lang='lat' dir='ltr'><strong>et</strong></span> <span class='ocrx_word' id='word_1_199' title='bbox 1673 3203 2019 3265; x_wconf 88' lang='lat' dir='ltr'><strong>reverendo</strong></span> <span class='ocrx_word' id='word_1_200' title='bbox 2055 3202 2355 3283; x_wconf 87' lang='lat' dir='ltr'><strong>magistro</strong></span> 
     </span>
     <span class='ocr_line' id='line_1_32' title="bbox 859 3280 2355 3383; baseline -0.002 -17"><span class='ocrx_word' id='word_1_201' title='bbox 859 3322 927 3366; x_wconf 92' lang='lat' dir='ltr'><strong>se</strong></span> <span class='ocrx_word' id='word_1_202' title='bbox 965 3305 1388 3367; x_wconf 86' lang='lat' dir='ltr'><strong>irreverenter</strong></span> <span class='ocrx_word' id='word_1_203' title='bbox 1418 3302 1518 3366; x_wconf 89' lang='lat' dir='ltr'><strong>vel</strong></span> <span class='ocrx_word' id='word_1_204' title='bbox 1558 3280 1936 3383; x_wconf 62' lang='lat' dir='ltr'><strong>ex&#39;abrupto</strong></span> <span class='ocrx_word' id='word_1_205' title='bbox 1974 3302 2225 3364; x_wconf 89' lang='lat' dir='ltr'><strong>avertit.</strong></span> <span class='ocrx_word' id='word_1_206' title='bbox 2261 3301 2355 3363; x_wconf 91' lang='lat' dir='ltr'><strong>Di-</strong></span> 
     </span>
     <span class='ocr_line' id='line_1_33' title="bbox 861 3398 2350 3484; baseline -0.003 -19"><span class='ocrx_word' id='word_1_207' title='bbox 861 3403 951 3465; x_wconf 82' lang='lat' dir='ltr'><strong>xit</strong></span> <span class='ocrx_word' id='word_1_208' title='bbox 995 3402 1210 3484; x_wconf 87' lang='lat' dir='ltr'><strong>itaque</strong></span> <span class='ocrx_word' id='word_1_209' title='bbox 1258 3400 1317 3462; x_wconf 91' lang='lat' dir='ltr'><strong>ei</strong></span> <span class='ocrx_word' id='word_1_210' title='bbox 1365 3400 1542 3463; x_wconf 87' lang='lat' dir='ltr'><strong>Jesus</strong></span> <span class='ocrx_word' id='word_1_211' title='bbox 1584 3400 1822 3473; x_wconf 89' lang='lat' dir='ltr'><strong>:Vade,</strong></span> <span class='ocrx_word' id='word_1_212' title='bbox 1874 3419 2028 3463; x_wconf 89' lang='lat' dir='ltr'><strong>voca</strong></span> <span class='ocrx_word' id='word_1_213' title='bbox 2072 3398 2350 3462; x_wconf 84' lang='lat' dir='ltr'><strong>Mariam.</strong></span> 
     </span>
     <span class='ocr_line' id='line_1_34' title="bbox 861 3499 2357 3573; baseline -0.003 -9"><span class='ocrx_word' id='word_1_214' title='bbox 861 3501 1037 3563; x_wconf 80' lang='lat' dir='ltr'><strong>Tunc</strong></span> <span class='ocrx_word' id='word_1_215' title='bbox 1065 3499 1244 3573; x_wconf 86' lang='lat' dir='ltr'><strong>abiit,</strong></span> <span class='ocrx_word' id='word_1_216' title='bbox 1266 3508 1326 3559; x_wconf 74' lang='lat' dir='ltr'><strong>et</strong></span> <span class='ocrx_word' id='word_1_217' title='bbox 1355 3499 1606 3559; x_wconf 78' lang='lat' dir='ltr'><strong>vocavit</strong></span> <span class='ocrx_word' id='word_1_218' title='bbox 1636 3499 1925 3560; x_wconf 85' lang='lat' dir='ltr'><strong>Mariam</strong></span> <span class='ocrx_word' id='word_1_219' title='bbox 1953 3518 2232 3559; x_wconf 78' lang='lat' dir='ltr'><strong>sororem</strong></span> <span class='ocrx_word' id='word_1_220' title='bbox 2258 3520 2357 3559; x_wconf 79' lang='lat' dir='ltr'><strong>su—</strong></span> 
     </span>
     <span class='ocr_line' id='line_1_35' title="bbox 859 3596 2356 3677; baseline -0.002 -16"><span class='ocrx_word' id='word_1_221' title='bbox 859 3620 968 3661; x_wconf 86' lang='lat' dir='ltr'><strong>am</strong></span> <span class='ocrx_word' id='word_1_222' title='bbox 996 3598 1276 3670; x_wconf 78' lang='lat' dir='ltr'><strong>silentio,</strong></span> <span class='ocrx_word' id='word_1_223' title='bbox 1301 3596 1885 3672; x_wconf 69' lang='lat' dir='ltr'><strong>dicenssMayister</strong></span> <span class='ocrx_word' id='word_1_224' title='bbox 1914 3598 2110 3665; x_wconf 77' lang='lat' dir='ltr'><strong>adest,</strong></span> <span class='ocrx_word' id='word_1_225' title='bbox 2130 3596 2356 3677; x_wconf 88' lang='lat' dir='ltr'><strong>utique</strong></span> 
     </span>
     <span class='ocr_line' id='line_1_36' title="bbox 859 3694 2353 3778; baseline -0.001 -19"><span class='ocrx_word' id='word_1_226' title='bbox 859 3698 1302 3778; x_wconf 88' lang='lat' dir='ltr'><strong>magistrorum</strong></span> <span class='ocrx_word' id='word_1_227' title='bbox 1340 3694 1638 3775; x_wconf 87' lang='lat' dir='ltr'><strong>magister</strong></span> <span class='ocrx_word' id='word_1_228' title='bbox 1669 3694 2030 3774; x_wconf 81' lang='lat' dir='ltr'><strong>singularis,</strong></span> <span class='ocrx_word' id='word_1_229' title='bbox 2065 3714 2353 3757; x_wconf 90' lang='lat' dir='ltr'><strong>summus</strong></span> 
     </span>
     <span class='ocr_line' id='line_1_37' title="bbox 863 3792 2356 3877; baseline -0.001 -19"><span class='ocrx_word' id='word_1_230' title='bbox 863 3797 1220 3877; x_wconf 89' lang='lat' dir='ltr'><strong>unicusque</strong></span> <span class='ocrx_word' id='word_1_231' title='bbox 1277 3793 1596 3874; x_wconf 88' lang='lat' dir='ltr'><strong>magister,</strong></span> <span class='ocrx_word' id='word_1_232' title='bbox 1650 3793 1761 3874; x_wconf 92' lang='lat' dir='ltr'><strong>qui</strong></span> <span class='ocrx_word' id='word_1_233' title='bbox 1813 3793 1983 3854; x_wconf 90' lang='lat' dir='ltr'><strong>solus</strong></span> <span class='ocrx_word' id='word_1_234' title='bbox 2034 3792 2208 3855; x_wconf 88' lang='lat' dir='ltr'><strong>intus</strong></span> <span class='ocrx_word' id='word_1_235' title='bbox 2258 3794 2356 3857; x_wconf 87' lang='lat' dir='ltr'><strong>in-</strong></span> 
     </span>
     <span class='ocr_line' id='line_1_38' title="bbox 860 3890 2352 3974; baseline -0.001 -19"><span class='ocrx_word' id='word_1_236' title='bbox 860 3893 1092 3956; x_wconf 88' lang='lat' dir='ltr'><strong>format</strong></span> <span class='ocrx_word' id='word_1_237' title='bbox 1140 3891 1397 3974; x_wconf 85' lang='lat' dir='ltr'><strong>propria</strong></span> <span class='ocrx_word' id='word_1_238' title='bbox 1454 3897 1759 3972; x_wconf 83' lang='lat' dir='ltr'><strong>potestate</strong></span> <span class='ocrx_word' id='word_1_239' title='bbox 1815 3890 2156 3953; x_wconf 85' lang='lat' dir='ltr'><strong>salubriter</strong></span> <span class='ocrx_word' id='word_1_240' title='bbox 2208 3910 2221 3954; x_wconf 93' lang='lat'>:</span> <span class='ocrx_word' id='word_1_241' title='bbox 2275 3893 2352 3954; x_wconf 90' lang='lat' dir='ltr'><strong>de</strong></span> 
     </span>
    </p>
   </div>
   <div class='ocr_carea' id='block_1_11' title="bbox 595 3988 2353 4075">
    <p class='ocr_par' dir='ltr' id='par_1_11' title="bbox 595 3988 2353 4075">
     <span class='ocr_line' id='line_1_39' title="bbox 595 3988 2353 4075; baseline -0.006 -13"><span class='ocrx_word' id='word_1_242' title='bbox 595 4017 830 4069; x_wconf 61' lang='lat' dir='ltr'><strong>1·.2.s‚4.</strong></span> <span class='ocrx_word' id='word_1_243' title='bbox 860 4011 991 4075; x_wconf 92' lang='lat' dir='ltr'><strong>quo</strong></span> <span class='ocrx_word' id='word_1_244' title='bbox 1037 3992 1206 4074; x_wconf 89' lang='lat' dir='ltr'><strong>apud</strong></span> <span class='ocrx_word' id='word_1_245' title='bbox 1255 3990 1476 4052; x_wconf 89' lang='lat' dir='ltr'><strong>lsaiam</strong></span> <span class='ocrx_word' id='word_1_246' title='bbox 1524 3988 1802 4070; x_wconf 89' lang='lat' dir='ltr'><strong>legitur:</strong></span> <span class='ocrx_word' id='word_1_247' title='bbox 1838 3988 2139 4052; x_wconf 91' lang='lat' dir='ltr'><strong>Dominus</strong></span> <span class='ocrx_word' id='word_1_248' title='bbox 2192 3990 2353 4053; x_wconf 90' lang='lat' dir='ltr'><strong>Deus</strong></span> 
     </span>
    </p>
   </div>
   <div class='ocr_carea' id='block_1_12' title="bbox 860 4088 2354 4174">
    <p class='ocr_par' dir='ltr' id='par_1_12' title="bbox 860 4088 2354 4174">
     <span class='ocr_line' id='line_1_40' title="bbox 860 4088 2354 4174; baseline -0.001 -21"><span class='ocrx_word' id='word_1_249' title='bbox 860 4090 1112 4174; x_wconf 88' lang='lat' dir='ltr'><strong>aperuit</strong></span> <span class='ocrx_word' id='word_1_250' title='bbox 1143 4088 1301 4151; x_wconf 89' lang='lat' dir='ltr'><strong>mihi</strong></span> <span class='ocrx_word' id='word_1_251' title='bbox 1333 4106 1573 4161; x_wconf 90' lang='lat' dir='ltr'><strong>aurem,</strong></span> <span class='ocrx_word' id='word_1_252' title='bbox 1612 4096 1680 4149; x_wconf 90' lang='lat' dir='ltr'><strong>ut</strong></span> <span class='ocrx_word' id='word_1_253' title='bbox 1707 4088 1962 4149; x_wconf 86' lang='lat' dir='ltr'><strong>audiam</strong></span> <span class='ocrx_word' id='word_1_254' title='bbox 1991 4106 2140 4150; x_wconf 90' lang='lat' dir='ltr'><strong>eum</strong></span> <span class='ocrx_word' id='word_1_255' title='bbox 2170 4090 2354 4169; x_wconf 88' lang='lat' dir='ltr'><strong>quasi</strong></span> 
     </span>
    </p>
   </div>
   <div class='ocr_carea' id='block_1_13' title="bbox 2468 739 3967 1809">
    <p class='ocr_par' dir='ltr' id='par_1_13' title="bbox 2468 739 3967 1396">
     <span class='ocr_line' id='line_1_41' title="bbox 2468 739 3967 823; baseline -0.001 -22"><span class='ocrx_word' id='word_1_256' title='bbox 2468 740 2679 818; x_wconf 90' lang='lat' dir='ltr'><strong>nisset,</strong></span> <span class='ocrx_word' id='word_1_257' title='bbox 2700 742 2859 803; x_wconf 86' lang='lat' dir='ltr'><strong>dixit</strong></span> <span class='ocrx_word' id='word_1_258' title='bbox 2888 742 2943 803; x_wconf 90' lang='lat' dir='ltr'><strong>ei</strong></span> <span class='ocrx_word' id='word_1_259' title='bbox 2975 740 3168 805; x_wconf 88' lang='lat' dir='ltr'><strong>verba</strong></span> <span class='ocrx_word' id='word_1_260' title='bbox 3199 740 3559 823; x_wconf 83' lang='lat' dir='ltr'><strong>praehabita,</strong></span> <span class='ocrx_word' id='word_1_261' title='bbox 3585 760 3733 823; x_wconf 82' lang='lat' dir='ltr'><strong>quae</strong></span> <span class='ocrx_word' id='word_1_262' title='bbox 3762 739 3967 803; x_wconf 86' lang='lat' dir='ltr'><strong>noluit</strong></span> 
     </span>
     <span class='ocr_line' id='line_1_42' title="bbox 2468 838 3967 923; baseline 0 -23"><span class='ocrx_word' id='word_1_263' title='bbox 2468 840 2525 901; x_wconf 92' lang='lat' dir='ltr'><strong>ei</strong></span> <span class='ocrx_word' id='word_1_264' title='bbox 2572 840 2696 901; x_wconf 87' lang='lat' dir='ltr'><strong>alte</strong></span> <span class='ocrx_word' id='word_1_265' title='bbox 2745 838 3051 922; x_wconf 90' lang='lat' dir='ltr'><strong>proferre,</strong></span> <span class='ocrx_word' id='word_1_266' title='bbox 3095 849 3354 923; x_wconf 91' lang='lat' dir='ltr'><strong>propter</strong></span> <span class='ocrx_word' id='word_1_267' title='bbox 3396 839 3642 903; x_wconf 80' lang='lat' dir='ltr'><strong>Judaeos</strong></span> <span class='ocrx_word' id='word_1_268' title='bbox 3692 856 3967 921; x_wconf 69' lang='lat' dir='ltr'><strong>praesen·</strong></span> 
     </span>
     <span class='ocr_line' id='line_1_43' title="bbox 2469 939 3965 1003; baseline 0.001 -4"><span class='ocrx_word' id='word_1_269' title='bbox 2469 946 2562 999; x_wconf 91' lang='lat' dir='ltr'><strong>tes</strong></span> <span class='ocrx_word' id='word_1_270' title='bbox 2611 939 2857 1003; x_wconf 88' lang='lat' dir='ltr'><strong>Christo</strong></span> <span class='ocrx_word' id='word_1_271' title='bbox 2906 940 3299 1002; x_wconf 89' lang='lat' dir='ltr'><strong>insidiantes.</strong></span> <span class='ocrx_word' id='word_1_272' title='bbox 3345 976 3427 984; x_wconf 97' lang='lat'><strong>—</strong></span> <span class='ocrx_word' id='word_1_273' title='bbox 3462 939 3587 1002; x_wconf 92' lang='lat' dir='ltr'><strong>Cur</strong></span> <span class='ocrx_word' id='word_1_274' title='bbox 3630 939 3811 1000; x_wconf 87' lang='lat' dir='ltr'><strong>Jesus</strong></span> <span class='ocrx_word' id='word_1_275' title='bbox 3858 958 3965 1000; x_wconf 87' lang='lat' dir='ltr'><strong>vo-</strong></span> 
     </span>
     <span class='ocr_line' id='line_1_44' title="bbox 2470 1036 3965 1119; baseline 0 -20"><span class='ocrx_word' id='word_1_276' title='bbox 2470 1036 2634 1099; x_wconf 88' lang='lat' dir='ltr'><strong>cavit</strong></span> <span class='ocrx_word' id='word_1_277' title='bbox 2670 1036 2967 1099; x_wconf 71' lang='lat' dir='ltr'><strong>Mariam?</strong></span> <span class='ocrx_word' id='word_1_278' title='bbox 3000 1037 3132 1101; x_wconf 89' lang='lat' dir='ltr'><strong>Non</strong></span> <span class='ocrx_word' id='word_1_279' title='bbox 3174 1037 3441 1100; x_wconf 91' lang='lat' dir='ltr'><strong>dubium</strong></span> <span class='ocrx_word' id='word_1_280' title='bbox 3481 1037 3643 1119; x_wconf 89' lang='lat' dir='ltr'><strong>quin</strong></span> <span class='ocrx_word' id='word_1_281' title='bbox 3690 1037 3771 1099; x_wconf 91' lang='lat' dir='ltr'><strong>ad</strong></span> <span class='ocrx_word' id='word_1_282' title='bbox 3814 1055 3965 1099; x_wconf 90' lang='lat' dir='ltr'><strong>con-</strong></span> 
     </span>
     <span class='ocr_line' id='line_1_45' title="bbox 2469 1135 3964 1219; baseline 0 -22"><span class='ocrx_word' id='word_1_283' title='bbox 2469 1136 2840 1200; x_wconf 88' lang='lat' dir='ltr'><strong>solationem</strong></span> <span class='ocrx_word' id='word_1_284' title='bbox 2891 1135 3115 1219; x_wconf 82' lang='lat' dir='ltr'><strong>ipsiuS‚</strong></span> <span class='ocrx_word' id='word_1_285' title='bbox 3166 1144 3229 1198; x_wconf 92' lang='lat' dir='ltr'><strong>et</strong></span> <span class='ocrx_word' id='word_1_286' title='bbox 3265 1135 3568 1218; x_wconf 86' lang='lat' dir='ltr'><strong>quoniam</strong></span> <span class='ocrx_word' id='word_1_287' title='bbox 3618 1153 3760 1197; x_wconf 87' lang='lat' dir='ltr'><strong>eam</strong></span> <span class='ocrx_word' id='word_1_288' title='bbox 3810 1135 3964 1197; x_wconf 86' lang='lat' dir='ltr'><strong>dile-</strong></span> 
     </span>
     <span class='ocr_line' id='line_1_46' title="bbox 2472 1233 3961 1317; baseline 0 -22"><span class='ocrx_word' id='word_1_289' title='bbox 2472 1234 2584 1309; x_wconf 85' lang='lat' dir='ltr'><strong>xit,</strong></span> <span class='ocrx_word' id='word_1_290' title='bbox 2616 1243 2679 1297; x_wconf 92' lang='lat' dir='ltr'><strong>et</strong></span> <span class='ocrx_word' id='word_1_291' title='bbox 2717 1243 2787 1298; x_wconf 90' lang='lat' dir='ltr'><strong>ut</strong></span> <span class='ocrx_word' id='word_1_292' title='bbox 2826 1234 2890 1297; x_wconf 91' lang='lat' dir='ltr'><strong>in</strong></span> <span class='ocrx_word' id='word_1_293' title='bbox 2933 1235 3269 1317; x_wconf 82' lang='lat' dir='ltr'><strong>praesentia</strong></span> <span class='ocrx_word' id='word_1_294' title='bbox 3311 1234 3451 1315; x_wconf 87' lang='lat' dir='ltr'><strong>ejus</strong></span> <span class='ocrx_word' id='word_1_295' title='bbox 3492 1253 3566 1297; x_wconf 89' lang='lat' dir='ltr'><strong>ac</strong></span> <span class='ocrx_word' id='word_1_296' title='bbox 3602 1233 3961 1297; x_wconf 78' lang='lat' dir='ltr'><strong>Judaeorum</strong></span> 
     </span>
     <span class='ocr_line' id='line_1_47' title="bbox 2468 1332 3625 1396; baseline -0.001 -1"><span class='ocrx_word' id='word_1_297' title='bbox 2468 1332 2655 1396; x_wconf 87' lang='lat' dir='ltr'><strong>fieret</strong></span> <span class='ocrx_word' id='word_1_298' title='bbox 2697 1334 3078 1396; x_wconf 87' lang='lat' dir='ltr'><strong>miraculum</strong></span> <span class='ocrx_word' id='word_1_299' title='bbox 3124 1351 3271 1396; x_wconf 81' lang='lat' dir='ltr'><strong>mox</strong></span> <span class='ocrx_word' id='word_1_300' title='bbox 3313 1332 3625 1396; x_wconf 90' lang='lat' dir='ltr'><strong>futurum.</strong></span> 
     </span>
    </p>

    <p class='ocr_par' dir='ltr' id='par_1_14' title="bbox 2470 1430 3967 1809">
     <span class='ocr_line' id='line_1_48' title="bbox 2550 1430 3962 1512; baseline 0.001 -18"><span class='ocrx_word' id='word_1_301' title='bbox 2550 1436 2684 1495; x_wconf 65' lang='lat' dir='ltr'><strong>Illa</strong></span> <span class='ocrx_word' id='word_1_302' title='bbox 2720 1443 2795 1494; x_wconf 73' lang='lat' dir='ltr'><strong>ut</strong></span> <span class='ocrx_word' id='word_1_303' title='bbox 2830 1434 3092 1493; x_wconf 79' lang='lat' dir='ltr'><strong>audivit</strong></span> <span class='ocrx_word' id='word_1_304' title='bbox 3131 1450 3198 1493; x_wconf 85' lang='lat' dir='ltr'><strong>se</strong></span> <span class='ocrx_word' id='word_1_305' title='bbox 3238 1439 3521 1496; x_wconf 75' lang='lat' dir='ltr'><strong>vocatam</strong></span> <span class='ocrx_word' id='word_1_306' title='bbox 3572 1450 3611 1493; x_wconf 84' lang='lat' dir='ltr'><strong>a</strong></span> <span class='ocrx_word' id='word_1_307' title='bbox 3660 1430 3962 1512; x_wconf 78' lang='lat' dir='ltr'><strong>magistro</strong></span> 
     </span>
     <span class='ocr_line' id='line_1_49' title="bbox 2472 1530 3965 1612; baseline 0.001 -20"><span class='ocrx_word' id='word_1_308' title='bbox 2472 1549 2587 1594; x_wconf 92' lang='lat' dir='ltr'><strong>suo</strong></span> <span class='ocrx_word' id='word_1_309' title='bbox 2617 1531 2944 1594; x_wconf 89' lang='lat' dir='ltr'><strong>carissimo</strong></span> <span class='ocrx_word' id='word_1_310' title='bbox 2970 1538 3163 1612; x_wconf 89' lang='lat' dir='ltr'><strong>atque</strong></span> <span class='ocrx_word' id='word_1_311' title='bbox 3191 1530 3582 1606; x_wconf 89' lang='lat' dir='ltr'><strong>dulcissimo,</strong></span> <span class='ocrx_word' id='word_1_312' title='bbox 3606 1548 3801 1611; x_wconf 90' lang='lat' dir='ltr'><strong>quem</strong></span> <span class='ocrx_word' id='word_1_313' title='bbox 3833 1548 3965 1611; x_wconf 80' lang='lat' dir='ltr'><strong>prae</strong></span> 
     </span>
     <span class='ocr_line' id='line_1_50' title="bbox 2470 1629 3963 1710; baseline -0.001 -19"><span class='ocrx_word' id='word_1_314' title='bbox 2470 1635 2601 1693; x_wconf 82' lang='lat' dir='ltr'><strong>toto</strong></span> <span class='ocrx_word' id='word_1_315' title='bbox 2648 1631 2888 1693; x_wconf 90' lang='lat' dir='ltr'><strong>mundo</strong></span> <span class='ocrx_word' id='word_1_316' title='bbox 2934 1629 3190 1703; x_wconf 89' lang='lat' dir='ltr'><strong>amavit,</strong></span> <span class='ocrx_word' id='word_1_317' title='bbox 3224 1632 3433 1707; x_wconf 59' lang='lat' dir='ltr'><strong>surgit</strong></span> <span class='ocrx_word' id='word_1_318' title='bbox 3478 1631 3631 1700; x_wconf 77' lang='lat' dir='ltr'><strong>cito,</strong></span> <span class='ocrx_word' id='word_1_319' title='bbox 3659 1636 3963 1710; x_wconf 87' lang='lat' dir='ltr'><strong>tanquam</strong></span> 
     </span>
     <span class='ocr_line' id='line_1_51' title="bbox 2470 1725 3967 1809; baseline -0.001 -19"><span class='ocrx_word' id='word_1_320' title='bbox 2470 1727 2772 1791; x_wconf 86' lang='lat' dir='ltr'><strong>obediens</strong></span> <span class='ocrx_word' id='word_1_321' title='bbox 2820 1726 3191 1809; x_wconf 87' lang='lat' dir='ltr'><strong>fervidaque</strong></span> <span class='ocrx_word' id='word_1_322' title='bbox 3242 1726 3575 1809; x_wconf 88' lang='lat' dir='ltr'><strong>discipula,</strong></span> <span class='ocrx_word' id='word_1_323' title='bbox 3616 1728 3773 1789; x_wconf 88' lang='lat' dir='ltr'><strong>dans</strong></span> <span class='ocrx_word' id='word_1_324' title='bbox 3822 1725 3967 1790; x_wconf 91' lang='lat' dir='ltr'><strong>obe-</strong></span> 
     </span>
    </p>
   </div>
   <div class='ocr_carea' id='block_1_14' title="bbox 2468 1922 3971 2891">
    <p class='ocr_par' dir='ltr' id='par_1_15' title="bbox 2468 1922 3971 2891">
     <span class='ocr_line' id='line_1_52' title="bbox 2473 1922 3965 1987; baseline -0.001 -1"><span class='ocrx_word' id='word_1_325' title='bbox 2473 1945 2637 1987; x_wconf 91' lang='lat' dir='ltr'><strong>mus.</strong></span> <span class='ocrx_word' id='word_1_326' title='bbox 2678 1924 2889 1987; x_wconf 88' lang='lat' dir='ltr'><strong>Nescit</strong></span> <span class='ocrx_word' id='word_1_327' title='bbox 2934 1924 3107 1987; x_wconf 91' lang='lat' dir='ltr'><strong>enim</strong></span> <span class='ocrx_word' id='word_1_328' title='bbox 3155 1925 3330 1987; x_wconf 87' lang='lat' dir='ltr'><strong>tarda</strong></span> <span class='ocrx_word' id='word_1_329' title='bbox 3376 1924 3708 1987; x_wconf 86' lang='lat' dir='ltr'><strong>molimina</strong></span> <span class='ocrx_word' id='word_1_330' title='bbox 3755 1922 3965 1985; x_wconf 86' lang='lat' dir='ltr'><strong>Sancti</strong></span> 
     </span>
     <span class='ocr_line' id='line_1_53' title="bbox 2471 2021 3968 2105; baseline -0.001 -20"><span class='ocrx_word' id='word_1_331' title='bbox 2471 2022 2743 2105; x_wconf 91' lang='lat' dir='ltr'><strong>Spiritus</strong></span> <span class='ocrx_word' id='word_1_332' title='bbox 2787 2023 3006 2104; x_wconf 88' lang='lat' dir='ltr'><strong>gratia,</strong></span> <span class='ocrx_word' id='word_1_333' title='bbox 3041 2030 3199 2085; x_wconf 90' lang='lat' dir='ltr'><strong>teste</strong></span> <span class='ocrx_word' id='word_1_334' title='bbox 3228 2021 3581 2085; x_wconf 88' lang='lat' dir='ltr'><strong>Ambrosio.</strong></span> <span class='ocrx_word' id='word_1_335' title='bbox 3616 2022 3968 2084; x_wconf 87' lang='lat' dir='ltr'><strong>Vehemen-</strong></span> 
     </span>
     <span class='ocr_line' id='line_1_54' title="bbox 2474 2121 3969 2205; baseline 0 -22"><span class='ocrx_word' id='word_1_336' title='bbox 2474 2130 2567 2183; x_wconf 88' lang='lat' dir='ltr'><strong>ter</strong></span> <span class='ocrx_word' id='word_1_337' title='bbox 2603 2140 2861 2205; x_wconf 91' lang='lat' dir='ltr'><strong>quoque</strong></span> <span class='ocrx_word' id='word_1_338' title='bbox 2897 2122 3021 2183; x_wconf 86' lang='lat' dir='ltr'><strong>fuit</strong></span> <span class='ocrx_word' id='word_1_339' title='bbox 3056 2122 3293 2203; x_wconf 87' lang='lat' dir='ltr'><strong>gavisa,</strong></span> <span class='ocrx_word' id='word_1_340' title='bbox 3324 2122 3539 2185; x_wconf 88' lang='lat' dir='ltr'><strong>audito</strong></span> <span class='ocrx_word' id='word_1_341' title='bbox 3576 2121 3809 2184; x_wconf 88' lang='lat' dir='ltr'><strong>Christi</strong></span> <span class='ocrx_word' id='word_1_342' title='bbox 3858 2123 3969 2183; x_wconf 92' lang='lat' dir='ltr'><strong>ad-</strong></span> 
     </span>
     <span class='ocr_line' id='line_1_55' title="bbox 2473 2219 3967 2302; baseline -0.001 -19"><span class='ocrx_word' id='word_1_343' title='bbox 2473 2228 2681 2293; x_wconf 90' lang='lat' dir='ltr'><strong>ventu,</strong></span> <span class='ocrx_word' id='word_1_344' title='bbox 2719 2220 3073 2302; x_wconf 83' lang='lat' dir='ltr'><strong>praesertim</strong></span> <span class='ocrx_word' id='word_1_345' title='bbox 3119 2220 3425 2301; x_wconf 88' lang='lat' dir='ltr'><strong>quoniam</strong></span> <span class='ocrx_word' id='word_1_346' title='bbox 3476 2219 3636 2282; x_wconf 88' lang='lat' dir='ltr'><strong>vidit</strong></span> <span class='ocrx_word' id='word_1_347' title='bbox 3680 2238 3967 2283; x_wconf 88' lang='lat' dir='ltr'><strong>sororem</strong></span> 
     </span>
     <span class='ocr_line' id='line_1_56' title="bbox 2472 2316 3967 2400; baseline -0.001 -20"><span class='ocrx_word' id='word_1_348' title='bbox 2472 2337 2651 2380; x_wconf 90' lang='lat' dir='ltr'><strong>suam</strong></span> <span class='ocrx_word' id='word_1_349' title='bbox 2680 2318 2978 2380; x_wconf 75' lang='lat' dir='ltr'><strong>Mai-tham</strong></span> <span class='ocrx_word' id='word_1_350' title='bbox 3014 2318 3533 2400; x_wconf 85' lang='lat' dir='ltr'><strong>aequanimiorem</strong></span> <span class='ocrx_word' id='word_1_351' title='bbox 3574 2316 3870 2380; x_wconf 77' lang='lat' dir='ltr'><strong>effectam</strong></span> <span class='ocrx_word' id='word_1_352' title='bbox 3904 2326 3967 2379; x_wconf 88' lang='lat' dir='ltr'><strong>et</strong></span> 
     </span>
     <span class='ocr_line' id='line_1_57' title="bbox 2468 2416 3971 2505; baseline -0.002 -26"><span class='ocrx_word' id='word_1_353' title='bbox 2468 2418 2699 2498; x_wconf 92' lang='lat' dir='ltr'><strong>gaudio</strong></span> <span class='ocrx_word' id='word_1_354' title='bbox 2754 2418 3029 2499; x_wconf 88' lang='lat' dir='ltr'><strong>quodam</strong></span> <span class='ocrx_word' id='word_1_355' title='bbox 3095 2416 3439 2498; x_wconf 85' lang='lat' dir='ltr'><strong>perfusam.</strong></span> <span class='ocrx_word' id='word_1_356' title='bbox 3501 2420 3588 2505; x_wconf 74' lang='lat' dir='ltr'><strong>Et</strong></span> <span class='ocrx_word' id='word_1_357' title='bbox 3644 2418 3823 2477; x_wconf 76' lang='lat' dir='ltr'><strong>venit</strong></span> <span class='ocrx_word' id='word_1_358' title='bbox 3880 2420 3971 2477; x_wconf 83' lang='lat' dir='ltr'><strong>ad</strong></span> 
     </span>
     <span class='ocr_line' id='line_1_58' title="bbox 2469 2514 3965 2588; baseline 0 -12"><span class='ocrx_word' id='word_1_359' title='bbox 2469 2536 2637 2577; x_wconf 83' lang='lat' dir='ltr'><strong>eum.</strong></span> <span class='ocrx_word' id='word_1_360' title='bbox 2661 2551 2742 2562; x_wconf 94' lang='lat'><strong>—</strong></span> <span class='ocrx_word' id='word_1_361' title='bbox 2762 2514 3051 2588; x_wconf 88' lang='lat' dir='ltr'><strong>Quotidie</strong></span> <span class='ocrx_word' id='word_1_362' title='bbox 3081 2521 3144 2577; x_wconf 90' lang='lat' dir='ltr'><strong>et</strong></span> <span class='ocrx_word' id='word_1_363' title='bbox 3172 2515 3606 2577; x_wconf 86' lang='lat' dir='ltr'><strong>indesinenter</strong></span> <span class='ocrx_word' id='word_1_364' title='bbox 3637 2522 3819 2577; x_wconf 86' lang='lat' dir='ltr'><strong>vocat</strong></span> <span class='ocrx_word' id='word_1_365' title='bbox 3850 2534 3965 2578; x_wconf 89' lang='lat' dir='ltr'><strong>nos</strong></span> 
     </span>
     <span class='ocr_line' id='line_1_59' title="bbox 2470 2612 3961 2697; baseline -0.001 -20"><span class='ocrx_word' id='word_1_366' title='bbox 2470 2614 2754 2677; x_wconf 90' lang='lat' dir='ltr'><strong>Christus</strong></span> <span class='ocrx_word' id='word_1_367' title='bbox 2809 2616 2887 2677; x_wconf 88' lang='lat' dir='ltr'><strong>ad</strong></span> <span class='ocrx_word' id='word_1_368' title='bbox 2943 2632 3032 2689; x_wconf 91' lang='lat' dir='ltr'><strong>se,</strong></span> <span class='ocrx_word' id='word_1_369' title='bbox 3087 2632 3200 2696; x_wconf 90' lang='lat' dir='ltr'><strong>per</strong></span> <span class='ocrx_word' id='word_1_370' title='bbox 3248 2632 3488 2676; x_wconf 89' lang='lat' dir='ltr'><strong>sacram</strong></span> <span class='ocrx_word' id='word_1_371' title='bbox 3542 2612 3961 2697; x_wconf 88' lang='lat' dir='ltr'><strong>Scripturam,</strong></span> 
     </span>
     <span class='ocr_line' id='line_1_60' title="bbox 2471 2712 3961 2794; baseline -0.001 -20"><span class='ocrx_word' id='word_1_372' title='bbox 2471 2730 2584 2793; x_wconf 90' lang='lat' dir='ltr'><strong>per</strong></span> <span class='ocrx_word' id='word_1_373' title='bbox 2619 2712 2969 2793; x_wconf 84' lang='lat' dir='ltr'><strong>angelicam</strong></span> <span class='ocrx_word' id='word_1_374' title='bbox 3008 2712 3443 2786; x_wconf 91' lang='lat' dir='ltr'><strong>directionem,</strong></span> <span class='ocrx_word' id='word_1_375' title='bbox 3480 2729 3595 2794; x_wconf 92' lang='lat' dir='ltr'><strong>per</strong></span> <span class='ocrx_word' id='word_1_376' title='bbox 3632 2718 3961 2794; x_wconf 86' lang='lat' dir='ltr'><strong>pastorum</strong></span> 
     </span>
     <span class='ocr_line' id='line_1_61' title="bbox 2468 2809 3956 2891; baseline 0 -20"><span class='ocrx_word' id='word_1_377' title='bbox 2468 2811 2989 2884; x_wconf 82' lang='lat' dir='ltr'><strong>exhortationem,</strong></span> <span class='ocrx_word' id='word_1_378' title='bbox 3038 2828 3151 2891; x_wconf 88' lang='lat' dir='ltr'><strong>per</strong></span> <span class='ocrx_word' id='word_1_379' title='bbox 3208 2809 3500 2873; x_wconf 89' lang='lat' dir='ltr'><strong>divinum</strong></span> <span class='ocrx_word' id='word_1_380' title='bbox 3556 2810 3956 2885; x_wconf 89' lang='lat' dir='ltr'><strong>instinctum,</strong></span> 
     </span>
    </p>
   </div>
   <div class='ocr_carea' id='block_1_15' title="bbox 937 2908 4215 3089">
    <p class='ocr_par' dir='ltr' id='par_1_16' title="bbox 937 2908 4215 3089">
     <span class='ocr_line' id='line_1_62' title="bbox 2468 2908 4215 2991; baseline -0.002 -20"><span class='ocrx_word' id='word_1_381' title='bbox 2468 2910 2685 2972; x_wconf 91' lang='lat' dir='ltr'><strong>dicens</strong></span> <span class='ocrx_word' id='word_1_382' title='bbox 2744 2926 2859 2991; x_wconf 90' lang='lat' dir='ltr'><strong>per</strong></span> <span class='ocrx_word' id='word_1_383' title='bbox 2904 2908 3262 2971; x_wconf 86' lang='lat' dir='ltr'><strong>Zachariam</strong></span> <span class='ocrx_word' id='word_1_384' title='bbox 3316 2926 3330 2970; x_wconf 91' lang='lat'>:</span> <span class='ocrx_word' id='word_1_385' title='bbox 3374 2908 3831 2972; x_wconf 86' lang='lat' dir='ltr'><strong>Convertimini</strong></span> <span class='ocrx_word' id='word_1_386' title='bbox 3880 2911 3960 2972; x_wconf 90' lang='lat' dir='ltr'><strong>ad</strong></span> <span class='ocrx_word' id='word_1_387' title='bbox 3988 2930 4215 2979; x_wconf 54' lang='lat' dir='ltr'><strong>laeam.</strong></span> 
     </span>
     <span class='ocr_line' id='line_1_63' title="bbox 937 3004 3963 3089; baseline 0.001 -21"><span class='ocrx_word' id='word_1_388' title='bbox 937 3010 1025 3069; x_wconf 83' lang='lat' dir='ltr'><strong>E&#39;c</strong></span> <span class='ocrx_word' id='word_1_389' title='bbox 1055 3028 1258 3087; x_wconf 80' lang='lat' dir='ltr'><strong>quum</strong></span> <span class='ocrx_word' id='word_1_390' title='bbox 1287 3008 1420 3067; x_wconf 77' lang='lat' dir='ltr'><strong>koec</strong></span> <span class='ocrx_word' id='word_1_391' title='bbox 1447 3006 1716 3065; x_wconf 71' lang='lat' dir='ltr'><strong>dixisset</strong></span> <span class='ocrx_word' id='word_1_392' title='bbox 1745 3004 2000 3079; x_wconf 86' lang='lat' dir='ltr'><strong>Martha,</strong></span> <span class='ocrx_word' id='word_1_393' title='bbox 2023 3006 2209 3075; x_wconf 76' lang='lat' dir='ltr'><strong>abiit,</strong></span> <span class='ocrx_word' id='word_1_394' title='bbox 2229 3024 2354 3068; x_wconf 89' lang='lat' dir='ltr'><strong>non</strong></span> <span class='ocrx_word' id='word_1_395' title='bbox 2392 3012 2438 3078; x_wconf 83' lang='lat' dir='ltr'><strong>G</strong></span> <span class='ocrx_word' id='word_1_396' title='bbox 2466 3026 2590 3083; x_wconf 82' lang='lat' dir='ltr'><strong>ine,</strong></span> <span class='ocrx_word' id='word_1_397' title='bbox 2638 3015 2701 3069; x_wconf 92' lang='lat' dir='ltr'><strong>et</strong></span> <span class='ocrx_word' id='word_1_398' title='bbox 2751 3015 3084 3071; x_wconf 87' lang='lat' dir='ltr'><strong>convertar</strong></span> <span class='ocrx_word' id='word_1_399' title='bbox 3122 3008 3199 3069; x_wconf 92' lang='lat' dir='ltr'><strong>ad</strong></span> <span class='ocrx_word' id='word_1_400' title='bbox 3251 3025 3383 3070; x_wconf 90' lang='lat' dir='ltr'><strong>vos.</strong></span> <span class='ocrx_word' id='word_1_401' title='bbox 3440 3006 3763 3069; x_wconf 85' lang='lat' dir='ltr'><strong>Faciamus</strong></span> <span class='ocrx_word' id='word_1_402' title='bbox 3808 3026 3963 3089; x_wconf 86' lang='lat' dir='ltr'><strong>ergo</strong></span> 
     </span>
    </p>
   </div>
   <div class='ocr_carea' id='block_1_16' title="bbox 2464 3096 3965 4172">
    <p class='ocr_par' dir='ltr' id='par_1_17' title="bbox 2464 3096 3965 4172">
     <span class='ocr_line' id='line_1_64' title="bbox 2467 3096 3959 3188; baseline 0 -21"><span class='ocrx_word' id='word_1_403' title='bbox 2467 3108 2636 3188; x_wconf 91' lang='lat' dir='ltr'><strong>quod</strong></span> <span class='ocrx_word' id='word_1_404' title='bbox 2687 3096 2838 3168; x_wconf 80' lang='lat' dir='ltr'><strong>fecit</strong></span> <span class='ocrx_word' id='word_1_405' title='bbox 2865 3105 3075 3167; x_wconf 87' lang='lat' dir='ltr'><strong>Maria.</strong></span> <span class='ocrx_word' id='word_1_406' title='bbox 3112 3105 3245 3168; x_wconf 90' lang='lat' dir='ltr'><strong>Cito</strong></span> <span class='ocrx_word' id='word_1_407' title='bbox 3290 3123 3621 3187; x_wconf 86' lang='lat' dir='ltr'><strong>surgamus</strong></span> <span class='ocrx_word' id='word_1_408' title='bbox 3656 3106 3737 3169; x_wconf 90' lang='lat' dir='ltr'><strong>ab</strong></span> <span class='ocrx_word' id='word_1_409' title='bbox 3783 3106 3959 3169; x_wconf 90' lang='lat' dir='ltr'><strong>omni</strong></span> 
     </span>
     <span class='ocr_line' id='line_1_65' title="bbox 2468 3202 3965 3286; baseline 0.002 -20"><span class='ocrx_word' id='word_1_410' title='bbox 2468 3206 2717 3286; x_wconf 86' lang='lat' dir='ltr'><strong>ignavia</strong></span> <span class='ocrx_word' id='word_1_411' title='bbox 2744 3212 2806 3266; x_wconf 87' lang='lat' dir='ltr'><strong>et</strong></span> <span class='ocrx_word' id='word_1_412' title='bbox 2844 3212 3118 3286; x_wconf 86' lang='lat' dir='ltr'><strong>torpore,</strong></span> <span class='ocrx_word' id='word_1_413' title='bbox 3154 3223 3189 3266; x_wconf 97' lang='lat' dir='ltr'><strong>a</strong></span> <span class='ocrx_word' id='word_1_414' title='bbox 3218 3203 3453 3266; x_wconf 83' lang='lat' dir='ltr'><strong>carnali</strong></span> <span class='ocrx_word' id='word_1_415' title='bbox 3500 3202 3737 3267; x_wconf 87' lang='lat' dir='ltr'><strong>affectu</strong></span> <span class='ocrx_word' id='word_1_416' title='bbox 3778 3206 3965 3269; x_wconf 85' lang='lat' dir='ltr'><strong>vitio-</strong></span> 
     </span>
     <span class='ocr_line' id='line_1_66' title="bbox 2468 3303 3957 3385; baseline 0.001 -20"><span class='ocrx_word' id='word_1_417' title='bbox 2468 3322 2739 3385; x_wconf 90' lang='lat' dir='ltr'><strong>rumque</strong></span> <span class='ocrx_word' id='word_1_418' title='bbox 2779 3304 3098 3385; x_wconf 83' lang='lat' dir='ltr'><strong>pondere3</strong></span> <span class='ocrx_word' id='word_1_419' title='bbox 3132 3311 3195 3364; x_wconf 89' lang='lat' dir='ltr'><strong>et</strong></span> <span class='ocrx_word' id='word_1_420' title='bbox 3233 3303 3563 3366; x_wconf 89' lang='lat' dir='ltr'><strong>veniamus</strong></span> <span class='ocrx_word' id='word_1_421' title='bbox 3600 3304 3680 3365; x_wconf 90' lang='lat' dir='ltr'><strong>ad</strong></span> <span class='ocrx_word' id='word_1_422' title='bbox 3714 3303 3957 3379; x_wconf 85' lang='lat' dir='ltr'><strong>Jesum‚</strong></span> 
     </span>
     <span class='ocr_line' id='line_1_67' title="bbox 2466 3402 3962 3485; baseline -0.001 -20"><span class='ocrx_word' id='word_1_423' title='bbox 2466 3421 2580 3485; x_wconf 90' lang='lat' dir='ltr'><strong>per</strong></span> <span class='ocrx_word' id='word_1_424' title='bbox 2616 3420 2864 3465; x_wconf 91' lang='lat' dir='ltr'><strong>morum</strong></span> <span class='ocrx_word' id='word_1_425' title='bbox 2906 3408 3265 3464; x_wconf 89' lang='lat' dir='ltr'><strong>nostrorum</strong></span> <span class='ocrx_word' id='word_1_426' title='bbox 3306 3402 3808 3477; x_wconf 86' lang='lat' dir='ltr'><strong>conversionem,</strong></span> <span class='ocrx_word' id='word_1_427' title='bbox 3845 3420 3962 3485; x_wconf 88' lang='lat' dir='ltr'><strong>per</strong></span> 
     </span>
     <span class='ocr_line' id='line_1_68' title="bbox 2465 3500 3964 3582; baseline -0.001 -19"><span class='ocrx_word' id='word_1_428' title='bbox 2465 3501 2829 3564; x_wconf 87' lang='lat' dir='ltr'><strong>divinorum</strong></span> <span class='ocrx_word' id='word_1_429' title='bbox 2876 3500 3495 3582; x_wconf 89' lang='lat' dir='ltr'><strong>contemplationem,</strong></span> <span class='ocrx_word' id='word_1_430' title='bbox 3531 3508 3723 3582; x_wconf 89' lang='lat' dir='ltr'><strong>atque</strong></span> <span class='ocrx_word' id='word_1_431' title='bbox 3770 3501 3964 3565; x_wconf 83' lang='lat' dir='ltr'><strong>coele-</strong></span> 
     </span>
     <span class='ocr_line' id='line_1_69' title="bbox 2466 3598 3873 3663; baseline -0.001 -2"><span class='ocrx_word' id='word_1_432' title='bbox 2466 3600 2659 3662; x_wconf 90' lang='lat' dir='ltr'><strong>stium</strong></span> <span class='ocrx_word' id='word_1_433' title='bbox 2705 3599 3018 3663; x_wconf 89' lang='lat' dir='ltr'><strong>bonorum</strong></span> <span class='ocrx_word' id='word_1_434' title='bbox 3058 3598 3445 3662; x_wconf 87' lang='lat' dir='ltr'><strong>desiderium</strong></span> <span class='ocrx_word' id='word_1_435' title='bbox 3484 3617 3873 3663; x_wconf 89' lang='lat' dir='ltr'><strong>amorosum.</strong></span> 
     </span>
     <span class='ocr_line' id='line_1_70' title="bbox 2548 3699 3960 3761; baseline -0.001 -1"><span class='ocrx_word' id='word_1_436' title='bbox 2548 3702 2855 3761; x_wconf 81' lang='lat' dir='ltr'><strong>Nondum</strong></span> <span class='ocrx_word' id='word_1_437' title='bbox 2892 3699 3068 3759; x_wconf 79' lang='lat' dir='ltr'><strong>enim</strong></span> <span class='ocrx_word' id='word_1_438' title='bbox 3106 3708 3367 3759; x_wconf 76' lang='lat' dir='ltr'><strong>venerat</strong></span> <span class='ocrx_word' id='word_1_439' title='bbox 3400 3701 3582 3759; x_wconf 73' lang='lat' dir='ltr'><strong>,Iesus</strong></span> <span class='ocrx_word' id='word_1_440' title='bbox 3619 3700 3694 3758; x_wconf 83' lang='lat' dir='ltr'><strong>in</strong></span> <span class='ocrx_word' id='word_1_441' title='bbox 3732 3703 3960 3759; x_wconf 80' lang='lat' dir='ltr'><strong>cascel-</strong></span> 
     </span>
     <span class='ocr_line' id='line_1_71' title="bbox 2465 3793 3959 3869; baseline 0.002 -13"><span class='ocrx_word' id='word_1_442' title='bbox 2465 3802 2629 3867; x_wconf 81' lang='lat' dir='ltr'><strong>lum,</strong></span> <span class='ocrx_word' id='word_1_443' title='bbox 2679 3795 2975 3857; x_wconf 91' lang='lat' dir='ltr'><strong>videlicet</strong></span> <span class='ocrx_word' id='word_1_444' title='bbox 3032 3796 3289 3858; x_wconf 91' lang='lat' dir='ltr'><strong>domum</strong></span> <span class='ocrx_word' id='word_1_445' title='bbox 3338 3793 3611 3869; x_wconf 72' lang='lat' dir='ltr'><strong>Marthae,</strong></span> <span class='ocrx_word' id='word_1_446' title='bbox 3659 3800 3771 3857; x_wconf 76' lang='lat' dir='ltr'><strong>sed</strong></span> <span class='ocrx_word' id='word_1_447' title='bbox 3815 3808 3959 3859; x_wconf 74' lang='lat' dir='ltr'><strong>erac</strong></span> 
     </span>
     <span class='ocr_line' id='line_1_72' title="bbox 2464 3896 3961 3956; baseline 0.001 -1"><span class='ocrx_word' id='word_1_448' title='bbox 2464 3898 2679 3955; x_wconf 80' lang='lat' dir='ltr'><strong>adlzuo</strong></span> <span class='ocrx_word' id='word_1_449' title='bbox 2708 3896 2780 3954; x_wconf 82' lang='lat' dir='ltr'><strong>in</strong></span> <span class='ocrx_word' id='word_1_450' title='bbox 2820 3896 2935 3953; x_wconf 85' lang='lat' dir='ltr'><strong>illo</strong></span> <span class='ocrx_word' id='word_1_451' title='bbox 2970 3896 3097 3954; x_wconf 87' lang='lat' dir='ltr'><strong>loco</strong></span> <span class='ocrx_word' id='word_1_452' title='bbox 3136 3896 3251 3955; x_wconf 83' lang='lat' dir='ltr'><strong>ubi</strong></span> <span class='ocrx_word' id='word_1_453' title='bbox 3288 3904 3653 3954; x_wconf 79' lang='lat' dir='ltr'><strong>occurrerat</strong></span> <span class='ocrx_word' id='word_1_454' title='bbox 3688 3896 3751 3955; x_wconf 80' lang='lat' dir='ltr'><strong>ei</strong></span> <span class='ocrx_word' id='word_1_455' title='bbox 3780 3898 3961 3956; x_wconf 85' lang='lat' dir='ltr'><strong>Mar-</strong></span> 
     </span>
     <span class='ocr_line' id='line_1_73' title="bbox 2466 3991 3964 4067; baseline 0.001 -13"><span class='ocrx_word' id='word_1_456' title='bbox 2466 3996 2591 4054; x_wconf 79' lang='lat' dir='ltr'><strong>tlza.</strong></span> <span class='ocrx_word' id='word_1_457' title='bbox 2625 3992 2838 4055; x_wconf 90' lang='lat' dir='ltr'><strong>Noluit</strong></span> <span class='ocrx_word' id='word_1_458' title='bbox 2865 3992 3037 4053; x_wconf 91' lang='lat' dir='ltr'><strong>enim</strong></span> <span class='ocrx_word' id='word_1_459' title='bbox 3069 4010 3135 4053; x_wconf 91' lang='lat' dir='ltr'><strong>se</strong></span> <span class='ocrx_word' id='word_1_460' title='bbox 3164 3991 3303 4053; x_wconf 91' lang='lat' dir='ltr'><strong>sine</strong></span> <span class='ocrx_word' id='word_1_461' title='bbox 3332 4010 3539 4067; x_wconf 88' lang='lat' dir='ltr'><strong>causa,</strong></span> <span class='ocrx_word' id='word_1_462' title='bbox 3573 3993 3964 4057; x_wconf 87' lang='lat' dir='ltr'><strong>adversario-</strong></span> 
     </span>
     <span class='ocr_line' id='line_1_74' title="bbox 2466 4090 3956 4172; baseline 0.001 -19"><span class='ocrx_word' id='word_1_463' title='bbox 2466 4111 2607 4153; x_wconf 92' lang='lat' dir='ltr'><strong>rum</strong></span> <span class='ocrx_word' id='word_1_464' title='bbox 2640 4100 3019 4172; x_wconf 82' lang='lat' dir='ltr'><strong>praesentare</strong></span> <span class='ocrx_word' id='word_1_465' title='bbox 3046 4090 3465 4172; x_wconf 83' lang='lat' dir='ltr'><strong>adspectibus,</strong></span> <span class='ocrx_word' id='word_1_466' title='bbox 3492 4108 3571 4152; x_wconf 87' lang='lat' dir='ltr'><strong>ne</strong></span> <span class='ocrx_word' id='word_1_467' title='bbox 3601 4100 3956 4172; x_wconf 85' lang='lat' dir='ltr'><strong>peccarent.</strong></span> 
     </span>
    </p>
   </div>
   <div class='ocr_carea' id='block_1_17' title="bbox 599 4185 3956 4368">
    <p class='ocr_par' dir='ltr' id='par_1_18' title="bbox 599 4185 3956 4368">
     <span class='ocr_line' id='line_1_75' title="bbox 599 4185 3956 4270; baseline 0 -19"><span class='ocrx_word' id='word_1_468' title='bbox 599 4250 603 4255; x_wconf 76' lang='grc'><strong>,</strong></span> <span class='ocrx_word' id='word_1_469' title='bbox 863 4189 1258 4270; x_wconf 86' lang='lat' dir='ltr'><strong>magistrum.</strong></span> <span class='ocrx_word' id='word_1_470' title='bbox 1307 4186 1482 4248; x_wconf 92' lang='lat' dir='ltr'><strong>Unde</strong></span> <span class='ocrx_word' id='word_1_471' title='bbox 1533 4186 1602 4247; x_wconf 88' lang='lat' dir='ltr'><strong>in</strong></span> <span class='ocrx_word' id='word_1_472' title='bbox 1660 4185 1944 4249; x_wconf 82' lang='lat' dir='ltr'><strong>Matthaeo</strong></span> <span class='ocrx_word' id='word_1_473' title='bbox 1999 4187 2284 4267; x_wconf 91' lang='lat' dir='ltr'><strong>loquitur</strong></span> <span class='ocrx_word' id='word_1_474' title='bbox 2336 4206 2349 4250; x_wconf 89' lang='lat'><strong>:</strong></span> <span class='ocrx_word' id='word_1_475' title='bbox 2386 4194 2437 4256; x_wconf 91' lang='lat' dir='ltr'>D</span> <span class='ocrx_word' id='word_1_476' title='bbox 2542 4191 2761 4251; x_wconf 78' lang='lat' dir='ltr'><em>Judoei</em></span> <span class='ocrx_word' id='word_1_477' title='bbox 2786 4208 2932 4266; x_wconf 68' lang='lat' dir='ltr'><strong>erqo</strong></span> <span class='ocrx_word' id='word_1_478' title='bbox 2959 4191 3079 4269; x_wconf 79' lang='lat' dir='ltr'><strong>qui</strong></span> <span class='ocrx_word' id='word_1_479' title='bbox 3115 4199 3303 4250; x_wconf 76' lang='lat' dir='ltr'><strong>erant</strong></span> <span class='ocrx_word' id='word_1_480' title='bbox 3340 4209 3486 4249; x_wconf 86' lang='lat' dir='ltr'><strong>cum</strong></span> <span class='ocrx_word' id='word_1_481' title='bbox 3518 4210 3593 4249; x_wconf 84' lang='lat' dir='ltr'><strong>ea</strong></span> <span class='ocrx_word' id='word_1_482' title='bbox 3630 4190 3703 4251; x_wconf 77' lang='lat' dir='ltr'><strong>in</strong></span> <span class='ocrx_word' id='word_1_483' title='bbox 3739 4192 3956 4259; x_wconf 83' lang='lat' dir='ltr'><strong>domo,</strong></span> 
     </span>
     <span class='ocr_line' id='line_1_76' title="bbox 621 4283 2352 4368; baseline -0.001 -21"><span class='ocrx_word' id='word_1_484' title='bbox 621 4302 794 4347; x_wconf 69' lang='lat' dir='ltr'><strong>uach.</strong></span> <span class='ocrx_word' id='word_1_485' title='bbox 859 4286 1078 4368; x_wconf 89' lang='lat' dir='ltr'><strong>Neque</strong></span> <span class='ocrx_word' id='word_1_486' title='bbox 1119 4284 1431 4348; x_wconf 87' lang='lat' dir='ltr'><strong>vocemini</strong></span> <span class='ocrx_word' id='word_1_487' title='bbox 1475 4283 1794 4364; x_wconf 86' lang='lat' dir='ltr'><strong>magistri3</strong></span> <span class='ocrx_word' id='word_1_488' title='bbox 1830 4302 1995 4345; x_wconf 90' lang='lat' dir='ltr'><strong>unus</strong></span> <span class='ocrx_word' id='word_1_489' title='bbox 2039 4292 2133 4346; x_wconf 90' lang='lat' dir='ltr'><strong>est</strong></span> <span class='ocrx_word' id='word_1_490' title='bbox 2182 4284 2352 4347; x_wconf 90' lang='lat' dir='ltr'><strong>enim</strong></span> 
     </span>
    </p>
   </div>
   <div class='ocr_carea' id='block_1_18' title="bbox 858 4381 2361 5353">
    <p class='ocr_par' dir='ltr' id='par_1_19' title="bbox 858 4381 2361 5353">
     <span class='ocr_line' id='line_1_77' title="bbox 863 4381 2354 4465; baseline -0.001 -19"><span class='ocrx_word' id='word_1_491' title='bbox 863 4383 1162 4465; x_wconf 88' lang='lat' dir='ltr'><strong>magister</strong></span> <span class='ocrx_word' id='word_1_492' title='bbox 1210 4390 1438 4456; x_wconf 89' lang='lat' dir='ltr'><strong>vester,</strong></span> <span class='ocrx_word' id='word_1_493' title='bbox 1473 4381 1780 4444; x_wconf 83' lang='lat' dir='ltr'><strong>ChristuS.</strong></span> <span class='ocrx_word' id='word_1_494' title='bbox 1817 4384 1900 4443; x_wconf 81' lang='lat' dir='ltr'><strong>Ec</strong></span> <span class='ocrx_word' id='word_1_495' title='bbox 1949 4391 2128 4444; x_wconf 79' lang='lat' dir='ltr'><strong>vocat</strong></span> <span class='ocrx_word' id='word_1_496' title='bbox 2178 4393 2258 4453; x_wconf 75' lang='lat' dir='ltr'><strong>te,</strong></span> <span class='ocrx_word' id='word_1_497' title='bbox 2288 4382 2354 4445; x_wconf 91' lang='lat' dir='ltr'><strong>id</strong></span> 
     </span>
     <span class='ocr_line' id='line_1_78' title="bbox 861 4480 2357 4562; baseline -0.001 -17"><span class='ocrx_word' id='word_1_498' title='bbox 861 4490 976 4558; x_wconf 90' lang='lat' dir='ltr'><strong>est,</strong></span> <span class='ocrx_word' id='word_1_499' title='bbox 1009 4482 1220 4546; x_wconf 88' lang='lat' dir='ltr'><strong>vocari</strong></span> <span class='ocrx_word' id='word_1_500' title='bbox 1259 4489 1320 4543; x_wconf 90' lang='lat' dir='ltr'><strong>te</strong></span> <span class='ocrx_word' id='word_1_501' title='bbox 1365 4480 1557 4561; x_wconf 86' lang='lat' dir='ltr'><strong>jussit</strong></span> <span class='ocrx_word' id='word_1_502' title='bbox 1604 4498 1717 4562; x_wconf 92' lang='lat' dir='ltr'><strong>per</strong></span> <span class='ocrx_word' id='word_1_503' title='bbox 1755 4498 1878 4541; x_wconf 91' lang='lat' dir='ltr'><strong>me.</strong></span> <span class='ocrx_word' id='word_1_504' title='bbox 1913 4480 2001 4542; x_wconf 86' lang='lat' dir='ltr'><strong>Ex</strong></span> <span class='ocrx_word' id='word_1_505' title='bbox 2040 4500 2171 4561; x_wconf 91' lang='lat' dir='ltr'><strong>quo</strong></span> <span class='ocrx_word' id='word_1_506' title='bbox 2211 4500 2357 4545; x_wconf 90' lang='lat' dir='ltr'><strong>con-</strong></span> 
     </span>
     <span class='ocr_line' id='line_1_79' title="bbox 861 4577 2355 4662; baseline -0.001 -18"><span class='ocrx_word' id='word_1_507' title='bbox 861 4587 982 4644; x_wconf 87' lang='lat' dir='ltr'><strong>stat</strong></span> <span class='ocrx_word' id='word_1_508' title='bbox 1008 4581 1180 4662; x_wconf 94' lang='lat' dir='ltr'><strong>quod</strong></span> <span class='ocrx_word' id='word_1_509' title='bbox 1215 4580 1395 4642; x_wconf 86' lang='lat' dir='ltr'><strong>Jesus</strong></span> <span class='ocrx_word' id='word_1_510' title='bbox 1434 4577 1586 4641; x_wconf 86' lang='lat' dir='ltr'><strong>fecit</strong></span> <span class='ocrx_word' id='word_1_511' title='bbox 1625 4596 1763 4640; x_wconf 89' lang='lat' dir='ltr'><strong>eam</strong></span> <span class='ocrx_word' id='word_1_512' title='bbox 1796 4578 2028 4654; x_wconf 87' lang='lat' dir='ltr'><strong>vocari,</strong></span> <span class='ocrx_word' id='word_1_513' title='bbox 2060 4580 2355 4660; x_wconf 89' lang='lat' dir='ltr'><strong>quamvis</strong></span> 
     </span>
     <span class='ocr_line' id='line_1_80' title="bbox 858 4678 2359 4761; baseline -0.001 -18"><span class='ocrx_word' id='word_1_514' title='bbox 858 4680 1126 4743; x_wconf 76' lang='lat' dir='ltr'><strong>loannes</strong></span> <span class='ocrx_word' id='word_1_515' title='bbox 1161 4678 1361 4760; x_wconf 88' lang='lat' dir='ltr'><strong>gratia</strong></span> <span class='ocrx_word' id='word_1_516' title='bbox 1400 4678 1728 4739; x_wconf 87' lang='lat' dir='ltr'><strong>brevitatis</strong></span> <span class='ocrx_word' id='word_1_517' title='bbox 1771 4678 1891 4739; x_wconf 90' lang='lat' dir='ltr'><strong>hoc</strong></span> <span class='ocrx_word' id='word_1_518' title='bbox 1931 4695 2058 4740; x_wconf 89' lang='lat' dir='ltr'><strong>non</strong></span> <span class='ocrx_word' id='word_1_519' title='bbox 2096 4679 2359 4761; x_wconf 88' lang='lat' dir='ltr'><strong>scripse-</strong></span> 
     </span>
     <span class='ocr_line' id='line_1_81' title="bbox 863 4776 2359 4857; baseline -0.001 -16"><span class='ocrx_word' id='word_1_520' title='bbox 863 4779 965 4854; x_wconf 90' lang='lat' dir='ltr'><strong>rit,</strong></span> <span class='ocrx_word' id='word_1_521' title='bbox 1001 4779 1110 4841; x_wconf 90' lang='lat' dir='ltr'><strong>sed</strong></span> <span class='ocrx_word' id='word_1_522' title='bbox 1149 4777 1249 4839; x_wconf 89' lang='lat' dir='ltr'><strong>his</strong></span> <span class='ocrx_word' id='word_1_523' title='bbox 1283 4776 1496 4840; x_wconf 88' lang='lat' dir='ltr'><strong>verbis</strong></span> <span class='ocrx_word' id='word_1_524' title='bbox 1537 4776 1806 4857; x_wconf 82' lang='lat' dir='ltr'><strong>intelligi</strong></span> <span class='ocrx_word' id='word_1_525' title='bbox 1847 4776 2041 4839; x_wconf 90' lang='lat' dir='ltr'><strong>dedit.</strong></span> <span class='ocrx_word' id='word_1_526' title='bbox 2078 4811 2155 4823; x_wconf 92' lang='lat'><strong>—</strong></span> <span class='ocrx_word' id='word_1_527' title='bbox 2184 4776 2359 4849; x_wconf 81' lang='lat' dir='ltr'><strong>Quae-</strong></span> 
     </span>
     <span class='ocr_line' id='line_1_82' title="bbox 863 4874 2361 4956; baseline -0.001 -16"><span class='ocrx_word' id='word_1_528' title='bbox 863 4878 1044 4952; x_wconf 90' lang='lat' dir='ltr'><strong>ritur,</strong></span> <span class='ocrx_word' id='word_1_529' title='bbox 1087 4877 1140 4938; x_wconf 92' lang='lat' dir='ltr'><strong>si</strong></span> <span class='ocrx_word' id='word_1_530' title='bbox 1187 4876 1422 4938; x_wconf 83' lang='lat' dir='ltr'><strong>Martha</strong></span> <span class='ocrx_word' id='word_1_531' title='bbox 1469 4874 1848 4956; x_wconf 90' lang='lat' dir='ltr'><strong>loquebatur</strong></span> <span class='ocrx_word' id='word_1_532' title='bbox 1891 4874 2096 4938; x_wconf 85' lang='lat' dir='ltr'><strong>Mariae</strong></span> <span class='ocrx_word' id='word_1_533' title='bbox 2143 4877 2361 4939; x_wconf 89' lang='lat' dir='ltr'><strong>dicen—</strong></span> 
     </span>
     <span class='ocr_line' id='line_1_83' title="bbox 862 4973 2357 5056; baseline -0.002 -15"><span class='ocrx_word' id='word_1_534' title='bbox 862 4978 963 5052; x_wconf 90' lang='lat' dir='ltr'><strong>do,</strong></span> <span class='ocrx_word' id='word_1_535' title='bbox 995 4975 1285 5056; x_wconf 84' lang='lat' dir='ltr'><strong>Magister</strong></span> <span class='ocrx_word' id='word_1_536' title='bbox 1332 4975 1528 5049; x_wconf 89' lang='lat' dir='ltr'><strong>adest,</strong></span> <span class='ocrx_word' id='word_1_537' title='bbox 1562 4975 1883 5054; x_wconf 89' lang='lat' dir='ltr'><strong>quomodo</strong></span> <span class='ocrx_word' id='word_1_538' title='bbox 1928 4973 2177 5037; x_wconf 89' lang='lat' dir='ltr'><strong>vocavit</strong></span> <span class='ocrx_word' id='word_1_539' title='bbox 2219 4994 2357 5039; x_wconf 88' lang='lat' dir='ltr'><strong>eam</strong></span> 
     </span>
     <span class='ocr_line' id='line_1_84' title="bbox 861 5072 2361 5153; baseline -0.001 -16"><span class='ocrx_word' id='word_1_540' title='bbox 861 5074 1136 5138; x_wconf 89' lang='lat' dir='ltr'><strong>silentio.</strong></span> <span class='ocrx_word' id='word_1_541' title='bbox 1173 5072 1542 5148; x_wconf 90' lang='lat' dir='ltr'><strong>Dicendum,</strong></span> <span class='ocrx_word' id='word_1_542' title='bbox 1577 5073 1751 5153; x_wconf 91' lang='lat' dir='ltr'><strong>quod</strong></span> <span class='ocrx_word' id='word_1_543' title='bbox 1792 5072 2041 5135; x_wconf 88' lang='lat' dir='ltr'><strong>vocavit</strong></span> <span class='ocrx_word' id='word_1_544' title='bbox 2087 5090 2225 5135; x_wconf 89' lang='lat' dir='ltr'><strong>eam</strong></span> <span class='ocrx_word' id='word_1_545' title='bbox 2277 5075 2361 5136; x_wconf 89' lang='lat' dir='ltr'><strong>si-</strong></span> 
     </span>
     <span class='ocr_line' id='line_1_85' title="bbox 863 5170 2358 5247; baseline -0.001 -12"><span class='ocrx_word' id='word_1_546' title='bbox 863 5172 1078 5247; x_wconf 78' lang='lat' dir='ltr'><strong>lentiu,</strong></span> <span class='ocrx_word' id='word_1_547' title='bbox 1129 5171 1192 5234; x_wconf 94' lang='lat' dir='ltr'><strong>id</strong></span> <span class='ocrx_word' id='word_1_548' title='bbox 1241 5178 1338 5233; x_wconf 90' lang='lat' dir='ltr'><strong>est</strong></span> <span class='ocrx_word' id='word_1_549' title='bbox 1384 5188 1537 5235; x_wconf 90' lang='lat' dir='ltr'><strong>voce</strong></span> <span class='ocrx_word' id='word_1_550' title='bbox 1585 5170 1923 5244; x_wconf 89' lang='lat' dir='ltr'><strong>submissa,</strong></span> <span class='ocrx_word' id='word_1_551' title='bbox 1968 5178 2032 5232; x_wconf 93' lang='lat' dir='ltr'><strong>et</strong></span> <span class='ocrx_word' id='word_1_552' title='bbox 2077 5170 2242 5234; x_wconf 83' lang='lat' dir='ltr'><strong>forte</strong></span> <span class='ocrx_word' id='word_1_553' title='bbox 2293 5173 2358 5235; x_wconf 90' lang='lat' dir='ltr'><strong>in</strong></span> 
     </span>
     <span class='ocr_line' id='line_1_86' title="bbox 862 5268 2361 5353; baseline -0.001 -20"><span class='ocrx_word' id='word_1_554' title='bbox 862 5288 1016 5333; x_wconf 88' lang='lat' dir='ltr'><strong>aure</strong></span> <span class='ocrx_word' id='word_1_555' title='bbox 1059 5270 1320 5353; x_wconf 89' lang='lat' dir='ltr'><strong>prolata.</strong></span> <span class='ocrx_word' id='word_1_556' title='bbox 1355 5269 1466 5332; x_wconf 88' lang='lat' dir='ltr'><strong>Vel</strong></span> <span class='ocrx_word' id='word_1_557' title='bbox 1516 5268 1724 5351; x_wconf 88' lang='lat' dir='ltr'><strong>primo</strong></span> <span class='ocrx_word' id='word_1_558' title='bbox 1763 5268 2013 5332; x_wconf 87' lang='lat' dir='ltr'><strong>vocavit</strong></span> <span class='ocrx_word' id='word_1_559' title='bbox 2061 5287 2199 5331; x_wconf 90' lang='lat' dir='ltr'><strong>eam</strong></span> <span class='ocrx_word' id='word_1_560' title='bbox 2248 5271 2361 5333; x_wconf 86' lang='lat' dir='ltr'><strong>ali-</strong></span> 
     </span>
    </p>
   </div>
   <div class='ocr_carea' id='block_1_19' title="bbox 2464 4288 3964 5354">
    <p class='ocr_par' dir='ltr' id='par_1_20' title="bbox 2464 4288 3964 5354">
     <span class='ocr_line' id='line_1_87' title="bbox 2466 4288 3961 4366; baseline 0.001 -17"><span class='ocrx_word' id='word_1_561' title='bbox 2466 4298 2523 4349; x_wconf 78' lang='grc' dir='ltr'><strong>ει</strong></span> <span class='ocrx_word' id='word_1_562' title='bbox 2552 4289 3049 4349; x_wconf 78' lang='lat' dir='ltr'><strong>consolabantur</strong></span> <span class='ocrx_word' id='word_1_563' title='bbox 3072 4307 3231 4357; x_wconf 84' lang='lat' dir='ltr'><strong>eam,</strong></span> <span class='ocrx_word' id='word_1_564' title='bbox 3254 4308 3457 4366; x_wconf 80' lang='lat' dir='ltr'><strong>quum</strong></span> <span class='ocrx_word' id='word_1_565' title='bbox 3488 4288 3795 4349; x_wconf 78' lang='lat' dir='ltr'><strong>vidissent</strong></span> <span class='ocrx_word' id='word_1_566' title='bbox 3818 4292 3961 4350; x_wconf 83' lang='lat' dir='ltr'><strong>Ma-</strong></span> 
     </span>
     <span class='ocr_line' id='line_1_88' title="bbox 2464 4386 3961 4465; baseline 0.001 -19"><span class='ocrx_word' id='word_1_567' title='bbox 2464 4388 2639 4446; x_wconf 81' lang='lat' dir='ltr'><strong>riam</strong></span> <span class='ocrx_word' id='word_1_568' title='bbox 2685 4387 2843 4465; x_wconf 79' lang='lat' dir='ltr'><strong>quia</strong></span> <span class='ocrx_word' id='word_1_569' title='bbox 2893 4387 3017 4446; x_wconf 79' lang='lat' dir='ltr'><strong>cito</strong></span> <span class='ocrx_word' id='word_1_570' title='bbox 3076 4386 3365 4457; x_wconf 69' lang='lat' dir='ltr'><strong>surremit</strong></span> <span class='ocrx_word' id='word_1_571' title='bbox 3412 4394 3473 4445; x_wconf 78' lang='lat' dir='ltr'><strong>et</strong></span> <span class='ocrx_word' id='word_1_572' title='bbox 3516 4386 3707 4455; x_wconf 67' lang='lat' dir='ltr'><strong>exiit,</strong></span> <span class='ocrx_word' id='word_1_573' title='bbox 3754 4389 3961 4447; x_wconf 72' lang='lat' dir='ltr'><strong>secuti</strong></span> 
     </span>
     <span class='ocr_line' id='line_1_89' title="bbox 2464 4483 3963 4553; baseline 0.001 -10"><span class='ocrx_word' id='word_1_574' title='bbox 2464 4492 2615 4543; x_wconf 78' lang='lat' dir='ltr'><strong>sunt</strong></span> <span class='ocrx_word' id='word_1_575' title='bbox 2661 4503 2831 4553; x_wconf 83' lang='lat' dir='ltr'><strong>eam,</strong></span> <span class='ocrx_word' id='word_1_576' title='bbox 2869 4485 3147 4543; x_wconf 75' lang='lat' dir='ltr'><strong>dicentes</strong></span> <span class='ocrx_word' id='word_1_577' title='bbox 3186 4502 3207 4541; x_wconf 92' lang='lat'><strong>.·</strong></span> <span class='ocrx_word' id='word_1_578' title='bbox 3246 4483 3411 4551; x_wconf 79' lang='lat' dir='ltr'><strong>Quia</strong></span> <span class='ocrx_word' id='word_1_579' title='bbox 3462 4484 3644 4543; x_wconf 77' lang='lat' dir='ltr'><strong>vadit</strong></span> <span class='ocrx_word' id='word_1_580' title='bbox 3691 4486 3781 4543; x_wconf 83' lang='lat' dir='ltr'><strong>ad</strong></span> <span class='ocrx_word' id='word_1_581' title='bbox 3830 4506 3963 4545; x_wconf 86' lang='lat' dir='ltr'><strong>mo-</strong></span> 
     </span>
     <span class='ocr_line' id='line_1_90' title="bbox 2466 4579 3964 4663; baseline 0.002 -21"><span class='ocrx_word' id='word_1_582' title='bbox 2466 4590 2851 4642; x_wconf 78' lang='lat' dir='ltr'><strong>numentum</strong></span> <span class='ocrx_word' id='word_1_583' title='bbox 2898 4579 3135 4659; x_wconf 86' lang='lat' dir='ltr'><strong>Lazari,</strong></span> <span class='ocrx_word' id='word_1_584' title='bbox 3180 4590 3251 4640; x_wconf 77' lang='lat' dir='ltr'><strong>ut</strong></span> <span class='ocrx_word' id='word_1_585' title='bbox 3290 4582 3501 4657; x_wconf 76' lang='lat' dir='ltr'><strong>ploret</strong></span> <span class='ocrx_word' id='word_1_586' title='bbox 3547 4580 3666 4651; x_wconf 85' lang='lat' dir='ltr'><strong>ibi,</strong></span> <span class='ocrx_word' id='word_1_587' title='bbox 3711 4588 3773 4642; x_wconf 88' lang='lat' dir='ltr'><strong>et</strong></span> <span class='ocrx_word' id='word_1_588' title='bbox 3824 4582 3964 4663; x_wconf 91' lang='lat' dir='ltr'><strong>plo-</strong></span> 
     </span>
     <span class='ocr_line' id='line_1_91' title="bbox 2468 4677 3963 4761; baseline 0.001 -21"><span class='ocrx_word' id='word_1_589' title='bbox 2468 4680 2663 4741; x_wconf 90' lang='lat' dir='ltr'><strong>rando</strong></span> <span class='ocrx_word' id='word_1_590' title='bbox 2700 4685 2837 4740; x_wconf 88' lang='lat' dir='ltr'><strong>oret</strong></span> <span class='ocrx_word' id='word_1_591' title='bbox 2875 4697 2991 4761; x_wconf 86' lang='lat' dir='ltr'><strong>pro</strong></span> <span class='ocrx_word' id='word_1_592' title='bbox 3018 4679 3232 4740; x_wconf 89' lang='lat' dir='ltr'><strong>anima</strong></span> <span class='ocrx_word' id='word_1_593' title='bbox 3268 4677 3481 4740; x_wconf 88' lang='lat' dir='ltr'><strong>fratris</strong></span> <span class='ocrx_word' id='word_1_594' title='bbox 3512 4677 3821 4741; x_wconf 86' lang='lat' dir='ltr'><strong>defuncti.</strong></span> <span class='ocrx_word' id='word_1_595' title='bbox 3850 4680 3963 4741; x_wconf 86' lang='lat' dir='ltr'><strong>Ju-</strong></span> 
     </span>
     <span class='ocr_line' id='line_1_92' title="bbox 2469 4776 3957 4842; baseline 0.001 -1"><span class='ocrx_word' id='word_1_596' title='bbox 2469 4778 2585 4841; x_wconf 82' lang='lat' dir='ltr'><strong>daei</strong></span> <span class='ocrx_word' id='word_1_597' title='bbox 2645 4777 2747 4839; x_wconf 92' lang='lat' dir='ltr'><strong>isti</strong></span> <span class='ocrx_word' id='word_1_598' title='bbox 2814 4777 3005 4841; x_wconf 90' lang='lat' dir='ltr'><strong>verba</strong></span> <span class='ocrx_word' id='word_1_599' title='bbox 3050 4776 3305 4840; x_wconf 79' lang='lat' dir='ltr'><strong>Marthae</strong></span> <span class='ocrx_word' id='word_1_600' title='bbox 3359 4795 3485 4840; x_wconf 88' lang='lat' dir='ltr'><strong>nou</strong></span> <span class='ocrx_word' id='word_1_601' title='bbox 3540 4778 3885 4841; x_wconf 87' lang='lat' dir='ltr'><strong>audierunt</strong></span> <span class='ocrx_word' id='word_1_602' title='bbox 3940 4799 3957 4842; x_wconf 78' lang='lat' dir='ltr'><strong>t</strong></span> 
     </span>
     <span class='ocr_line' id='line_1_93' title="bbox 2468 4874 3963 4959; baseline 0.002 -22"><span class='ocrx_word' id='word_1_603' title='bbox 2468 4884 2720 4959; x_wconf 85' lang='lat' dir='ltr'><strong>propter</strong></span> <span class='ocrx_word' id='word_1_604' title='bbox 2748 4878 2915 4958; x_wconf 91' lang='lat' dir='ltr'><strong>quod</strong></span> <span class='ocrx_word' id='word_1_605' title='bbox 2944 4875 3335 4938; x_wconf 83' lang='lat' dir='ltr'><strong>aestimabant</strong></span> <span class='ocrx_word' id='word_1_606' title='bbox 3362 4874 3614 4937; x_wconf 90' lang='lat' dir='ltr'><strong>Mariam</strong></span> <span class='ocrx_word' id='word_1_607' title='bbox 3642 4894 3721 4938; x_wconf 85' lang='lat' dir='ltr'><strong>ex</strong></span> <span class='ocrx_word' id='word_1_608' title='bbox 3750 4877 3963 4940; x_wconf 84' lang='lat' dir='ltr'><strong>subita</strong></span> 
     </span>
     <span class='ocr_line' id='line_1_94' title="bbox 2468 4973 3957 5053; baseline 0.001 -15"><span class='ocrx_word' id='word_1_609' title='bbox 2468 4976 2901 5038; x_wconf 91' lang='lat' dir='ltr'><strong>recordatione</strong></span> <span class='ocrx_word' id='word_1_610' title='bbox 2954 4974 3052 5036; x_wconf 89' lang='lat' dir='ltr'><strong>sui</strong></span> <span class='ocrx_word' id='word_1_611' title='bbox 3110 4973 3323 5036; x_wconf 85' lang='lat' dir='ltr'><strong>fratris</strong></span> <span class='ocrx_word' id='word_1_612' title='bbox 3370 4973 3585 5038; x_wconf 88' lang='lat' dir='ltr'><strong>dolore</strong></span> <span class='ocrx_word' id='word_1_613' title='bbox 3632 4974 3957 5053; x_wconf 86' lang='lat' dir='ltr'><strong>affectam,</strong></span> 
     </span>
     <span class='ocr_line' id='line_1_95' title="bbox 2467 5074 3959 5155; baseline 0.001 -19"><span class='ocrx_word' id='word_1_614' title='bbox 2467 5083 2529 5136; x_wconf 90' lang='lat' dir='ltr'><strong>et</strong></span> <span class='ocrx_word' id='word_1_615' title='bbox 2568 5074 2660 5135; x_wconf 88' lang='lat' dir='ltr'><strong>ire</strong></span> <span class='ocrx_word' id='word_1_616' title='bbox 2696 5074 2777 5136; x_wconf 92' lang='lat' dir='ltr'><strong>ad</strong></span> <span class='ocrx_word' id='word_1_617' title='bbox 2815 5074 3160 5148; x_wconf 91' lang='lat' dir='ltr'><strong>tumulum,</strong></span> <span class='ocrx_word' id='word_1_618' title='bbox 3196 5080 3266 5135; x_wconf 91' lang='lat' dir='ltr'><strong>ut</strong></span> <span class='ocrx_word' id='word_1_619' title='bbox 3304 5074 3393 5135; x_wconf 92' lang='lat' dir='ltr'><strong>ibi</strong></span> <span class='ocrx_word' id='word_1_620' title='bbox 3435 5092 3549 5155; x_wconf 90' lang='lat' dir='ltr'><strong>per</strong></span> <span class='ocrx_word' id='word_1_621' title='bbox 3576 5074 3959 5138; x_wconf 88' lang='lat' dir='ltr'><strong>exteriorem</strong></span> 
     </span>
     <span class='ocr_line' id='line_1_96' title="bbox 2466 5172 3961 5254; baseline 0 -19"><span class='ocrx_word' id='word_1_622' title='bbox 2466 5172 2986 5235; x_wconf 87' lang='lat' dir='ltr'><strong>lamentationem</strong></span> <span class='ocrx_word' id='word_1_623' title='bbox 3023 5178 3339 5254; x_wconf 63' lang='lat' dir='ltr'><strong>quaereret</strong></span> <span class='ocrx_word' id='word_1_624' title='bbox 3380 5191 3510 5235; x_wconf 78' lang='lat' dir='ltr'><strong>suae</strong></span> <span class='ocrx_word' id='word_1_625' title='bbox 3552 5173 3961 5238; x_wconf 88' lang='lat' dir='ltr'><strong>desolationis</strong></span> 
     </span>
     <span class='ocr_line' id='line_1_97' title="bbox 2466 5269 3962 5354; baseline 0.001 -21"><span class='ocrx_word' id='word_1_626' title='bbox 2466 5272 2732 5334; x_wconf 84' lang='lat' dir='ltr'><strong>internae</strong></span> <span class='ocrx_word' id='word_1_627' title='bbox 2770 5270 3087 5345; x_wconf 88' lang='lat' dir='ltr'><strong>solatium,</strong></span> <span class='ocrx_word' id='word_1_628' title='bbox 3120 5269 3481 5352; x_wconf 90' lang='lat' dir='ltr'><strong>dilectoque</strong></span> <span class='ocrx_word' id='word_1_629' title='bbox 3520 5269 3725 5347; x_wconf 88' lang='lat' dir='ltr'><strong>fratri,</strong></span> <span class='ocrx_word' id='word_1_630' title='bbox 3758 5291 3962 5354; x_wconf 85' lang='lat' dir='ltr'><strong>quan-</strong></span> 
     </span>
    </p>
   </div>
   <div class='ocr_carea' id='block_1_20' title="bbox 4080 4192 4137 4246">
    <p class='ocr_par' dir='ltr' id='par_1_21' title="bbox 4080 4192 4137 4246">
     <span class='ocr_line' id='line_1_98' title="bbox 4080 4192 4137 4246; baseline 0 0"><span class='ocrx_word' id='word_1_631' title='bbox 4080 4192 4137 4246; x_wconf 82' lang='lat'><strong>31</strong></span> 
     </span>
    </p>
   </div>
   <div class='ocr_carea' id='block_1_21' title="bbox 4249 332 4258 6230">
    <p class='ocr_par' dir='ltr' id='par_1_22' title="bbox 4249 332 4258 6230">
     <span class='ocr_line' id='line_1_99' title="bbox 4249 332 4258 6230; baseline 0 0"><span class='ocrx_word' id='word_1_632' title='bbox 4249 332 4258 6230; x_wconf 95' lang='lat' dir='ltr'><strong> </strong></span> 
     </span>
    </p>
   </div>
  </div>
 </body>
</html>
