4300 6259
669 1154 742 1211 39

877 464 998 533 420

1665 483 2014 533 mumulo
2057 485 2121 531 IN
2162 483 2302 532 cAP.
2348 482 2433 530 vn
2476 482 2751 533 Jofflms·
2796 503 2877 515 -—
2917 484 3061 532 Aur.
3104 484 3191 531 ΣΧ

876 663 1012 717 tum
1057 656 1134 717 ad
1177 654 1450 718 formam
1498 656 1864 719 verborum.
1909 656 2031 717 Ista
2079 654 2373 736 allegatio
2402 654 2454 716 A
2482 654 2662 717 ritate
2720 655 2996 719 salvatus
3054 662 3169 717 est.
3222 652 3298 715 Et
3347 652 3544 716 sancti
3603 652 3961 714 Patriarchae

877 754 1150 816 refertur
1178 755 1257 816 ad
1289 754 1620 836 sequentia
1654 773 1667 817 :
1703 756 2016 815 Flumina
2047 758 2126 814 de
2157 764 2375 814 ventre

873 854 1016 930 ejus
1061 856 1268 930 fluent
1319 874 1504 933 aquae
1552 855 1736 914 vivae.
1789 851 2112 924 Quomodo
2161 859 2372 915 autem

875 950 1360 1032 intelligendum
1405 951 1487 1013 sit
1531 951 1672 1023 hoc,
1716 949 2115 1032 Evangelista
2161 949 2376 1032 subje-

876 1050 983 1126 cit,
1019 1068 1135 1113 nec
1176 1049 1482 1112 debemus
1520 1050 1872 1131 anticipare
1909 1049 2373 1131 expositionem

875 1148 1032 1210 tanti
1075 1147 1465 1230 interpretis.
1497 1151 1636 1209 Hoc
1665 1157 1880 1209 autem
1908 1150 2086 1210 dimit
2114 1150 2195 1208 de
2226 1148 2374 1225 Spi-

874 1248 1014 1308 ritu
1071 1268 1260 1325 quem
1318 1248 1648 1324 accepturi
1693 1256 1880 1307 erant
1927 1248 2251 1307 credentes
2298 1248 2369 1306 in

873 1365 1043 1406 eum.
1097 1343 1205 1407 Est
1262 1344 1458 1425 igitur
1505 1362 1730 1407 sensus
1785 1363 1798 1407 :
1851 1344 2144 1406 Flumina
2190 1362 2371 1425 aquae

876 1442 1058 1517 vivan,
1093 1443 1157 1505 id
1194 1450 1290 1505 est
1337 1444 1500 1506 dona
1539 1441 1814 1524 Spiritus
1859 1442 2092 1517 Sancti,
2127 1441 2373 1504 fluenta

873 1540 1176 1604 doctrinae
1241 1541 1517 1603 coelestis
1577 1548 1640 1602 et
1694 1540 1913 1621 gratiae
1971 1542 2243 1622 copiosae
2298 1559 2371 1601 ac

871 1638 1306 1715 multiformis,
1356 1639 1746 1701 emanabant
1795 1641 1874 1702 de
1922 1641 2110 1703 corde
2166 1639 2369 1721 ipsius

869 1739 948 1800 ad
993 1738 1172 1813 alios,
1207 1737 1308 1801 vel
1356 1738 1434 1799 de
1483 1737 1706 1799 habitu
1755 1745 1818 1800 et
1867 1737 2153 1801 interiori
2198 1747 2365 1813 actu,

2480 761 2671 835 atque
2716 752 3043 835 Prophetae
3090 752 3156 815 in
3207 770 3435 833 magna
3482 752 3665 833 copia
3709 751 3961 831 gratiam

2481 851 2753 934 Spiritus
2810 851 3020 914 Sancti
3082 852 3285 915 sortiti
3345 858 3515 926 sunt,
3566 850 3963 932 quemadmo-

2482 951 2635 1012 dum
2674 950 2891 1015 Petrus
2931 950 3088 1013 dicit
3120 969 3134 1013 ε
3166 950 3302 1014 Non
3342 950 3666 1013 voluntate
3699 949 3961 1010 humana
4008 968 4190 1019 newa„

2479 1048 2667 1111 allata
2713 1058 2810 1113 est
2852 1049 3195 1131 aliquando
3254 1048 3628 1131 prophetia3
3680 1048 3789 1109 sed
3834 1046 3962 1128 Spi-
3984 1033 4045 1073 ²¹·

2482 1146 2610 1208 ritu
2667 1146 2893 1211 Sancto
2951 1147 3266 1230 inspirati,
3320 1147 3513 1210 locuti
3572 1154 3721 1209 sunt
3772 1146 3957 1207 sancti

2482 1244 2587 1307 Dei
2637 1245 2949 1308 homines.
2997 1245 3208 1308 Nihilo
3256 1244 3469 1308 minus
3518 1243 3801 1327 Apostoli
3848 1244 3963 1325 pri·
4008 1267 4193 1317 aon-211,

2481 1344 2692 1406 mitias
2753 1343 3029 1426 Spiritus
3090 1343 3298 1406 Sancti
3364 1349 3762 1425 receperunt,
3820 1343 3961 1424 quia
3982 1330 4044 1371 ¹³·

2480 1461 2613 1523 prae
2640 1442 2866 1506 ceteris
2906 1442 3148 1505 Sanctis
3186 1442 3491 1524 antiquis,
3523 1442 3961 1505 exuberantius

2478 1542 2965 1624 evidentiusque
2998 1542 3227 1625 repleti
3268 1550 3417 1604 sunt
3444 1540 3685 1623 Spiritu
3725 1540 3957 1615 Sancto,

2478 1650 2542 1702 et
2580 1643 2657 1704 de
2694 1642 3015 1725 mysteriis
3060 1640 3293 1705 Christi
3332 1640 3861 1703 excellentissime
3893 1638 3965 1701 il-

2479 1740 2753 1804 lustrati.

870 1838 948 1899 ad
977 1856 1172 1919 opera
1199 1838 1530 1900 exteriora.
1568 1837 1783 1919 ltaque
1815 1856 1930 1919 per
1958 1837 2234 1899 flumina
2264 1838 2371 1899 de-
2404 1836 2453 1899 B
2556 1837 2767 1914 Porro,
2815 1840 2985 1921 quod
3036 1838 3331 1901 subditur
3375 1839 3833 1903 advertendum
3878 1844 3967 1899 est

872 1936 1203 2017 signantur
1230 1937 1394 1999 dona
1421 1934 1694 2018 Spiritus
1725 1936 1969 2009 Sancti;
1997 1955 2111 2018 per
2139 1954 2369 2017 aquam

875 2035 1108 2111 vivam,
1154 2034 1290 2118 ipse
1334 2033 1607 2117 Spiritus
1651 2034 1917 2098 Sanetus
1958 2036 2066 2115 (de
2108 2054 2239 2116 quo
2280 2034 2369 2096 di·

604 2150 838 2199 Joann.=v‚
875 2140 1047 2195 ctum
1087 2139 1182 2194 est
1216 2151 1230 2195 ε
1262 2131 1378 2204 Qui
1423 2132 1660 2195 biberit
1698 2151 1775 2195 ex
1815 2152 1980 2215 aqua
2017 2152 2213 2215 quam
2252 2151 2367 2215 ego

581 2215 646 2263 13,
667 2214 735 2257 Η.

872 2231 1055 2307 dabo,
1106 2230 1223 2293 fiet
1281 2230 1346 2292 in
1404 2250 1478 2295 eo
1534 2231 1678 2295 fons
1735 2251 1918 2314 aquae
1964 2232 2250 2295 salientis
2299 2234 2365 2294 in

871 2330 1066 2394 vitam
1103 2330 1470 2411 aeternam);
1513 2348 1628 2412 per
1659 2338 1945 2393 ventrem
1977 2350 2148 2405 vero,
2185 2349 2365 2393 mens

869 2428 1010 2511 ipsa
1048 2428 1316 2503 interna,
1352 2428 1418 2490 in
1456 2447 1584 2510 qua
1621 2429 1863 2491 habitat
1902 2429 2175 2512 Spiritus
2216 2428 2368 2491 San-

870 2534 1007 2589 ctus
1052 2545 1167 2609 per
1212 2528 1376 2589 dona
1416 2546 1549 2588 sua.
1593 2526 1678 2589 De
1719 2527 2087 2608 hujusmodi
2128 2529 2365 2591 etenim

585 2644 836 2695 Pramum,
869 2633 1112 2699 ventre,
1161 2625 1250 2688 ait
1297 2624 1590 2689 Salomon
1640 2626 1707 2687 in
1756 2626 2114 2690 Proverbiis
2159 2646 2173 2689 :
2218 2626 2359 2703 Fili,

576 2711 640 2759 ¹7,
664 2709 729 2751 18.

869 2724 1122 2806 suscipe
1159 2723 1557 2805 sapientiam,
1598 2743 1744 2805 quae
1783 2726 2064 2807 pulchra
2087 2726 2203 2788 tibi
2242 2726 2365 2789 erit

867 2843 1069 2905 quum
1121 2822 1474 2887 servaveris
1525 2841 1664 2885 eam
1714 2824 1778 2885 in
1826 2832 2045 2887 ventre
2093 2832 2206 2889 tuo
2234 2844 2251 2906 ;
2302 2834 2365 2888 et

571 2933 634 2977 ιι.
665 2938 833 2985 nnn.
866 2920 1077 2997 isaias,
1111 2922 1341 2983 Venter
1376 2921 1644 3003 (inquit)
1680 2939 1860 2984 meus
1900 2924 2083 3004 quasi
2123 2925 2365 2987 cithara

865 3021 942 3083 ad
985 3020 1160 3083 Moab
1205 3019 1475 3083 sonabit.
1517 3018 1606 3081 Ex
1647 3022 1970 3084 mentibus
2011 3040 2161 3103 ergo
2197 3023 2365 3106 Apo—
2400 3020 2443 3085 C
2472 3024 2775 3107 quoniam
2836 3023 2977 3085 talis
3026 3022 3518 3086 communicatio
3574 3042 3699 3086 non
3749 3023 3966 3086 debuit

865 3119 1170 3183 stolorum
1223 3126 1286 3181 et
1333 3118 1605 3182 aliorum
1652 3120 1764 3200 qui
1813 3139 1960 3182 cum
2010 3122 2103 3183 eis
2149 3122 2215 3184 in
2260 3123 2363 3186 die

863 3216 1258 3281 Pentecostes
1289 3216 1596 3299 Spiritum
1625 3216 1924 3280 Sanctum
1960 3230 2362 3305 receperunt,

861 3315 1191 3379 fluxerunt
1239 3316 1538 3397 praedicta
1588 3315 1860 3379 flumina
1919 3337 2034 3401 per
2091 3338 2362 3402 evange-

861 3414 1050 3477 licam
1095 3414 1608 3497 praedicationem
1651 3416 1731 3478 ad
1775 3424 1974 3479 totum
2019 3420 2353 3495 mundum,

860 3514 1162 3595 quoniam
1196 3514 1462 3595 gratiam
1498 3513 1622 3575 sibi
1661 3514 1968 3579 divinitus
2010 3520 2360 3581 communi-

595 3628 829 3681 1P01r.1v,
861 3620 1086 3687 catam,
1113 3612 1180 3673 in
1207 3612 1365 3675 alios
1395 3612 2021 3689 administraverunt,
2058 3616 2225 3679 sicut
2252 3636 2360 3700 op-

567 3694 634 3735 10.

861 3710 1000 3773 timi
1036 3711 1500 3792 dispensatores
1529 3710 1943 3775 multiformis
1976 3716 2195 3794 gratiae
2223 3716 2353 3778 Dei.

966 3808 1290 3883 Praeterea,
1351 3810 1524 3890 quod
1587 3809 1886 3890 praedicta
1947 3811 2359 3894 intelligenda

859 3907 988 3970 sint
1026 3908 1103 3969 de
1142 3906 1458 3971 effusione
1501 3906 1774 3989 Spiritus
1819 3908 2028 3971 Sancti
2071 3911 2134 3972 in
2176 3913 2357 3994 signo

860 4004 1123 4081 visibili,
1165 4025 1358 4087 super
1400 4006 1732 4089 Apostolos
1777 4016 1838 4069 et
1881 4028 2025 4070 cum
2073 4010 2166 4072 eis
2209 4031 2358 4075 con-

858 4104 1152 4167 sistentes
1195 4105 1260 4167 in
1307 4105 1407 4167 die
1446 4104 1863 4181 PentecosteS,
1891 4109 2108 4189 pandit
2154 4109 2357 4174 Evan-

2480 1938 2839 2019 diligenter.
2874 1938 3139 2001 Causam
3170 1935 3343 1999 enim
3378 1956 3491 1999 cur
3520 1936 3795 2019 Spiritus
3824 1936 3969 1998 San-

2480 2044 2618 2099 ctus
2668 2038 2951 2101 nondum
3010 2038 3192 2099 datus
3242 2036 3366 2098 fuit
3422 2036 3541 2099 hoc
3592 2037 3780 2100 modo
3822 2035 3969 2097 assi-

2473 2154 2697 2216 gnanS,
2730 2134 3023 2217 adjunxit
3057 2153 3071 2197 ε
3106 2139 3263 2215 quia
3291 2137 3469 2195 Jesus
3506 2137 3799 2195 nondum
3834 2136 3969 2211 fue-

2472 2244 2578 2296 rat
2589 2237 3008 2313 ylorifi'catas,
3030 2233 3093 2296 id
3119 2242 3216 2295 est
3244 2253 3281 2295 a
3308 2242 3511 2297 morte
3542 2234 3963 2311 resuscitatuS,

2474 2340 2666 2414 atque
2723 2333 2789 2394 in
2851 2349 3116 2415 corpore
3174 2332 3491 2413 gloriosus
3550 2331 3841 2395 effectus.
3902 2332 3963 2393 ln

2476 2432 2689 2493 anima
2733 2432 2904 2493 enim
2951 2430 3075 2492 l'uit
3129 2429 3522 2511 glorificatus
3568 2450 3606 2493 a
3654 2430 3967 2514 principio

2477 2530 2950 2605 incarnationiS,
2986 2530 3339 2612 praesertim
3376 2537 3687 2611 quantum
3720 2531 3799 2593 ad
3830 2550 3969 2612 par-

2476 2638 2603 2693 tem
2644 2630 2874 2691 animae
2918 2628 3339 2710 superiorem.

2555 2729 2679 2792 Cur
2707 2746 2856 2809 ergo
2886 2726 3159 2810 Spiritus
3198 2728 3464 2789 Sanctus
3502 2728 3684 2789 datus
3717 2747 3841 2791 non
3875 2734 3967 2789 est

2475 2828 2662 2910 plene
2704 2835 2766 2889 et
2805 2826 2871 2889 in
2912 2827 3091 2907 signo
3132 2826 3373 2889 visibili
3416 2834 3562 2888 ante
3604 2826 3829 2889 Christi
3874 2844 3967 2888 re-

2474 2925 2987 2988 surrectionem?
3045 2909 3403 3006 Respondet
3460 2922 3962 3007 Chrysostomus,

2471 3123 2640 3198 fieri,
2682 3123 2807 3185 nisi
2854 3141 2968 3203 per
3009 3121 3240 3185 Christi
3290 3121 3650 3203 passionem
3689 3120 3968 3185 humano

2467 3240 2700 3303 genere
2739 3220 3161 3284 reconciliato.
3196 3219 3586 3300 Augustinus
3626 3238 3775 3283 vero
3816 3219 3967 3284 dicit

2470 3322 2641 3403 quod
2691 3320 2853 3395 ideo,
2889 3326 2958 3381 ut
3001 3336 3116 3401 per
3151 3325 3279 3380 tam
3324 3319 3645 3401 copiosam
3692 3316 3963 3400 Spiritus

2470 3420 2678 3481 Sancti
2755 3418 3181 3501 receptionem
3258 3417 3610 3480 certissime
3678 3418 3963 3501 suspire-

2470 3537 2611 3602 mus
2658 3519 2736 3580 ad
2776 3516 3067 3599 patriam,
3100 3517 3177 3578 ad
3224 3515 3506 3578 futuram
3556 3517 3964 3581 resurrectio-

2468 3634 2637 3692 nem,
2698 3616 2775 3678 ad
2834 3614 3080 3677 beatam
3144 3614 3704 3677 immortalitatem.
3766 3614 3959 3697 Cujus

2466 3712 2752 3776 Christus
2784 3714 2850 3775 in
2892 3730 2959 3774 se
2988 3713 3129 3795 ipso
3158 3712 3532 3776 monstravit
3568 3713 3954 3794 exemplum,

2464 3812 2829 3893 apparendo
2870 3812 3205 3893 discipulis
3252 3811 3316 3873 in
3360 3829 3509 3874 vero
3554 3830 3819 3893 corpore
3860 3831 3958 3876 ve-
4004 3837 4163 3881 acum.

2464 3912 2694 3972 raciter
2737 3910 3113 3992 glorificato.
3156 3910 3277 3973 Sed
3324 3909 3611 3972 litteralis
3646 3915 3746 3991 (ut
3791 3912 3957 3975 arbi-

2464 4012 2622 4089 tror)
2650 4010 2809 4073 ratio
2852 4017 2966 4085 est,
3004 4010 3307 4091 quoniam
3348 4010 3427 4071 ad
3476 4009 3597 4073 hoc
3635 4010 3818 4072 datus
3864 4018 3956 4073 est

2461 4107 2735 4191 Spiritus
2766 4110 3031 4171 Sanctus
3062 4116 3185 4170 tam
3220 4108 3473 4191 copiose
3503 4109 3569 4170 in
3602 4108 3781 4189 signo
3814 4110 3955 4173 visi-

854 4204 1098 4285 gelista,
1145 4203 1474 4267 subdendo
1508 4223 1521 4265 :
1557 4206 1868 4266 Nondum
1913 4209 2114 4278 enim,
2154 4228 2355 4290 quan·
2384 4216 2431 4277 D
2462 4208 2599 4283 bili,
2620 4216 2690 4268 ut
2716 4208 2998 4290 Apostoli
3029 4209 3204 4271 omni
3236 4207 3459 4271 notitia
3486 4208 3951 4290 Scripturarum

857 4303 937 4365 do
977 4302 1261 4366 Christus
1302 4302 1436 4365 haec
1471 4303 1857 4384 praedicavit,
1890 4316 2030 4366 erat
2058 4310 2353 4384 Spiritus

854 4400 1118 4465 Sanctus
1160 4405 1352 4463 datus
1396 4401 1720 4477 fidelibus,
1775 4403 2017 4465 scilicet
2066 4406 2130 4467 in
2182 4415 2353 4470 tanta

855 4500 1252 4582 plenitudine
1297 4508 1554 4582 tamque
1597 4502 1922 4565 evidenter
1963 4510 2033 4565 ut
2069 4513 2214 4586 post
2258 4525 2354 4569 re-

853 4600 1330 4675 surrectionem,
1351 4600 1606 4681 quando
1638 4598 1921 4663 Christus
1952 4602 2125 4664 dedit
2153 4602 2353 4686 Spiri-

851 4704 987 4759 tum
1018 4696 1316 4759 Sanctum
1349 4698 1414 4759 in
1446 4698 1626 4779 signo
1657 4698 1897 4761 visibili
1931 4717 1945 4761 :
1979 4701 2209 4781 primo,
2237 4722 2352 4785 per

567 4815 820 4871 amau,
851 4794 1378 4869 insufflationem,
1411 4804 1555 4858 ante
1600 4797 2082 4879 ascensionem3
2125 4818 2353 4863 secun-

555 4940 817 4994 Mhmm·
851 4894 951 4969 do,
1015 4912 1130 4975 per
1187 4894 1516 4974 ignearum
1573 4896 2038 4977 apparitionem
2098 4898 2349 4980 lingua-

849 5012 1016 5067 rum,
1051 4992 1117 5054 in
1161 4993 1264 5055 die
1309 4992 1728 5085 pentecostes.
1767 4994 1908 5055 Fuit
1950 5004 2163 5058 autem
2214 4996 2351 5079 Spi-

848 5092 1008 5153 ritus
1070 5090 1334 5153 Sanetus
1400 5093 1580 5155 datus
1637 5112 1674 5155 a
1736 5094 2056 5176 principio
2121 5098 2347 5160 mundi

849 5189 1164 5254 universis
1195 5190 1434 5265 electiS,
1459 5192 1762 5271 quoniam
1794 5192 2010 5255 nullus
2042 5194 2181 5255 sine
2210 5213 2351 5275 gra-

665 5354 669 5361 ,
775 5358 780 5365 ,
819 5286 935 5365 ‚tia
973 5286 1137 5368 ejuS,
1182 5288 1320 5350 sine
1365 5288 1548 5352 donis
1591 5289 1753 5371 ejuS,
1788 5291 1928 5353 sine
1970 5291 2101 5354 fide
2140 5300 2204 5354 et
2248 5313 2349 5355 ca-

2461 4307 2766 4387 omnique
2825 4326 2943 4368 usu
2997 4306 3359 4387 linguarum
3408 4306 3678 4389 impleti,
3724 4307 3952 4370 Christi

2464 4404 2873 4486 Evangelium
2904 4404 3145 4485 ubique
3174 4414 3239 4467 et
3265 4405 3769 4469 constantissime
3800 4425 3955 4488 prae-

2462 4503 2775 4584 dicarent;
2816 4510 2879 4565 et
2930 4502 3105 4578 item,
3161 4512 3228 4565 ut
3280 4521 3394 4585 per
3443 4504 3657 4585 igneas
3707 4504 3950 4586 linguas

2461 4600 2845 4683 figuraretur
2910 4603 3081 4683 quod
3152 4602 3401 4682 igneam
3470 4603 3671 4683 legem
3743 4610 3953 4665 essent

2461 4700 2885 4782 praedicaturi,
2913 4700 3332 4782 omniumque
3361 4700 3720 4781 linguarum
3754 4702 3953 4765 natio-

2461 4816 2572 4861 nes
2608 4799 2880 4862 docturi.
2917 4798 3056 4861 Haec
3086 4807 3298 4861 autem
3336 4800 3577 4880 agenda
3614 4819 3737 4863 non
3774 4807 3950 4863 erant

2460 4898 2583 4960 nisi
2636 4906 2778 4979 post
2822 4898 3352 4961 resurrectionem
3406 4917 3421 4961 ε
3476 4918 3620 4961 nam
3666 4908 3812 4961 ante
3860 4918 3951 4960 re-

2459 4998 2919 5061 surrectionem
2959 4997 3199 5060 dictum
3242 5005 3339 5060 est
3380 4997 3472 5060 eis
3490 5018 3547 5060 .a
3584 4998 3850 5074 Christo,
3882 4998 3947 5060 ln
3970 5024 4177 5073 mum.

2460 5097 2629 5159 viam
2664 5096 2951 5177 gentium
2994 5114 3072 5157 ne
3100 5096 3409 5160 abieritis.
3444 5096 3728 5185 Christus
3762 5098 3945 5159 etiam

2457 5194 2663 5258 noluit
2693 5214 2873 5257 suam
2906 5194 3301 5276 majestatem
3344 5202 3471 5258 tam
3502 5195 3826 5258 evidenter
3855 5214 3949 5259 os-

2454 5295 2713 5356 tendere
2750 5302 2895 5357 ante
2936 5293 3295 5376 passionem
3338 5301 3408 5356 ut
3446 5303 3681 5377 postea,
3718 5314 3798 5358 ne
3838 5312 3946 5358 sua
