<?xml version="1.0" encoding="UTF-8"?>
<!DOCTYPE html PUBLIC "-//W3C//DTD XHTML 1.0 Transitional//EN"
    "http://www.w3.org/TR/xhtml1/DTD/xhtml1-transitional.dtd">
<html xmlns="http://www.w3.org/1999/xhtml" xml:lang="en" lang="en">
 <head>
  <title>
</title>
<meta http-equiv="Content-Type" content="text/html;charset=utf-8" />
  <meta name='ocr-system' content='tesseract 3.04.00' />
  <meta name='ocr-capabilities' content='ocr_page ocr_carea ocr_par ocr_line ocrx_word'/>
</head>
<body>
  <div class='ocr_page' id='page_1' title='image "./doctorisecstati09unkngoog_0321.png"; bbox 0 0 4300 6259; ppageno 0'>
   <div class='ocr_carea' id='block_1_1' title="bbox 64 787 263 900">
    <p class='ocr_par' dir='ltr' id='par_1_1' title="bbox 64 787 263 900">
     <span class='ocr_line' id='line_1_1' title="bbox 106 787 263 829; baseline 0 0"><span class='ocrx_word' id='word_1_1' title='bbox 106 787 263 829; x_wconf 63' lang='lat' dir='ltr'><strong>Masta.</strong></span> 
     </span>
     <span class='ocr_line' id='line_1_2' title="bbox 64 853 245 900; baseline 0.006 -9"><span class='ocrx_word' id='word_1_2' title='bbox 64 864 183 900; x_wconf 72' lang='lat' dir='ltr'><strong>nun,</strong></span> <span class='ocrx_word' id='word_1_3' title='bbox 206 853 245 892; x_wconf 79' lang='lat'><strong>3.</strong></span> 
     </span>
    </p>
   </div>
   <div class='ocr_carea' id='block_1_2' title="bbox 1194 487 3468 556">
    <p class='ocr_par' dir='ltr' id='par_1_2' title="bbox 1194 487 3468 556">
     <span class='ocr_line' id='line_1_3' title="bbox 1194 487 3468 556; baseline 0 -3"><span class='ocrx_word' id='word_1_4' title='bbox 1194 506 1546 553; x_wconf 58' lang='lat' dir='ltr'><strong>manaa-rm</strong></span> <span class='ocrx_word' id='word_1_5' title='bbox 1587 506 1651 553; x_wconf 78' lang='lat' dir='ltr'><strong>m</strong></span> <span class='ocrx_word' id='word_1_6' title='bbox 1692 506 1830 553; x_wconf 69' lang='lat' dir='ltr'><strong>mr.</strong></span> <span class='ocrx_word' id='word_1_7' title='bbox 1874 506 2024 553; x_wconf 80' lang='lat' dir='ltr'><strong>mv</strong></span> <span class='ocrx_word' id='word_1_8' title='bbox 2066 506 2254 554; x_wconf 57' lang='lat' dir='ltr'><strong>Lucu.</strong></span> <span class='ocrx_word' id='word_1_9' title='bbox 2300 528 2380 538; x_wconf 93' lang='grc'><strong>-</strong></span> <span class='ocrx_word' id='word_1_10' title='bbox 2422 509 2566 556; x_wconf 56' lang='lat' dir='ltr'><strong>aar,</strong></span> <span class='ocrx_word' id='word_1_11' title='bbox 2611 512 2646 555; x_wconf 80' lang='lat' dir='ltr'>L</span> <span class='ocrx_word' id='word_1_12' title='bbox 3351 487 3468 554; x_wconf 73' lang='lat'><strong>251</strong></span> 
     </span>
    </p>
   </div>
   <div class='ocr_carea' id='block_1_3' title="bbox 334 676 3473 763">
    <p class='ocr_par' dir='ltr' id='par_1_3' title="bbox 334 676 3473 763">
     <span class='ocr_line' id='line_1_4' title="bbox 334 676 3473 763; baseline 0.002 -26"><span class='ocrx_word' id='word_1_13' title='bbox 334 676 634 757; x_wconf 80' lang='lat' dir='ltr'><strong>angeliS‚</strong></span> <span class='ocrx_word' id='word_1_14' title='bbox 672 678 853 741; x_wconf 85' lang='lat' dir='ltr'><strong>valde</strong></span> <span class='ocrx_word' id='word_1_15' title='bbox 902 680 1219 761; x_wconf 81' lang='lat' dir='ltr'><strong>pavebant</strong></span> <span class='ocrx_word' id='word_1_16' title='bbox 1252 700 1265 743; x_wconf 94' lang='lat'><strong>:</strong></span> <span class='ocrx_word' id='word_1_17' title='bbox 1301 681 1455 763; x_wconf 89' lang='lat' dir='ltr'><strong>quia</strong></span> <span class='ocrx_word' id='word_1_18' title='bbox 1501 700 1719 746; x_wconf 90' lang='lat' dir='ltr'><strong>eorum</strong></span> <span class='ocrx_word' id='word_1_19' title='bbox 1762 682 1871 744; x_wconf 92' lang='lat' dir='ltr'><strong>ad-</strong></span> <span class='ocrx_word' id='word_1_20' title='bbox 1898 678 1949 738; x_wconf 86' lang='lat' dir='ltr'><strong>A</strong></span> <span class='ocrx_word' id='word_1_21' title='bbox 1980 681 2340 761; x_wconf 87' lang='lat' dir='ltr'><strong>passionem</strong></span> <span class='ocrx_word' id='word_1_22' title='bbox 2390 690 2452 744; x_wconf 84' lang='lat' dir='ltr'><strong>et</strong></span> <span class='ocrx_word' id='word_1_23' title='bbox 2500 683 3024 745; x_wconf 88' lang='lat' dir='ltr'><strong>resurrectionem</strong></span> <span class='ocrx_word' id='word_1_24' title='bbox 3086 699 3264 744; x_wconf 90' lang='lat' dir='ltr'><strong>suam</strong></span> <span class='ocrx_word' id='word_1_25' title='bbox 3315 698 3473 761; x_wconf 81' lang='lat' dir='ltr'><strong>prae-</strong></span> 
     </span>
    </p>
   </div>
   <div class='ocr_carea' id='block_1_4' title="bbox 332 777 1873 1849">
    <p class='ocr_par' dir='ltr' id='par_1_4' title="bbox 332 777 1873 1849">
     <span class='ocr_line' id='line_1_5' title="bbox 336 777 1872 860; baseline 0.004 -24"><span class='ocrx_word' id='word_1_26' title='bbox 336 784 625 856; x_wconf 90' lang='lat' dir='ltr'><strong>spectus</strong></span> <span class='ocrx_word' id='word_1_27' title='bbox 667 785 799 839; x_wconf 89' lang='lat' dir='ltr'><strong>erat</strong></span> <span class='ocrx_word' id='word_1_28' title='bbox 834 786 898 839; x_wconf 94' lang='lat' dir='ltr'><strong>ut</strong></span> <span class='ocrx_word' id='word_1_29' title='bbox 934 777 1173 860; x_wconf 79' lang='lat' dir='ltr'><strong>fulgur,</strong></span> <span class='ocrx_word' id='word_1_30' title='bbox 1208 788 1278 842; x_wconf 88' lang='lat' dir='ltr'><strong>ut</strong></span> <span class='ocrx_word' id='word_1_31' title='bbox 1314 780 1637 843; x_wconf 83' lang='lat' dir='ltr'><strong>Matthaeus</strong></span> <span class='ocrx_word' id='word_1_32' title='bbox 1678 779 1872 843; x_wconf 79' lang='lat' dir='ltr'><strong>refert</strong></span> 
     </span>
     <span class='ocr_line' id='line_1_6' title="bbox 338 874 1871 960; baseline 0.005 -26"><span class='ocrx_word' id='word_1_33' title='bbox 338 874 423 935; x_wconf 91' lang='lat' dir='ltr'><strong>de</strong></span> <span class='ocrx_word' id='word_1_34' title='bbox 468 894 637 951; x_wconf 89' lang='lat' dir='ltr'><strong>uno,</strong></span> <span class='ocrx_word' id='word_1_35' title='bbox 677 895 793 938; x_wconf 89' lang='lat' dir='ltr'><strong>nec</strong></span> <span class='ocrx_word' id='word_1_36' title='bbox 831 878 1098 940; x_wconf 88' lang='lat' dir='ltr'><strong>dubium</strong></span> <span class='ocrx_word' id='word_1_37' title='bbox 1144 879 1302 960; x_wconf 90' lang='lat' dir='ltr'><strong>quin</strong></span> <span class='ocrx_word' id='word_1_38' title='bbox 1348 880 1515 941; x_wconf 89' lang='lat' dir='ltr'><strong>idem</strong></span> <span class='ocrx_word' id='word_1_39' title='bbox 1562 880 1644 941; x_wconf 88' lang='lat' dir='ltr'><strong>sit</strong></span> <span class='ocrx_word' id='word_1_40' title='bbox 1686 879 1871 941; x_wconf 91' lang='lat' dir='ltr'><strong>intel-</strong></span> 
     </span>
     <span class='ocr_line' id='line_1_7' title="bbox 341 973 1872 1057; baseline 0.003 -22"><span class='ocrx_word' id='word_1_41' title='bbox 341 973 697 1053; x_wconf 84' lang='lat' dir='ltr'><strong>ligendum</strong></span> <span class='ocrx_word' id='word_1_42' title='bbox 736 976 813 1037; x_wconf 89' lang='lat' dir='ltr'><strong>de</strong></span> <span class='ocrx_word' id='word_1_43' title='bbox 850 976 1011 1057; x_wconf 84' lang='lat' dir='ltr'><strong>ali03</strong></span> <span class='ocrx_word' id='word_1_44' title='bbox 1050 984 1111 1038; x_wconf 89' lang='lat' dir='ltr'><strong>et</strong></span> <span class='ocrx_word' id='word_1_45' title='bbox 1142 978 1384 1040; x_wconf 83' lang='lat' dir='ltr'><strong>coelesti</strong></span> <span class='ocrx_word' id='word_1_46' title='bbox 1425 978 1709 1040; x_wconf 87' lang='lat' dir='ltr'><strong>claritate</strong></span> <span class='ocrx_word' id='word_1_47' title='bbox 1747 977 1872 1040; x_wconf 81' lang='lat' dir='ltr'><strong>ful-</strong></span> 
     </span>
     <span class='ocr_line' id='line_1_8' title="bbox 333 1072 1873 1158; baseline 0.003 -24"><span class='ocrx_word' id='word_1_48' title='bbox 333 1072 619 1153; x_wconf 83' lang='lat' dir='ltr'><strong>gebant.</strong></span> <span class='ocrx_word' id='word_1_49' title='bbox 674 1072 750 1135; x_wconf 85' lang='lat' dir='ltr'><strong>Et</strong></span> <span class='ocrx_word' id='word_1_50' title='bbox 805 1075 959 1155; x_wconf 90' lang='lat' dir='ltr'><strong>quia</strong></span> <span class='ocrx_word' id='word_1_51' title='bbox 1018 1076 1081 1135; x_wconf 92' lang='lat' dir='ltr'><strong>in</strong></span> <span class='ocrx_word' id='word_1_52' title='bbox 1144 1076 1357 1158; x_wconf 92' lang='lat' dir='ltr'><strong>specie</strong></span> <span class='ocrx_word' id='word_1_53' title='bbox 1399 1076 1712 1156; x_wconf 85' lang='lat' dir='ltr'><strong>juvenum</strong></span> <span class='ocrx_word' id='word_1_54' title='bbox 1760 1096 1873 1158; x_wconf 88' lang='lat' dir='ltr'><strong>ap-</strong></span> 
     </span>
     <span class='ocr_line' id='line_1_9' title="bbox 336 1174 1870 1253; baseline 0.003 -20"><span class='ocrx_word' id='word_1_55' title='bbox 336 1180 722 1253; x_wconf 84' lang='lat' dir='ltr'><strong>paruerunt</strong></span> <span class='ocrx_word' id='word_1_56' title='bbox 772 1174 1079 1248; x_wconf 85' lang='lat' dir='ltr'><strong>virorum,</strong></span> <span class='ocrx_word' id='word_1_57' title='bbox 1134 1174 1391 1237; x_wconf 81' lang='lat' dir='ltr'><strong>feminae</strong></span> <span class='ocrx_word' id='word_1_58' title='bbox 1446 1176 1581 1237; x_wconf 81' lang='lat' dir='ltr'><strong>istae</strong></span> <span class='ocrx_word' id='word_1_59' title='bbox 1629 1176 1870 1239; x_wconf 71' lang='lat' dir='ltr'><strong>devotae</strong></span> 
     </span>
     <span class='ocr_line' id='line_1_10' title="bbox 332 1270 1870 1355; baseline 0.001 -22"><span class='ocrx_word' id='word_1_60' title='bbox 332 1270 547 1333; x_wconf 87' lang='lat' dir='ltr'><strong>etiam</strong></span> <span class='ocrx_word' id='word_1_61' title='bbox 604 1271 1026 1343; x_wconf 84' lang='lat' dir='ltr'><strong>erubuerunt,</strong></span> <span class='ocrx_word' id='word_1_62' title='bbox 1075 1281 1138 1335; x_wconf 89' lang='lat' dir='ltr'><strong>et</strong></span> <span class='ocrx_word' id='word_1_63' title='bbox 1184 1272 1378 1335; x_wconf 82' lang='lat' dir='ltr'><strong>facies</strong></span> <span class='ocrx_word' id='word_1_64' title='bbox 1430 1293 1575 1335; x_wconf 86' lang='lat' dir='ltr'><strong>suas</strong></span> <span class='ocrx_word' id='word_1_65' title='bbox 1619 1275 1870 1355; x_wconf 90' lang='lat' dir='ltr'><strong>depres-</strong></span> 
     </span>
     <span class='ocr_line' id='line_1_11' title="bbox 334 1370 1867 1453; baseline 0.002 -23"><span class='ocrx_word' id='word_1_66' title='bbox 334 1378 583 1431; x_wconf 89' lang='lat' dir='ltr'><strong>serunt</strong></span> <span class='ocrx_word' id='word_1_67' title='bbox 624 1370 947 1444; x_wconf 89' lang='lat' dir='ltr'><strong>deorsum,</strong></span> <span class='ocrx_word' id='word_1_68' title='bbox 982 1371 1166 1451; x_wconf 84' lang='lat' dir='ltr'><strong>quasi</strong></span> <span class='ocrx_word' id='word_1_69' title='bbox 1200 1371 1342 1434; x_wconf 89' lang='lat' dir='ltr'><strong>illos</strong></span> <span class='ocrx_word' id='word_1_70' title='bbox 1375 1372 1706 1453; x_wconf 81' lang='lat' dir='ltr'><strong>adspicere</strong></span> <span class='ocrx_word' id='word_1_71' title='bbox 1742 1391 1867 1435; x_wconf 92' lang='lat' dir='ltr'><strong>non</strong></span> 
     </span>
     <span class='ocr_line' id='line_1_12' title="bbox 332 1468 1871 1550; baseline 0.003 -23"><span class='ocrx_word' id='word_1_72' title='bbox 332 1468 690 1529; x_wconf 85' lang='lat' dir='ltr'><strong>audentes.</strong></span> <span class='ocrx_word' id='word_1_73' title='bbox 724 1469 1054 1529; x_wconf 72' lang='lat' dir='ltr'><strong>Dixerunt</strong></span> <span class='ocrx_word' id='word_1_74' title='bbox 1102 1469 1309 1550; x_wconf 80' lang='lat' dir='ltr'><strong>angeli</strong></span> <span class='ocrx_word' id='word_1_75' title='bbox 1361 1472 1450 1530; x_wconf 83' lang='lat' dir='ltr'><strong>acl</strong></span> <span class='ocrx_word' id='word_1_76' title='bbox 1493 1471 1669 1530; x_wconf 81' lang='lat' dir='ltr'><strong>illas,</strong></span> <span class='ocrx_word' id='word_1_77' title='bbox 1713 1469 1871 1533; x_wconf 89' lang='lat' dir='ltr'><strong>Con-</strong></span> 
     </span>
     <span class='ocr_line' id='line_1_13' title="bbox 336 1566 1869 1649; baseline 0.002 -21"><span class='ocrx_word' id='word_1_78' title='bbox 336 1567 637 1630; x_wconf 86' lang='lat' dir='ltr'><strong>suetudo</strong></span> <span class='ocrx_word' id='word_1_79' title='bbox 682 1566 1025 1649; x_wconf 81' lang='lat' dir='ltr'><strong>Scripturae</strong></span> <span class='ocrx_word' id='word_1_80' title='bbox 1073 1576 1189 1644; x_wconf 89' lang='lat' dir='ltr'><strong>est,</strong></span> <span class='ocrx_word' id='word_1_81' title='bbox 1232 1576 1303 1629; x_wconf 90' lang='lat' dir='ltr'><strong>ut</strong></span> <span class='ocrx_word' id='word_1_82' title='bbox 1350 1568 1692 1632; x_wconf 85' lang='lat' dir='ltr'><strong>multitudo</strong></span> <span class='ocrx_word' id='word_1_83' title='bbox 1736 1570 1869 1631; x_wconf 88' lang='lat' dir='ltr'><strong>sive</strong></span> 
     </span>
     <span class='ocr_line' id='line_1_14' title="bbox 338 1664 1872 1748; baseline 0.002 -22"><span class='ocrx_word' id='word_1_84' title='bbox 338 1666 631 1728; x_wconf 79' lang='lat' dir='ltr'><strong>societas</strong></span> <span class='ocrx_word' id='word_1_85' title='bbox 671 1664 880 1728; x_wconf 81' lang='lat' dir='ltr'><strong>facere</strong></span> <span class='ocrx_word' id='word_1_86' title='bbox 909 1673 1018 1727; x_wconf 87' lang='lat' dir='ltr'><strong>aut</strong></span> <span class='ocrx_word' id='word_1_87' title='bbox 1056 1666 1235 1748; x_wconf 91' lang='lat' dir='ltr'><strong>loqui</strong></span> <span class='ocrx_word' id='word_1_88' title='bbox 1269 1667 1535 1740; x_wconf 90' lang='lat' dir='ltr'><strong>dicatur,</strong></span> <span class='ocrx_word' id='word_1_89' title='bbox 1570 1668 1741 1748; x_wconf 91' lang='lat' dir='ltr'><strong>quod</strong></span> <span class='ocrx_word' id='word_1_90' title='bbox 1782 1667 1872 1729; x_wconf 82' lang='lat' dir='ltr'><strong>fa-</strong></span> 
     </span>
     <span class='ocr_line' id='line_1_15' title="bbox 340 1765 1869 1849; baseline 0.003 -24"><span class='ocrx_word' id='word_1_91' title='bbox 340 1765 433 1826; x_wconf 90' lang='lat' dir='ltr'><strong>cit</strong></span> <span class='ocrx_word' id='word_1_92' title='bbox 486 1773 607 1827; x_wconf 87' lang='lat' dir='ltr'><strong>aut</strong></span> <span class='ocrx_word' id='word_1_93' title='bbox 658 1765 944 1847; x_wconf 89' lang='lat' dir='ltr'><strong>loquitur</strong></span> <span class='ocrx_word' id='word_1_94' title='bbox 992 1786 1138 1848; x_wconf 92' lang='lat' dir='ltr'><strong>pars</strong></span> <span class='ocrx_word' id='word_1_95' title='bbox 1179 1767 1382 1849; x_wconf 89' lang='lat' dir='ltr'><strong>ipsius</strong></span> <span class='ocrx_word' id='word_1_96' title='bbox 1432 1785 1544 1829; x_wconf 89' lang='lat' dir='ltr'><strong>seu</strong></span> <span class='ocrx_word' id='word_1_97' title='bbox 1588 1788 1753 1829; x_wconf 91' lang='lat' dir='ltr'><strong>unus</strong></span> <span class='ocrx_word' id='word_1_98' title='bbox 1794 1786 1869 1829; x_wconf 83' lang='lat' dir='ltr'><strong>ex</strong></span> 
     </span>
    </p>
   </div>
   <div class='ocr_carea' id='block_1_5' title="bbox 1976 780 3681 1850">
    <p class='ocr_par' dir='ltr' id='par_1_5' title="bbox 1979 780 2159 842">
     <span class='ocr_line' id='line_1_16' title="bbox 1979 780 2159 842; baseline -0.011 0"><span class='ocrx_word' id='word_1_99' title='bbox 1979 780 2159 842; x_wconf 86' lang='lat' dir='ltr'>dixit.</span> 
     </span>
    </p>

    <p class='ocr_par' dir='ltr' id='par_1_6' title="bbox 1976 879 3681 1850">
     <span class='ocr_line' id='line_1_17' title="bbox 2057 879 3650 943; baseline -0.001 -2"><span class='ocrx_word' id='word_1_100' title='bbox 2057 882 2143 941; x_wconf 77' lang='lat' dir='ltr'><strong>Ec</strong></span> <span class='ocrx_word' id='word_1_101' title='bbox 2181 884 2528 943; x_wconf 83' lang='lat' dir='ltr'><strong>recordatce</strong></span> <span class='ocrx_word' id='word_1_102' title='bbox 2567 891 2720 941; x_wconf 73' lang='lat' dir='ltr'><strong>sunt</strong></span> <span class='ocrx_word' id='word_1_103' title='bbox 2752 880 3055 942; x_wconf 89' lang='lat' dir='ltr'><strong>mulieres</strong></span> <span class='ocrx_word' id='word_1_104' title='bbox 3095 879 3231 941; x_wconf 83' lang='lat' dir='ltr'><strong>istae</strong></span> <span class='ocrx_word' id='word_1_105' title='bbox 3264 882 3472 940; x_wconf 86' lang='lat' dir='ltr'><strong>verbo-</strong></span> <span class='ocrx_word' id='word_1_106' title='bbox 3615 886 3650 940; x_wconf 89' lang='lat'>8</span> 
     </span>
     <span class='ocr_line' id='line_1_18' title="bbox 1978 978 3472 1060; baseline 0.001 -23"><span class='ocrx_word' id='word_1_107' title='bbox 1978 999 2127 1038; x_wconf 84' lang='lat' dir='ltr'><strong>rum</strong></span> <span class='ocrx_word' id='word_1_108' title='bbox 2167 980 2308 1055; x_wconf 79' lang='lat' dir='ltr'><strong>ejus</strong></span> <span class='ocrx_word' id='word_1_109' title='bbox 2348 978 2478 1059; x_wconf 83' lang='lat' dir='ltr'><strong>jam</strong></span> <span class='ocrx_word' id='word_1_110' title='bbox 2526 986 2991 1060; x_wconf 82' lang='lat' dir='ltr'><strong>praetactorum,</strong></span> <span class='ocrx_word' id='word_1_111' title='bbox 3034 997 3178 1059; x_wconf 84' lang='lat' dir='ltr'><strong>quae</strong></span> <span class='ocrx_word' id='word_1_112' title='bbox 3215 996 3292 1039; x_wconf 84' lang='lat' dir='ltr'><strong>ex</strong></span> <span class='ocrx_word' id='word_1_113' title='bbox 3341 996 3472 1038; x_wconf 86' lang='lat' dir='ltr'><strong>ma-</strong></span> 
     </span>
     <span class='ocr_line' id='line_1_19' title="bbox 1976 1076 3474 1159; baseline -0.001 -21"><span class='ocrx_word' id='word_1_114' title='bbox 1976 1078 2311 1157; x_wconf 85' lang='lat' dir='ltr'><strong>gnitudine</strong></span> <span class='ocrx_word' id='word_1_115' title='bbox 2351 1078 2805 1159; x_wconf 86' lang='lat' dir='ltr'><strong>compassionis</strong></span> <span class='ocrx_word' id='word_1_116' title='bbox 2845 1085 2906 1139; x_wconf 92' lang='lat' dir='ltr'><strong>et</strong></span> <span class='ocrx_word' id='word_1_117' title='bbox 2946 1077 3179 1140; x_wconf 89' lang='lat' dir='ltr'><strong>doloris</strong></span> <span class='ocrx_word' id='word_1_118' title='bbox 3213 1076 3474 1138; x_wconf 82' lang='lat' dir='ltr'><strong>fuerunt</strong></span> 
     </span>
     <span class='ocr_line' id='line_1_20' title="bbox 1979 1176 3652 1253; baseline -0.002 -14"><span class='ocrx_word' id='word_1_119' title='bbox 1979 1176 2211 1239; x_wconf 82' lang='lat' dir='ltr'><strong>oblitae.</strong></span> <span class='ocrx_word' id='word_1_120' title='bbox 2248 1180 2334 1237; x_wconf 80' lang='lat' dir='ltr'><strong>Et</strong></span> <span class='ocrx_word' id='word_1_121' title='bbox 2369 1196 2665 1253; x_wconf 74' lang='lat' dir='ltr'><strong>reyressae</strong></span> <span class='ocrx_word' id='word_1_122' title='bbox 2694 1198 2733 1236; x_wconf 87' lang='lat' dir='ltr'><strong>a</strong></span> <span class='ocrx_word' id='word_1_123' title='bbox 2773 1185 3206 1245; x_wconf 75' lang='lat' dir='ltr'><strong>monumenw,</strong></span> <span class='ocrx_word' id='word_1_124' title='bbox 3233 1196 3476 1236; x_wconf 75' lang='lat' dir='ltr'><strong>renun-</strong></span> <span class='ocrx_word' id='word_1_125' title='bbox 3617 1182 3652 1236; x_wconf 88' lang='lat'>9</span> 
     </span>
     <span class='ocr_line' id='line_1_21' title="bbox 1982 1275 3470 1356; baseline 0.001 -22"><span class='ocrx_word' id='word_1_126' title='bbox 1982 1278 2312 1336; x_wconf 75' lang='lat' dir='ltr'><strong>tiaverunt</strong></span> <span class='ocrx_word' id='word_1_127' title='bbox 2341 1278 2474 1337; x_wconf 78' lang='lat' dir='ltr'><strong>hoec</strong></span> <span class='ocrx_word' id='word_1_128' title='bbox 2501 1277 2748 1345; x_wconf 86' lang='lat' dir='ltr'><strong>omnia,</strong></span> <span class='ocrx_word' id='word_1_129' title='bbox 2779 1294 2922 1356; x_wconf 83' lang='lat' dir='ltr'><strong>quae</strong></span> <span class='ocrx_word' id='word_1_130' title='bbox 2960 1275 3052 1336; x_wconf 90' lang='lat' dir='ltr'><strong>eis</strong></span> <span class='ocrx_word' id='word_1_131' title='bbox 3091 1275 3470 1348; x_wconf 83' lang='lat' dir='ltr'><strong>acciderant,</strong></span> 
     </span>
     <span class='ocr_line' id='line_1_22' title="bbox 1978 1372 3478 1455; baseline 0.001 -20"><span class='ocrx_word' id='word_1_132' title='bbox 1978 1380 2041 1435; x_wconf 90' lang='lat' dir='ltr'><strong>et</strong></span> <span class='ocrx_word' id='word_1_133' title='bbox 2078 1373 2274 1436; x_wconf 87' lang='lat' dir='ltr'><strong>verba</strong></span> <span class='ocrx_word' id='word_1_134' title='bbox 2311 1375 2430 1436; x_wconf 90' lang='lat' dir='ltr'><strong>ista</strong></span> <span class='ocrx_word' id='word_1_135' title='bbox 2468 1374 2772 1455; x_wconf 85' lang='lat' dir='ltr'><strong>angelica,</strong></span> <span class='ocrx_word' id='word_1_136' title='bbox 2808 1376 2945 1433; x_wconf 80' lang='lat' dir='ltr'><strong>illis</strong></span> <span class='ocrx_word' id='word_1_137' title='bbox 2983 1375 3284 1434; x_wconf 80' lang='lat' dir='ltr'><strong>undecim</strong></span> <span class='ocrx_word' id='word_1_138' title='bbox 3315 1372 3478 1455; x_wconf 84' lang='lat' dir='ltr'><strong>Apo-</strong></span> 
     </span>
     <span class='ocr_line' id='line_1_23' title="bbox 1980 1472 3476 1553; baseline -0.001 -19"><span class='ocrx_word' id='word_1_139' title='bbox 1980 1473 2180 1546; x_wconf 75' lang='lat' dir='ltr'><strong>stoliS,</strong></span> <span class='ocrx_word' id='word_1_140' title='bbox 2245 1491 2388 1535; x_wconf 89' lang='lat' dir='ltr'><strong>nam</strong></span> <span class='ocrx_word' id='word_1_141' title='bbox 2444 1473 2632 1535; x_wconf 76' lang='lat' dir='ltr'><strong>ludas</strong></span> <span class='ocrx_word' id='word_1_142' title='bbox 2689 1472 2819 1552; x_wconf 91' lang='lat' dir='ltr'><strong>jam</strong></span> <span class='ocrx_word' id='word_1_143' title='bbox 2879 1472 3089 1553; x_wconf 90' lang='lat' dir='ltr'><strong>periit,</strong></span> <span class='ocrx_word' id='word_1_144' title='bbox 3139 1482 3199 1532; x_wconf 80' lang='lat' dir='ltr'><strong>et</strong></span> <span class='ocrx_word' id='word_1_145' title='bbox 3253 1474 3476 1533; x_wconf 80' lang='lat' dir='ltr'><strong>ceteris</strong></span> 
     </span>
     <span class='ocr_line' id='line_1_24' title="bbox 1978 1569 3476 1652; baseline 0.001 -22"><span class='ocrx_word' id='word_1_146' title='bbox 1978 1573 2275 1632; x_wconf 80' lang='lat' dir='ltr'><strong>omnibus</strong></span> <span class='ocrx_word' id='word_1_147' title='bbox 2323 1570 2554 1633; x_wconf 79' lang='lat' dir='ltr'><strong>Christi</strong></span> <span class='ocrx_word' id='word_1_148' title='bbox 2615 1569 2968 1652; x_wconf 83' lang='lat' dir='ltr'><strong>discipulis,</strong></span> <span class='ocrx_word' id='word_1_149' title='bbox 3021 1570 3098 1631; x_wconf 89' lang='lat' dir='ltr'><strong>ad</strong></span> <span class='ocrx_word' id='word_1_150' title='bbox 3148 1589 3324 1632; x_wconf 91' lang='lat' dir='ltr'><strong>suam</strong></span> <span class='ocrx_word' id='word_1_151' title='bbox 3378 1588 3476 1632; x_wconf 92' lang='lat' dir='ltr'><strong>so-</strong></span> 
     </span>
     <span class='ocr_line' id='line_1_25' title="bbox 1979 1667 3681 1752; baseline -0.005 -20"><span class='ocrx_word' id='word_1_152' title='bbox 1979 1670 2270 1732; x_wconf 87' lang='lat' dir='ltr'><strong>cietatem</strong></span> <span class='ocrx_word' id='word_1_153' title='bbox 2305 1670 2792 1752; x_wconf 82' lang='lat' dir='ltr'><strong>pertinentibuS.</strong></span> <span class='ocrx_word' id='word_1_154' title='bbox 2819 1673 2976 1732; x_wconf 77' lang='lat' dir='ltr'><strong>Erat</strong></span> <span class='ocrx_word' id='word_1_155' title='bbox 3006 1680 3222 1731; x_wconf 87' lang='lat' dir='ltr'><strong>autem</strong></span> <span class='ocrx_word' id='word_1_156' title='bbox 3253 1670 3474 1731; x_wconf 85' lang='lat' dir='ltr'><strong>Maria</strong></span> <span class='ocrx_word' id='word_1_157' title='bbox 3612 1667 3681 1725; x_wconf 83' lang='lat'><strong>10</strong></span> 
     </span>
     <span class='ocr_line' id='line_1_26' title="bbox 1978 1766 3473 1850; baseline -0.002 -19"><span class='ocrx_word' id='word_1_158' title='bbox 1978 1772 2392 1845; x_wconf 70' lang='lat' dir='ltr'><strong>Maqdalene,</strong></span> <span class='ocrx_word' id='word_1_159' title='bbox 2439 1788 2583 1850; x_wconf 83' lang='lat' dir='ltr'><strong>quae</strong></span> <span class='ocrx_word' id='word_1_160' title='bbox 2641 1766 2764 1831; x_wconf 82' lang='lat' dir='ltr'><strong>fuit</strong></span> <span class='ocrx_word' id='word_1_161' title='bbox 2819 1767 3339 1843; x_wconf 87' lang='lat' dir='ltr'><strong>familiarissima,</strong></span> <span class='ocrx_word' id='word_1_162' title='bbox 3391 1768 3473 1829; x_wconf 85' lang='lat' dir='ltr'><strong>fi-</strong></span> 
     </span>
    </p>
   </div>
   <div class='ocr_carea' id='block_1_6' title="bbox 340 1862 3478 1945">
    <p class='ocr_par' dir='ltr' id='par_1_7' title="bbox 340 1862 3478 1945">
     <span class='ocr_line' id='line_1_27' title="bbox 340 1862 3478 1945; baseline 0.001 -20"><span class='ocrx_word' id='word_1_163' title='bbox 340 1882 441 1925; x_wconf 87' lang='lat' dir='ltr'><strong>ea.</strong></span> <span class='ocrx_word' id='word_1_164' title='bbox 492 1862 603 1926; x_wconf 92' lang='lat' dir='ltr'><strong>Sic</strong></span> <span class='ocrx_word' id='word_1_165' title='bbox 657 1883 829 1927; x_wconf 91' lang='lat' dir='ltr'><strong>nunc</strong></span> <span class='ocrx_word' id='word_1_166' title='bbox 877 1865 1087 1945; x_wconf 82' lang='lat' dir='ltr'><strong>angeli</strong></span> <span class='ocrx_word' id='word_1_167' title='bbox 1138 1866 1242 1927; x_wconf 89' lang='lat' dir='ltr'><strong>isti</strong></span> <span class='ocrx_word' id='word_1_168' title='bbox 1292 1866 1529 1928; x_wconf 83' lang='lat' dir='ltr'><strong>dixisse</strong></span> <span class='ocrx_word' id='word_1_169' title='bbox 1577 1866 1872 1929; x_wconf 89' lang='lat' dir='ltr'><strong>scribun-</strong></span> <span class='ocrx_word' id='word_1_170' title='bbox 1906 1866 1951 1927; x_wconf 90' lang='lat' dir='ltr'>B</span> <span class='ocrx_word' id='word_1_171' title='bbox 1979 1867 2302 1929; x_wconf 88' lang='lat' dir='ltr'><strong>dclissima</strong></span> <span class='ocrx_word' id='word_1_172' title='bbox 2349 1887 2421 1929; x_wconf 89' lang='lat' dir='ltr'><strong>ac</strong></span> <span class='ocrx_word' id='word_1_173' title='bbox 2469 1866 2942 1929; x_wconf 87' lang='lat' dir='ltr'><strong>ferventissima</strong></span> <span class='ocrx_word' id='word_1_174' title='bbox 2999 1866 3229 1930; x_wconf 84' lang='lat' dir='ltr'><strong>Christi</strong></span> <span class='ocrx_word' id='word_1_175' title='bbox 3290 1866 3478 1929; x_wconf 86' lang='lat' dir='ltr'><strong>disci-</strong></span> 
     </span>
    </p>
   </div>
   <div class='ocr_carea' id='block_1_7' title="bbox 339 1963 1873 2836">
    <p class='ocr_par' dir='ltr' id='par_1_8' title="bbox 339 1963 1873 2836">
     <span class='ocr_line' id='line_1_28' title="bbox 339 1963 1873 2046; baseline 0.003 -23"><span class='ocrx_word' id='word_1_176' title='bbox 339 1970 478 2036; x_wconf 86' lang='lat' dir='ltr'><strong>tur,</strong></span> <span class='ocrx_word' id='word_1_177' title='bbox 536 1963 719 2043; x_wconf 91' lang='lat' dir='ltr'><strong>quod</strong></span> <span class='ocrx_word' id='word_1_178' title='bbox 778 1982 945 2025; x_wconf 89' lang='lat' dir='ltr'><strong>unus</strong></span> <span class='ocrx_word' id='word_1_179' title='bbox 1005 1964 1164 2026; x_wconf 85' lang='lat' dir='ltr'><strong>dixit</strong></span> <span class='ocrx_word' id='word_1_180' title='bbox 1212 1983 1288 2027; x_wconf 83' lang='lat' dir='ltr'><strong>ex</strong></span> <span class='ocrx_word' id='word_1_181' title='bbox 1340 1982 1610 2046; x_wconf 91' lang='lat' dir='ltr'><strong>persona</strong></span> <span class='ocrx_word' id='word_1_182' title='bbox 1660 1964 1873 2027; x_wconf 89' lang='lat' dir='ltr'><strong>ambo-</strong></span> 
     </span>
     <span class='ocr_line' id='line_1_29' title="bbox 343 2065 1873 2141; baseline 0.001 -19"><span class='ocrx_word' id='word_1_183' title='bbox 343 2080 528 2123; x_wconf 85' lang='lat' dir='ltr'><strong>rum.</strong></span> <span class='ocrx_word' id='word_1_184' title='bbox 584 2065 763 2131; x_wconf 76' lang='lat' dir='ltr'><strong>Quid</strong></span> <span class='ocrx_word' id='word_1_185' title='bbox 806 2065 1102 2141; x_wconf 79' lang='lat' dir='ltr'><strong>quoeritis</strong></span> <span class='ocrx_word' id='word_1_186' title='bbox 1149 2066 1469 2125; x_wconf 80' lang='lat' dir='ltr'><strong>viventem</strong></span> <span class='ocrx_word' id='word_1_187' title='bbox 1507 2084 1655 2125; x_wconf 87' lang='lat' dir='ltr'><strong>cum</strong></span> <span class='ocrx_word' id='word_1_188' title='bbox 1704 2084 1873 2125; x_wconf 85' lang='lat' dir='ltr'><strong>mor-</strong></span> 
     </span>
     <span class='ocr_line' id='line_1_30' title="bbox 342 2161 1869 2237; baseline 0.003 -18"><span class='ocrx_word' id='word_1_189' title='bbox 342 2161 611 2222; x_wconf 60' lang='lat' dir='ltr'><strong>tuis-fid</strong></span> <span class='ocrx_word' id='word_1_190' title='bbox 646 2168 759 2236; x_wconf 91' lang='lat' dir='ltr'><strong>est,</strong></span> <span class='ocrx_word' id='word_1_191' title='bbox 778 2180 892 2223; x_wconf 88' lang='lat' dir='ltr'><strong>cur</strong></span> <span class='ocrx_word' id='word_1_192' title='bbox 919 2161 1133 2223; x_wconf 84' lang='lat' dir='ltr'><strong>Jesum</strong></span> <span class='ocrx_word' id='word_1_193' title='bbox 1155 2161 1495 2237; x_wconf 90' lang='lat' dir='ltr'><strong>Christum,</strong></span> <span class='ocrx_word' id='word_1_194' title='bbox 1514 2164 1869 2224; x_wconf 89' lang='lat' dir='ltr'><strong>secundum</strong></span> 
     </span>
     <span class='ocr_line' id='line_1_31' title="bbox 341 2259 1873 2323; baseline 0.001 -3"><span class='ocrx_word' id='word_1_195' title='bbox 341 2278 537 2321; x_wconf 87' lang='lat' dir='ltr'><strong>suam</strong></span> <span class='ocrx_word' id='word_1_196' title='bbox 591 2259 893 2321; x_wconf 83' lang='lat' dir='ltr'><strong>deitatem</strong></span> <span class='ocrx_word' id='word_1_197' title='bbox 952 2259 1333 2321; x_wconf 64' lang='lat' dir='ltr'><strong>aeternaliter</strong></span> <span class='ocrx_word' id='word_1_198' title='bbox 1383 2260 1873 2323; x_wconf 88' lang='lat' dir='ltr'><strong>invariabiliter-</strong></span> 
     </span>
     <span class='ocr_line' id='line_1_32' title="bbox 340 2358 1867 2440; baseline 0.001 -20"><span class='ocrx_word' id='word_1_199' title='bbox 340 2376 479 2439; x_wconf 89' lang='lat' dir='ltr'><strong>que</strong></span> <span class='ocrx_word' id='word_1_200' title='bbox 531 2358 883 2433; x_wconf 76' lang='lat' dir='ltr'><strong>viventem,</strong></span> <span class='ocrx_word' id='word_1_201' title='bbox 927 2366 1121 2440; x_wconf 88' lang='lat' dir='ltr'><strong>atque</strong></span> <span class='ocrx_word' id='word_1_202' title='bbox 1170 2360 1523 2422; x_wconf 90' lang='lat' dir='ltr'><strong>secundum</strong></span> <span class='ocrx_word' id='word_1_203' title='bbox 1580 2367 1867 2421; x_wconf 86' lang='lat' dir='ltr'><strong>naturam</strong></span> 
     </span>
     <span class='ocr_line' id='line_1_33' title="bbox 342 2458 1868 2540; baseline 0 -21"><span class='ocrx_word' id='word_1_204' title='bbox 342 2465 757 2539; x_wconf 87' lang='lat' dir='ltr'><strong>assumptam</strong></span> <span class='ocrx_word' id='word_1_205' title='bbox 815 2458 946 2538; x_wconf 88' lang='lat' dir='ltr'><strong>jam</strong></span> <span class='ocrx_word' id='word_1_206' title='bbox 1005 2458 1403 2533; x_wconf 88' lang='lat' dir='ltr'><strong>suscitatum,</strong></span> <span class='ocrx_word' id='word_1_207' title='bbox 1456 2459 1743 2540; x_wconf 83' lang='lat' dir='ltr'><strong>quaeritis</strong></span> <span class='ocrx_word' id='word_1_208' title='bbox 1803 2459 1868 2520; x_wconf 91' lang='lat' dir='ltr'><strong>in</strong></span> 
     </span>
     <span class='ocr_line' id='line_1_34' title="bbox 344 2557 1867 2640; baseline -0.001 -22"><span class='ocrx_word' id='word_1_209' title='bbox 344 2557 665 2640; x_wconf 89' lang='lat' dir='ltr'><strong>sepulcro</strong></span> <span class='ocrx_word' id='word_1_210' title='bbox 704 2558 885 2638; x_wconf 88' lang='lat' dir='ltr'><strong>quasi</strong></span> <span class='ocrx_word' id='word_1_211' title='bbox 931 2576 1133 2619; x_wconf 92' lang='lat' dir='ltr'><strong>unum</strong></span> <span class='ocrx_word' id='word_1_212' title='bbox 1163 2575 1241 2619; x_wconf 82' lang='lat' dir='ltr'><strong>ex</strong></span> <span class='ocrx_word' id='word_1_213' title='bbox 1276 2557 1543 2619; x_wconf 84' lang='lat' dir='ltr'><strong>mortuis</strong></span> <span class='ocrx_word' id='word_1_214' title='bbox 1586 2558 1867 2620; x_wconf 89' lang='lat' dir='ltr'><strong>nondum</strong></span> 
     </span>
     <span class='ocr_line' id='line_1_35' title="bbox 345 2656 1872 2738; baseline 0 -21"><span class='ocrx_word' id='word_1_215' title='bbox 345 2656 814 2718; x_wconf 66' lang='lat' dir='ltr'><strong>resuscitatis?</strong></span> <span class='ocrx_word' id='word_1_216' title='bbox 863 2656 1313 2718; x_wconf 75' lang='lat' dir='ltr'><strong>Verumtamen</strong></span> <span class='ocrx_word' id='word_1_217' title='bbox 1374 2663 1714 2738; x_wconf 84' lang='lat' dir='ltr'><strong>antequam</strong></span> <span class='ocrx_word' id='word_1_218' title='bbox 1762 2676 1872 2718; x_wconf 89' lang='lat' dir='ltr'><strong>an-</strong></span> 
     </span>
     <span class='ocr_line' id='line_1_36' title="bbox 342 2754 1871 2836; baseline 0 -20"><span class='ocrx_word' id='word_1_219' title='bbox 342 2755 539 2835; x_wconf 82' lang='lat' dir='ltr'><strong>gelus</strong></span> <span class='ocrx_word' id='word_1_220' title='bbox 573 2754 773 2817; x_wconf 87' lang='lat' dir='ltr'><strong>verba</strong></span> <span class='ocrx_word' id='word_1_221' title='bbox 802 2755 935 2817; x_wconf 82' lang='lat' dir='ltr'><strong>haec</strong></span> <span class='ocrx_word' id='word_1_222' title='bbox 968 2755 1249 2836; x_wconf 89' lang='lat' dir='ltr'><strong>protulit,</strong></span> <span class='ocrx_word' id='word_1_223' title='bbox 1267 2754 1710 2818; x_wconf 90' lang='lat' dir='ltr'><strong>consolabatur</strong></span> <span class='ocrx_word' id='word_1_224' title='bbox 1740 2775 1871 2816; x_wconf 90' lang='lat' dir='ltr'><strong>mu-</strong></span> 
     </span>
    </p>
   </div>
   <div class='ocr_carea' id='block_1_8' title="bbox 72 2852 1871 2969">
    <p class='ocr_par' dir='ltr' id='par_1_9' title="bbox 72 2852 1871 2969">
     <span class='ocr_line' id='line_1_37' title="bbox 72 2852 1871 2969; baseline 0.004 -61"><span class='ocrx_word' id='word_1_225' title='bbox 72 2864 287 2969; x_wconf 37' lang='lat'><strong>2¹23?</strong></span> <span class='ocrx_word' id='word_1_226' title='bbox 347 2854 573 2928; x_wconf 77' lang='lat' dir='ltr'><strong>liereS‚</strong></span> <span class='ocrx_word' id='word_1_227' title='bbox 624 2853 893 2916; x_wconf 88' lang='lat' dir='ltr'><strong>dicendo</strong></span> <span class='ocrx_word' id='word_1_228' title='bbox 936 2872 949 2915; x_wconf 91' lang='lat'>:</span> <span class='ocrx_word' id='word_1_229' title='bbox 992 2852 1197 2916; x_wconf 87' lang='lat' dir='ltr'><strong>Nolite</strong></span> <span class='ocrx_word' id='word_1_230' title='bbox 1246 2871 1686 2934; x_wconf 87' lang='lat' dir='ltr'><strong>expavescere,</strong></span> <span class='ocrx_word' id='word_1_231' title='bbox 1740 2853 1871 2915; x_wconf 89' lang='lat' dir='ltr'><strong>scio</strong></span> 
     </span>
    </p>
   </div>
   <div class='ocr_carea' id='block_1_9' title="bbox 260 2942 1871 3033">
    <p class='ocr_par' dir='ltr' id='par_1_10' title="bbox 260 2942 1871 3033">
     <span class='ocr_line' id='line_1_38' title="bbox 260 2942 1871 3033; baseline -0.002 -18"><span class='ocrx_word' id='word_1_232' title='bbox 260 2942 315 2978; x_wconf 57' lang='lat'><strong>‘¹&#39;</strong></span> <span class='ocrx_word' id='word_1_233' title='bbox 348 2953 537 3015; x_wconf 89' lang='lat' dir='ltr'><strong>enim</strong></span> <span class='ocrx_word' id='word_1_234' title='bbox 576 2953 750 3033; x_wconf 88' lang='lat' dir='ltr'><strong>quod</strong></span> <span class='ocrx_word' id='word_1_235' title='bbox 788 2951 1003 3014; x_wconf 74' lang='lat' dir='ltr'><strong>lesum</strong></span> <span class='ocrx_word' id='word_1_236' title='bbox 1047 2952 1356 3033; x_wconf 80' lang='lat' dir='ltr'><strong>quaeritiS.</strong></span> <span class='ocrx_word' id='word_1_237' title='bbox 1391 2950 1469 3013; x_wconf 86' lang='lat' dir='ltr'><strong>Et</strong></span> <span class='ocrx_word' id='word_1_238' title='bbox 1508 2960 1661 3014; x_wconf 89' lang='lat' dir='ltr'><strong>tunc</strong></span> <span class='ocrx_word' id='word_1_239' title='bbox 1705 2952 1871 3014; x_wconf 90' lang='lat' dir='ltr'><strong>inter</strong></span> 
     </span>
    </p>
   </div>
   <div class='ocr_carea' id='block_1_10' title="bbox 1975 1965 3766 2935">
    <p class='ocr_par' dir='ltr' id='par_1_11' title="bbox 1978 1965 3476 2147">
     <span class='ocr_line' id='line_1_39' title="bbox 1980 1965 3474 2048; baseline 0.001 -22"><span class='ocrx_word' id='word_1_240' title='bbox 1980 1966 2149 2048; x_wconf 88' lang='lat' dir='ltr'><strong>pula‚</strong></span> <span class='ocrx_word' id='word_1_241' title='bbox 2174 1978 2233 2028; x_wconf 81' lang='lat' dir='ltr'><strong>et</strong></span> <span class='ocrx_word' id='word_1_242' title='bbox 2249 1970 2502 2028; x_wconf 82' lang='lat' dir='ltr'><strong>Joanna</strong></span> <span class='ocrx_word' id='word_1_243' title='bbox 2532 1966 2764 2045; x_wconf 87' lang='lat' dir='ltr'><strong>conjux</strong></span> <span class='ocrx_word' id='word_1_244' title='bbox 2798 1965 3020 2028; x_wconf 83' lang='lat' dir='ltr'><strong>Chusae</strong></span> <span class='ocrx_word' id='word_1_245' title='bbox 3051 1966 3474 2047; x_wconf 86' lang='lat' dir='ltr'><strong>procuratoris</strong></span> 
     </span>
     <span class='ocr_line' id='line_1_40' title="bbox 1978 2064 3476 2147; baseline 0 -22"><span class='ocrx_word' id='word_1_246' title='bbox 1978 2065 2262 2138; x_wconf 86' lang='lat' dir='ltr'><strong>Herodis,</strong></span> <span class='ocrx_word' id='word_1_247' title='bbox 2304 2083 2496 2147; x_wconf 91' lang='lat' dir='ltr'><strong>quam</strong></span> <span class='ocrx_word' id='word_1_248' title='bbox 2542 2064 2846 2127; x_wconf 87' lang='lat' dir='ltr'><strong>Dominus</strong></span> <span class='ocrx_word' id='word_1_249' title='bbox 2887 2064 3066 2127; x_wconf 85' lang='lat' dir='ltr'><strong>Jesus</strong></span> <span class='ocrx_word' id='word_1_250' title='bbox 3110 2064 3374 2139; x_wconf 87' lang='lat' dir='ltr'><strong>sanavit,</strong></span> <span class='ocrx_word' id='word_1_251' title='bbox 3415 2074 3476 2125; x_wconf 75' lang='lat' dir='ltr'><strong>et</strong></span> 
     </span>
    </p>

    <p class='ocr_par' dir='ltr' id='par_1_12' title="bbox 1975 2160 3766 2935">
     <span class='ocr_line' id='line_1_41' title="bbox 1978 2160 3766 2237; baseline -0.004 -12"><span class='ocrx_word' id='word_1_252' title='bbox 1978 2166 2202 2225; x_wconf 82' lang='lat' dir='ltr'><strong>Maria</strong></span> <span class='ocrx_word' id='word_1_253' title='bbox 2237 2165 2458 2224; x_wconf 84' lang='lat' dir='ltr'><strong>Jacobi</strong></span> <span class='ocrx_word' id='word_1_254' title='bbox 2499 2170 2720 2233; x_wconf 89' lang='lat' dir='ltr'><strong>mater,</strong></span> <span class='ocrx_word' id='word_1_255' title='bbox 2765 2171 2826 2225; x_wconf 89' lang='lat' dir='ltr'><strong>et</strong></span> <span class='ocrx_word' id='word_1_256' title='bbox 2869 2164 3059 2225; x_wconf 86' lang='lat' dir='ltr'><strong>etiam</strong></span> <span class='ocrx_word' id='word_1_257' title='bbox 3103 2160 3370 2237; x_wconf 89' lang='lat' dir='ltr'><strong>Salome,</strong></span> <span class='ocrx_word' id='word_1_258' title='bbox 3405 2170 3476 2223; x_wconf 89' lang='lat' dir='ltr'><strong>ut</strong></span> <span class='ocrx_word' id='word_1_259' title='bbox 3515 2177 3766 2228; x_wconf 55' lang='lat' dir='ltr'><strong>Marem-1,</strong></span> 
     </span>
     <span class='ocr_line' id='line_1_42' title="bbox 1980 2243 3543 2341; baseline -0.001 -19"><span class='ocrx_word' id='word_1_260' title='bbox 1980 2262 2045 2323; x_wconf 93' lang='lat' dir='ltr'><strong>in</strong></span> <span class='ocrx_word' id='word_1_261' title='bbox 2095 2261 2298 2324; x_wconf 86' lang='lat' dir='ltr'><strong>Marco</strong></span> <span class='ocrx_word' id='word_1_262' title='bbox 2349 2260 2599 2341; x_wconf 85' lang='lat' dir='ltr'><strong>legitur,</strong></span> <span class='ocrx_word' id='word_1_263' title='bbox 2644 2270 2705 2321; x_wconf 78' lang='lat' dir='ltr'><strong>et</strong></span> <span class='ocrx_word' id='word_1_264' title='bbox 2750 2270 2968 2323; x_wconf 80' lang='lat' dir='ltr'><strong>ceteroe</strong></span> <span class='ocrx_word' id='word_1_265' title='bbox 3010 2282 3149 2341; x_wconf 71' lang='lat' dir='ltr'><strong>quse</strong></span> <span class='ocrx_word' id='word_1_266' title='bbox 3190 2281 3336 2322; x_wconf 87' lang='lat' dir='ltr'><strong>cum</strong></span> <span class='ocrx_word' id='word_1_267' title='bbox 3382 2263 3475 2322; x_wconf 78' lang='lat' dir='ltr'><strong>eis</strong></span> <span class='ocrx_word' id='word_1_268' title='bbox 3505 2243 3543 2284; x_wconf 89' lang='lat'><strong>¹·</strong></span> 
     </span>
     <span class='ocr_line' id='line_1_43' title="bbox 1975 2361 3474 2439; baseline 0 -18"><span class='ocrx_word' id='word_1_269' title='bbox 1975 2370 2192 2429; x_wconf 73' lang='lat' dir='ltr'><strong>erant,</strong></span> <span class='ocrx_word' id='word_1_270' title='bbox 2230 2381 2374 2439; x_wconf 61' lang='lat' dir='ltr'><strong>qua)</strong></span> <span class='ocrx_word' id='word_1_271' title='bbox 2406 2361 2702 2421; x_wconf 77' lang='lat' dir='ltr'><strong>dicebant</strong></span> <span class='ocrx_word' id='word_1_272' title='bbox 2738 2363 2826 2421; x_wconf 83' lang='lat' dir='ltr'><strong>ad</strong></span> <span class='ocrx_word' id='word_1_273' title='bbox 2859 2364 3190 2439; x_wconf 66' lang='lat' dir='ltr'><strong>Apostolos</strong></span> <span class='ocrx_word' id='word_1_274' title='bbox 3223 2364 3380 2430; x_wconf 81' lang='lat' dir='ltr'><strong>hoec,</strong></span> <span class='ocrx_word' id='word_1_275' title='bbox 3411 2367 3474 2423; x_wconf 86' lang='lat' dir='ltr'><strong>et</strong></span> 
     </span>
     <span class='ocr_line' id='line_1_44' title="bbox 1979 2457 3472 2541; baseline 0.001 -20"><span class='ocrx_word' id='word_1_276' title='bbox 1979 2459 2129 2522; x_wconf 89' lang='lat' dir='ltr'><strong>item</strong></span> <span class='ocrx_word' id='word_1_277' title='bbox 2171 2460 2248 2521; x_wconf 90' lang='lat' dir='ltr'><strong>ad</strong></span> <span class='ocrx_word' id='word_1_278' title='bbox 2287 2457 2466 2532; x_wconf 83' lang='lat' dir='ltr'><strong>alios,</strong></span> <span class='ocrx_word' id='word_1_279' title='bbox 2504 2458 2668 2520; x_wconf 90' lang='lat' dir='ltr'><strong>sicut</strong></span> <span class='ocrx_word' id='word_1_280' title='bbox 2705 2458 2835 2538; x_wconf 89' lang='lat' dir='ltr'><strong>jam</strong></span> <span class='ocrx_word' id='word_1_281' title='bbox 2874 2459 3112 2540; x_wconf 82' lang='lat' dir='ltr'><strong>patuit3</strong></span> <span class='ocrx_word' id='word_1_282' title='bbox 3158 2460 3266 2521; x_wconf 91' lang='lat' dir='ltr'><strong>sed</strong></span> <span class='ocrx_word' id='word_1_283' title='bbox 3309 2458 3472 2541; x_wconf 84' lang='lat' dir='ltr'><strong>Apo-</strong></span> 
     </span>
     <span class='ocr_line' id='line_1_45' title="bbox 1978 2557 3467 2639; baseline -0.001 -19"><span class='ocrx_word' id='word_1_284' title='bbox 1978 2558 2169 2620; x_wconf 90' lang='lat' dir='ltr'><strong>stolos</strong></span> <span class='ocrx_word' id='word_1_285' title='bbox 2201 2566 2505 2639; x_wconf 90' lang='lat' dir='ltr'><strong>tanquam</strong></span> <span class='ocrx_word' id='word_1_286' title='bbox 2542 2557 3022 2639; x_wconf 87' lang='lat' dir='ltr'><strong>principaliores</strong></span> <span class='ocrx_word' id='word_1_287' title='bbox 3056 2558 3184 2636; x_wconf 90' lang='lat' dir='ltr'><strong>jam</strong></span> <span class='ocrx_word' id='word_1_288' title='bbox 3217 2558 3467 2639; x_wconf 85' lang='lat' dir='ltr'><strong>repetit.</strong></span> 
     </span>
     <span class='ocr_line' id='line_1_46' title="bbox 1978 2657 3472 2718; baseline 0.001 -1"><span class='ocrx_word' id='word_1_289' title='bbox 1978 2658 2063 2717; x_wconf 75' lang='lat' dir='ltr'><strong>Ec</strong></span> <span class='ocrx_word' id='word_1_290' title='bbox 2088 2657 2228 2717; x_wconf 78' lang='lat' dir='ltr'><strong>visa</strong></span> <span class='ocrx_word' id='word_1_291' title='bbox 2257 2666 2409 2716; x_wconf 76' lang='lat' dir='ltr'><strong>sunt</strong></span> <span class='ocrx_word' id='word_1_292' title='bbox 2435 2666 2582 2717; x_wconf 76' lang='lat' dir='ltr'><strong>ante</strong></span> <span class='ocrx_word' id='word_1_293' title='bbox 2611 2658 2754 2715; x_wconf 82' lang='lat' dir='ltr'><strong>illos</strong></span> <span class='ocrx_word' id='word_1_294' title='bbox 2781 2657 2948 2717; x_wconf 76' lang='lat' dir='ltr'><strong>sicut</strong></span> <span class='ocrx_word' id='word_1_295' title='bbox 2970 2658 3472 2718; x_wconf 75' lang='lat' dir='ltr'><strong>deliramentum</strong></span> 
     </span>
     <span class='ocr_line' id='line_1_47' title="bbox 1981 2754 3672 2836; baseline -0.003 -21"><span class='ocrx_word' id='word_1_296' title='bbox 1981 2758 2171 2815; x_wconf 78' lang='lat' dir='ltr'><strong>verba</strong></span> <span class='ocrx_word' id='word_1_297' title='bbox 2203 2756 2347 2821; x_wconf 78' lang='lat' dir='ltr'><strong>isca,</strong></span> <span class='ocrx_word' id='word_1_298' title='bbox 2386 2754 2448 2815; x_wconf 92' lang='lat' dir='ltr'><strong>id</strong></span> <span class='ocrx_word' id='word_1_299' title='bbox 2489 2760 2604 2827; x_wconf 88' lang='lat' dir='ltr'><strong>est,</strong></span> <span class='ocrx_word' id='word_1_300' title='bbox 2646 2754 3058 2836; x_wconf 87' lang='lat' dir='ltr'><strong>phantastica,</strong></span> <span class='ocrx_word' id='word_1_301' title='bbox 3092 2754 3376 2829; x_wconf 88' lang='lat' dir='ltr'><strong>abusiva,</strong></span> <span class='ocrx_word' id='word_1_302' title='bbox 3411 2763 3475 2817; x_wconf 90' lang='lat' dir='ltr'><strong>et</strong></span> <span class='ocrx_word' id='word_1_303' title='bbox 3610 2757 3672 2811; x_wconf 81' lang='grc' dir='ltr'><strong>Η</strong></span> 
     </span>
     <span class='ocr_line' id='line_1_48' title="bbox 1981 2852 3474 2935; baseline 0.001 -21"><span class='ocrx_word' id='word_1_304' title='bbox 1981 2852 2272 2915; x_wconf 80' lang='lat' dir='ltr'><strong>semineae</strong></span> <span class='ocrx_word' id='word_1_305' title='bbox 2329 2852 2602 2915; x_wconf 87' lang='lat' dir='ltr'><strong>levitatis</strong></span> <span class='ocrx_word' id='word_1_306' title='bbox 2659 2870 2733 2914; x_wconf 90' lang='lat' dir='ltr'><strong>ea</strong></span> <span class='ocrx_word' id='word_1_307' title='bbox 2793 2854 3189 2934; x_wconf 89' lang='lat' dir='ltr'><strong>reputabant,</strong></span> <span class='ocrx_word' id='word_1_308' title='bbox 3238 2872 3474 2935; x_wconf 89' lang='lat' dir='ltr'><strong>nequa-</strong></span> 
     </span>
    </p>
   </div>
   <div class='ocr_carea' id='block_1_11' title="bbox 1978 2950 3472 3033">
    <p class='ocr_par' dir='ltr' id='par_1_13' title="bbox 1978 2950 3472 3033">
     <span class='ocr_line' id='line_1_49' title="bbox 1978 2950 3472 3033; baseline 0 -20"><span class='ocrx_word' id='word_1_309' title='bbox 1978 2970 2173 3033; x_wconf 86' lang='lat' dir='ltr'><strong>quam</strong></span> <span class='ocrx_word' id='word_1_310' title='bbox 2227 2952 2555 3013; x_wconf 88' lang='lat' dir='ltr'><strong>credentes</strong></span> <span class='ocrx_word' id='word_1_311' title='bbox 2599 2950 2811 3012; x_wconf 90' lang='lat' dir='ltr'><strong>Jesum</strong></span> <span class='ocrx_word' id='word_1_312' title='bbox 2860 2952 3304 3027; x_wconf 88' lang='lat' dir='ltr'><strong>resurrexisse,</strong></span> <span class='ocrx_word' id='word_1_313' title='bbox 3356 2970 3472 3014; x_wconf 91' lang='lat' dir='ltr'><strong>nec</strong></span> 
     </span>
    </p>
   </div>
   <div class='ocr_carea' id='block_1_12' title="bbox 349 3048 3472 3132">
    <p class='ocr_par' dir='ltr' id='par_1_14' title="bbox 349 3048 3472 3132">
     <span class='ocr_line' id='line_1_50' title="bbox 349 3048 3472 3132; baseline -0.001 -19"><span class='ocrx_word' id='word_1_314' title='bbox 349 3060 573 3113; x_wconf 86' lang='lat' dir='ltr'><strong>cetera</strong></span> <span class='ocrx_word' id='word_1_315' title='bbox 614 3051 778 3113; x_wconf 85' lang='lat' dir='ltr'><strong>dixit</strong></span> <span class='ocrx_word' id='word_1_316' title='bbox 811 3050 1005 3113; x_wconf 87' lang='lat' dir='ltr'><strong>verba</strong></span> <span class='ocrx_word' id='word_1_317' title='bbox 1047 3058 1342 3132; x_wconf 80' lang='lat' dir='ltr'><strong>praetacta</strong></span> <span class='ocrx_word' id='word_1_318' title='bbox 1376 3069 1448 3112; x_wconf 90' lang='lat' dir='ltr'><strong>ac</strong></span> <span class='ocrx_word' id='word_1_319' title='bbox 1478 3050 1949 3132; x_wconf 82' lang='lat' dir='ltr'><strong>subsequen-C</strong></span> <span class='ocrx_word' id='word_1_320' title='bbox 1978 3050 2234 3130; x_wconf 86' lang='lat' dir='ltr'><strong>angelos</strong></span> <span class='ocrx_word' id='word_1_321' title='bbox 2273 3048 2532 3111; x_wconf 84' lang='lat' dir='ltr'><strong>feminis</strong></span> <span class='ocrx_word' id='word_1_322' title='bbox 2571 3048 2708 3110; x_wconf 85' lang='lat' dir='ltr'><strong>istis</strong></span> <span class='ocrx_word' id='word_1_323' title='bbox 2750 3067 2897 3111; x_wconf 86' lang='lat' dir='ltr'><strong>vere</strong></span> <span class='ocrx_word' id='word_1_324' title='bbox 2935 3049 3328 3130; x_wconf 89' lang='lat' dir='ltr'><strong>apparuisse,</strong></span> <span class='ocrx_word' id='word_1_325' title='bbox 3363 3049 3472 3110; x_wconf 90' lang='lat' dir='ltr'><strong>sed</strong></span> 
     </span>
    </p>
   </div>
   <div class='ocr_carea' id='block_1_13' title="bbox 350 3148 1873 4210">
    <p class='ocr_par' dir='ltr' id='par_1_15' title="bbox 350 3148 1873 4210">
     <span class='ocr_line' id='line_1_51' title="bbox 352 3148 1870 3231; baseline -0.001 -19"><span class='ocrx_word' id='word_1_326' title='bbox 352 3150 466 3212; x_wconf 90' lang='lat' dir='ltr'><strong>tia.</strong></span> <span class='ocrx_word' id='word_1_327' title='bbox 528 3151 682 3213; x_wconf 86' lang='lat' dir='ltr'><strong>Non</strong></span> <span class='ocrx_word' id='word_1_328' title='bbox 734 3160 825 3211; x_wconf 76' lang='lat' dir='ltr'><strong>esc</strong></span> <span class='ocrx_word' id='word_1_329' title='bbox 881 3152 1011 3221; x_wconf 73' lang='lat' dir='ltr'><strong>liic,</strong></span> <span class='ocrx_word' id='word_1_330' title='bbox 1064 3150 1417 3212; x_wconf 90' lang='lat' dir='ltr'><strong>secundum</strong></span> <span class='ocrx_word' id='word_1_331' title='bbox 1478 3148 1870 3231; x_wconf 87' lang='lat' dir='ltr'><strong>corporalem</strong></span> 
     </span>
     <span class='ocr_line' id='line_1_52' title="bbox 354 3246 1872 3330; baseline -0.001 -21"><span class='ocrx_word' id='word_1_332' title='bbox 354 3246 797 3330; x_wconf 64' lang='lat' dir='ltr'><strong>praesentiam,</strong></span> <span class='ocrx_word' id='word_1_333' title='bbox 848 3247 962 3328; x_wconf 93' lang='lat' dir='ltr'><strong>qui</strong></span> <span class='ocrx_word' id='word_1_334' title='bbox 1012 3247 1226 3311; x_wconf 88' lang='lat' dir='ltr'><strong>omnia</strong></span> <span class='ocrx_word' id='word_1_335' title='bbox 1276 3247 1502 3328; x_wconf 89' lang='lat' dir='ltr'><strong>implet</strong></span> <span class='ocrx_word' id='word_1_336' title='bbox 1550 3266 1665 3329; x_wconf 91' lang='lat' dir='ltr'><strong>per</strong></span> <span class='ocrx_word' id='word_1_337' title='bbox 1710 3246 1872 3309; x_wconf 87' lang='lat' dir='ltr'><strong>divi-</strong></span> 
     </span>
     <span class='ocr_line' id='line_1_53' title="bbox 353 3345 1872 3427; baseline -0.001 -18"><span class='ocrx_word' id='word_1_338' title='bbox 353 3347 585 3409; x_wconf 88' lang='lat' dir='ltr'><strong>nitatis</strong></span> <span class='ocrx_word' id='word_1_339' title='bbox 624 3365 757 3409; x_wconf 81' lang='lat' dir='ltr'><strong>suae</strong></span> <span class='ocrx_word' id='word_1_340' title='bbox 799 3345 1540 3427; x_wconf 88' lang='lat' dir='ltr'><strong>incircumscriptibilem</strong></span> <span class='ocrx_word' id='word_1_341' title='bbox 1581 3346 1872 3424; x_wconf 85' lang='lat' dir='ltr'><strong>majesta-</strong></span> 
     </span>
     <span class='ocr_line' id='line_1_54' title="bbox 350 3444 1873 3526; baseline -0.001 -18"><span class='ocrx_word' id='word_1_342' title='bbox 350 3454 515 3521; x_wconf 89' lang='lat' dir='ltr'><strong>tem,</strong></span> <span class='ocrx_word' id='word_1_343' title='bbox 549 3448 665 3506; x_wconf 76' lang='lat' dir='ltr'><strong>sed</strong></span> <span class='ocrx_word' id='word_1_344' title='bbox 698 3446 989 3506; x_wconf 72' lang='lat' dir='ltr'><strong>surrexit</strong></span> <span class='ocrx_word' id='word_1_345' title='bbox 1030 3445 1289 3526; x_wconf 89' lang='lat' dir='ltr'><strong>propria</strong></span> <span class='ocrx_word' id='word_1_346' title='bbox 1336 3463 1451 3506; x_wconf 93' lang='lat' dir='ltr'><strong>sua</strong></span> <span class='ocrx_word' id='word_1_347' title='bbox 1496 3444 1730 3506; x_wconf 86' lang='lat' dir='ltr'><strong>virtute</strong></span> <span class='ocrx_word' id='word_1_348' title='bbox 1778 3444 1873 3507; x_wconf 88' lang='lat' dir='ltr'><strong>di-</strong></span> 
     </span>
     <span class='ocr_line' id='line_1_55' title="bbox 355 3542 1867 3623; baseline -0.002 -16"><span class='ocrx_word' id='word_1_349' title='bbox 355 3545 535 3607; x_wconf 83' lang='lat' dir='ltr'><strong>vina.</strong></span> <span class='ocrx_word' id='word_1_350' title='bbox 576 3544 1045 3605; x_wconf 81' lang='lat' dir='ltr'><strong>Recordamini</strong></span> <span class='ocrx_word' id='word_1_351' title='bbox 1082 3544 1385 3623; x_wconf 79' lang='lat' dir='ltr'><strong>qualiter,</strong></span> <span class='ocrx_word' id='word_1_352' title='bbox 1426 3542 1490 3604; x_wconf 89' lang='lat' dir='ltr'><strong>id</strong></span> <span class='ocrx_word' id='word_1_353' title='bbox 1532 3550 1629 3605; x_wconf 87' lang='lat' dir='ltr'><strong>est</strong></span> <span class='ocrx_word' id='word_1_354' title='bbox 1676 3561 1867 3622; x_wconf 83' lang='lat' dir='ltr'><strong>quam</strong></span> 
     </span>
     <span class='ocr_line' id='line_1_56' title="bbox 354 3639 1872 3722; baseline -0.003 -16"><span class='ocrx_word' id='word_1_355' title='bbox 354 3660 515 3707; x_wconf 85' lang='lat' dir='ltr'><strong>vere</strong></span> <span class='ocrx_word' id='word_1_356' title='bbox 564 3649 628 3702; x_wconf 89' lang='lat' dir='ltr'><strong>et</strong></span> <span class='ocrx_word' id='word_1_357' title='bbox 677 3640 1005 3703; x_wconf 85' lang='lat' dir='ltr'><strong>evidenter</strong></span> <span class='ocrx_word' id='word_1_358' title='bbox 1060 3660 1134 3703; x_wconf 90' lang='lat' dir='ltr'><strong>ac</strong></span> <span class='ocrx_word' id='word_1_359' title='bbox 1180 3639 1573 3722; x_wconf 87' lang='lat' dir='ltr'><strong>frequenter,</strong></span> <span class='ocrx_word' id='word_1_360' title='bbox 1627 3644 1872 3701; x_wconf 80' lang='lat' dir='ltr'><strong>locutus</strong></span> 
     </span>
     <span class='ocr_line' id='line_1_57' title="bbox 352 3740 1869 3819; baseline -0.001 -17"><span class='ocrx_word' id='word_1_361' title='bbox 352 3750 449 3802; x_wconf 79' lang='lat' dir='ltr'><strong>est</strong></span> <span class='ocrx_word' id='word_1_362' title='bbox 504 3740 707 3809; x_wconf 69' lang='lat' dir='ltr'><strong>vebia,</strong></span> <span class='ocrx_word' id='word_1_363' title='bbox 746 3760 945 3819; x_wconf 81' lang='lat' dir='ltr'><strong>quum</strong></span> <span class='ocrx_word' id='word_1_364' title='bbox 985 3742 1202 3800; x_wconf 76' lang='lat' dir='ltr'><strong>adh-uc</strong></span> <span class='ocrx_word' id='word_1_365' title='bbox 1250 3742 1321 3799; x_wconf 80' lang='lat' dir='ltr'><strong>in</strong></span> <span class='ocrx_word' id='word_1_366' title='bbox 1374 3740 1646 3800; x_wconf 84' lang='lat' dir='ltr'><strong>Galiloea</strong></span> <span class='ocrx_word' id='word_1_367' title='bbox 1693 3749 1869 3809; x_wconf 76' lang='lat' dir='ltr'><strong>esset,</strong></span> 
     </span>
     <span class='ocr_line' id='line_1_58' title="bbox 353 3838 1871 3918; baseline -0.001 -18"><span class='ocrx_word' id='word_1_368' title='bbox 353 3842 587 3901; x_wconf 80' lang='lat' dir='ltr'><strong>dicens</strong></span> <span class='ocrx_word' id='word_1_369' title='bbox 618 3856 642 3898; x_wconf 88' lang='lat'><strong>.·</strong></span> <span class='ocrx_word' id='word_1_370' title='bbox 675 3839 843 3907; x_wconf 83' lang='lat' dir='ltr'><strong>Quia</strong></span> <span class='ocrx_word' id='word_1_371' title='bbox 884 3848 1149 3916; x_wconf 77' lang='lat' dir='ltr'><strong>oportet,</strong></span> <span class='ocrx_word' id='word_1_372' title='bbox 1183 3838 1243 3899; x_wconf 90' lang='lat' dir='ltr'><strong>id</strong></span> <span class='ocrx_word' id='word_1_373' title='bbox 1288 3845 1401 3909; x_wconf 87' lang='lat' dir='ltr'><strong>est,</strong></span> <span class='ocrx_word' id='word_1_374' title='bbox 1436 3845 1871 3918; x_wconf 91' lang='lat' dir='ltr'><strong>opportunum</strong></span> 
     </span>
     <span class='ocr_line' id='line_1_59' title="bbox 354 3936 1869 4009; baseline -0.001 -9"><span class='ocrx_word' id='word_1_375' title='bbox 354 3947 453 4001; x_wconf 88' lang='lat' dir='ltr'><strong>est</strong></span> <span class='ocrx_word' id='word_1_376' title='bbox 505 3946 572 3999; x_wconf 88' lang='lat' dir='ltr'><strong>et</strong></span> <span class='ocrx_word' id='word_1_377' title='bbox 613 3937 1022 4009; x_wconf 83' lang='lat' dir='ltr'><strong>convenienS,</strong></span> <span class='ocrx_word' id='word_1_378' title='bbox 1073 3944 1136 3997; x_wconf 90' lang='lat' dir='ltr'><strong>et</strong></span> <span class='ocrx_word' id='word_1_379' title='bbox 1192 3937 1541 3998; x_wconf 89' lang='lat' dir='ltr'><strong>secundum</strong></span> <span class='ocrx_word' id='word_1_380' title='bbox 1589 3936 1869 3998; x_wconf 91' lang='lat' dir='ltr'><strong>divinam</strong></span> 
     </span>
     <span class='ocr_line' id='line_1_60' title="bbox 354 4035 1871 4119; baseline -0.005 -19"><span class='ocrx_word' id='word_1_381' title='bbox 354 4035 961 4119; x_wconf 65' lang='lat' dir='ltr'><strong>praeordinationem</strong></span> <span class='ocrx_word' id='word_1_382' title='bbox 1006 4052 1284 4099; x_wconf 87' lang='lat' dir='ltr'><strong>necesse.</strong></span> <span class='ocrx_word' id='word_1_383' title='bbox 1308 4035 1558 4103; x_wconf 81' lang='lat' dir='ltr'><strong>Filium</strong></span> <span class='ocrx_word' id='word_1_384' title='bbox 1588 4036 1871 4095; x_wconf 71' lang='lat' dir='ltr'><strong>hominis</strong></span> 
     </span>
     <span class='ocr_line' id='line_1_61' title="bbox 352 4134 1870 4210; baseline -0.001 -14"><span class='ocrx_word' id='word_1_385' title='bbox 352 4137 540 4197; x_wconf 75' lang='lat' dir='ltr'><strong>tradi</strong></span> <span class='ocrx_word' id='word_1_386' title='bbox 571 4138 646 4196; x_wconf 83' lang='lat' dir='ltr'><strong>in</strong></span> <span class='ocrx_word' id='word_1_387' title='bbox 678 4155 915 4195; x_wconf 74' lang='lat' dir='ltr'><strong>manu-s·</strong></span> <span class='ocrx_word' id='word_1_388' title='bbox 944 4136 1287 4195; x_wconf 70' lang='lat' dir='ltr'><strong>hominum</strong></span> <span class='ocrx_word' id='word_1_389' title='bbox 1312 4142 1744 4210; x_wconf 81' lang='lat' dir='ltr'><strong>peccatorum,</strong></span> <span class='ocrx_word' id='word_1_390' title='bbox 1778 4134 1870 4195; x_wconf 83' lang='lat' dir='ltr'><strong>vi-</strong></span> 
     </span>
    </p>
   </div>
   <div class='ocr_carea' id='block_1_14' title="bbox 1976 3146 3762 4219">
    <p class='ocr_par' dir='ltr' id='par_1_16' title="bbox 1977 3146 3474 3524">
     <span class='ocr_line' id='line_1_62' title="bbox 1978 3146 3472 3211; baseline -0.001 -1"><span class='ocrx_word' id='word_1_391' title='bbox 1978 3167 2081 3211; x_wconf 87' lang='lat' dir='ltr'><strong>eas</strong></span> <span class='ocrx_word' id='word_1_392' title='bbox 2120 3165 2259 3210; x_wconf 91' lang='lat' dir='ltr'><strong>esse</strong></span> <span class='ocrx_word' id='word_1_393' title='bbox 2301 3147 2541 3209; x_wconf 81' lang='lat' dir='ltr'><strong>illusaS.</strong></span> <span class='ocrx_word' id='word_1_394' title='bbox 2574 3147 3022 3210; x_wconf 88' lang='lat' dir='ltr'><strong>Verumtamen</strong></span> <span class='ocrx_word' id='word_1_395' title='bbox 3068 3146 3472 3209; x_wconf 88' lang='lat' dir='ltr'><strong>beatissimus</strong></span> 
     </span>
     <span class='ocr_line' id='line_1_63' title="bbox 1977 3244 3474 3328; baseline -0.001 -19"><span class='ocrx_word' id='word_1_396' title='bbox 1977 3248 2195 3310; x_wconf 88' lang='lat' dir='ltr'><strong>Petrus</strong></span> <span class='ocrx_word' id='word_1_397' title='bbox 2242 3265 2366 3309; x_wconf 91' lang='lat' dir='ltr'><strong>non</strong></span> <span class='ocrx_word' id='word_1_398' title='bbox 2415 3246 2670 3328; x_wconf 90' lang='lat' dir='ltr'><strong>penitus</strong></span> <span class='ocrx_word' id='word_1_399' title='bbox 2717 3246 2963 3327; x_wconf 87' lang='lat' dir='ltr'><strong>putavit</strong></span> <span class='ocrx_word' id='word_1_400' title='bbox 3005 3244 3289 3309; x_wconf 78' lang='lat' dir='ltr'><strong>feminas</strong></span> <span class='ocrx_word' id='word_1_401' title='bbox 3320 3246 3474 3308; x_wconf 90' lang='lat' dir='ltr'><strong>deli-</strong></span> 
     </span>
     <span class='ocr_line' id='line_1_64' title="bbox 1980 3344 3473 3427; baseline 0 -20"><span class='ocrx_word' id='word_1_402' title='bbox 1980 3364 2138 3419; x_wconf 91' lang='lat' dir='ltr'><strong>rare,</strong></span> <span class='ocrx_word' id='word_1_403' title='bbox 2182 3345 2291 3407; x_wconf 88' lang='lat' dir='ltr'><strong>sed</strong></span> <span class='ocrx_word' id='word_1_404' title='bbox 2332 3346 2661 3407; x_wconf 87' lang='lat' dir='ltr'><strong>veritatem</strong></span> <span class='ocrx_word' id='word_1_405' title='bbox 2700 3344 2934 3407; x_wconf 88' lang='lat' dir='ltr'><strong>certius</strong></span> <span class='ocrx_word' id='word_1_406' title='bbox 2973 3345 3213 3427; x_wconf 86' lang='lat' dir='ltr'><strong>optavit</strong></span> <span class='ocrx_word' id='word_1_407' title='bbox 3253 3363 3473 3425; x_wconf 83' lang='lat' dir='ltr'><strong>cogno-</strong></span> 
     </span>
     <span class='ocr_line' id='line_1_65' title="bbox 1978 3442 2855 3524; baseline -0.003 -17"><span class='ocrx_word' id='word_1_408' title='bbox 1978 3462 2176 3518; x_wconf 91' lang='lat' dir='ltr'><strong>scere,</strong></span> <span class='ocrx_word' id='word_1_409' title='bbox 2218 3444 2381 3506; x_wconf 89' lang='lat' dir='ltr'><strong>sicut</strong></span> <span class='ocrx_word' id='word_1_410' title='bbox 2424 3442 2855 3524; x_wconf 82' lang='lat' dir='ltr'><strong>subjungitur.</strong></span> 
     </span>
    </p>

    <p class='ocr_par' dir='ltr' id='par_1_17' title="bbox 1976 3525 3762 4219">
     <span class='ocr_line' id='line_1_66' title="bbox 2057 3525 3675 3622; baseline 0.002 -17"><span class='ocrx_word' id='word_1_411' title='bbox 2057 3546 2292 3605; x_wconf 75' lang='lat' dir='ltr'><strong>Petrus</strong></span> <span class='ocrx_word' id='word_1_412' title='bbox 2329 3553 2544 3604; x_wconf 79' lang='lat' dir='ltr'><strong>autem</strong></span> <span class='ocrx_word' id='word_1_413' title='bbox 2581 3562 2850 3620; x_wconf 75' lang='lat' dir='ltr'><strong>suryens</strong></span> <span class='ocrx_word' id='word_1_414' title='bbox 2896 3561 2933 3603; x_wconf 85' lang='lat' dir='ltr'><strong>a</strong></span> <span class='ocrx_word' id='word_1_415' title='bbox 2982 3560 3094 3603; x_wconf 86' lang='lat' dir='ltr'><strong>sua</strong></span> <span class='ocrx_word' id='word_1_416' title='bbox 3143 3525 3472 3622; x_wconf 78' lang='lat' dir='ltr'><strong>pusillani-</strong></span> <span class='ocrx_word' id='word_1_417' title='bbox 3608 3554 3675 3608; x_wconf 79' lang='lat'><strong>12</strong></span> 
     </span>
     <span class='ocr_line' id='line_1_67' title="bbox 1978 3639 3473 3721; baseline -0.002 -17"><span class='ocrx_word' id='word_1_418' title='bbox 1978 3642 2217 3717; x_wconf 89' lang='lat' dir='ltr'><strong>mitate,</strong></span> <span class='ocrx_word' id='word_1_419' title='bbox 2260 3639 2600 3704; x_wconf 80' lang='lat' dir='ltr'><strong>formidine</strong></span> <span class='ocrx_word' id='word_1_420' title='bbox 2637 3648 2701 3702; x_wconf 90' lang='lat' dir='ltr'><strong>et</strong></span> <span class='ocrx_word' id='word_1_421' title='bbox 2743 3648 3018 3721; x_wconf 89' lang='lat' dir='ltr'><strong>torpore,</strong></span> <span class='ocrx_word' id='word_1_422' title='bbox 3062 3640 3473 3721; x_wconf 88' lang='lat' dir='ltr'><strong>corporaliter</strong></span> 
     </span>
     <span class='ocr_line' id='line_1_68' title="bbox 1978 3738 3476 3821; baseline -0.001 -19"><span class='ocrx_word' id='word_1_423' title='bbox 1978 3757 2236 3821; x_wconf 90' lang='lat' dir='ltr'><strong>quoque</strong></span> <span class='ocrx_word' id='word_1_424' title='bbox 2267 3738 2718 3819; x_wconf 79' lang='lat' dir='ltr'><strong>surgenS,quia</strong></span> <span class='ocrx_word' id='word_1_425' title='bbox 2747 3738 3004 3800; x_wconf 89' lang='lat' dir='ltr'><strong>sedebat</strong></span> <span class='ocrx_word' id='word_1_426' title='bbox 3033 3738 3100 3800; x_wconf 93' lang='lat' dir='ltr'><strong>in</strong></span> <span class='ocrx_word' id='word_1_427' title='bbox 3131 3745 3296 3799; x_wconf 91' lang='lat' dir='ltr'><strong>terra</strong></span> <span class='ocrx_word' id='word_1_428' title='bbox 3329 3757 3476 3801; x_wconf 85' lang='lat' dir='ltr'><strong>moe-</strong></span> 
     </span>
     <span class='ocr_line' id='line_1_69' title="bbox 1978 3834 3476 3911; baseline -0.001 -11"><span class='ocrx_word' id='word_1_429' title='bbox 1978 3838 2318 3911; x_wconf 80' lang='lat' dir='ltr'><strong>stissimUS,</strong></span> <span class='ocrx_word' id='word_1_430' title='bbox 2351 3838 2644 3897; x_wconf 77' lang='lat' dir='ltr'><strong>cucurrit</strong></span> <span class='ocrx_word' id='word_1_431' title='bbox 2673 3840 2760 3897; x_wconf 85' lang='lat' dir='ltr'><strong>ad</strong></span> <span class='ocrx_word' id='word_1_432' title='bbox 2793 3846 3299 3897; x_wconf 75' lang='lat' dir='ltr'><strong>monumentum.</strong></span> <span class='ocrx_word' id='word_1_433' title='bbox 3335 3834 3476 3899; x_wconf 86' lang='lat' dir='ltr'><strong>Pro·</strong></span> 
     </span>
     <span class='ocr_line' id='line_1_70' title="bbox 1979 3934 3466 4015; baseline -0.003 -16"><span class='ocrx_word' id='word_1_434' title='bbox 1979 3945 2047 3999; x_wconf 90' lang='lat' dir='ltr'><strong>ut</strong></span> <span class='ocrx_word' id='word_1_435' title='bbox 2096 3937 2164 3999; x_wconf 92' lang='lat' dir='ltr'><strong>in</strong></span> <span class='ocrx_word' id='word_1_436' title='bbox 2212 3936 2446 3998; x_wconf 90' lang='lat' dir='ltr'><strong>Joanne</strong></span> <span class='ocrx_word' id='word_1_437' title='bbox 2495 3934 2746 4015; x_wconf 87' lang='lat' dir='ltr'><strong>legitur,</strong></span> <span class='ocrx_word' id='word_1_438' title='bbox 2793 3954 2920 3997; x_wconf 91' lang='lat' dir='ltr'><strong>non</strong></span> <span class='ocrx_word' id='word_1_439' title='bbox 2971 3934 3177 3997; x_wconf 91' lang='lat' dir='ltr'><strong>solum</strong></span> <span class='ocrx_word' id='word_1_440' title='bbox 3227 3935 3466 4010; x_wconf 81' lang='lat' dir='ltr'><strong>PetruS,</strong></span> 
     </span>
     <span class='ocr_line' id='line_1_71' title="bbox 1977 4032 3762 4103; baseline -0.002 -6"><span class='ocrx_word' id='word_1_441' title='bbox 1977 4036 2085 4097; x_wconf 90' lang='lat' dir='ltr'><strong>sed</strong></span> <span class='ocrx_word' id='word_1_442' title='bbox 2118 4042 2180 4096; x_wconf 90' lang='lat' dir='ltr'><strong>et</strong></span> <span class='ocrx_word' id='word_1_443' title='bbox 2207 4034 2474 4096; x_wconf 89' lang='lat' dir='ltr'><strong>Joannes</strong></span> <span class='ocrx_word' id='word_1_444' title='bbox 2517 4052 2661 4095; x_wconf 91' lang='lat' dir='ltr'><strong>cum</strong></span> <span class='ocrx_word' id='word_1_445' title='bbox 2693 4051 2768 4095; x_wconf 91' lang='lat' dir='ltr'><strong>eo</strong></span> <span class='ocrx_word' id='word_1_446' title='bbox 2810 4032 3103 4095; x_wconf 86' lang='lat' dir='ltr'><strong>currebat</strong></span> <span class='ocrx_word' id='word_1_447' title='bbox 3139 4034 3215 4096; x_wconf 86' lang='lat' dir='ltr'><strong>ad</strong></span> <span class='ocrx_word' id='word_1_448' title='bbox 3247 4052 3471 4096; x_wconf 92' lang='lat' dir='ltr'><strong>monu-</strong></span> <span class='ocrx_word' id='word_1_449' title='bbox 3513 4051 3762 4103; x_wconf 48' lang='lat' dir='ltr'><strong>hanan,</strong></span> 
     </span>
     <span class='ocr_line' id='line_1_72' title="bbox 1976 4118 3600 4219; baseline -0.001 -24"><span class='ocrx_word' id='word_1_450' title='bbox 1976 4142 2302 4211; x_wconf 82' lang='lat' dir='ltr'><strong>mentum3</strong></span> <span class='ocrx_word' id='word_1_451' title='bbox 2346 4132 2455 4193; x_wconf 90' lang='lat' dir='ltr'><strong>sed</strong></span> <span class='ocrx_word' id='word_1_452' title='bbox 2495 4130 2747 4193; x_wconf 90' lang='lat' dir='ltr'><strong>Petrum</strong></span> <span class='ocrx_word' id='word_1_453' title='bbox 2788 4139 3087 4212; x_wconf 89' lang='lat' dir='ltr'><strong>tanquam</strong></span> <span class='ocrx_word' id='word_1_454' title='bbox 3129 4132 3467 4219; x_wconf 84' lang='lat' dir='ltr'><strong>seniorem,</strong></span> <span class='ocrx_word' id='word_1_455' title='bbox 3499 4118 3600 4167; x_wconf 73' lang='lat'><strong>³⁹⁴·</strong></span> 
     </span>
    </p>
   </div>
   <div class='ocr_carea' id='block_1_15' title="bbox 350 4229 3472 4312">
    <p class='ocr_par' dir='ltr' id='par_1_18' title="bbox 350 4229 3472 4312">
     <span class='ocr_line' id='line_1_73' title="bbox 350 4229 3472 4312; baseline -0.001 -17"><span class='ocrx_word' id='word_1_456' title='bbox 350 4234 593 4296; x_wconf 88' lang='lat' dir='ltr'><strong>delicet</strong></span> <span class='ocrx_word' id='word_1_457' title='bbox 628 4233 987 4296; x_wconf 79' lang='lat' dir='ltr'><strong>Judaeorum</strong></span> <span class='ocrx_word' id='word_1_458' title='bbox 1040 4251 1113 4294; x_wconf 91' lang='lat' dir='ltr'><strong>ac</strong></span> <span class='ocrx_word' id='word_1_459' title='bbox 1148 4231 1485 4312; x_wconf 82' lang='lat' dir='ltr'><strong>gentilium</strong></span> <span class='ocrx_word' id='word_1_460' title='bbox 1538 4250 1551 4293; x_wconf 76' lang='grc' dir='ltr'>ε</span> <span class='ocrx_word' id='word_1_461' title='bbox 1595 4231 1705 4312; x_wconf 91' lang='lat' dir='ltr'><strong>qui</strong></span> <span class='ocrx_word' id='word_1_462' title='bbox 1759 4231 1866 4293; x_wconf 89' lang='lat' dir='ltr'><strong>Dei</strong></span> <span class='ocrx_word' id='word_1_463' title='bbox 1904 4232 1947 4294; x_wconf 85' lang='lat' dir='ltr'><strong>l)</strong></span> <span class='ocrx_word' id='word_1_464' title='bbox 1976 4229 2424 4293; x_wconf 83' lang='lat' dir='ltr'><strong>ferventiorem</strong></span> <span class='ocrx_word' id='word_1_465' title='bbox 2477 4238 2537 4291; x_wconf 90' lang='lat' dir='ltr'><strong>et</strong></span> <span class='ocrx_word' id='word_1_466' title='bbox 2597 4229 3112 4311; x_wconf 86' lang='lat' dir='ltr'><strong>principaliorem</strong></span> <span class='ocrx_word' id='word_1_467' title='bbox 3171 4229 3472 4311; x_wconf 88' lang='lat' dir='ltr'><strong>exprimit</strong></span> 
     </span>
    </p>
   </div>
   <div class='ocr_carea' id='block_1_16' title="bbox 350 4328 1869 5392">
    <p class='ocr_par' dir='ltr' id='par_1_19' title="bbox 350 4328 1869 5392">
     <span class='ocr_line' id='line_1_74' title="bbox 350 4328 1869 4403; baseline -0.002 -9"><span class='ocrx_word' id='word_1_468' title='bbox 350 4332 591 4395; x_wconf 85' lang='lat' dir='ltr'><strong>Filium</strong></span> <span class='ocrx_word' id='word_1_469' title='bbox 651 4332 815 4393; x_wconf 91' lang='lat' dir='ltr'><strong>male</strong></span> <span class='ocrx_word' id='word_1_470' title='bbox 872 4331 1199 4392; x_wconf 88' lang='lat' dir='ltr'><strong>tractando</strong></span> <span class='ocrx_word' id='word_1_471' title='bbox 1246 4336 1310 4391; x_wconf 90' lang='lat' dir='ltr'><strong>et</strong></span> <span class='ocrx_word' id='word_1_472' title='bbox 1358 4329 1725 4403; x_wconf 90' lang='lat' dir='ltr'><strong>occidendo,</strong></span> <span class='ocrx_word' id='word_1_473' title='bbox 1778 4328 1869 4391; x_wconf 83' lang='lat' dir='ltr'><strong>fa-</strong></span> 
     </span>
     <span class='ocr_line' id='line_1_75' title="bbox 351 4427 1869 4509; baseline -0.002 -16"><span class='ocrx_word' id='word_1_474' title='bbox 351 4432 435 4493; x_wconf 91' lang='lat' dir='ltr'><strong>cti</strong></span> <span class='ocrx_word' id='word_1_475' title='bbox 484 4437 642 4493; x_wconf 89' lang='lat' dir='ltr'><strong>sunt</strong></span> <span class='ocrx_word' id='word_1_476' title='bbox 683 4428 1185 4491; x_wconf 89' lang='lat' dir='ltr'><strong>antonomastice</strong></span> <span class='ocrx_word' id='word_1_477' title='bbox 1235 4434 1618 4509; x_wconf 83' lang='lat' dir='ltr'><strong>peccatoreS‚</strong></span> <span class='ocrx_word' id='word_1_478' title='bbox 1664 4427 1727 4490; x_wconf 90' lang='lat' dir='ltr'><strong>id</strong></span> <span class='ocrx_word' id='word_1_479' title='bbox 1772 4436 1869 4491; x_wconf 93' lang='lat' dir='ltr'><strong>est</strong></span> 
     </span>
     <span class='ocr_line' id='line_1_76' title="bbox 350 4525 1867 4606; baseline -0.003 -15"><span class='ocrx_word' id='word_1_480' title='bbox 350 4525 835 4591; x_wconf 87' lang='lat' dir='ltr'><strong>sceleratissimi</strong></span> <span class='ocrx_word' id='word_1_481' title='bbox 892 4532 1406 4606; x_wconf 83' lang='lat' dir='ltr'><strong>transgressoreS,</strong></span> <span class='ocrx_word' id='word_1_482' title='bbox 1460 4532 1679 4606; x_wconf 90' lang='lat' dir='ltr'><strong>utpote</strong></span> <span class='ocrx_word' id='word_1_483' title='bbox 1735 4526 1867 4587; x_wconf 91' lang='lat' dir='ltr'><strong>dei-</strong></span> 
     </span>
     <span class='ocr_line' id='line_1_77' title="bbox 352 4622 1866 4706; baseline -0.001 -19"><span class='ocrx_word' id='word_1_484' title='bbox 352 4626 539 4688; x_wconf 82' lang='lat' dir='ltr'><strong>cidae.</strong></span> <span class='ocrx_word' id='word_1_485' title='bbox 576 4624 840 4706; x_wconf 85' lang='lat' dir='ltr'><strong>Propter</strong></span> <span class='ocrx_word' id='word_1_486' title='bbox 880 4624 1052 4705; x_wconf 91' lang='lat' dir='ltr'><strong>quod</strong></span> <span class='ocrx_word' id='word_1_487' title='bbox 1093 4622 1299 4685; x_wconf 91' lang='lat' dir='ltr'><strong>scelus</strong></span> <span class='ocrx_word' id='word_1_488' title='bbox 1350 4623 1644 4685; x_wconf 89' lang='lat' dir='ltr'><strong>machina</strong></span> <span class='ocrx_word' id='word_1_489' title='bbox 1681 4643 1866 4687; x_wconf 93' lang='lat' dir='ltr'><strong>mun—</strong></span> 
     </span>
     <span class='ocr_line' id='line_1_78' title="bbox 353 4720 1863 4805; baseline -0.003 -19"><span class='ocrx_word' id='word_1_490' title='bbox 353 4723 421 4786; x_wconf 88' lang='lat' dir='ltr'><strong>di</strong></span> <span class='ocrx_word' id='word_1_491' title='bbox 472 4722 757 4805; x_wconf 84' lang='lat' dir='ltr'><strong>expavit,</strong></span> <span class='ocrx_word' id='word_1_492' title='bbox 801 4729 864 4785; x_wconf 88' lang='lat' dir='ltr'><strong>et</strong></span> <span class='ocrx_word' id='word_1_493' title='bbox 909 4721 1123 4785; x_wconf 89' lang='lat' dir='ltr'><strong>vultus</strong></span> <span class='ocrx_word' id='word_1_494' title='bbox 1171 4728 1411 4783; x_wconf 85' lang='lat' dir='ltr'><strong>naturae</strong></span> <span class='ocrx_word' id='word_1_495' title='bbox 1450 4720 1863 4783; x_wconf 89' lang='lat' dir='ltr'><strong>discoloratus</strong></span> 
     </span>
     <span class='ocr_line' id='line_1_79' title="bbox 354 4816 1865 4895; baseline -0.003 -11"><span class='ocrx_word' id='word_1_496' title='bbox 354 4829 473 4895; x_wconf 88' lang='lat' dir='ltr'><strong>est,</strong></span> <span class='ocrx_word' id='word_1_497' title='bbox 528 4829 591 4883; x_wconf 88' lang='lat' dir='ltr'><strong>et</strong></span> <span class='ocrx_word' id='word_1_498' title='bbox 650 4822 805 4883; x_wconf 91' lang='lat' dir='ltr'><strong>ordo</strong></span> <span class='ocrx_word' id='word_1_499' title='bbox 864 4838 1077 4881; x_wconf 90' lang='lat' dir='ltr'><strong>rerum</strong></span> <span class='ocrx_word' id='word_1_500' title='bbox 1139 4816 1465 4881; x_wconf 83' lang='lat' dir='ltr'><strong>confusus.</strong></span> <span class='ocrx_word' id='word_1_501' title='bbox 1522 4822 1606 4880; x_wconf 74' lang='lat' dir='ltr'><strong>Et</strong></span> <span class='ocrx_word' id='word_1_502' title='bbox 1658 4821 1865 4880; x_wconf 85' lang='lat' dir='ltr'><strong>cruci-</strong></span> 
     </span>
     <span class='ocr_line' id='line_1_80' title="bbox 352 4916 1865 4998; baseline 0 -19"><span class='ocrx_word' id='word_1_503' title='bbox 352 4924 497 4997; x_wconf 71' lang='lat' dir='ltr'><strong>fiyi.</strong></span> <span class='ocrx_word' id='word_1_504' title='bbox 548 4918 708 4981; x_wconf 90' lang='lat' dir='ltr'><strong>Nam</strong></span> <span class='ocrx_word' id='word_1_505' title='bbox 766 4918 884 4980; x_wconf 86' lang='lat' dir='ltr'><strong>etsi</strong></span> <span class='ocrx_word' id='word_1_506' title='bbox 943 4917 1070 4980; x_wconf 90' lang='lat' dir='ltr'><strong>alio</strong></span> <span class='ocrx_word' id='word_1_507' title='bbox 1128 4917 1313 4980; x_wconf 93' lang='lat' dir='ltr'><strong>modo</strong></span> <span class='ocrx_word' id='word_1_508' title='bbox 1372 4916 1597 4978; x_wconf 88' lang='lat' dir='ltr'><strong>redimi</strong></span> <span class='ocrx_word' id='word_1_509' title='bbox 1659 4918 1865 4998; x_wconf 89' lang='lat' dir='ltr'><strong>potuit</strong></span> 
     </span>
     <span class='ocr_line' id='line_1_81' title="bbox 352 5016 1864 5100; baseline -0.003 -18"><span class='ocrx_word' id='word_1_510' title='bbox 352 5037 557 5100; x_wconf 81' lang='lat' dir='ltr'><strong>genus</strong></span> <span class='ocrx_word' id='word_1_511' title='bbox 615 5018 993 5090; x_wconf 90' lang='lat' dir='ltr'><strong>humanum,</strong></span> <span class='ocrx_word' id='word_1_512' title='bbox 1046 5016 1163 5078; x_wconf 89' lang='lat' dir='ltr'><strong>iste</strong></span> <span class='ocrx_word' id='word_1_513' title='bbox 1222 5022 1433 5077; x_wconf 90' lang='lat' dir='ltr'><strong>tamen</strong></span> <span class='ocrx_word' id='word_1_514' title='bbox 1484 5016 1864 5078; x_wconf 90' lang='lat' dir='ltr'><strong>convenien-</strong></span> 
     </span>
     <span class='ocr_line' id='line_1_82' title="bbox 354 5113 1859 5190; baseline -0.003 -10"><span class='ocrx_word' id='word_1_515' title='bbox 354 5118 646 5180; x_wconf 88' lang='lat' dir='ltr'><strong>tissimus</strong></span> <span class='ocrx_word' id='word_1_516' title='bbox 697 5113 840 5177; x_wconf 82' lang='lat' dir='ltr'><strong>fuit.</strong></span> <span class='ocrx_word' id='word_1_517' title='bbox 876 5118 961 5176; x_wconf 80' lang='lat' dir='ltr'><strong>E&#39;c</strong></span> <span class='ocrx_word' id='word_1_518' title='bbox 1004 5119 1194 5175; x_wconf 77' lang='lat' dir='ltr'><strong>tertia</strong></span> <span class='ocrx_word' id='word_1_519' title='bbox 1237 5116 1345 5174; x_wconf 83' lang='lat' dir='ltr'><strong>die</strong></span> <span class='ocrx_word' id='word_1_520' title='bbox 1385 5133 1733 5190; x_wconf 72' lang='lat' dir='ltr'><strong>resuryere.</strong></span> <span class='ocrx_word' id='word_1_521' title='bbox 1778 5114 1859 5175; x_wconf 81' lang='lat' dir='ltr'><strong>Ex</strong></span> 
     </span>
     <span class='ocr_line' id='line_1_83' title="bbox 351 5210 1864 5297; baseline -0.002 -20"><span class='ocrx_word' id='word_1_522' title='bbox 351 5215 595 5297; x_wconf 87' lang='lat' dir='ltr'><strong>quihus</strong></span> <span class='ocrx_word' id='word_1_523' title='bbox 646 5212 973 5295; x_wconf 88' lang='lat' dir='ltr'><strong>probatur,</strong></span> <span class='ocrx_word' id='word_1_524' title='bbox 1027 5212 1197 5293; x_wconf 90' lang='lat' dir='ltr'><strong>quod</strong></span> <span class='ocrx_word' id='word_1_525' title='bbox 1249 5210 1534 5274; x_wconf 86' lang='lat' dir='ltr'><strong>Christus</strong></span> <span class='ocrx_word' id='word_1_526' title='bbox 1590 5230 1714 5274; x_wconf 90' lang='lat' dir='ltr'><strong>non</strong></span> <span class='ocrx_word' id='word_1_527' title='bbox 1765 5231 1864 5275; x_wconf 89' lang='lat' dir='ltr'><strong>so-</strong></span> 
     </span>
     <span class='ocr_line' id='line_1_84' title="bbox 354 5308 1859 5392; baseline -0.004 -16"><span class='ocrx_word' id='word_1_528' title='bbox 354 5314 492 5376; x_wconf 90' lang='lat' dir='ltr'><strong>lum</strong></span> <span class='ocrx_word' id='word_1_529' title='bbox 532 5310 894 5392; x_wconf 85' lang='lat' dir='ltr'><strong>discipulis,</strong></span> <span class='ocrx_word' id='word_1_530' title='bbox 929 5310 1039 5373; x_wconf 87' lang='lat' dir='ltr'><strong>sed</strong></span> <span class='ocrx_word' id='word_1_531' title='bbox 1071 5316 1132 5371; x_wconf 89' lang='lat' dir='ltr'><strong>et</strong></span> <span class='ocrx_word' id='word_1_532' title='bbox 1162 5308 1421 5371; x_wconf 83' lang='lat' dir='ltr'><strong>feminis</strong></span> <span class='ocrx_word' id='word_1_533' title='bbox 1446 5308 1586 5369; x_wconf 87' lang='lat' dir='ltr'><strong>istis</strong></span> <span class='ocrx_word' id='word_1_534' title='bbox 1617 5309 1859 5371; x_wconf 87' lang='lat' dir='ltr'><strong>devotis</strong></span> 
     </span>
    </p>
   </div>
   <div class='ocr_carea' id='block_1_17' title="bbox 1964 4328 3747 5392">
    <p class='ocr_par' dir='ltr' id='par_1_20' title="bbox 1964 4328 3747 5392">
     <span class='ocr_line' id='line_1_85' title="bbox 1973 4328 3466 4409; baseline -0.001 -18"><span class='ocrx_word' id='word_1_535' title='bbox 1973 4329 2195 4403; x_wconf 89' lang='lat' dir='ltr'><strong>Lucas,</strong></span> <span class='ocrx_word' id='word_1_536' title='bbox 2232 4328 2417 4409; x_wconf 85' lang='lat' dir='ltr'><strong>cujus</strong></span> <span class='ocrx_word' id='word_1_537' title='bbox 2448 4328 2740 4409; x_wconf 88' lang='lat' dir='ltr'><strong>exemplo</strong></span> <span class='ocrx_word' id='word_1_538' title='bbox 2779 4328 3062 4389; x_wconf 88' lang='lat' dir='ltr'><strong>cucurrit</strong></span> <span class='ocrx_word' id='word_1_539' title='bbox 3089 4336 3152 4389; x_wconf 91' lang='lat' dir='ltr'><strong>et</strong></span> <span class='ocrx_word' id='word_1_540' title='bbox 3176 4328 3466 4391; x_wconf 82' lang='lat' dir='ltr'><strong>JoanneS.</strong></span> 
     </span>
     <span class='ocr_line' id='line_1_86' title="bbox 1973 4425 3472 4490; baseline 0.001 -3"><span class='ocrx_word' id='word_1_541' title='bbox 1973 4428 2422 4490; x_wconf 85' lang='lat' dir='ltr'><strong>Verumtamen</strong></span> <span class='ocrx_word' id='word_1_542' title='bbox 2464 4427 2582 4488; x_wconf 87' lang='lat' dir='ltr'><strong>iste</strong></span> <span class='ocrx_word' id='word_1_543' title='bbox 2625 4445 2850 4487; x_wconf 91' lang='lat' dir='ltr'><strong>cursus</strong></span> <span class='ocrx_word' id='word_1_544' title='bbox 2892 4425 3015 4487; x_wconf 83' lang='lat' dir='ltr'><strong>fuit</strong></span> <span class='ocrx_word' id='word_1_545' title='bbox 3063 4444 3139 4488; x_wconf 87' lang='lat' dir='ltr'><strong>ex</strong></span> <span class='ocrx_word' id='word_1_546' title='bbox 3179 4427 3472 4489; x_wconf 87' lang='lat' dir='ltr'><strong>denunti-</strong></span> 
     </span>
     <span class='ocr_line' id='line_1_87' title="bbox 1974 4524 3747 4605; baseline -0.001 -17"><span class='ocrx_word' id='word_1_547' title='bbox 1974 4526 2183 4589; x_wconf 89' lang='lat' dir='ltr'><strong>atione</strong></span> <span class='ocrx_word' id='word_1_548' title='bbox 2222 4526 2418 4589; x_wconf 91' lang='lat' dir='ltr'><strong>solius</strong></span> <span class='ocrx_word' id='word_1_549' title='bbox 2455 4524 2660 4587; x_wconf 81' lang='lat' dir='ltr'><strong>Mariae</strong></span> <span class='ocrx_word' id='word_1_550' title='bbox 2688 4524 3066 4605; x_wconf 87' lang='lat' dir='ltr'><strong>Magdalene,</strong></span> <span class='ocrx_word' id='word_1_551' title='bbox 3102 4533 3172 4586; x_wconf 89' lang='lat' dir='ltr'><strong>ut</strong></span> <span class='ocrx_word' id='word_1_552' title='bbox 3201 4525 3469 4588; x_wconf 89' lang='lat' dir='ltr'><strong>Joannes</strong></span> <span class='ocrx_word' id='word_1_553' title='bbox 3512 4544 3747 4596; x_wconf 54' lang='lat' dir='ltr'><strong>mam.</strong></span> 
     </span>
     <span class='ocr_line' id='line_1_88' title="bbox 1973 4623 3471 4703; baseline -0.002 -16"><span class='ocrx_word' id='word_1_554' title='bbox 1973 4624 2301 4687; x_wconf 89' lang='lat' dir='ltr'><strong>insinuare</strong></span> <span class='ocrx_word' id='word_1_555' title='bbox 2342 4624 2592 4686; x_wconf 89' lang='lat' dir='ltr'><strong>videtur</strong></span> <span class='ocrx_word' id='word_1_556' title='bbox 2626 4642 2640 4686; x_wconf 76' lang='grc' dir='ltr'><strong><em>ε</em></strong></span> <span class='ocrx_word' id='word_1_557' title='bbox 2675 4631 2739 4685; x_wconf 88' lang='lat' dir='ltr'><strong>et</strong></span> <span class='ocrx_word' id='word_1_558' title='bbox 2788 4623 2872 4685; x_wconf 89' lang='lat' dir='ltr'><strong>ita</strong></span> <span class='ocrx_word' id='word_1_559' title='bbox 2921 4623 3304 4703; x_wconf 84' lang='lat' dir='ltr'><strong>evangelista</strong></span> <span class='ocrx_word' id='word_1_560' title='bbox 3349 4623 3471 4685; x_wconf 91' lang='lat' dir='ltr'><strong>Lu-</strong></span> 
     </span>
     <span class='ocr_line' id='line_1_89' title="bbox 1973 4721 3466 4785; baseline -0.001 0"><span class='ocrx_word' id='word_1_561' title='bbox 1973 4742 2075 4785; x_wconf 90' lang='lat' dir='ltr'><strong>cas</strong></span> <span class='ocrx_word' id='word_1_562' title='bbox 2121 4741 2249 4784; x_wconf 92' lang='lat' dir='ltr'><strong>non</strong></span> <span class='ocrx_word' id='word_1_563' title='bbox 2299 4722 2549 4783; x_wconf 82' lang='lat' dir='ltr'><strong>videtur</strong></span> <span class='ocrx_word' id='word_1_564' title='bbox 2590 4721 2694 4784; x_wconf 90' lang='lat' dir='ltr'><strong>hic</strong></span> <span class='ocrx_word' id='word_1_565' title='bbox 2739 4739 2990 4784; x_wconf 91' lang='lat' dir='ltr'><strong>servare</strong></span> <span class='ocrx_word' id='word_1_566' title='bbox 3038 4722 3322 4785; x_wconf 86' lang='lat' dir='ltr'><strong>ordinem</strong></span> <span class='ocrx_word' id='word_1_567' title='bbox 3376 4722 3466 4784; x_wconf 88' lang='lat' dir='ltr'><strong>rei</strong></span> 
     </span>
     <span class='ocr_line' id='line_1_90' title="bbox 1969 4820 3469 4902; baseline 0 -19"><span class='ocrx_word' id='word_1_568' title='bbox 1969 4828 2184 4902; x_wconf 69' lang='lat' dir='ltr'><strong>gestae.</strong></span> <span class='ocrx_word' id='word_1_569' title='bbox 2221 4823 2306 4881; x_wconf 81' lang='lat' dir='ltr'><strong>Et</strong></span> <span class='ocrx_word' id='word_1_570' title='bbox 2339 4822 2778 4897; x_wconf 76' lang='lat' dir='ltr'><strong>procumbem,</strong></span> <span class='ocrx_word' id='word_1_571' title='bbox 2821 4820 2884 4881; x_wconf 93' lang='lat' dir='ltr'><strong>id</strong></span> <span class='ocrx_word' id='word_1_572' title='bbox 2925 4828 3042 4899; x_wconf 81' lang='lat' dir='ltr'><strong>est,</strong></span> <span class='ocrx_word' id='word_1_573' title='bbox 3084 4821 3160 4882; x_wconf 90' lang='lat' dir='ltr'><strong>ad</strong></span> <span class='ocrx_word' id='word_1_574' title='bbox 3211 4820 3469 4902; x_wconf 90' lang='lat' dir='ltr'><strong>inspici-</strong></span> 
     </span>
     <span class='ocr_line' id='line_1_91' title="bbox 1972 4917 3470 4990; baseline 0 -9"><span class='ocrx_word' id='word_1_575' title='bbox 1972 4921 2208 4981; x_wconf 91' lang='lat' dir='ltr'><strong>endum</strong></span> <span class='ocrx_word' id='word_1_576' title='bbox 2250 4936 2317 4980; x_wconf 88' lang='lat' dir='ltr'><strong>se</strong></span> <span class='ocrx_word' id='word_1_577' title='bbox 2348 4917 2684 4990; x_wconf 90' lang='lat' dir='ltr'><strong>inclinans,</strong></span> <span class='ocrx_word' id='word_1_578' title='bbox 2721 4918 2890 4979; x_wconf 81' lang='lat' dir='ltr'><strong>vidi!</strong></span> <span class='ocrx_word' id='word_1_579' title='bbox 2919 4920 3305 4980; x_wconf 80' lang='lat' dir='ltr'><strong>linteamina</strong></span> <span class='ocrx_word' id='word_1_580' title='bbox 3333 4924 3470 4981; x_wconf 83' lang='lat' dir='ltr'><strong>sola</strong></span> 
     </span>
     <span class='ocr_line' id='line_1_92' title="bbox 1964 5015 3472 5097; baseline 0.001 -19"><span class='ocrx_word' id='word_1_581' title='bbox 1964 5019 2200 5095; x_wconf 74' lang='lat' dir='ltr'><strong>posita.</strong></span> <span class='ocrx_word' id='word_1_582' title='bbox 2253 5015 2648 5077; x_wconf 89' lang='lat' dir='ltr'><strong>Linteamina</strong></span> <span class='ocrx_word' id='word_1_583' title='bbox 2697 5033 2994 5096; x_wconf 90' lang='lat' dir='ltr'><strong>namque,</strong></span> <span class='ocrx_word' id='word_1_584' title='bbox 3048 5016 3284 5097; x_wconf 89' lang='lat' dir='ltr'><strong>quibus</strong></span> <span class='ocrx_word' id='word_1_585' title='bbox 3333 5037 3472 5081; x_wconf 89' lang='lat' dir='ltr'><strong>cor-</strong></span> 
     </span>
     <span class='ocr_line' id='line_1_93' title="bbox 1974 5111 3470 5195; baseline -0.001 -19"><span class='ocrx_word' id='word_1_586' title='bbox 1974 5134 2091 5195; x_wconf 85' lang='lat' dir='ltr'><strong>pus</strong></span> <span class='ocrx_word' id='word_1_587' title='bbox 2124 5113 2355 5176; x_wconf 89' lang='lat' dir='ltr'><strong>Christi</strong></span> <span class='ocrx_word' id='word_1_588' title='bbox 2386 5111 2591 5174; x_wconf 83' lang='lat' dir='ltr'><strong>fuerat</strong></span> <span class='ocrx_word' id='word_1_589' title='bbox 2622 5112 2997 5186; x_wconf 83' lang='lat' dir='ltr'><strong>involutum,</strong></span> <span class='ocrx_word' id='word_1_590' title='bbox 3018 5111 3281 5176; x_wconf 84' lang='lat' dir='ltr'><strong>fuerunt</strong></span> <span class='ocrx_word' id='word_1_591' title='bbox 3313 5116 3470 5195; x_wconf 88' lang='lat' dir='ltr'><strong>posi-</strong></span> 
     </span>
     <span class='ocr_line' id='line_1_94' title="bbox 1970 5212 3468 5293; baseline 0.001 -20"><span class='ocrx_word' id='word_1_592' title='bbox 1970 5222 2033 5274; x_wconf 87' lang='lat' dir='ltr'><strong>ta</strong></span> <span class='ocrx_word' id='word_1_593' title='bbox 2060 5214 2214 5285; x_wconf 93' lang='lat' dir='ltr'><strong>sola,</strong></span> <span class='ocrx_word' id='word_1_594' title='bbox 2249 5212 2312 5274; x_wconf 91' lang='lat' dir='ltr'><strong>id</strong></span> <span class='ocrx_word' id='word_1_595' title='bbox 2344 5218 2439 5273; x_wconf 87' lang='lat' dir='ltr'><strong>est</strong></span> <span class='ocrx_word' id='word_1_596' title='bbox 2477 5228 2762 5274; x_wconf 89' lang='lat' dir='ltr'><strong>seorsum</strong></span> <span class='ocrx_word' id='word_1_597' title='bbox 2795 5212 3092 5272; x_wconf 88' lang='lat' dir='ltr'><strong>decenter</strong></span> <span class='ocrx_word' id='word_1_598' title='bbox 3121 5213 3468 5293; x_wconf 88' lang='lat' dir='ltr'><strong>composita</strong></span> 
     </span>
     <span class='ocr_line' id='line_1_95' title="bbox 1970 5309 3469 5392; baseline 0.001 -21"><span class='ocrx_word' id='word_1_599' title='bbox 1970 5328 2079 5371; x_wconf 90' lang='lat' dir='ltr'><strong>seu</strong></span> <span class='ocrx_word' id='word_1_600' title='bbox 2131 5309 2383 5392; x_wconf 90' lang='lat' dir='ltr'><strong>plicata,</strong></span> <span class='ocrx_word' id='word_1_601' title='bbox 2426 5316 2490 5371; x_wconf 90' lang='lat' dir='ltr'><strong>et</strong></span> <span class='ocrx_word' id='word_1_602' title='bbox 2536 5328 2572 5371; x_wconf 90' lang='lat' dir='ltr'><strong>a</strong></span> <span class='ocrx_word' id='word_1_603' title='bbox 2623 5309 2874 5372; x_wconf 89' lang='lat' dir='ltr'><strong>sudario</strong></span> <span class='ocrx_word' id='word_1_604' title='bbox 2923 5316 3230 5392; x_wconf 89' lang='lat' dir='ltr'><strong>separata.</strong></span> <span class='ocrx_word' id='word_1_605' title='bbox 3274 5309 3469 5373; x_wconf 91' lang='lat' dir='ltr'><strong>Suda-</strong></span> 
     </span>
    </p>
   </div>
   <div class='ocr_carea' id='block_1_18' title="bbox 4265 4990 4268 5909">
    <p class='ocr_par' dir='ltr' id='par_1_21' title="bbox 4265 4990 4268 5909">
     <span class='ocr_line' id='line_1_96' title="bbox 4265 4990 4268 5909; baseline 0 0"><span class='ocrx_word' id='word_1_606' title='bbox 4265 4990 4268 5909; x_wconf 95' lang='lat' dir='ltr'><strong> </strong></span> 
     </span>
    </p>
   </div>
  </div>
 </body>
</html>
