4300 6259
81 1251 294 1307 Philippu,

69 1317 121 1357 Ξῖ.

68 1935 80 1976 1
91 1935 178 1978 Cor.
190 1949 212 1977 x

69 2141 293 2192 (fuleham.

93 2932 208 2977 [Cor.
227 2948 278 2977 xv

73 3325 165 3370 [tid.
181 3342 218 3378 1,
232 3331 294 3372 ³3.

79 4011 300 4064 Galatam.

139 662 196 716 Π

155 4993 214 5049 18

1120 481 1475 531 alumno
1517 482 1582 528 IN
1623 482 1763 530 GAP.
1810 483 1918 529 xxi
1961 483 2150 530 LUCAE.
2196 503 2277 514 ·-·-
2319 484 2460 529 ΛΒΤ.
2507 482 2648 528 xuv

3316 458 3429 524 191

409 653 498 714 Et
543 653 731 714 eritis
777 656 924 714 odio
971 656 1269 716 omnibus
1321 656 1716 727 hominibus,
1769 655 1834 717 id
1863 653 1914 716 A
1941 656 2019 717 ad
2067 655 2295 737 capitis
2344 651 2799 737 perfectionem
2850 657 2912 713 et
2954 657 3246 714 ornatum
3296 665 3439 730 spe-

323 758 422 810 θεῖ
451 750 842 831 quibusdam
883 754 960 814 de
991 752 1167 816 omni
1203 771 1436 834 genere
1470 753 1828 826 hominum,

324 855 397 909 ut
445 849 532 910 sit
580 848 948 915 distributio
997 870 1113 933 pro
1159 851 1503 932 generibus
1553 851 1835 932 singulo-

325 965 496 1022 rum,
545 967 675 1011 non
727 967 841 1030 pro
891 950 1162 1031 singulis
1209 967 1540 1031 generum.
1585 949 1692 1011 Vel
1744 949 1831 1011 di-

323 1045 434 1118 cit,
467 1044 782 1109 Omnibus
819 1048 1215 1122 hominibuS,
1251 1057 1512 1131 propter
1551 1047 1836 1110 multitu-

323 1143 544 1206 dinem
579 1145 934 1208 odientium
963 1164 1070 1210 eos
1097 1165 1111 1209 ε
1135 1146 1317 1227 juxta
1344 1165 1537 1228 quem
1571 1147 1833 1209 modum

322 1241 413 1304 ait
453 1241 820 1325 Apostolus,
852 1244 1084 1308 Omnes
1122 1263 1267 1327 quae
1309 1264 1422 1307 sua
1465 1252 1615 1307 sunt
1663 1263 1838 1327 quae-

325 1349 502 1414 runt,
551 1359 682 1404 non
729 1360 872 1423 quae
919 1343 1066 1406 Jesu
1118 1342 1373 1407 Christi.
1415 1346 1693 1423 Propter
1725 1363 1838 1402 no-

323 1461 474 1500 men
505 1461 743 1514 meum,
775 1441 840 1504 id
871 1450 968 1504 est
998 1451 1262 1524 propter
1291 1441 1831 1524 praedicationem,

323 1536 799 1601 confessionem
855 1547 919 1601 et
969 1539 1212 1602 cultum
1264 1539 1542 1603 nominis
1601 1539 1725 1601 mei
1774 1547 1839 1601 et

323 1635 486 1716 legis
536 1655 612 1699 ac
660 1634 816 1699 fidei
867 1637 1250 1702 christianas.
1293 1637 1555 1719 Nempe,
1609 1645 1680 1700 ut
1725 1637 1840 1699 Te-

323 1735 576 1796 rentius
625 1742 1032 1817 protestatur,
1073 1734 1249 1798 Sicut
1295 1735 1678 1817 obsequium
1727 1755 1839 1818 pa·-

326 1832 407 1894 rit
451 1834 716 1908 amicOS,
765 1835 858 1897 sic
899 1835 1129 1896 veritas
1171 1835 1412 1897 odium.

417 1930 541 1994 Sed
593 1932 790 2014 objici
841 1940 1049 2014 potest
1096 1932 1256 1995 illud
1304 1932 1588 2014 Apostoli
1641 1951 1654 1994 :
1706 1931 1834 2013 Ego

327 2048 443 2112 per
481 2031 700 2093 omnia
747 2030 1050 2093 omnibus
1096 2031 1336 2112 placeo.
1371 2030 1830 2112 Respondetur,

324 2130 500 2210 quod
550 2129 718 2192 idem
765 2129 1106 2211 Apostolus
1157 2129 1489 2211 loquitur:
1524 2128 1588 2192 Si
1633 2130 1836 2192 homi-

325 2226 520 2289 nibus
554 2227 894 2309 placerem,
931 2227 1164 2292 Christi
1195 2246 1417 2290 servus
1448 2246 1574 2290 non
1606 2245 1828 2290 essem.

326 2327 548 2408 ltaque
603 2327 1088 2402 advertendum,
1133 2328 1309 2408 ’quod
1359 2326 1688 2408 Scriptura
1743 2326 1835 2389 lo-

323 2425 552 2506 quitur
599 2426 680 2488 de
726 2424 986 2488 homine
1033 2425 1424 2507 dupliciter:
1459 2424 1690 2500 Primo,
1739 2442 1836 2486 se-

325 2523 614 2586 cundum
657 2523 720 2585 id
751 2524 922 2604 quod
963 2542 1336 2605 supremum
1377 2531 1440 2585 et
1469 2523 1700 2585 melius
1740 2531 1835 2586 est

325 2622 390 2684 in
451 2622 740 2695 homine,
805 2629 1024 2704 utpote
1082 2623 1436 2684 secundum
1498 2622 1831 2697 rationem,

321 2720 596 2802 gratiam
647 2728 709 2782 et
757 2721 1058 2783 virtutem
1109 2739 1122 2782 :
1170 2727 1235 2784 et
1281 2720 1366 2782 ita
1412 2728 1673 2784 vocatur
1718 2719 1835 2782 hu-

325 2837 616 2891 manum,
649 2819 822 2899 quod
862 2817 1239 2881 rationabile
1267 2825 1362 2882 est
1391 2824 1454 2880 et
1493 2819 1696 2899 pium.
1731 2816 1833 2880 Sic

283 2916 670 2998 ‚Apostolus
719 2915 877 2978 dicit
913 2915 1025 2978 :Si
1076 2917 1428 2978 secundum
1477 2916 1826 2992 hominem,

1944 754 2227 816 ctabunt.
2275 752 2482 816 Potest
2529 761 2591 814 et
2641 752 2725 813 ita
2768 749 3037 830 intelligi
3083 767 3097 812 :
3142 747 3307 810 Nihil
3358 747 3436 808 ad

1943 853 2227 935 corporis
2268 853 2619 925 veritatem,
2664 849 3111 930 integritatem,
3145 848 3437 910 decorem

1947 952 2295 1035 pertincnS,
2330 951 2530 1014 deerit
2578 951 2644 1012 in
2684 949 3147 1012 resurrectione
3194 945 3435 1008 electis.

1945 1050 2008 1113 Si
2058 1051 2233 1113 enim
2276 1068 2401 1113 non
2453 1049 2757 1131 peribunt
2798 1047 3036 1130 capilli,
3070 1045 3272 1108 multo
3322 1044 3442 1106 mi-

1946 1169 2067 1213 nus
2117 1149 2425 1224 membra,
2460 1166 2681 1212 carnes
2720 1155 2783 1209 et
2820 1165 2980 1210 ossa.
3014 1142 3441 1228 Spiritualiter

1946 1267 2116 1321 ver0‚
2182 1246 2397 1329 capilli
2458 1254 2607 1310 sunt
2668 1245 3079 1326 cogitationes
3150 1240 3438 1305 affectio-

1946 1363 2189 1428 nesque
2247 1345 2477 1408 animae
2533 1363 2546 1407 :
2603 1363 2748 1426 quae
2807 1344 2860 1405 si
2918 1343 3101 1406 bonae
3164 1349 3226 1403 et
3284 1339 3441 1403 cari-

1945 1444 2157 1506 tativae
2205 1442 2468 1516 fuerint,
2508 1461 2636 1506 non
2682 1441 2988 1504 carebunt
3027 1438 3439 1502 beatitudinis

1948 1541 2233 1625 praemio.

2039 1643 2124 1702 In
2167 1640 2494 1720 patientia
2549 1648 2777 1705 vestra,
2827 1637 2891 1699 id
2949 1643 3045 1698 est
3093 1635 3326 1699 virtute
3376 1641 3437 1698 et

1947 1738 2175 1801 merito
2224 1737 2543 1820 patientiae
2584 1743 2827 1810 vestrae,
2855 1736 3261 1815 possidebitis
3297 1736 3443 1794 cmi-

1873 1832 1918 1894 B
1949 1857 2085 1896 mas
2127 1845 2391 1904 vestras,
2423 1834 2487 1896 id
2536 1841 2653 1908 est,
2698 1851 2801 1894 eas
2850 1831 3190 1894 salubriter
3239 1839 3445 1894 custo-

1947 1933 2155 2008 dietis,
2190 1941 2254 1995 et
2292 1951 2329 1994 a
2357 1932 2549 1995 variis
2591 1929 3059 2013 praeservabitis
3090 1929 3263 1993 vitiis
3298 1947 3444 2010 quae

1945 2049 2061 2112 per
2090 2031 2551 2114 impatientiam
2584 2029 2810 2092 incidit
2839 2029 3049 2103 homo,
3084 2045 3319 2110 easque
3348 2046 3445 2090 ra-

1943 2130 2103 2193 tioni
2154 2138 2216 2192 et
2258 2128 2382 2192 Deo
2431 2128 2748 2210 subjectas
2796 2126 3135 2189 habebitis.
3169 2125 3283 2188 Per
3327 2126 3445 2189 im-

1946 2229 2312 2311 patientiam
2357 2245 2508 2291 vero
2552 2226 2759 2309 perdit
2792 2225 2982 2289 homo
3021 2225 3298 2287 animam
3338 2245 3443 2287 su-

3574 1646 3643 1703 19

1943 2347 2068 2403 am,
2102 2346 2304 2409 quum
2353 2325 2646 2390 Salomon
2687 2325 2855 2387 dicat
2888 2343 2901 2386 :
2936 2323 3049 2396 Qui
3101 2323 3440 2406 impatiens
3497 2338 3729 2390 emm.

1945 2434 2061 2500 est,
2089 2434 2390 2508 operatur
2418 2423 2785 2504 stultitiam3
2813 2422 2928 2486 Iob
2960 2440 3217 2504 quoque
3242 2440 3256 2484 ε
3281 2421 3439 2494 Quid
3466 2401 3551 2506 {20
3566 2467 3728 2515 uns*-

1946 2525 2160 2606 perdis
2188 2524 2465 2586 animam
2506 2530 2679 2584 tuam
2710 2521 2774 2582 in
2815 2518 3031 2583 furore
3069 2523 3215 2583 tuo?
3247 2519 3440 2582 Tanta

1945 2630 2157 2684 autem
2195 2628 2293 2685 est
2331 2620 2650 2703 patientiae
2686 2619 2912 2694 virtus,
2948 2626 3019 2680 ut
3044 2617 3311 2682 lacobus
3350 2619 3440 2681 di-

1946 2728 2044 2783 cat
2082 2739 2096 2782 ε
2136 2719 2439 2781 Patientia
2483 2737 2645 2800 opus
2696 2715 3046 2799 perfectum
3101 2715 3329 2792 habet3
3376 2725 3439 2778 et
3464 2731 3621 2775 Jacob.
3640 2745 3669 2782 ι,
3687 2733 3725 2775 4.

1946 2817 2239 2882 Salomon
2288 2836 2302 2881 :
2349 2815 2564 2879 Melior
2611 2822 2706 2878 est
2757 2815 3003 2897 patiens
3055 2814 3192 2878 viro
3244 2814 3434 2895 forti3
3491 2826 3727 2878 Pron-m

1947 2923 2010 2978 et
2044 2916 2159 2998 qui
2204 2915 2565 2978 dominatur
2592 2914 2807 2977 animo
2844 2931 2981 2988 suo,
3014 2921 3441 2995 expugnatore
3468 2891 3491 2931 ³

326 3015 388 3077 id
419 3022 519 3078 est
549 3014 1034 3088 rationabiliter,
1067 3017 1146 3077 ad
1175 3014 1432 3088 bestiaS,
1469 3013 1531 3075 id
1563 3022 1661 3077 est
1687 3034 1834 3078 eon-
1873 3013 1916 3076 C
1948 3015 2229 3077 urbium.

326 3121 421 3174 tra
458 3113 764 3174 bestiales
804 3113 1120 3188 hominm,
1154 3112 1433 3195 pugnavi
1476 3111 1734 3194 Ephesi,
1768 3112 1832 3176 id

323 3218 440 3286 est,
476 3211 804 3294 disputavi
842 3211 910 3273 in
948 3210 1221 3293 Ephes0.
1253 3210 1330 3273 Et
1363 3211 1483 3275 hoc
1521 3213 1710 3275 modo
1746 3211 1837 3275 ait

322 3310 671 3393 Apostolus
705 3309 882 3391 :Ego
929 3329 1046 3392 per
1091 3310 1308 3374 omnia
1353 3310 1653 3373 omnibus
1703 3311 1836 3393 pla-

325 3427 457 3474 ceo.
494 3408 790 3472 Secundo
827 3408 1113 3490 loquitur
1151 3407 1478 3491 Scriptura
1517 3410 1594 3471 de
1631 3409 1838 3473 homi·-

326 3525 408 3570 ne
443 3507 806 3570 secundum
856 3507 922 3568 id
958 3507 1130 3588 quod
1171 3507 1422 3570 carnale
1462 3514 1524 3569 et
1564 3526 1834 3588 pravum

325 3614 534 3670 exstat
564 3605 628 3668 in
671 3623 748 3668 eo
782 3624 796 3668 :
834 3605 1005 3687 quod
1039 3611 1101 3666 et
1139 3605 1204 3666 in
1235 3605 1464 3686 maj0ri
1499 3605 1832 3668 hominum

327 3713 508 3788 parte
551 3705 1076 3787 praedominatur,
1109 3703 1414 3786 quoniam
1453 3703 1658 3785 maj0r
1687 3723 1834 3786 pars

325 3805 672 3869 hominum
729 3803 1226 3878 sensualitatem,
1279 3820 1523 3866 errores
1572 3810 1638 3864 et
1683 3803 1838 3866 vitia

328 3903 650 3986 sequitur.
698 3900 775 3962 Et
821 3903 909 3963 ita
957 3920 1129 3964 nunc
1177 3902 1462 3983 loquitur
1506 3901 1832 3983 Christus3

327 4009 390 4064 et
435 4003 596 4064 item
635 3999 976 4083 Apostolus
1024 3999 1136 4061 ubi
1184 4000 1319 4063 ait:
1354 3999 1417 4062 Si
1466 4001 1836 4064 hominibus

329 4102 678 4183 placerem,
713 4097 944 4162 Christi
975 4115 1198 4160 servus
1229 4117 1354 4162 non
1385 4116 1612 4160 essem.
1647 4099 1836 4164 Porro

2025 3113 2133 3176 Est
2175 3120 2388 3174 autem
2429 3109 2733 3193 patientia
2775 3108 2979 3172 virtus
3022 3110 3281 3173 moralis
3326 3128 3441 3191 per

1944 3229 2139 3292 quam
2187 3209 2377 3272 homo
2425 3208 2788 3271 moderatur
2828 3226 2901 3269 ac
2946 3206 3156 3269 frenat
3203 3208 3443 3290 passio-

1947 3325 2094 3369 nem
2143 3306 2435 3380 tristitiae,
2469 3322 2551 3366 ne
2598 3303 2843 3367 scilicet
2882 3303 2948 3365 in
2993 3304 3275 3367 adversis
3324 3305 3442 3366 im-

1945 3408 2265 3469 moderate
2302 3403 2611 3479 tristetur,
2646 3403 2776 3466 imo
2815 3403 3026 3485 potius
3061 3405 3331 3484 gaudeat
3371 3405 3437 3467 in

1946 3505 2189 3567 eisdem
2239 3511 2498 3586 propter
2541 3501 2965 3584 multiplicem
3016 3501 3296 3565 fructum
3342 3504 3441 3565 in—

1945 3604 2022 3666 de
2071 3600 2575 3685 provenientem.
2618 3598 2877 3680 Propter
2927 3600 3098 3681 quod
3146 3599 3212 3661 in
3263 3619 3441 3664 exor-

1946 3701 2050 3764 dio
2095 3719 2225 3763 suae
2265 3699 2595 3762 Canonicae
2628 3697 2895 3760 Jacobus
2944 3706 3161 3761 monet
3194 3718 3208 3761 ε
3241 3697 3438 3762 Omne
3465 3718 3620 3763 Jacob.
3640 3721 3723 3771 με.

1944 3800 2247 3882 gaudium
2297 3798 2671 3870 existimate,
2705 3795 2955 3870 fratreS‚
2988 3815 3188 3878 quum
3237 3799 3303 3860 in
3350 3799 3441 3861 di-

1947 3917 2158 3963 versas
2190 3897 2566 3960 tentationes
2596 3894 2968 3958 incideritis.
3004 3895 3287 3977 Denique
3316 3916 3443 3960 om-

1947 3997 2126 4058 nium
2168 3995 2476 4058 virtutum
2524 3992 3085 4076 spiritualiumque
3125 3994 3443 4075 profectu-

1946 4115 2052 4156 um
2105 4092 2409 4176 patientia
2464 4099 2560 4154 est
2617 4090 2982 4174 probatrix3
3035 4109 3152 4154 nec
3209 4094 3440 4156 melius

329 4217 521 4262 causa
573 4197 704 4261 odii
758 4195 978 4276 bujuS,
1029 4203 1126 4258 est
1183 4196 1637 4260 dissimilitudo
1691 4216 1835 4279 quae
1865 4201 1914 4262 D
1945 4193 2220 4275 experiri
2262 4198 2470 4274 potest
2508 4209 2586 4252 an
2627 4190 2817 4253 homo
2858 4190 2942 4251 sit
2973 4207 3119 4252 vere
3150 4191 3436 4270 humilis,

327 4306 425 4360 est
477 4298 652 4360 inter
704 4312 921 4356 servos
971 4293 1203 4357 Christi
1262 4301 1326 4356 et
1380 4295 1616 4366 saeculi,
1668 4294 1835 4358 inter

329 4395 500 4460 cives
530 4393 882 4457 Jerusalem
910 4398 975 4453 et
1001 4390 1352 4474 Babylonis.
1377 4391 1637 4475 Propter
1665 4395 1834 4476 quod

239 4528 302 4566 n,
330 4495 395 4558 in
441 4494 688 4558 Joanne
739 4491 967 4554 asserit
1014 4489 1301 4554 Christus
1348 4491 1664 4572 Apostolis
1707 4511 1721 4554 ε
1768 4491 1832 4554 Si

333 4596 410 4657 de
465 4593 714 4656 mundo
769 4589 1016 4662 essetis,
1079 4589 1356 4651 mundus
1414 4590 1582 4670 quod
1645 4609 1832 4653 suum

334 4703 466 4757 erat
513 4691 855 4773 diligeret3
896 4690 1049 4771 quia
1092 4706 1244 4752 vero
1292 4690 1370 4752 de
1419 4689 1658 4752 mundo
1705 4708 1831 4752 non

333 4794 508 4868 estiS,
560 4791 673 4853 sed
719 4807 835 4870 ego
881 4787 1044 4868 elegi
1095 4805 1206 4850 vos
1255 4788 1332 4849 de
1381 4787 1643 4862 mundo,
1692 4806 1835 4869 pro-

337 4901 558 4975 pterea
597 4887 732 4952 odit
773 4905 884 4951 vos
930 4887 1230 4948 mundus

402 4993 488 5052 Et
515 4988 802 5065 capillus
829 4987 910 5044 de
937 4986 1148 5061 capite
1179 4993 1379 5044 vestro
1407 5003 1536 5044 non
1565 4985 1830 5060 peribit.

333 5089 466 5153 Non
498 5094 599 5150 est
636 5085 760 5147 hoc
798 5083 884 5144 ita
921 5080 1390 5163 accipiendum,
1423 5082 1594 5163 quod
1636 5081 1698 5143 in
1742 5101 1837 5145 re-

335 5182 748 5268 surgentibus
805 5187 996 5242 erunt
1039 5197 1262 5242 omnes
1311 5179 1525 5261 capilli
1576 5180 1690 5261 qui
1739 5179 1839 5242 su-

336 5292 522 5350 erunt
569 5283 640 5345 in
689 5297 914 5344 eorum
965 5278 1304 5360 capitibuS,
1355 5279 1464 5341 sed
1519 5285 1632 5352 tot,
1682 5286 1838 5360 quot

1945 4290 2333 4365 caritativuS‚
2369 4296 2759 4364 mansuetuS,
2793 4288 3062 4370 patiens,
3096 4308 3291 4371 quam
3326 4310 3441 4375 per

1945 4389 2313 4473 patientiam
2364 4387 2430 4450 in
2478 4386 2783 4462 adversiS,
2819 4387 2885 4448 in
2935 4387 3173 4468 quibus
3221 4389 3276 4451 si
3324 4390 3442 4453 im-

1945 4489 2193 4572 patiens
2244 4486 2456 4560 fuerit,
2492 4492 2664 4567 patet
2706 4483 3107 4567 imperfectio
3149 4486 3310 4568 ejus.
3346 4489 3441 4552 ld—

1945 4588 2114 4651 circo
2152 4583 2215 4648 in
2258 4583 2697 4647 Ecclesiastico
2737 4583 2968 4664 legitur
3001 4601 3015 4646 ε
3048 4582 3208 4647 Vasa
3253 4584 3437 4668 figuli

1946 4685 2171 4769 probat
2218 4682 2463 4755 fornax,
2496 4689 2563 4744 et
2600 4681 2888 4745 homines
2923 4681 3127 4762 justos
3178 4685 3439 4750 tentatio
3466 4679 3593 4719 ’Μ’
3646 4700 3658 4713 ·

1942 4781 2395 4846 tribulationis.
2428 4779 2731 4842 Patientia
2778 4798 3056 4861 namque
3105 4782 3169 4843 in
3218 4784 3442 4848 adver—

1944 4883 2054 4958 sis,
2087 4888 2187 4944 est
2213 4881 2467 4961 signum
2496 4878 2968 4960 exstirpationis
3009 4880 3238 4960 privati
3270 4901 3441 4948 amo·-

1945 4983 2054 5056 riS‚
2098 4980 2212 5062 qui
2260 4977 2548 5043 omnium
2596 4984 2693 5039 est
2737 4976 3038 5040 vitiorum
3088 4979 3300 5061 orig03
3344 4991 3439 5044 est

1944 5096 2202 5162 quoque
2251 5075 2625 5139 humilitatis
2675 5074 3005 5137 indicium.
3038 5076 3439 5160 Impatientia

1944 5195 2093 5242 vero
2133 5184 2229 5239 est
2272 5175 2525 5254 signum
2576 5172 2807 5254 privati
2844 5174 3078 5237 amoris
3126 5185 3189 5238 et
3226 5178 3439 5244 elatio-

3522 4603 3667 4650 Eroti.

1995 5276 2008 5288 .
2603 5271 2614 5283 .
2809 5271 2821 5283 .
3490 5237 3724 5291 Protaxtv,

1945 5295 2067 5338 ms.
2119 5274 2308 5338 Recte
2354 5290 2503 5354 ergo
2554 5273 2855 5334 disseruit
2902 5271 3195 5337 Salomon
3248 5294 3262 5339 ε
3319 5277 3436 5350 Qui
3464 5304 3532 5347 ιο.
