4300 6259
1226 525 1577 576 mammo
1618 527 1683 574 m
1722 527 1861 575 m.
1904 527 1975 574 m
2012 527 2292 576 somnis.
2337 544 2418 560 -—
2458 531 2602 577 aar.
2645 529 2756 576 vm
3414 511 3530 579 331

64 704 137 749 ιε.
164 720 265 758 uu.
294 710 355 754 ⁷.
416 693 687 758 oblatus
724 703 821 758 est
858 697 1011 778 quia
1050 697 1273 773 voluit,
1310 717 1436 763 non
1478 698 1630 781 quia
1660 699 1934 762 necessi·
1964 699 2015 762 A
2044 717 2420 782 expansum,
2473 709 2775 764 sanantur
2819 703 2900 764 ab
2949 703 3122 767 omni
3172 704 3395 767 ardore
3441 703 3538 765 in—

416 799 561 855 tate
603 792 727 856 fuit
767 796 1131 859 adstrictus.
1178 796 1467 880 Oportuit
1514 805 1747 872 tamen,
1782 799 1934 880 quia
2044 798 2280 862 centivi
2311 800 2575 881 peccati,
2609 800 2688 862 ab
2727 801 2901 864 omni
2941 801 3286 865 tentatione
3324 801 3539 864 diaho-

418 893 931 972 praeordinatum
986 914 1022 956 a
1074 895 1221 970 Deo,
1274 904 1339 958 et
1397 903 1465 958 ut
1512 897 1934 978 implerentur
2044 894 2113 975 li,
2144 895 2226 958 ab
2254 897 2426 960 omni
2462 897 2748 980 pigritia;
2779 899 3144 961 animantur
3172 917 3430 980 quoque
3458 900 3536 962 ad

416 986 798 1072 Scripturas.
833 994 1087 1054 Filium
1119 995 1423 1056 homini-³.
1458 993 1701 1076 Saepius
1732 994 1935 1058 nomi·
2043 992 2292 1056 fortiter
2322 995 2761 1078 praeliandum,
2786 998 2862 1059 ad
2896 997 3262 1079 patientiam
3295 1015 3532 1072 veram,

420 1096 543 1150 nat
580 1107 647 1152 εθ
686 1090 973 1154 Christus
1014 1092 1245 1155 Filium
1297 1093 1574 1156 hominis
1613 1111 1807 1175 quam
1837 1093 1935 1154 Fi-
2043 1093 2120 1155 ad
2170 1110 2424 1156 omnem
2476 1095 2801 1176 virtutem,
2852 1103 3141 1178 optantes
3197 1096 3380 1177 sequi
3437 1113 3538 1158 ve-

418 1185 591 1249 lium
619 1187 831 1264 Dei,ut
861 1190 1237 1253 humilitatis
1268 1199 1525 1274 praestet
1552 1193 1931 1274 exemplum.
2044 1190 2230 1271 stigia
2289 1191 2542 1254 Christi.
2603 1193 2778 1256 Unde
2829 1195 2908 1256 ad
2968 1192 3260 1256 Hebraeos
3319 1201 3538 1258 monet

510 1284 691 1349 Ratio
720 1305 981 1370 quoque
1017 1288 1233 1351 finalis
1273 1290 1669 1353 exaltationis
1701 1290 1931 1354 Christi
2042 1289 2379 1371 Apostolus
2414 1310 2428 1352 ε
2467 1291 2805 1354 Curramus
2851 1294 2930 1355 ad
2979 1292 3376 1374 propositum
3429 1311 3539 1355 no-
3579 1313 3830 1366 aetram,

424 1382 497 1444 in
554 1400 759 1458 cruce,
807 1393 871 1447 et
916 1385 1163 1448 fructus
1212 1388 1547 1450 dominicae
1594 1388 1928 1470 passionis,
2042 1388 2141 1450 bis
2209 1398 2549 1464 certamen,
2609 1391 3032 1472 adspicientes
3091 1391 3154 1452 in
3214 1399 3535 1454 auctorem
3566 1379 3607 1420 ²·

158 1479 243 1534 15
424 1480 869 1563 subjungitur.
915 1487 993 1546 Ut
1034 1487 1244 1546 omnis
1284 1488 1404 1564 qui
1440 1489 1645 1547 credit
1674 1488 1749 1548 in
1785 1507 1931 1548 eum
2043 1487 2196 1550 fidei
2246 1497 2310 1551 et
2347 1498 2919 1553 consummatorem
2955 1490 3192 1564 Jesum,
3242 1490 3354 1571 qui
3399 1509 3538 1572 pro-

424 1577 567 1641 ride
607 1579 876 1643 formata
913 1601 986 1644 ac
1023 1583 1397 1664 operatoria,
1432 1584 1496 1647 id
1546 1592 1644 1646 est
1689 1584 1932 1646 caritati
2044 1585 2251 1666 posito
2291 1585 2415 1646 sibi
2451 1586 2680 1666 gaudio
2727 1587 3031 1649 sustinuit
3078 1605 3354 1661 crucem,
3389 1605 3537 1650 con-

424 1677 615 1740 unita
670 1688 735 1742 et
792 1682 1175 1761 procedente
1226 1681 1293 1743 in
1352 1701 1536 1764 opus,
1590 1683 1934 1747 dummodo
2043 1683 2294 1748 fusione
2323 1691 2704 1766 contempta.
2730 1684 2926 1748 Tanto
2957 1692 3260 1767 praeterea
3286 1685 3538 1765 dignior

420 1777 737 1858 operandi
779 1779 1223 1860 opportunitas
1261 1781 1445 1842 adsit.
1492 1781 1724 1844 Caritas
1756 1800 1935 1844 nam·
2043 1781 2558 1864 fructuosiorque
2597 1782 2884 1846 consistit
2924 1783 3159 1846 erectio
3197 1783 3425 1846 Christi
3469 1783 3536 1846 in

422 1892 562 1955 que
600 1881 697 1937 est
734 1874 943 1939 forma
988 1895 1101 1938 seu
1150 1879 1341 1942 decor
1385 1887 1577 1960 atque
1625 1878 1932 1961 perfectio
1969 1881 2017 1944 B
2044 1899 2232 1943 cruce
2279 1899 2473 1962 quam
2523 1882 2836 1964 serpentis
2888 1881 3082 1955 illius,
3125 1889 3363 1963 quanto
3409 1901 3542 1944 me-

424 1971 589 2034 fidei
624 1992 639 2036 ε
674 1982 935 2057 propter
973 1977 1144 2057 quod
1184 1975 1347 2038 fides
1387 1977 1629 2038 caritati
1668 1978 1936 2058 conjun-
2044 1979 2170 2042 lius
2199 1988 2295 2042 est
2324 1980 2580 2042 liberari
2613 1999 2649 2041 a
2683 1979 3058 2043 vulneribus
3087 1980 3315 2043 animae
3343 1999 3535 2062 quam

424 2079 554 2144 cta,
601 2081 863 2136 vocatur
909 2073 1199 2138 formata.
1252 2077 1402 2140 Non
1442 2085 1689 2152 pereat,
1721 2075 1935 2138 incur-
2044 2078 2350 2160 corporis,
2389 2085 2451 2141 et
2480 2077 2748 2161 adipisci
2780 2078 2976 2143 vitam
3005 2086 3304 2142 aeternam
3343 2098 3537 2160 quam

427 2171 633 2234 rendo
671 2179 941 2235 mortem
982 2173 1402 2256 spiritualem,
1436 2175 1935 2238 damnationem-
2043 2176 2481 2258 temporalem.

427 2287 563 2349 que
632 2278 1029 2352 perpetuam.
1095 2271 1215 2336 Sed
1276 2273 1431 2354 quia
1494 2292 1619 2337 non
1688 2273 1933 2336 sufficit
2124 2273 2442 2337 Postremo
2486 2274 2695 2356 passio
2732 2274 2963 2337 Christi
3001 2282 3262 2338 vocatur
3308 2275 3540 2337 exalta-

88 2375 181 2418 Ρε.
207 2387 397 2424 xxxvn.
428 2367 694 2430 liberari
733 2388 769 2430 a
799 2369 987 2444 malo,
1022 2372 1132 2434 sed
1178 2371 1539 2454 indigemus
1578 2373 1931 2454 apprehen·
2043 2372 2129 2435 tio
2166 2391 2178 2434 ε
2213 2371 2443 2447 Primo,
2478 2373 2630 2454 quia
2659 2372 2725 2434 in
2755 2390 2900 2434 aere
2928 2372 3209 2436 elevatus
3239 2381 3336 2435 est
3363 2372 3538 2436 Chri-

428 2466 585 2528 dere
625 2465 890 2542 bonum,
933 2467 1346 2551 subjungitur
1379 2473 1536 2533 :sed
1572 2472 1799 2532 habeat
1836 2472 1931 2532 vi·
2041 2477 2178 2532 stus
2226 2470 2292 2532 in
2351 2487 2560 2533 cruce.
2621 2469 2930 2543 Secundo,
2973 2469 3126 2551 quia
3183 2487 3296 2550 per
3355 2488 3534 2532 suam

430 2574 569 2626 tam
614 2575 947 2639 (eternam,
1000 2567 1063 2630 id
1114 2577 1231 2644 est,
1280 2571 1357 2632 ad
1407 2568 1766 2632 beatificam
1822 2569 1927 2632 Dei
2042 2568 2400 2650 passionem
2451 2568 2730 2631 maxime
2787 2569 3120 2632 honoravit
3171 2569 3370 2631 Deum
3426 2568 3536 2631 Pa-

426 2663 747 2726 visionem
781 2665 1099 2747 pertingat
1132 2685 1145 2729 :
1178 2686 1325 2748 quae
1354 2687 1525 2730 nunc
1564 2667 1832 2730 habetur
1861 2668 1927 2730 in
2039 2674 2226 2741 trem,
2259 2666 2616 2729 obediendo
2643 2667 2701 2728 ei
2736 2685 2940 2748 usque
2966 2668 3046 2728 ad
3076 2674 3365 2730 mortem.
3399 2665 3536 2729 Pro·
3563 2689 3828 2746 Ριιειερμιι,

430 2779 575 2843 spe,
609 2770 675 2824 et
702 2763 1145 2844 posthabetur
1183 2765 1249 2827 in
1282 2785 1371 2838 re,
1417 2785 1453 2827 a
1500 2784 1725 2848 puram
1756 2784 1933 2828 men-
2042 2771 2186 2844 pter
2212 2764 2385 2844 quod
2414 2762 2536 2826 ait:
2557 2762 2686 2843 Ego
2718 2781 2843 2826 non
2873 2781 3090 2844 quaero
3117 2763 3380 2843 gloriam
3414 2781 3539 2825 me-
3564 2757 3828 2866 {im-mm.

426 2869 559 2924 tem
610 2862 1017 2938 habentibuS,
1053 2874 1122 2927 ut
1168 2867 1339 2948 apud
1382 2865 1739 2929 Matthaeum
1790 2885 1935 2948 pro-
2042 2879 2168 2938 am,
2203 2862 2312 2923 sed
2355 2861 2710 2925 honorifico
2739 2860 2984 2922 Patrem
3024 2879 3262 2923 meum.
3303 2860 3532 2936 Tertio,
3565 2881 3723 2931 som.

76 2977 401 3029 Διιαιιῃε.
430 2960 715 3023 mittitur
766 2981 779 3024 ε
834 2962 1003 3025 Beati
1062 2965 1303 3027 mundo
1360 2965 1570 3039 corde,
1628 2965 1929 3046 quoniam
2043 2959 2198 3040 quia
2238 2977 2354 3041 per
2391 2979 2570 3022 suam
2609 2959 2964 3042 passionem
3007 2959 3303 3023 exaltavit
3337 2977 3538 3040 genus

430 3058 560 3142 ipsi
602 3059 800 3122 Deum
843 3061 1172 3125 videbunt.
1224 3063 1311 3125 De
1357 3081 1486 3144 qua
1530 3063 1697 3125 infra
1743 3063 1935 3126 habe·
1972 3064 2016 3127 C
2046 3058 2420 3132 humanum,
2486 3060 2844 3121 reducendo
2901 3057 3059 3121 illud
3125 3058 3200 3120 ad
3272 3074 3538 3137 regnum

82 3165 267 3210 Jm
284 3177 401 3216 un,
430 3165 540 3220 tm·
572 3178 587 3222 ;
621 3158 767 3222 Haec
812 3168 908 3222 est
957 3161 1086 3223 vita
1131 3168 1385 3237 aeterna,
1438 3169 1507 3224 ut
1555 3170 1935 3243 cognoscant
2046 3156 2374 3220 coelorum.
2427 3155 2678 3231 Quarto,
2721 3156 3025 3238 quoniam
3079 3174 3194 3218 sua
3247 3156 3540 3239 passione

84 3231 132 3272 ³·
429 3263 497 3320 te
539 3275 763 3321 verum
806 3258 1028 3320 Deum.
2046 3254 2280 3316 meruit
2347 3254 2470 3318 sibi
2535 3255 2657 3337 ipsi
2719 3253 3108 3318 accidentale
3175 3253 3535 3336 praemium,

511 3354 833 3418 Elucescit
878 3356 1073 3438 igitur
1119 3359 1289 3439 quod
1336 3376 1599 3440 serpens
1652 3359 1761 3422 ille
1809 3359 1933 3424 fuit
2045 3353 2254 3415 omnis
2304 3353 2602 3418 videlicet
2648 3361 2950 3417 creaturae
2988 3352 3444 3436 praelationem,
3477 3359 3541 3414 et

429 3453 643 3535 figura
689 3453 969 3518 Christi:
1004 3457 1237 3532 ethoc,
1263 3464 1523 3540 propter
1570 3475 1791 3520 causas
1838 3459 1933 3521 di-
2046 3451 2330 3532 corporis
2398 3451 2496 3513 sui
2562 3451 3116 3533 glorificationem,
3187 3452 3534 3514 secundum

429 3571 670 3616 versas.
705 3551 937 3627 Primo,
971 3555 1275 3635 quoniam
1316 3555 1481 3618 sicut
1518 3575 1783 3638 serpens
1820 3557 1931 3620 ille
2044 3550 2217 3630 quod
2257 3549 2411 3612 dicit
2456 3549 2793 3631 Apostolus
2841 3551 2919 3613 ad
2961 3548 3254 3613 Hebraeos
3295 3567 3308 3612 :
3357 3548 3539 3610 Vide-
3565 3570 3824 3622 aeonum.

430 3650 659 3714 habuit
686 3649 960 3731 figuram
990 3654 1327 3733 serpentiS,
1350 3662 1413 3716 et
1442 3654 1928 3718 similitudinem
2044 3667 2188 3710 mus
2215 3647 2427 3710 Iesum
2469 3655 2728 3728 propter
2759 3649 3118 3729 passionem
3157 3647 3378 3711 mortis
3405 3646 3540 3728 glo-

428 3749 751 3820 venenati‚
798 3768 927 3813 non
974 3759 1189 3812 autem
1250 3760 1537 3815 naturam
1588 3755 1925 3836 serpentis,
2042 3747 2134 3808 ria
2178 3754 2243 3808 et
2283 3744 2522 3809 honore
2553 3753 2954 3826 coronatum3
2987 3753 3050 3808 et
3082 3746 3235 3808 alibi
3271 3764 3285 3808 :
3320 3744 3538 3807 Humi·
3573 3767 3830 3823 Philippu,

94 3861 399 3910 nmvma.
428 3863 549 3908 nec
580 3845 913 3910 veritatem
948 3847 1175 3910 veneni
1212 3867 1227 3910 :
1261 3848 1353 3911 sic
1382 3849 1667 3912 Christus
1708 3850 1931 3914 habuit
2042 3845 2221 3908 liavit
2268 3845 2683 3926 semetipsum
2731 3843 2933 3906 factus
2980 3843 3282 3907 obediens
3333 3862 3537 3925 usque
3566 3833 3666 3882 Η·

118 3957 395 4008 naemu.
428 3943 923 4007 similitudinem
962 3946 1173 4008 carnis
1203 3947 1465 4028 peccati,
1498 3956 1561 4010 et
1590 3949 1757 4011 inter
1787 3967 1931 4030 pec·
2039 3946 2119 4006 ad
2156 3951 2456 4024 mortem;
2500 3949 2758 4025 propter
2795 3944 2965 4024 quod
3006 3950 3068 4004 et
3108 3941 3270 4004 Deus
3309 3942 3536 4006 exalta·

100 4024 175 4126 ’ῗῇ
199 4085 325 4132 σω..
350 4097 395 4134 v·
426 4051 673 4107 catores
712 4045 1137 4107 communiter
1177 4045 1365 4123 vixit3
1400 4065 1525 4108 non
1570 4053 1779 4110 tamen
1822 4049 1932 4110 ha·
2041 4043 2133 4107 vit
2162 4043 2367 4116 illum,
2403 4050 2465 4104 θῑ
2504 4042 2678 4104 dedit
2714 4041 2773 4104 θὶ
2815 4058 3046 4104 1101111311
3087 4042 3257 4122 quod
3298 4050 3394 4104 Ost
3433 4061 3538 4104 8¹1·

98 4151 173 4191 ει.
426 4141 573 4204 huit
625 4141 907 4224 culpam,
962 4161 1080 4205 nec
1136 4145 1647 4207 communionem
1710 4165 1930 4227 pecca·
2041 4159 2156 4223 per
2197 4158 2386 4205 omne
2430 4157 2684 4204 nomen.

428 4240 478 4303 ti
529 4259 679 4303 cum
719 4241 960 4323 impiis.
1002 4241 1312 4316 Secundo,
1348 4243 1652 4323 quoniam
1694 4245 1930 4308 erectio
1964 4249 2010 4310 ι)
2134 4239 2204 4301 In
2271 4237 2454 4301 libris
2511 4237 2752 4319 Regum
2812 4237 3126 4319 seriptum
3183 4245 3298 4312 est,
3361 4240 3530 4319 quod

426 4339 606 4403 illius
674 4339 1013 4421 serpentiS,
1074 4340 1377 4421 figuravit
1442 4342 1923 4424 suspensionem
2038 4336 2336 4400 Ezechias
2383 4336 2572 4418 fregit
2621 4343 2984 4419 serpentem
3035 4337 3282 4400 aene'um
3337 4355 3528 4418 quem
3615 4355 3668 4400 iv
3696 4357 3806 4412 neq.

426 4437 660 4502 Christi
704 4437 771 4500 in
820 4437 1015 4519 ligno.
1051 4437 1280 4513 Tertio,
1316 4439 1467 4521 quia
1515 4442 1929 4521 quemadmo-
2036 4434 2190 4498 fecit
2227 4435 2487 4518 Moyses.
2523 4435 2696 4508 Quod
2740 4434 2893 4498 fecit
2931 4434 3228 4498 Ezechias
3269 4434 3404 4498 zelo
3438 4435 3533 4498 di-
3560 4431 3676 4471 Μ’·
3699 4421 3739 4461 ⁴·

424 4538 581 4600 dum
608 4535 807 4599 Judaei
858 4536 1271 4618 corporaliter
1318 4537 1471 4612 laesi‚
1507 4538 1813 4602 intuendo
1852 4540 1927 4602 il-
2036 4533 2168 4596 vini
2201 4533 2480 4608 honoris,
2504 4535 2582 4596 ad
2614 4533 2932 4597 vitandam
2965 4551 3216 4596 omnem
3251 4533 3528 4614 Speciem

424 4636 561 4698 lum
591 4642 955 4717 serpentem
986 4634 1372 4698 sanabantur
1398 4654 1436 4698 a
1465 4655 1679 4700 morsu
1711 4637 1927 4718 ignito·
2036 4630 2427 4705 idololatriae,
2463 4631 2616 4712 quia
2655 4637 2724 4693 ut
2765 4630 2898 4693 illic
2938 4629 3372 4712 subjungitur,
3405 4631 3528 4693 filii
3598 4640 3788 4686 [bidm-

422 4753 573 4796 rum
600 4734 1150 4816 serpentiumzsic
1180 4733 1406 4797 fideles
1446 4735 1579 4798 fide
1616 4736 1923 4804 intuendo
2032 4729 2220 4792 lsrael
2261 4747 2464 4810 11811110
2499 4731 2576 4792 ad
2617 4729 2777 4791 illud
2817 4736 3068 4811 tempus
3107 4728 3442 4792 adolebant
3471 4729 3528 4792 θῑ

422 4832 659 4898 Christi
703 4832 1065 4915 passionem
1109 4851 1219 4894 seu
1253 4833 1573 4896 Christum
1618 4833 1685 4897 in
1732 4853 1922 4900 cruce
2032 4828 2390 4892 incensum·
