4300 6259
144 877 212 930 12

173 3152 238 3206 13

178 4333 240 4388 u

1129 522 1480 569 RNARRATIO
1524 523 1584 568 [N
1627 523 1764 568 CAP.
1813 524 1918 568 XIX
1959 523 2235 570 JOANNIS.
2279 543 2359 553 -
2399 525 2540 571 An'r.
2587 525 2705 570 va

3350 507 3465 572 591

361 708 484 771 pro
543 688 672 764 illa,
727 692 1076 772 praesertim
1127 711 1329 773 quum
1386 693 1581 773 judex
1641 692 1945 756 debeatA
1979 692 2248 769 videtur,
2292 695 2593 776 quoniam
2644 695 2813 776 apud
2860 694 3135 756 Marcum
3186 694 3464 775 legitur:

363 805 506 849 esse
546 789 728 869 quasi
774 791 1052 852 animata
1091 791 1358 871 justitia.

437 888 701 948 Eoeinde
721 891 1043 966 quaerebat
1067 891 1330 950 Pilatus
1350 892 1679 952 dimittere
1697 913 1864 958 eum,

362 983 556 1045 etiam
608 986 807 1066 magis
856 1006 1051 1068 quam
1109 997 1274 1050 ante.
1329 988 1645 1050 Intellexit
1691 990 1862 1058 enim

361 1099 441 1142 ex
482 1082 696 1144 verbis
739 1083 994 1159 Christi,
1036 1087 1210 1167 quod
1260 1104 1384 1149 non
1426 1087 1565 1148 sine
1611 1095 1865 1168 peccato

363 1189 582 1262 posset
609 1183 899 1245 occidere
927 1203 1122 1265 quem
1156 1186 1332 1248 novit
1363 1186 1716 1248 innoxium.
1749 1190 1868 1248 Ju-

360 1283 494 1340 da’i
535 1291 755 1342 autem
791 1285 1186 1354 clamabant,
1214 1287 1493 1346 dicentes
1523 1303 1545 1345 .·
1579 1288 1656 1346 Si
1693 1288 1866 1346 hunc

360 1380 674 1448 dimittis,
716 1401 846 1444 non
894 1402 958 1441 es
1004 1385 1254 1444 amicus
1304 1386 1596 1454 Coesaris,
1641 1383 1753 1465 qui
1803 1392 1864 1445 te

361 1478 440 1538 ad
483 1478 672 1540 istam
712 1479 1180 1560 praesidentiam
1221 1483 1557 1564 promovit,
1593 1482 1712 1544 hoc
1743 1489 1860 1556 est,

364 1575 676 1639 honorem
721 1577 981 1640 Caesaris
1030 1599 1156 1643 non
1207 1579 1518 1654 desendiS,
1563 1600 1676 1643 nec
1724 1581 1863 1661 ejus

365 1683 688 1757 praecepto
744 1676 986 1738 obedis,
1039 1678 1233 1741 Judaei
1285 1680 1571 1742 videntes
1621 1697 1688 1740 se
1734 1698 1861 1743 non

365 1771 685 1854 proficere
713 1792 828 1856 per
855 1776 1292 1856 allegationem
1325 1797 1450 1840 suae
1482 1776 1860 1858 legiS‚quam

1974 791 2120 854 Erat
2176 792 2331 855 hora
2390 793 2593 866 tertia,
2654 801 2718 854 et
2774 791 3236 855 crucifixerunt
3294 810 3463 854 eum.
3521 811 3760 864 κανων,

1973 889 2134 970 Ergo
2192 899 2337 953 ante
2386 892 2632 952 tertiam
2696 890 2926 952 Pilatus
2976 892 3137 952 sedit
3198 909 3311 972 pro
3359 891 3471 951 tri·
3498 877 3565 917 ²⁵·

1973 986 2215 1062 bunali,
2251 1008 2453 1069 quum
2483 996 2725 1051 certum
2759 989 2841 1050 sit
2872 989 3080 1071 primo
3114 989 3465 1069 judicatum

1973 1103 2112 1147 esse
2167 1086 2379 1148 Jesum
2437 1106 2632 1169 quam
2681 1105 2869 1149 cruce
2925 1107 3301 1169 appensum.
3352 1086 3471 1148 Ite-

1976 1202 2140 1258 rum,
2177 1183 2241 1245 in
2282 1184 2449 1246 Luca
2488 1185 2742 1259 dicitur,
2777 1187 2946 1266 quod
2979 1195 3113 1248 erat
3151 1186 3306 1248 hora
3334 1185 3467 1248 fere
3522 1198 3763 1250 Luc-xxm.

1975 1292 2169 1354 sexta,
2204 1284 2458 1364 quando
2490 1283 2841 1346 crucifixus
2872 1292 2966 1347 est
2996 1285 3303 1348 Christus.
3327 1283 3469 1346 Mat·
3496 1263 3563 1303 ⁴⁴·

1973 1380 2175 1442 thaeus
2219 1388 2431 1442 autem
2479 1381 2722 1456 scribit,
2756 1383 2926 1464 quod
2969 1383 3048 1444 ab
3095 1383 3248 1444 hora
3292 1391 3467 1445 sexta
3548 1392 3718 1436 Matth-

1975 1498 2178 1561 usque
2227 1499 2459 1542 nonam
2518 1480 2797 1543 tenebrae
2845 1481 3025 1544 factae
3076 1489 3224 1544 sunt
3273 1471 3521 1563 super¹
3524 1459 3711 1509 ‘‘‘‘‘‘‘‘

1971 1579 2336 1641 universam
2386 1586 2617 1640 terram
2663 1598 2675 1641 :
2734 1587 2797 1640 et
2841 1588 2970 1643 toto
3019 1587 3307 1662 tempore
3354 1581 3467 1644 illo

1974 1676 2289 1757 pendebat
2349 1675 2634 1740 Salvator
2694 1677 2757 1740 in
2818 1695 3027 1740 cruce.
3092 1678 3462 1754 Dicendum,

1971 1776 2142 1854 quod
2206 1774 2359 1837 hora
2422 1784 2597 1837 sexta
2656 1775 2938 1838 elevatus
3000 1783 3095 1838 est
3152 1776 3332 1838 Jesus
3400 1777 3464 1838 in

362 1872 602 1934 Pilatus
652 1880 953 1955 tanquam
1005 1874 1360 1957 alienigena
1417 1896 1542 1939 non
1593 1877 1858 1950 curavit,
1896 1875 1944 1937 B
1973 1891 2182 1947 cruce,
2228 1874 2326 1935 vel
2372 1893 2596 1955 parum
2640 1883 2785 1936 ante
2834 1881 3096 1948 sextam,
3143 1882 3212 1937 ut
3256 1874 3468 1937 innuit

361 1977 570 2031 astute
628 1969 944 2050 objiciunt
1001 1972 1058 2034 ei
1119 1973 1686 2054 transgressionem
1744 1974 1866 2035 im-

364 2068 705 2150 perialium
756 2077 1157 2144 statutorum,
1201 2071 1471 2134 scientes
1520 2073 1690 2152 quod
1737 2091 1860 2134 non

361 2167 628 2229 auderet
667 2175 884 2231 contra
933 2169 1236 2234 Caesarem
1281 2188 1486 2251 agere.
1528 2170 1864 2253 Imperato-

364 2283 466 2326 res
516 2284 796 2347 namque
852 2266 1114 2330 Romani
1176 2269 1644 2349 prohibuerunt
1691 2271 1862 2352 quod

363 2364 602 2445 aliquis
659 2364 798 2426 sine
861 2383 1082 2428 eorum
1139 2384 1454 2430 consensu
1513 2375 1866 2430 assumeret

363 2462 489 2524 sibi
543 2463 789 2542 regium
839 2482 1094 2528 nomen.
1137 2464 1471 2549 Propterea
1517 2466 1861 2530 subditur:

364 2563 580 2621 omnis
625 2563 802 2622 enim
850 2564 970 2640 qui
1015 2583 1080 2623 se
1127 2584 1336 2641 reyem
1386 2569 1549 2645 facit
1609 2568 1868 2648 propria

365 2659 760 2733 auctoritate,
793 2665 1182 2722 contradicit
1217 2665 1478 2732 Coesari,
1509 2665 1618 2745 qui
1663 2666 1869 2747 poscit

365 2757 758 2839 oppositum.
791 2757 1130 2821 Possumus
1169 2768 1377 2822 autem
1421 2779 1533 2843 per
1561 2761 1868 2826 Caesarem

368 2855 728 2936 intelligere
772 2856 1120 2932 Tiberium,
1163 2859 1283 2920 sub
1326 2879 1453 2941 quo
1504 2879 1726 2942 passus
1775 2869 1870 2924 est

368 2955 700 3018 Dominus.
739 2953 952 3020 Nihilo
993 2957 1208 3018 minus
1253 2957 1522 3022 Caesares
1565 2960 1677 3041 qui
1725 2970 1871 3022 ante

371 3071 522 3115 eum
566 3051 848 3128 suerunt,
881 3053 1210 3134 jusserunt
1252 3057 1371 3120 hoc
1415 3057 1648 3140 ipsum.

453 3155 719 3215 Pilatus
757 3172 904 3230 erqo
933 3174 1132 3234 quum
1173 3158 1459 3218 audisset
1495 3159 1604 3218 hos
1641 3179 1872 3219 sermo-

371 3271 510 3319 nes,
541 3250 775 3312 timens
805 3249 1134 3314 offendere
1173 3253 1645 3335 imperatorem,
1679 3263 1741 3317 et
1769 3275 1872 3318 ac-

371 3347 582 3408 cusari
633 3348 804 3428 apud
863 3347 1069 3420 illum,
1121 3357 1313 3429 atque
1363 3350 1598 3431 privari
1652 3349 1870 3415 officio

370 3452 436 3505 et
485 3444 550 3504 in
599 3443 896 3505 exsilium
946 3445 1136 3518 mitti,
1182 3448 1467 3508 addua-it
1511 3450 1728 3508 Jesum
1773 3450 1872 3526 fo-

369 3563 501 3615 rae,
554 3550 732 3604 extra
792 3543 1181 3625 praetorium‚
1243 3562 1454 3607 coram
1512 3545 1872 3627 frequentia

371 3641 620 3724 populi,
665 3651 728 3702 et
771 3643 937 3702 sedit
979 3663 1100 3720 pro
1150 3645 1496 3714 tribunali,
1548 3644 1611 3706 id
1659 3653 1753 3708 est
1803 3646 1869 3707 in

369 3741 519 3802 sede
569 3740 649 3800 ad
705 3738 1146 3821 judicandum,
1197 3743 1272 3801 in
1323 3746 1452 3802 loco
1497 3745 1615 3823 qui
1661 3742 1870 3807 Graeee

368 3840 623 3898 dicitur
649 3839 1099 3908 Lithoscrotos,
1122 3841 1434 3900 Hebraice
1463 3851 1678 3902 autem
1713 3844 1871 3904 Gab-

370 3938 587 3997 batha.
621 3935 1059 4011 LithostrotoS‚
1085 3939 1435 4000 seeundum
1467 3937 1714 4013 Bedam,
1749 3940 1872 4002 fuit

372 4033 552 4097 locus
617 4033 938 4108 sublimis,
1001 4035 1242 4096 habens
1304 4034 1628 4118 lapideum
1692 4038 1870 4119 pavi-

375 4140 666 4194 mentum
700 4150 716 4195 :
752 4133 920 4194 unde
950 4132 1364 4196 Li’thostrotos
1400 4133 1654 4208 dicitur,
1686 4136 1870 4216 quasi

375 4231 589 4312 lapide
631 4237 887 4292 stratus.

458 4331 628 4390 Erat
666 4339 891 4414 *autem
929 4349 1273 4406 parasceve
1318 4331 1608 4402 Paschoe,
1659 4331 1723 4393 id
1779 4342 1874 4395 est

377 4427 539 4489 feria
577 4435 752 4488 sexta
799 4434 946 4489 ante
994 4427 1514 4490 solennissimum
1566 4429 1732 4492 diem
1783 4430 1876 4492 fe-

375 4526 677 4590 stivitatis
737 4525 1077 4607 paschalis,
1137 4526 1250 4607 qui
1303 4525 1428 4588 fuit
1485 4528 1869 4610 sabbatum3

377 4625 500 4700 vel,
535 4624 875 4686 Parasceve
915 4623 1184 4699 Paschae,
1221 4625 1340 4688 hoc
1371 4634 1465 4687 est
1504 4635 1678 4688 sexta
1714 4626 1874 4690 feria

374 4743 522 4806 quae
568 4722 693 4785 fuit
751 4742 877 4785 una
922 4743 995 4785 ac
1043 4725 1250 4805 prima
1307 4723 1554 4786 dierum
1618 4726 1875 4807 paseha-

375 4823 559 4885 lium.
596 4821 932 4884 Parasceve
959 4829 1170 4883 autem
1201 4829 1298 4910 est
1328 4841 1559 4885 nomen
1589 4821 1873 4886 Graecum

375 4923 548 5003 quod
590 4920 1042 5002 interpretatur
1082 4921 1476 5003 praeparatio‚
1511 4923 1663 5004 quia
1703 4924 1766 4984 in
1799 4941 1874 4986 eo

379 5018 687 5101 parabant
731 5018 928 5081 Judaei
987 5019 1276 5101 duplices
1328 5020 1526 5094 ciboS,
1580 5021 1874 5084 videlicet

381 5135 497 5198 pro
555 5117 694 5198 ipsa
748 5115 910 5178 feria
967 5125 1163 5192 sexta,
1217 5125 1279 5178 et
1337 5117 1596 5180 sabbato
1653 5118 1873 5180 subse-

119 5221 348 5278 Eoeomu.
375 5215 624 5296 quenti,
651 5215 716 5277 in
746 5233 876 5296 quo
906 5217 1259 5278 secundum
1291 5215 1509 5296 legem,
1534 5235 1658 5280 non
1693 5217 1874 5280 licuit

379 5331 678 5396 coquere.
729 5316 910 5375 Hora
969 5317 1159 5394 quasi
1213 5324 1414 5376 secvta.
1473 5315 1871 5379 Contrarium

1971 1970 2168 2033 Lucas
2233 1989 2246 2033 ε
2311 1972 2450 2035 ideo
2520 1972 2750 2034 Pilatus
2820 1972 2982 2034 sedit
3040 1974 3118 2034 ad
3179 1972 3469 2051 judican-

1973 2070 2146 2142 dum,
2209 2072 2561 2132 secundum
2620 2070 2945 2144 loannem,
3004 2080 3149 2135 ante
3202 2079 3463 2132 sextam.

1973 2167 2214 2229 Marcus
2262 2187 2432 2242 vero,
2478 2169 2589 2250 qui
2635 2169 2789 2231 dicit
2827 2169 3040 2231 Jesum
3087 2169 3239 2232 hora
3288 2171 3471 2231 tertia

1977 2265 2382 2340 crucifixum,
2418 2267 2635 2329 retulit
2674 2267 2792 2330 hoe
2831 2267 2909 2329 ad
2947 2267 3231 2330 animum
3272 2267 3473 2330 Judae-

1975 2383 2181 2438 orum,
2227 2365 2339 2447 qui
2392 2365 2545 2428 hora
2588 2366 2771 2428 tertia
2814 2365 3296 2428 clamaverunt:
3332 2365 3473 2429 Tol-

1976 2463 2055 2536 le,
2090 2463 2397 2545 crucil'ige
2438 2482 2606 2526 eum.
2647 2464 2751 2526 Vel
2790 2464 2930 2528 ideo
2968 2465 3123 2527 dicit
3162 2465 3282 2528 hoc
3316 2463 3470 2526 Mar-

1975 2579 2110 2636 cuS‚
2152 2563 2305 2644 quia
2345 2562 2696 2628 crucifixus
2740 2562 2863 2624 fuit
2906 2560 3075 2624 infra
3118 2563 3367 2625 tertiam
3406 2571 3473 2625 et

1977 2666 2249 2740 sextam3
2283 2661 2563 2723 medium
2602 2667 2811 2722 autem
2848 2678 2961 2742 per
2992 2669 3336 2743 utrumque
3366 2679 3471 2723 ex-

1977 2767 2324 2822 tremorum
2371 2759 2774 2841 exprimitur.

2059 2860 2144 2919 Et
2172 2859 2335 2918 dicit
2360 2859 2608 2920 Judaeis
2628 2879 2650 2918 .·
2673 2860 2833 2919 Ecce
2857 2877 2976 2917 rem
3005 2866 3224 2917 vester.
3249 2857 3473 2930 Quem-

1979 2956 2317 3018 admodum
2362 2964 2595 3018 tactum
2628 2963 2744 3030 est,
2779 2955 2897 3019 hoc
2926 2953 3014 3016 ait
3043 2955 3276 3018 Pilatus
3310 2956 3475 3018 deri-

1908 3055 1951 3118 C
1982 3053 2167 3125 sorio,
2202 3061 2263 3115 et
2292 3056 2369 3117 ad
2400 3054 2846 3117 verecundiam
2862 3051 3257 3128 ludaeorum,
3291 3054 3471 3136 qua'si

1981 3151 2148 3213 dicat
2194 3170 2207 3214 :
2256 3150 2415 3224 Quid
2462 3153 2849 3234 apparentiae
2897 3152 3085 3214 habet
3136 3152 3255 3215 hoc
3300 3152 3474 3234 quod

1980 3249 2214 3324 dicitis,
2252 3249 2442 3312 istum
2486 3267 2757 3330 egenum
2797 3258 2861 3313 et
2895 3249 3327 3313 miserabilem
3370 3270 3475 3313 vo-

1979 3346 2178 3409 luisse
2227 3365 2537 3429 usurpare
2596 3365 2860 3428 regnum
2906 3348 3264 3413 Judaeorum
3323 3357 3477 3411 tem-

1981 3448 2195 3529 porale
2238 3455 2455 3511 contra
2497 3447 2897 3529 imperatoris
2946 3449 3309 3510 decretum?
3354 3450 3475 3509 Illi
3611 3454 3679 3509 15

1978 3555 2195 3606 autem
2253 3544 2640 3626 implacabili
2700 3545 2942 3608 invidia
2986 3565 3059 3608 ac
3106 3545 3322 3609 furore
3380 3565 3475 3610 re-

1982 3643 2132 3725 pleti
2172 3662 2185 3705 :
2217 3642 2454 3725 quibus
2485 3651 2547 3705 et
2577 3643 2790 3724 gravis
2822 3643 2945 3706 fuit
2974 3645 3051 3707 ad
3083 3645 3469 3725 videndum3
3514 3661 3761 3716 ειμι-,ιι

1978 3743 2345 3802 clamabant
2388 3762 2412 3801 .·
2458 3744 2650 3810 Tolle,
2704 3745 2866 3814 tolle,
2920 3743 3041 3805 hoe
3096 3750 3212 3818 est,
3258 3761 3296 3804 a
3353 3751 3473 3804 ter-

1981 3859 2050 3902 ra
2089 3846 2153 3901 et
2194 3839 2509 3902 consortio
2556 3839 2890 3902 hominum
2929 3838 3131 3913 aufer,
3167 3843 3475 3919 crucifige

1978 3959 2128 3998 eum
2167 3959 2189 3996 .·
2228 3937 2398 4018 quod
2444 3954 2644 4016 genus
2694 3937 2913 4000 mortis
2959 3937 3477 4017 ignominiosissi-

1981 4055 2161 4098 mum
2212 4035 2357 4108 suit,
2402 4043 2466 4098 et
2523 4035 3028 4097 sceleratissimis
3077 4036 3471 4118 deputatum.

2061 4135 2238 4196 Dicit
2273 4136 2364 4194 eis
2392 4136 2656 4196 Pilatus
2686 4155 2708 4193 .·
2738 4136 2975 4210 Reyem
3012 4143 3292 4195 vestrum
3331 4155 3478 4196 cru—

1904 4237 1953 4298 D
1980 4235 2295 4310 cifiqam?
2333 4232 2514 4314 quasi
2561 4231 2729 4294 dicat
2772 4251 2785 4295 :
2828 4231 2957 4295 Hoc
3002 4232 3168 4294 cedit
3214 4231 3279 4294 in
3330 4251 3480 4296 con-

1981 4331 2302 4394 fusionem
2352 4339 2647 4406 vestram,
2700 4330 2753 4392 si
2800 4331 2983 4392 illum
3040 4331 3359 4412 suspendo
3408 4332 3477 4394 in

1984 4427 2177 4510 ligno,
2230 4429 2337 4510 qui
2399 4430 2751 4492 secundum
2811 4429 3029 4511 populi
3080 4429 3473 4511 opinionem,

1983 4529 2107 4590 fuit
2144 4536 2208 4591 et
2245 4535 2339 4590 est
2379 4546 2487 4589 rex
2529 4535 2756 4590 vester.
2792 4529 3047 4601 Tamen,
3089 4536 3158 4589 ut
3196 4528 3349 4603 dixi,
3382 4529 3478 4591 Pi-

1983 4626 2148 4688 latus
2198 4644 2324 4689 non
2370 4633 2549 4689 vocat
2595 4625 2807 4688 lesum
2859 4643 3071 4707 regem
3116 4627 3473 4690 Judaeorum

1983 4745 2060 4788 ex
2109 4726 2345 4800 animo,
2398 4743 2479 4787 ne
2526 4733 2745 4789 contra
2791 4725 3094 4788 Caesarem
3143 4732 3305 4806 agat.
3357 4730 3481 4788 Re-

1979 4828 2378 4902 sponderunt
2419 4825 2758 4903 pontifices
2785 4845 2808 4884 .·
2840 4825 2989 4887 Non
3032 4826 3333 4885 habemus
3383 4845 3479 4885 re-

1979 4943 2122 5000 yem
2166 4924 2299 4982 nisi
2329 4925 2659 4984 Coesarem.
2695 4921 2743 4984 Ο
2781 4921 3069 4985 infelices
3110 4921 3470 5004 pontificeS,

1983 5039 2108 5084 non
2166 5029 2464 5102 pastores,
2508 5021 2617 5082 sed
2669 5022 3067 5085 devoratores
3118 5022 3327 5102 gregis
3369 5040 3475 5084 ve-

1983 5120 2147 5182 stri!
2211 5119 2273 5182 Si
2337 5119 2507 5181 enim
2572 5138 2698 5183 non
2762 5119 3007 5181 habetis
3070 5137 3279 5200 regem
3346 5120 3469 5182 nisi

1983 5219 2311 5292 Caesarem,
2369 5218 2479 5280 ubi
2536 5226 2632 5280 est
2686 5219 2857 5301 quod
2916 5217 3200 5299 loquitur
3256 5218 3465 5296 lsaias,
3532 5281 3578 5324 Ι,
3616 5293 3739 5324 mm

1983 5316 2285 5380 Dominus
2340 5317 2536 5397 judex
2595 5323 2829 5392 noster,
2880 5315 3185 5380 Dominus
3244 5315 3470 5398 legifer
3496 5312 3595 5388 αι’
3744 5313 3758 5333 ’
