4300 6259
826 455 907 521 60
1614 476 1961 524 mammo
2004 475 2069 521 IN
2110 475 2248 522 cAP.
2294 474 2382 521 111
2423 473 2611 521 LUGAE.
2657 493 2738 504 --
2779 474 2922 520 Aur.
2967 473 3142 520 xxxu

824 645 1082 719 habere,
1116 655 1212 709 est
1250 665 1515 709 summae
1554 645 1837 722 insaniae,
1881 647 2009 709 imo
2047 644 2320 707 infinitae
2347 641 2400 703 A
2531 647 2684 713 Quae
2729 654 2948 705 autem
2987 645 3272 722 parasti,
3322 644 3512 720 cujus
3555 653 3748 702 erunt
3776 643 3807 702 ἕ
3853 641 3917 704 id

826 744 1113 807 stultitiae
1143 749 1167 806 ’ἐ

906 847 1048 906 Hac
1088 855 1264 905 nocte
1301 847 1593 904 animam
1638 854 1817 904 tuam
1854 852 2134 919 repetent
2165 862 2204 900 a
2239 851 2317 907 te,

825 941 890 1003 id
933 949 1048 1016 est,
1091 961 1127 1004 a
1176 960 1441 1024 corpore
1492 950 1600 1005 tuo
1644 941 1857 1022 egredi
1907 940 2162 1021 exigent
2214 957 2320 999 ex-

823 1047 1065 1102 actores
1107 1041 1457 1114 durissimi‚
1504 1048 1657 1122 puta
1697 1041 2035 1112 daemoneS,
2080 1036 2318 1119 quibus

824 1139 1097 1213 servisti,
1158 1146 1350 1220 atque
1420 1139 1736 1221 peccando
1796 1145 1972 1199 tuam
2038 1137 2319 1198 animam

825 1237 1189 1312 vendidisti,
1241 1238 1392 1299 dum
1452 1256 1569 1319 pro
1625 1234 2040 1298 delectatione
2094 1234 2175 1296 ab
2225 1233 2317 1294 eis

822 1334 1051 1410 oblata,
1086 1344 1148 1396 te
1179 1335 1391 1417 ipsum
1424 1335 1680 1398 illorum
1713 1333 2127 1397 dominationi
2161 1332 2322 1394 obli-

820 1433 981 1512 gasti
1030 1452 1103 1495 ac
1160 1433 1499 1496 subdidisti
1555 1453 1569 1497 ε
1629 1442 1887 1514 propter
1936 1432 2105 1513 quod
2155 1430 2318 1492 Deus

820 1532 1030 1613 justus
1061 1539 1124 1593 et
1153 1539 1406 1594 sanctus
1440 1533 1580 1595 illos
1612 1531 1914 1604 licentiat,
1944 1537 2014 1590 ut
2041 1529 2317 1591 animam

823 1637 997 1692 tuam
1048 1629 1139 1692 eis
1189 1630 1531 1711 obligatam
1582 1629 1929 1711 requirant,
1973 1644 2319 1706 secumque

826 1729 1193 1811 pertrahant
1244 1729 1307 1790 in
1359 1727 1708 1789 infernum.
1743 1726 2049 1806 Denique,
2084 1726 2163 1786 de
2202 1724 2320 1785 hoc

2426 752 2544 816 est,
2588 743 2826 806 divitiae
2877 752 2998 806 tuae
3045 743 3146 805 cui
3199 742 3590 804 manebunt?
3632 742 3760 804 lmo
3808 760 3923 802 sae-

2429 842 2692 924 pissime
2738 842 2968 904 accidit
3017 850 3086 904 ut
3135 841 3417 903 defuncti
3467 840 3784 903 damnatio
3829 849 3926 902 at-

2427 959 2552 1022 que
2586 941 2835 1022 punitio
2864 949 3209 1021 augeantur
3239 946 3497 1022 propter
3525 939 3921 1021 iniquitatem

2425 1040 2825 1102 abutentium
2874 1039 3006 1102 suis
3047 1039 3308 1112 divitiis,
3351 1057 3425 1101 eo
3463 1039 3633 1119 quod
3672 1039 3926 1100 materi-

2426 1158 2529 1201 am
2589 1139 2890 1220 peccandi
2951 1138 3076 1200 illis
3134 1137 3379 1218 paravit
3433 1155 3506 1198 ac
3556 1136 3917 1218 dereliquit.

2425 1237 2642 1317 ltaque
2690 1235 2947 1300 illorum
3005 1245 3261 1320 peccata
3307 1237 3373 1299 in
3423 1236 3635 1318 ipsum
3694 1238 3923 1299 redun-

2427 1336 2591 1397 dant.
2616 1334 2775 1397 Hinc
2805 1338 2884 1398 de
2913 1336 3171 1400 homine
3201 1354 3378 1410 vano,
3402 1353 3566 1397 verae
3595 1335 3920 1417 sapientias

2427 1433 2848 1498 illustratione
2899 1435 3166 1516 privato,
3199 1433 3288 1496 ait
3333 1433 3662 1496 Psalmista
3701 1453 3714 1496 :
3761 1434 3924 1496 The-
3954 1457 4190 1505 mmm,

2428 1533 2718 1608 saurizat,
2745 1541 2808 1594 et
2847 1533 3093 1613 ignorat
3129 1534 3231 1594 cui
3277 1533 3682 1614 congregabit
3723 1551 3818 1594 ea.
3851 1533 3922 1594 ln
3953 1522 3995 1561 ⁷·

2427 1629 2865 1695 Ecclesiastico
2923 1650 3181 1714 quoque
3239 1633 3548 1714 scriptum
3605 1640 3700 1694 est
3749 1651 3762 1694 ε
3815 1632 3924 1693 Est
3993 1653 4192 1697 Beatam.

2428 1728 2540 1810 qui
2590 1730 3011 1811 locupletatur
3054 1739 3115 1793 et
3158 1731 3332 1806 dicit,
3373 1729 3588 1793 Inveni
3635 1730 3922 1811 requiem
3959 1717 4090 1758 ¹⁸²⁰·

826 1827 1021 1890 verbo
1053 1827 1275 1889 scribit
1301 1826 1637 1907 Gregorius
1667 1825 1732 1887 in
1762 1823 2099 1887 Moralibus
2128 1840 2320 1903 super
2358 1821 2403 1882 B
2431 1827 2611 1901 mihi,
2645 1836 2706 1890 et
2736 1829 3130 1893 manducabo
3168 1831 3246 1892 de
3283 1829 3468 1891 bonis
3507 1828 3667 1891 meis
3706 1829 3879 1891 solus
3907 1849 3923 1909 ;

822 1925 935 1988 Joh
971 1924 1251 1988 :Eadem
1300 1933 1483 1988 nocte
1532 1924 1818 1986 sublatus
1860 1929 1955 1985 est
2001 1921 2113 2003 qui
2163 1921 2324 1982 mul·

824 2032 888 2088 to
930 2032 1217 2107 tempore
1264 2023 1473 2085 fuerat
1520 2021 1935 2104 praestolatus,
1982 2028 2050 2081 ut
2092 2019 2204 2101 qui
2256 2019 2319 2080 in

826 2123 1087 2204 longum
1118 2122 1240 2184 sibi
1276 2122 1645 2204 temporalia
1674 2119 2095 2201 congregavit,
2122 2137 2322 2180 unum

826 2223 995 2285 diem
1028 2229 1401 2304 sequentem
1433 2239 1839 2302 nequaquam
1871 2221 2133 2283 videret.
2162 2218 2324 2280 Dicit

826 2330 1060 2394 autem,
1098 2321 1405 2402 Repetent
1442 2339 1479 2382 a
1516 2328 1577 2381 te
1622 2339 1636 2382 :
1684 2319 2110 2400 exposcebant
2150 2317 2322 2379 enim

826 2439 966 2482 eam
1017 2419 1282 2482 forsitan
1343 2418 1659 2480 terribiles
1716 2419 2006 2499 quaedam
2056 2417 2322 2478 virtutes

826 2520 904 2580 ad
955 2519 1073 2581 hoc
1118 2517 1328 2579 missae
1360 2536 1373 2578 ε
1409 2516 1711 2598 quoniam
1752 2515 1803 2578 si
1846 2516 1922 2578 de
1962 2514 2217 2577 civitate
2256 2513 2320 2574 in

828 2615 1147 2678 civitatem
1210 2614 1553 2695 migrantes
1620 2613 1976 2694 indigemus
2036 2613 2318 2684 ductore,

828 2715 1030 2778 multo
1069 2713 1268 2795 magis
1308 2713 1520 2774 anima
1556 2713 1845 2775 absoluta
1876 2731 1913 2772 a
1942 2728 2227 2793 corpore,
2262 2718 2326 2771 et

826 2815 903 2876 ad
953 2812 1235 2874 futuram
1286 2812 1478 2874 vitam
1530 2811 1984 2891 transmigrans
2030 2817 2170 2890 eget
2212 2812 2324 2870 du-

826 2919 992 2974 catu.
1026 2911 1102 2974 Et
1141 2910 1221 2974 ob
1272 2911 1391 2974 hoc
1434 2909 1756 2972 multoties
1798 2915 2044 2971 recusat
2086 2908 2318 2982 anima,

826 3018 889 3073 et
934 3009 1287 3090 regreditur
1325 3009 1390 3070 in
1438 3007 1847 3090 profundum,
1890 3026 2091 3089 quum
2135 3006 2324 3070 debet
2359 3005 2403 3069 C
2433 3018 2581 3072 sunt
2627 3010 2895 3072 virtutes
2947 3018 3009 3072 et
3065 3011 3290 3073 merita
3347 3011 3693 3073 sanctitatis

828 3108 1002 3170 exire
1058 3127 1095 3168 a
1152 3125 1437 3189 corpore.
1490 3105 1754 3187 Semper
1808 3106 1979 3167 enim
2040 3105 2326 3167 stimulat

829 3225 944 3269 nos
976 3205 1361 3268 conscientia
1396 3214 1819 3286 peccatorum,
1854 3206 1961 3266 sed
2002 3203 2323 3286 praecipue

828 3324 1032 3386 quum
1064 3303 1368 3366 debemus
1401 3303 1564 3364 trahi
1595 3304 1673 3365 ad
1704 3302 1987 3365 terribile
2017 3302 2125 3364 Dei
2156 3301 2325 3382 judi-

828 3403 1023 3465 cium.
1059 3402 1234 3464 Tunc
1264 3402 1435 3464 enim
1465 3410 1592 3465 tota
1622 3401 1947 3481 congeries
1978 3399 2322 3463 criminum

828 3501 1187 3574 innovatur,
1235 3508 1297 3562 et
1348 3519 1475 3582 prae
1521 3500 1723 3562 oculis
1774 3499 1996 3581 posita,
2050 3499 2324 3580 percutit

827 3607 1127 3661 mentem.
1159 3597 1235 3660 Et
1264 3597 1428 3660 sicut
1462 3597 1830 3660 incarcerati
1863 3615 2116 3679 semper
2154 3596 2327 3660 dolo-

826 3698 946 3761 rosi
982 3705 1150 3770 sunt,
1185 3705 1336 3759 tunc
1375 3704 1585 3758 autem
1627 3696 1947 3778 praecipue
1986 3714 2189 3777 quum
2221 3697 2325 3757 de-

823 3798 977 3859 bent
1002 3796 1202 3879 judici
1236 3796 1643 3878 praesentari3
1688 3796 1779 3858 sic
1818 3804 1880 3858 et
1928 3796 2160 3868 anima,
2195 3813 2326 3856 ma-

825 3895 995 3957 xime
1035 3895 1098 3956 in
1143 3895 1282 3976 ipso
1320 3903 1607 3975 tempore
1656 3894 2035 3975 egressionis
2086 3893 2326 3954 instan-

826 3994 920 4066 tis,
948 3994 1023 4056 de
1056 4001 1312 4076 peccato
1343 3993 1659 4054 cruciatur
1687 4012 1761 4056 ac
1790 3993 1972 4068 dolet,
1996 3991 2326 4072 multoque

829 4093 1027 4173 magis
1076 4111 1277 4173 quum
1325 4090 1519 4153 fuerit
1559 4091 1796 4154 evulsa.
1832 4090 2019 4153 Recte
2060 4089 2326 4170 insuper

2429 1934 2492 1988 et
2539 1927 2742 1989 nescit
2791 1928 2962 2008 quod
3019 1935 3273 2010 tempus
3332 1934 3660 2009 praetereat
3717 1927 3922 1998 illum,

2430 2032 2492 2086 et
2528 2044 2698 2088 mors
2737 2025 3231 2107 appropinquet,
3263 2033 3327 2087 et
3355 2026 3677 2107 relinquat
3713 2025 3926 2089 omnia

2429 2124 2592 2198 aliis,
2641 2132 2704 2185 ct
2746 2123 3072 2187 moriatur.

2512 2224 2626 2284 Sic
2651 2231 2741 2282 esc
2771 2225 2888 2300 qui
2914 2223 3042 2282 sibi
3073 2224 3489 2292 thesaurizat,
3522 2221 3586 2282 id
3617 2227 3732 2296 est,
3768 2241 3926 2303 prae-
4058 2231 4118 2285 21

2430 2319 2559 2382 sato
2591 2319 2772 2381 diviti
2813 2338 3001 2383 avaro
3031 2328 3094 2383 et
3121 2320 3294 2385 fatuo
3333 2339 3544 2383 coram
3584 2319 3709 2383 Deo
3748 2321 3927 2382 simi-

2431 2419 2508 2480 lis
2551 2426 2645 2480 est
2685 2418 2750 2480 in
2793 2419 3003 2500 culpa,
3039 2427 3102 2481 et
3145 2438 3258 2501 par
3299 2419 3420 2481 erit
3459 2419 3523 2480 in
3570 2437 3778 2500 poena,
3811 2420 3926 2501 qui

2431 2518 2554 2579 sibi
2587 2517 2956 2598 temporalia
2987 2518 3219 2599 cupide
3250 2517 3510 2598 colligit,
3536 2536 3654 2579 nec
3683 2535 3758 2579 ea
3785 2536 3927 2599 ege-

2431 2617 2530 2678 nis
2570 2616 3010 2690 communicat,
3027 2627 3087 2677 ec
3115 2637 3246 2678 non
3273 2627 3363 2678 est
3391 2618 3464 2676 in
3492 2619 3700 2678 Deum
3729 2620 3930 2687 dives,

2430 2716 2493 2777 id
2536 2724 2653 2787 est,
2687 2714 2942 2777 caritate
2979 2713 3086 2777 Dei
3130 2714 3362 2787 infusa,
3396 2715 3751 2796 ceterisque
3799 2715 3929 2798 spi-

2431 2813 2768 2876 ritualibus
2805 2813 2986 2876 donis
3025 2813 3300 2895 Spiritus
3339 2812 3548 2876 Sancti
3587 2822 3777 2895 atque
3808 2813 3930 2879 vir-

2431 2912 2676 2974 tutibus
2717 2919 2906 2974 caret.
2941 2911 3116 2974 Verae
3153 2913 3325 2974 enim
3370 2912 3648 2976 hominis
3690 2912 3928 2976 divitiae

3745 3031 3759 3074 :
3813 3030 3928 3094 per

2430 3128 2575 3191 quae
2621 3109 2784 3170 Deus
2826 3108 2906 3170 fit
2946 3109 3086 3189 ejus
3132 3108 3470 3190 possessio,
3519 3117 3582 3170 et
3627 3119 3928 3172 aeternam

2431 3207 2890 3271 beatitudinem
2931 3207 3053 3270 sibi
3097 3208 3288 3270 habet
3327 3207 3666 3289 repositam
3705 3227 3779 3271 ac
3820 3227 3929 3290 pa-

2433 3315 2652 3383 ratam,
2689 3307 2774 3368 ita
2818 3307 2989 3387 quod
3038 3306 3248 3368 dicere
3288 3314 3493 3388 potest
3535 3305 3694 3369 illud
3737 3306 3930 3368 Thre-

2432 3425 2658 3470 norum
2700 3424 2714 3468 t
2757 3404 2903 3468 Pars
2952 3423 3094 3467 mea
3140 3403 3467 3480 DominuS,
3511 3404 3670 3467 dixit
3715 3405 3930 3467 anima
3991 3425 4194 3468 rur-ema.

2433 3523 2592 3580 mea,
2632 3511 2963 3586 propterea
2991 3503 3370 3584 exspectabo
3398 3521 3588 3582 eum3
3625 3511 3688 3565 et
3717 3503 3874 3565 illud
3908 3522 3923 3565 ε
3959 3490 4027 3531 ²⁴·

2431 3603 2735 3666 Dominus
2787 3620 2931 3683 pars
2977 3601 3343 3663 hereditatis
3392 3619 3570 3664 meae.
3613 3601 3772 3663 Hinc
3817 3600 3932 3663 Be—
3987 3623 4030 3664 P
4027 3634 4138 3666 .....
4150 3621 4184 3660 ⁵.

2433 3702 2512 3762 da
2556 3706 2868 3762 testatur:
2903 3698 3019 3771 Qui
3069 3698 3206 3760 vult
3253 3717 3390 3760 esse
3438 3699 3615 3760 dives
3663 3699 3728 3761 in
3777 3697 3924 3774 Deo,

2433 3818 2558 3862 non
2607 3797 3007 3872 thesaurizet,
3053 3796 3296 3858 scilicet
3344 3795 3604 3878 privatae
3647 3796 3932 3873 utilitati,

2433 3897 2542 3959 sed
2592 3894 2978 3978 pauperibus
3039 3913 3328 3976 possessa
3377 3894 3734 3957 distribuat.
3785 3894 3936 3956 Am-

2433 3994 2685 4057 brosius
2716 4012 2974 4075 quoque
3003 3993 3090 4054 ait
3121 4011 3134 4056 :
3163 3992 3385 4057 Nostra
3413 3992 3787 4075 temporalia
3815 3992 3936 4054 ista

2435 4112 2560 4156 non
2593 4101 2762 4164 sunt,
2801 4111 2946 4173 quae
2977 4092 3309 4155 nobiscum
3348 4090 3600 4154 auferre
3635 4110 3760 4155 non
3793 4110 3937 4173 pos-

830 4192 1063 4255 dicitur
1100 4191 1313 4252 anima
1348 4189 1531 4272 impii
1573 4196 1755 4252 nocte
1786 4189 2025 4262 evulsa,
2060 4188 2216 4269 quia
2257 4188 2323 4248 in
2359 4189 2406 4250 D
2435 4211 2678 4254 sumus.
2733 4190 2876 4254 Sola
2933 4191 3136 4253 virtus
3193 4208 3404 4253 comes
3462 4198 3556 4252 est
3613 4188 3936 4253 defuncto-

830 4291 1132 4354 vitiorum
1164 4307 1421 4351 suorum
1451 4287 1832 4351 obscuritate
1861 4295 1956 4349 est
1980 4286 2328 4368 deprehen-

832 4408 920 4461 sa,
965 4395 1026 4451 et
1067 4388 1274 4448 lucem
1326 4385 1760 4448 saluberrimae
1804 4384 2326 4448 considerationis

832 4486 1085 4569 abjecit,
1114 4504 1227 4568 per
1257 4504 1449 4566 quam
1482 4483 1702 4548 mortis
1749 4503 1879 4546 suae
1908 4484 2128 4547 horam
2172 4501 2329 4565 prae-

833 4585 1106 4665 cogitare
1158 4601 1509 4667 parareque
1556 4583 1796 4645 debuit.
1844 4583 2183 4655 Postrem0‚
2235 4599 2329 4643 se-

833 4685 1113 4746 cundum
1151 4683 1457 4755 Glossam,
1492 4682 1701 4744 dicere
1741 4682 1847 4744 Dei
1886 4683 1963 4744 ad
2002 4681 2328 4745 hominem

834 4781 1156 4856 vitiosum,
1199 4790 1293 4844 est
1343 4798 1567 4864 pravas
1616 4780 1755 4860 ejus
1798 4781 2193 4862 operationes
2226 4799 2332 4842 su-

837 4880 971 4943 bita
1011 4879 1404 4943 districtione
1442 4877 1758 4960 aequitatis
1796 4897 2220 4960 compescere.

2437 4309 2600 4364 rum,
2636 4289 2768 4352 sola
2806 4308 2920 4352 nos
2966 4288 3257 4370 sequitur
3302 4287 3755 4362 misericordia,
3789 4306 3934 4369 quae

2436 4387 2752 4450 defunctis
2795 4386 3202 4449 tabernacula
3241 4394 3637 4468 promeretur
3674 4393 3928 4448 aeterna.

2438 4486 2520 4547 De
2569 4486 2686 4547 hac
2724 4485 2996 4547 divitum
3045 4484 3507 4566 periclitatione
3542 4484 3630 4545 ait
3675 4482 3934 4545 Psalmi·
4248 4561 4249 4566 ἵ

2437 4593 2578 4647 sta:
2613 4584 2870 4646 Turbati
2921 4591 3070 4646 sunt
3117 4601 3337 4646 omnes
3382 4583 3755 4664 insipientes
3799 4601 3935 4645 cor·
3961 4595 4196 4645 Pauus.
4248 4569 4249 4622 ἕ

2437 4685 2536 4758 de,
2589 4685 2984 4746 dormierunt
3039 4701 3334 4746 somnum
3393 4701 3602 4756 suum,
3655 4688 3719 4742 et
3770 4680 3930 4743 nihil
4248 4677 4249 4682 ’

2439 4783 2823 4845 invenerunt
2864 4800 3085 4846 omnes
3125 4781 3246 4844 viri
3289 4781 3652 4844 divitiarum
3699 4780 3764 4842 in
3809 4799 3933 4842 ma-

2441 4880 2632 4943 nibus
2674 4880 2831 4942 suis.
