4300 6259
509 3650 775 3705 munau,
803 3649 929 3707 am,
959 3630 1139 3712 juxta
1170 3630 1329 3693 illud
1364 3651 1377 3694 :
1411 3631 1676 3694 Habenti
1709 3631 1984 3704 dabitur,
2010 3639 2071 3693 et
2100 3631 2301 3693 abun-

818 494 941 559 292
1668 507 2013 555 ssNARRATm
2055 506 2119 552 m
2161 505 2300 553 cu.
2347 504 2368 549 1
2408 502 2684 553 sommis.
2731 522 2811 533 —
2851 504 2993 549 aar.
3038 468 3102 547 ν’

898 678 1205 755 Quoniam
1251 698 1399 762 ergo
1444 678 1646 760 gratia
1692 695 1989 760 sequenS,
2024 694 2136 738 seu
2187 694 2318 737 ma·
2345 672 2392 733 A
2423 672 2692 754 singulis
2722 672 2942 735 electis
2976 672 3344 736 hominibus
3385 672 3567 733 datur
3593 668 3798 751 gratia
3827 684 3928 729 se-

816 780 918 861 jor
967 780 1063 843 vel
1124 786 1326 854 aucta,
1378 780 1562 841 datur
1620 796 1735 859 pro
1789 784 1932 838 actu
1991 772 2317 836 meritorio
2425 772 2702 833 cundum
2735 772 3014 853 aliquem
3043 772 3326 853 gradum,
3353 770 3482 833 sola
3509 788 3658 832 vero
3687 766 3930 830 Divini-

820 879 1201 960 procedente
1238 896 1274 939 a
1310 876 1510 957 gratia
1548 876 1775 957 prima,
1810 874 1891 937 ob
1932 873 1993 934 id
2040 872 2316 934 dicimur
2429 878 2518 931 tas
2548 879 2644 932 est
2674 890 2861 933 causa
2888 869 3180 933 efficiens
3207 870 3444 951 gratiae.
3471 868 3556 930 De
3587 866 3928 951 plenitudi-

818 977 1107 1059 accipere
1153 978 1443 1054 qratiam
1484 995 1605 1051 pro
1645 976 1890 1051 qratia.
1939 971 2071 1045 Vel,
2124 970 2316 1032 Acce-

818 1075 1031 1157 pimus
1081 1076 1159 1137 de
1205 1072 1605 1156 plenitudine
1648 1072 1809 1153 ejuS,
1846 1071 1907 1132 id
1952 1079 2049 1133 est
2091 1070 2169 1131 de
2217 1087 2314 1129 sa-

817 1174 1079 1256 pientia,
1113 1172 1344 1254 pietate
1392 1180 1455 1233 et
1498 1171 1699 1252 gratia
1748 1169 2002 1243 Christi,
2045 1167 2312 1249 gratiam

817 1272 963 1335 novi
1016 1270 1419 1345 Testamenti,
1474 1270 1537 1332 id
1596 1277 1689 1331 est
1746 1267 2176 1348 evangelicam
2226 1266 2315 1327 le-

811 1388 956 1451 gem
1004 1378 1067 1432 et
1110 1370 1398 1451 gratiam,
1435 1388 1549 1451 pro
1590 1368 1790 1448 gratia
1829 1366 2059 1429 veteris
2104 1364 2314 1425 Testa-

814 1468 1035 1543 menti,
1070 1469 1134 1531 id
1183 1475 1277 1530 est
1324 1468 1461 1531 loco
1498 1466 1781 1529 Mosaicae
1824 1465 2002 1545 legis.
2036 1464 2311 1545 Utraque

811 1575 1023 1629 autem
1055 1567 1155 1628 lex
1192 1566 1393 1647 gratia
1429 1564 1808 1647 appellatur,
1841 1562 2142 1645 quoniam
2174 1579 2312 1641 gra-

811 1666 895 1728 tis
944 1674 1006 1727 et
1044 1665 1538 1728 misericorditer
1586 1665 1746 1726 data.
1782 1662 1892 1723 Vel
1944 1661 2035 1723 sic
2073 1679 2085 1722 :
2121 1659 2312 1721 Acce-

813 1765 1026 1847 pimus
1054 1764 1319 1845 gratiam
1355 1762 1813 1835 membrorum,
1850 1760 2145 1824 videlicet
2173 1766 2314 1838 gra-

2425 987 2506 1031 ne
2535 978 2744 1032 autem
2783 970 3001 1050 gratiae
3030 969 3258 1033 Christi
3290 986 3532 1041 omneS,
3569 964 3922 1048 praesertim

2422 1067 2727 1148 Apostoli,
2769 1076 3173 1149 acceperunt,
3221 1067 3604 1148 acceptando
3650 1063 3919 1145 gratiam

2425 1185 2550 1227 non
2601 1167 2925 1228 dumtaxat
2977 1186 3091 1249 pro
3141 1166 3358 1227 habitu
3407 1165 3622 1245 gratiae
3667 1171 3914 1243 gratum

2423 1263 2734 1339 facientia,
2767 1284 2912 1346 quae
2950 1264 3210 1347 ponitur
3249 1264 3314 1325 in
3353 1262 3624 1325 essentia
3662 1263 3913 1337 animae,

2423 1363 2531 1424 sed
2592 1381 2707 1444 pro
2765 1381 3173 1445 quocumque
3231 1363 3394 1426 dono
3449 1361 3916 1443 supernaturali

2425 1460 2521 1522 vel
2563 1462 3128 1543 supernaturaliter
3166 1462 3330 1534 date,
3365 1459 3657 1541 quamvis
3698 1459 3782 1521 sit
3812 1478 3919 1521 na-

2425 1559 2624 1621 turale
2685 1560 2750 1620 in
2810 1578 2897 1621 se.
2953 1560 3104 1621 Nam
3157 1560 3237 1621 de
3293 1556 3692 1639 plenitudine
3751 1557 3917 1639 sapi-

2421 1658 2607 1719 entiae
2653 1657 2900 1731 Christi,
2948 1658 3311 1739 accepimus
3351 1655 3779 1737 evangelicam
3827 1654 3917 1717 le—

2419 1773 2613 1836 gem;
2675 1758 2754 1818 de
2818 1756 3219 1838 plenitudine
3283 1773 3430 1818 vero
3484 1754 3914 1817 sanctissimae

811 1863 962 1925 tiam
1009 1861 1192 1925 nobis
1236 1879 1621 1935 concessam,
1657 1878 1772 1941 pro
1813 1859 2013 1940 gratia
2055 1857 2305 1939 capitiS,
2348 1859 2392 1921 B
2421 1854 2918 1917 conversationis
2975 1873 3125 1929 suae,
3176 1853 3536 1936 accepimus
3594 1852 3745 1915 boni
3803 1870 3912 1913 ex-

810 1959 874 2022 id
924 1967 1019 2022 est
1066 1960 1293 2023 merito
1341 1968 1404 2022 et
1450 1958 1739 2021 efficacia
1786 1958 2003 2038 gratiae
2050 1956 2304 2030 Christi,

810 2059 921 2141 qui
961 2059 1250 2140 quolibet
1293 2058 1439 2121 vitae
1478 2077 1621 2135 suae,
1654 2065 1798 2119 actu
1848 2075 2041 2138 quem
2087 2054 2309 2117 habuit

811 2164 882 2218 ut
912 2157 1133 2231 viator,
1167 2175 1243 2219 ex
1281 2157 1482 2237 gratia
1519 2154 1879 2238 profluente
1924 2153 2160 2216 meruit
2199 2172 2308 2215 no-

808 2254 908 2317 bis
936 2256 1202 2337 gratiam
1243 2256 1309 2317 in
1350 2255 1669 2337 praesenti,
1702 2262 1765 2316 et
1801 2254 2067 2335 gloriam
2108 2253 2174 2313 in
2206 2252 2308 2313 fu-

806 2361 972 2417 turo.
1005 2353 1138 2417 Sibi
1188 2354 1311 2436 ipsi
1361 2354 1532 2415 enim
1586 2372 1711 2416 non
1761 2351 1997 2414 meruit
2036 2352 2304 2431 gratiam

804 2459 1054 2531 gratum
1112 2451 1473 2525 facientem,
1528 2470 1645 2513 nec
1703 2450 2062 2513 beatificam
2114 2449 2306 2513 visio-

807 2569 976 2625 nem,
1020 2552 1130 2613 sed
1180 2551 1486 2613 membris
1536 2552 1689 2625 suiS,
1727 2568 1873 2631 quae
1921 2548 2306 2631 participant

802 2648 1066 2729 gratiam
1118 2650 1344 2732 capitis
1394 2668 1508 2731 per
1556 2648 1749 2711 fidem
1805 2656 1867 2709 et
1914 2655 2305 2710 sacramenta

804 2744 1123 2809 Ecclesiae.
1157 2746 1517 2809 Secundum
1556 2746 1919 2826 Magistrum
1960 2764 2110 2809 vero
2152 2745 2302 2807 Sen-

803 2844 1167 2919 tentiarum,
1202 2845 1505 2927 quoniam
1545 2852 1757 2907 nostra
1796 2844 2023 2906 merita
2053 2852 2116 2905 et
2145 2863 2304 2925 prae·

804 2942 933 3003 mia
962 2950 1111 3005 sunt
1144 2943 1247 3005 Dei
1288 2944 1471 3018 dona,
1505 2960 1581 3005 eo
1608 2943 1779 3023 quod
1820 2960 1897 3003 ex
1934 2943 2134 3023 gratia
2170 2942 2302 3005 sola

2419 1953 2615 2034 empli
2665 1953 3160 2033 exhibitionem3
3203 1954 3283 2015 de
3332 1950 3730 2033 plenitudine
3779 1970 3912 2013 suae

2416 2052 2632 2131 gratiae
2675 2052 3016 2125 interioriS,
3064 2052 3402 2113 essentiam
3444 2050 3672 2112 animae
3715 2048 3910 2132 perfi-

2417 2150 2664 2224 cientiS‚
2697 2150 3060 2232 accepimus
3105 2150 3370 2231 gratiam
3420 2168 3536 2231 pro
3579 2148 3800 2230 gratia,
3843 2147 3909 2210 id

2415 2256 2510 2309 est
2535 2248 2801 2330 gratiam
2833 2248 3220 2312 habitualem
3252 2249 3560 2311 deiforme
3586 2264 3725 2309 6556
3753 2266 3912 2329 prae-

2415 2354 2700 2423 stantem,
2736 2367 2851 2430 pro
2883 2348 3083 2428 gratia
3115 2348 3464 2411 secundum
3502 2347 3722 2409 modos
3753 2365 3912 2428 prae-

2414 2446 2684 2509 habitos.
2751 2445 3018 2509 Maxime
3080 2454 3293 2509 autem
3361 2446 3438 2507 de
3507 2445 3910 2528 plenitudine

2414 2546 2644 2609 Christi
2695 2555 3072 2629 receperunt
3120 2546 3425 2628 Apostoli,
3471 2546 3710 2627 aliique
3757 2564 3907 2608 cum

2411 2645 2502 2706 eis
2535 2646 2600 2707 in
2631 2646 2914 2709 conclavi
2949 2645 3218 2719 collecti,
3252 2646 3506 2726 quando
3536 2644 3602 2706 in
3635 2644 3738 2706 die
3771 2662 3912 2706 san-

2411 2752 2510 2807 cto
2551 2744 2942 2807 Pentecostes
2990 2751 3366 2826 receperunt
3408 2743 3716 2825 Spiritum
3755 2742 3906 2805 San·
3938 2762 4204 2812 Acunum.

2410 2850 2583 2904 ctum
2643 2842 2706 2904 in
2767 2842 2946 2923 signo
2999 2842 3290 2921 visibili;
3343 2842 3697 2924 repletique
3753 2851 3908 2903 sunt

2409 2959 2651 3015 omneS‚
2688 2960 2812 3005 non
2855 2941 3062 3003 solum
3101 2940 3302 3021 gratia
3338 2938 3755 3020 gratificante,
3791 2940 3904 3002 sed

803 3040 1182 3104 liberalitate
1243 3040 1350 3103 Dei
1410 3040 1621 3103 infusa
1677 3042 2094 3122 dependeant,
2158 3042 2300 3104 ideo
2338 3041 2379 3103 C
2410 3048 2472 3101 et
2514 3040 2734 3121 gratiis
2784 3039 2972 3100 etiam
3020 3039 3213 3119 gratis
3262 3038 3447 3100 datis.
3489 3037 3613 3099 Nec
3663 3038 3902 3099 mirum

803 3146 1009 3220 potest
1058 3140 1149 3201 sic
1196 3139 1400 3221 accipi
1436 3158 1450 3201 :
1486 3140 1863 3220 Accepimus
1910 3139 2200 3219 gratiam,
2235 3138 2299 3202 id
2410 3140 2462 3201 si
2505 3140 2580 3201 de
2621 3139 3021 3221 plenitudine
3051 3138 3279 3202 Christi
3322 3138 3597 3201 dicimur
3623 3139 3904 3220 accepis-

802 3245 897 3299 est
926 3238 1225 3299 meritum
1260 3238 1357 3301 vel
1392 3238 1747 3319 preamium,
1776 3256 1890 3319 pro
1916 3238 2130 3319 gratia,
2157 3257 2301 3319 quae
2410 3257 2498 3312 se,
2533 3256 2734 3318 quum
2786 3238 3003 3299 Petrus
3055 3236 3383 3300 universos
3427 3235 3651 3299 fideles
3692 3237 3903 3299 horte—

800 3344 895 3398 est
926 3355 1117 3399 causa
1155 3336 1363 3399 meriti
1400 3337 1498 3399 vel
1541 3337 1871 3403 mercedis,
1905 3335 2109 3408 Quum
2153 3355 2300 3416 ergo
2409 3344 2534 3411 tur,
2585 3336 2853 3399 dicendo
2895 3354 2910 3397 z
2953 3334 3404 3417 Unusquisque
3447 3334 3612 3397 sicut
3654 3334 3905 3416 accepit

799 3434 968 3496 Deus
1008 3442 1371 3497 remunerat
1409 3442 1623 3497 nostra
1657 3434 1903 3509 merita,
1938 3443 2302 3496 remunerat
2407 3435 2696 3515 gratiam,
2733 3434 2796 3495 in
2828 3434 3200 3496 alterutrum
3240 3433 3418 3495 illam
3457 3433 3906 3497 administran-

2408 3541 2524 3607 tes,
2560 3534 2724 3595 sicut
2772 3532 2922 3596 boni
2973 3533 3439 3614 dispensatores
3487 3531 3900 3596 multiformis

2406 3633 2622 3713 gratiae
2671 3631 2802 3693 Dei.
2855 3668 2932 3676 —
2975 3632 3067 3694 Ad
3127 3632 3476 3694 secundum
3533 3632 3897 3707 dicendum,

806 3728 1001 3791 dabit.
1052 3729 1440 3809 Augustinus
1490 3747 1747 3811 quoque
1794 3737 1855 3790 et
1902 3728 2062 3790 Beda
2108 3747 2300 3810 expo-
2409 3732 2578 3811 quod
2626 3731 2826 3811 gratia
2868 3730 3073 3792 fertur
3116 3731 3248 3792 dari
3297 3730 3436 3791 sine
3476 3729 3732 3811 praeviis
3774 3749 3906 3793 me—

804 3834 966 3888 nunt
1004 3828 1095 3889 sic
1131 3828 1557 3909 :Accepimus
1595 3828 1725 3907 jam
1768 3828 1832 3889 in
1864 3846 1997 3909 spe,
2029 3828 2295 3908 gratiam
2412 3830 2570 3902 ritis,
2623 3829 2927 3910 quoniam
2978 3829 3160 3890 datur
3215 3828 3353 3890 sine
3412 3828 3665 3909 praeviis
3713 3828 3906 3890 meri-

804 3943 918 4006 pro
946 3926 1167 4007 gratia,
1200 3926 1267 3988 id
1298 3934 1394 3987 est
1423 3926 1615 3989 vitam
1654 3935 1954 3988 aeternam
1994 3944 2109 4007 pro
2140 3926 2292 3988 fide.
2409 3928 2488 3989 tis
2540 3927 2929 4009 recipientis,
2976 3946 3102 3990 non
3149 3927 3290 3989 sine
3336 3926 3580 3989 meritis
3629 3926 3906 3991 Salvato-

879 4023 1211 4099 Quaeritur‚
1245 4043 1445 4105 quum
1495 4025 1695 4105 gratia
1734 4024 1962 4086 Christi
2014 4024 2097 4086 sit
2136 4026 2298 4086 acci·
2411 4027 2542 4107 ris;
2589 4026 2687 4089 vel
2743 4028 2926 4088 datur
2979 4026 3116 4089 sine
3167 4025 3410 4087 meritis
3460 4034 3772 4107 quantum
3822 4026 3903 4087 ad

799 4124 977 4197 dem,
1012 4124 1181 4204 quod
1215 4142 1339 4186 non
1372 4124 1599 4203 migrat
1628 4124 1705 4185 de
1734 4122 2023 4203 subjecto
2052 4124 2118 4185 in
2153 4125 2296 4187 sub·
2409 4126 2680 4207 primam
2731 4126 3028 4199 radicem,
3077 4125 3228 4206 quia
3275 4134 3336 4187 et
3384 4124 3630 4187 Christo
3677 4123 3902 4187 collata

795 4222 1059 4302 jectum,
1120 4232 1181 4284 et
1238 4242 1439 4303 quum
1498 4223 1669 4285 solus
1726 4222 1888 4283 Deus
1946 4224 2027 4284 sit
2080 4225 2500 4304 gratiaeDest
2548 4224 2790 4305 absque
2840 4224 3084 4286 meritis
3122 4224 3261 4304 ejus
3299 4224 3462 4304 (sola
3498 4223 3668 4285 enim
3721 4223 3904 4285 boni-

800 4321 997 4395 dator,
1055 4321 1374 4401 quomodo
1430 4321 1704 4383 dicimur
1762 4321 1839 4382 de
1898 4321 2297 4403 plenitudine
2407 4330 2531 4384 tate
2570 4322 2677 4383 Dei
2721 4324 2934 4383 datum
2985 4329 3079 4384 est
3120 4322 3414 4384 humanae
3451 4330 3689 4383 naturae
3723 4320 3905 4384 Chri-

803 3551 917 3595 sua
966 3534 1149 3608 dona,
1196 3534 1512 3614 donatque
1557 3532 1821 3613 gratiam
1872 3550 2064 3613 super
2109 3533 2302 3613 grati-

796 4418 1015 4500 gratiae
1060 4418 1290 4482 Christi
1341 4420 1683 4500 accepisse.
1729 4418 1989 4493 Rursus,
2034 4439 2298 4501 quomo-

800 4519 880 4581 do
915 4517 1115 4598 gratia
1149 4517 1345 4598 gratis
1387 4516 1731 4591 confertur,
1768 4518 1819 4579 si
1853 4518 2035 4579 datur
2068 4519 2296 4582 merito

800 4614 1055 4678 Christi.
1090 4651 1170 4660 —
1200 4614 1275 4676 Et
1314 4616 1825 4697 respondendum
1864 4616 1941 4677 ad
1987 4616 2292 4697 primum,

798 4714 969 4795 quod
1018 4733 1144 4777 non
1195 4714 1469 4775 dicimur
1516 4714 1837 4794 accepisse
1887 4716 1963 4775 de
2023 4714 2299 4795 plenitu-

798 4812 946 4873 dine
977 4812 1229 4886 Christi,
1262 4812 1445 4893 quasi
1489 4812 1863 4894 particulam
1901 4814 2117 4893 gratiae
2156 4813 2297 4894 ejus

794 4910 1251 4991 acceperimus,
1306 4910 1393 4972 ita
1451 4912 1621 4991 quod
1676 4911 1876 4991 gratia
1925 4911 2154 4974 Christi
2216 4912 2298 4973 sit

797 5009 1162 5089 divisibilis,
1195 5017 1257 5071 et
1297 5010 1515 5071 eadem
1556 5028 1823 5071 numero
1863 5009 1944 5071 sit
1984 5011 2192 5091 primo
2231 5010 2295 5071 in

798 5104 1065 5197 Christo,
1118 5107 1347 5169 deinde
1398 5108 1462 5169 in
1513 5107 1746 5187 nobis;
1800 5108 1909 5169 sed
1958 5107 2110 5187 quia
2160 5108 2296 5189 ple-

798 5205 1020 5267 nitudo
1047 5206 1265 5285 gratiae
1295 5204 1524 5268 Christi
1565 5214 1659 5268 est
1689 5225 1878 5268 causa
1918 5206 2299 5268 instrumen-

800 5302 965 5377 talis,
1011 5304 1387 5385 dispositiva
1433 5323 1505 5367 ac
1552 5305 1895 5379 meritoria,
1940 5324 2055 5386 per
2100 5325 2294 5387 quam

2409 4422 2509 4495 sti,
2545 4438 2682 4482 esse
2722 4420 2965 4483 unitam
2995 4420 3222 4495 Verbo,
3260 4429 3320 4482 et
3356 4420 3556 4501 gratia
3592 4420 3904 4502 adimple-

2406 4519 2509 4599 ri),
2544 4526 2605 4580 et
2651 4520 2950 4600 quoniam
2999 4518 3160 4581 Deus
3205 4518 3484 4581 decrevit
3531 4516 3900 4581 hominibus

2404 4616 2668 4695 gratiam
2702 4616 2848 4677 dare
2877 4634 2953 4677 ex
2986 4635 3098 4677 sua
3127 4615 3414 4696 largitate
3455 4632 3568 4696 per
3599 4613 3896 4675 meritum

2406 4716 2660 4789 Christi,
2703 4716 2837 4778 sive
2881 4714 3190 4788 futurum,
3235 4714 3371 4777 sive
3419 4726 3716 4796 praesenS,
3761 4712 3900 4775 sive

2407 4814 2821 4895 praeteritum.

2497 4912 2967 4992 Consequenter
3025 4911 3319 4973 subditur
3376 4929 3582 4984 causa,
3641 4910 3896 4990 signum

2408 5010 2506 5072 vel
2537 5010 2896 5089 declaratio,
2930 5010 3099 5091 quod
3129 5011 3206 5072 de
3237 5009 3634 5091 plenitudine
3663 5007 3898 5070 Christi

2407 5109 2792 5190 accepimus.
2845 5111 3012 5178 Quia
3064 5113 3167 5169 lex
3210 5108 3440 5171 veteris
3488 5106 3894 5181 Testamenti,

2409 5208 2475 5269 in
2505 5226 2634 5288 qua
2661 5217 2841 5270 erant
2874 5214 3188 5289 praecepta
3227 5207 3508 5281 moralia,
3540 5204 3896 5287 judicialia,

2407 5324 2481 5368 ac
2509 5306 2979 5379 caerimonialia,
2998 5326 3116 5383 per
3142 5308 3408 5382 Moysen
3439 5308 3598 5366 data
3625 5314 3738 5377 est,
3763 5311 3903 5367 tan-

3965 3354 4130 3399 [Petr.
4145 3370 4202 3402 η,

3935 3420 4002 3460 ¹⁰.

4047 5112 4116 5166 Π
