4300 6259
514 1281 647 1326 Dent.
666 1298 736 1331 vu,

552 1875 681 1920 lude
698 1881 739 1920 Ξ,

814 491 897 554 78
1600 509 1951 556 mantano
1992 508 2059 556 ut
2096 507 2238 555 car.
2283 509 2396 555 xm
2439 509 2628 556 mccx.
2673 530 2754 540 —
2795 511 2938 556 m.
2983 513 3154 556 mv

812 699 947 740 rem
992 681 1111 756 fici
1164 679 1431 738 habebat
1488 681 1765 758 quidam
1816 684 2192 756 plantatam
2243 682 2314 738 in
2351 681 2398 740 A
2431 681 2520 741 ris
2577 681 2724 742 vitae
2781 680 3038 748 virtute,
3091 681 3414 762 variisque
3467 680 3818 753 miraculiS,
3867 687 3930 740 et

820 781 1011 836 tinea
1058 799 1203 838 sua.
1254 777 1371 838 Per
1424 778 1719 840 arborem
1770 778 1881 840 l'ici
1942 777 2324 858 intelligitur

814 877 1159 956 synagoga,
1192 895 1337 957 quae
1370 877 1523 938 olim
1560 877 1767 938 fuerat
1808 877 1933 939 Deo
1962 877 2143 938 valde
2179 895 2324 956 gra-

814 981 897 1044 ta,
950 973 1285 1036 familiaris
1334 983 1397 1035 et
1442 993 1607 1046 cara,
1662 975 1847 1037 bonis
1900 992 1973 1036 ac
2020 975 2320 1036 dulcibus

812 1067 1131 1132 fructibus
1164 1073 1371 1154 plena,
1402 1072 1947 1153 quemadmodum
1985 1070 2154 1134 ficus
2193 1073 2324 1153 pri-

816 1177 1055 1230 matum
1098 1169 1289 1232 habet
1330 1171 1397 1232 in
1448 1171 1791 1233 fructibus·
1836 1170 2009 1232 Unde
2052 1172 2117 1232 in
2165 1171 2323 1232 Deu-

768 1317 781 1326 .
812 1268 1167 1330 teronomio
1202 1267 1441 1350 Moyses
1490 1269 1775 1350 loquitur
1810 1268 2152 1350 Synagogae
2183 1288 2200 1330 :
2233 1268 2318 1330 'l'e

810 1364 1005 1446 elegit
1044 1366 1373 1440 Dominus,
1412 1376 1481 1429 ut
1520 1369 1607 1430 sis
1644 1367 1701 1428 ei
1758 1367 2034 1450 populus
2080 1367 2321 1450 peculi-

808 1463 961 1536 aris,
1012 1465 1091 1526 cle
1140 1466 1389 1528 cunctis
1452 1465 1708 1547 populis
1754 1466 1865 1546 qui
1919 1474 2069 1526 sunt
2122 1483 2320 1547 super
2365 1497 2386 1514 ·

810 1568 1067 1624 terram.
1094 1561 1263 1625 Hanc
1290 1564 1583 1626 arborem
1618 1563 1841 1625 habuit
1870 1563 2181 1638 Christus,
2204 1564 2316 1644 qui

812 1662 1161 1723 secundum
1214 1681 1395 1722 suam
1440 1662 1839 1724 divinitatem
1882 1671 2158 1724 aeternus
2199 1671 2315 1736 est,

808 1765 872 1818 et
920 1759 1128 1840 plebis
1178 1760 1351 1821 illius
1400 1769 1667 1823 creator.
1712 1759 1888 1822 L'nde
1930 1759 2121 1821 Judas
2169 1779 2322 1841 apo-

2433 780 2732 860 precibus
2773 781 3104 852 amorosis,
3145 779 3532 861 synagogam
3571 799 3608 840 a
3655 779 3934 860 peccatis

2435 897 2724 959 purgare,
2765 880 2844 939 ad
2891 879 3330 960 poenitentiam
3381 879 3692 950 scindere,
3737 877 3936 938 virtu-

2433 976 2604 1037 tibus
2643 976 3010 1048 fecundare,
3047 977 3216 1037 intra
3252 976 3552 1038 horreum
3593 975 3724 1048 Dei,
3757 976 3932 1056 quod

2429 1081 2524 1133 est
2570 1073 2868 1146 Ecclesia,
2901 1092 3286 1154 congregare
3327 1075 3532 1136 conati
3577 1082 3750 1134 sunt.

2515 1177 2672 1234 Eece
2699 1176 2870 1233 anni
2899 1183 3026 1232 tres
3049 1183 3204 1232 sunt
3238 1195 3322 1231 ea:
3351 1193 3478 1251 quo
3517 1175 3726 1242 venio,
3759 1193 3934 1252 φαε-

2429 1291 2578 1330 rens
2601 1273 2900 1346 fructum
2930 1274 3001 1329 in
3031 1275 3312 1347 ficulnea
3343 1272 3491 1340 hae,
3519 1271 3583 1331 id
3623 1278 3742 1335 est.
3777 1269 3928 1330 satis

2431 1369 2540 1428 diu
2575 1369 2780 1450 plebis
2817 1369 3014 1449 hujus
3051 1369 3558 1430 emendationem
3591 1387 3734 1428 sum
3768 1387 3930 1449 pra,h

2431 1466 2716 1541 stolatuS,
2757 1468 2910 1548 quia
2951 1485 3066 1548 per
3101 1467 3222 1528 tria
3259 1475 3548 1548 tempora
3583 1467 3931 1528 condistin-

2429 1572 2550 1638 cta,
2607 1566 2850 1627 scilicet
2905 1575 3050 1627 ante
3107 1565 3537 1646 captivitatem
3597 1564 3931 1647 Babyloni-

2429 1681 2592 1729 cam,
2625 1673 2688 1726 et
2737 1665 2888 1725 item
2941 1672 3080 1745 post
3128 1664 3402 1725 reditum
3444 1662 3802 1725 Judaeorum
3854 1665 3934 1725 de

2427 1763 2764 1844 Babylone,
2797 1771 2860 1825 et
2889 1782 3062 1825 nunc
3101 1763 3308 1836 tertio,
3343 1763 3410 1823 in
3445 1781 3588 1824 meo
3623 1764 3928 1838 adventu,

808 1856 1007 1918 stolus
1056 1858 1283 1920 scribit
1315 1877 1330 1921 :
1361 1859 1543 1920 lesus
1586 1858 1899 1940 populum
1944 1859 2198 1920 salvans
2237 1860 2318 1920 de
2353 1859 2400 1920 B
2427 1862 2693 1942 quaesivi
2743 1879 2936 1942 opera
2975 1861 3286 1922 virtutum
3337 1861 3402 1922 in
3449 1861 3638 1941 plebe
3675 1861 3795 1923 hac
3821 1881 3838 1928 :
3869 1872 3931 1921 et

808 1961 975 2016 terra
1018 1955 1289 2038 ‚Egyptb
1322 1964 1443 2018 etc.
1491 1956 1661 2018 Hanc
1704 1957 1921 2038 itaque
1962 1957 2164 2018 ficum
2207 1957 2318 2018 ha-

808 2051 948 2113 buit
984 2052 1271 2116 Christus
1309 2055 1657 2136 plantatam
1699 2055 1763 2116 in
1799 2057 1983 2117 vinea
2022 2075 2158 2130 sua,
2195 2056 2314 2118 hoc

806 2157 902 2212 est
942 2151 1005 2212 in
1049 2152 1289 2234 populo
1314 2152 1679 2215 Judaeorum
1716 2172 1731 2214 ε
1767 2154 1853 2215 ita
1886 2161 1955 2214 ut
1994 2173 2168 2216 nunc
2199 2172 2314 2235 pcr

802 2248 1098 2312 arborem
1160 2251 1295 2326 fici,
1362 2251 1757 2332 intelligatur
1820 2252 1999 2333 plebs
2055 2251 2314 2314 Judaica

806 2347 1101 2410 habitans
1138 2350 1203 2411 in
1233 2349 1467 2424 Judaea,
1501 2351 1579 2412 de
1610 2349 1797 2430 cujus
1836 2351 2168 2414 eversione
2199 2369 2315 2432 per

806 2445 1117 2510 Romanos
1176 2449 1513 2530 completa,
1564 2448 1851 2511 Christus
1906 2449 2036 2529 jam
2088 2450 2307 2529 fatur3

806 2561 921 2626 per
956 2545 1204 2607 vineam
1244 2563 1415 2620 veru,
1450 2555 1619 2608 totus
1656 2545 1843 2608 lsrael
1888 2547 2163 2628 populus
2193 2565 2309 2628 per

808 2643 979 2704 varia
1026 2644 1249 2706 mundi
1294 2645 1549 2706 climata
1596 2654 1958 2726 segregatus
2006 2664 2080 2707 ac
2128 2645 2304 2707 habi-

804 2748 967 2814 tanS,
1000 2743 1257 2823 quando
1286 2742 1574 2804 Christus
1614 2743 1747 2804 haec
1781 2744 1960 2806 dixit.
1993 2742 2170 2815 Quod
2198 2763 2309 2805 au-

804 2847 931 2902 tem
986 2841 1263 2923 populus
1322 2840 1531 2914 lsrael,
1584 2841 1691 2902 Dei
1744 2843 1929 2904 vinea
1978 2861 2308 2924 nuncupe-

806 2947 929 3012 tur,
978 2939 1403 3002 certissimum
1452 2947 1569 3000 est.
1622 2939 1943 3022 Scriptum
1991 2949 2087 3002 est
2134 2941 2306 3002 enim

2425 1981 2556 2020 non
2585 1963 2872 2030 invenio,
2899 1959 2962 2020 id
2993 1967 3110 2031 est,
3145 1959 3482 2040 hucusque
3511 1977 3638 2021 non
3670 1962 3878 2040 reperi
3907 1979 3924 2022 :

2426 2078 2550 2121 non
2583 2060 2736 2140 quia
2767 2058 2944 2120 nullo
2973 2066 3258 2138 tempore
3287 2058 3450 2119 bene
3479 2076 3546 2119 se
3576 2058 3795 2120 habuit
3824 2057 3928 2142 Sy-

2423 2175 2684 2238 nagoga,
2715 2177 2919 2238 quum
2959 2157 3024 2217 in
3065 2155 3230 2218 libro
3264 2155 3556 2218 Judicum
3607 2157 3918 2238 scriptum

2421 2255 2504 2316 sit
2540 2256 3078 2336 quemadmodum
3116 2252 3240 2315 sitii
3282 2254 3467 2314 lsrael
3503 2261 3788 2336 tempore
3823 2255 3922 2318 Jo-
3949 2279 4220 2332 amsans.

2421 2373 2555 2426 sue,
2591 2363 2654 2416 et
2682 2354 3008 2416 seniorum
3037 2353 3148 2434 qui
3181 2352 3370 2432 longo
3401 2361 3540 2434 post
3569 2371 3717 2415 eum
3749 2354 3922 2416 vixe-

2423 2461 2572 2513 runt
2626 2460 2935 2534 tempore,
2989 2451 3254 2514 Domino
3309 2451 3690 2525 servierunt,
3747 2453 3922 2514 simi-

2425 2552 2570 2612 liter
2618 2559 2906 2632 tempore
2953 2550 3172 2622 David,
3225 2557 3286 2610 et
3343 2548 3486 2610 aliis
3533 2550 3917 2630 quibusdam

2425 2650 2843 2731 temporibuS,
2884 2657 2953 2709 ut
2989 2667 3069 2710 ex
3107 2647 3288 2710 libris
3329 2647 3568 2728 Regum
3609 2647 3924 2731 Paralipo-

2425 2765 2788 2829 menonque
2829 2746 3162 2828 probatur;
3206 2747 3314 2808 sed
3355 2747 3505 2826 quia
3546 2749 3924 2828 comparati-
3959 2780 3962 2783 ·

2422 2866 2500 2908 ve
2531 2847 2870 2928 loquendo,
2903 2847 3016 2926 qui
3047 2845 3314 2906 Domino
3353 2845 3731 2923 servierunt,
3769 2865 3924 2928 pau-

2420 2947 2475 3008 ci
2511 2946 2788 3017 ruerunt,
2809 2952 2872 3006 et
2900 2953 3190 3026 tempora
3217 2942 3456 3024 quibus
3487 2943 3608 3005 hoc
3637 2945 3918 3025 contigit,

544 3055 737 3106 11.«‚·1.
807 3035 871 3098 in
923 3037 1077 3099 isaia
1123 3055 1138 3100 ε
1186 3037 1378 3099 Vinea
1430 3037 1673 3099 Domini
1725 3039 2149 3112 exercituum,
2204 3040 2312 3100 do-
2347 3047 2392 3110 C
2420 3043 2638 3105 brevia
2685 3050 2886 3116 erant,
2931 3041 3470 3124 quemadmodum
3518 3059 3597 3102 ex
3645 3042 3918 3104 decursu

524 3153 635 3196 om
656 3157 759 3204 m.
806 3153 949 3196 mus
996 3134 1183 3196 lsrael
1221 3143 1353 3215 est3
1402 3144 1466 3196 et
1512 3137 1685 3219 apud
1722 3135 1899 3211 Osee,
1936 3136 2092 3198 Vitis
2135 3136 2309 3200 fron-

510 3251 773 3300 huma.
805 3234 957 3296 dosa
998 3233 1227 3312 lsrael;
1270 3243 1461 3314 atque
1506 3233 1573 3294 in
1624 3232 1889 3308 Psalmo,
1924 3235 2186 3296 Vineam
2229 3237 2306 3296 (ie
2421 3249 2562 3323 pter
2597 3241 2771 3322 quod
2813 3239 2972 3300 Deus
3020 3257 3134 3320 per
3170 3237 3505 3300 Jeremiam
3554 3240 3631 3300 de
3671 3239 3918 3300 Jerusa-

2421 3341 2546 3402 lem
2581 3345 2964 3421 protestatur
2995 3355 3010 3398 :
3045 3336 3110 3398 ln
3151 3335 3584 3416 indignatione
3621 3344 3686 3397 et
3723 3337 3790 3397 in
3821 3337 3916 3398 ira
3975 3361 4210 3407 ,ra-,1mm

804 3331 1069 3414 AEgypto
1114 3332 1514 3394 transtulisti.

894 3433 978 3492 Et
1028 3433 1205 3492 venit
1250 3429 1447 3492 Filius
1500 3431 1630 3505 Dei,
1685 3449 1799 3512 per
1850 3431 2145 3494 humanae
2197 3451 2308 3494 na-

804 3536 965 3590 turae
1008 3529 1531 3610 assumptionem,
1572 3537 1635 3591 et
1672 3530 1838 3591 inter
1876 3528 2120 3592 Judaeos
2161 3549 2309 3592 con-

528 3653 775 3702 aarum...
810 3645 1088 3700 versans,
1152 3627 1507 3690 secundum
1573 3627 1731 3688 illud
1798 3627 2037 3690 Baruch
2094 3647 2107 3690 ε
2166 3628 2308 3691 Post

806 3726 939 3788 haec
973 3726 1035 3788 in
1077 3724 1265 3787 terris
1296 3725 1470 3788 visus
1509 3733 1625 3800 est,
1659 3731 1721 3786 et
1750 3745 1893 3787 cum
1937 3726 2307 3789 hominibus

806 3831 1213 3887 conversatus
1250 3831 1386 3901 est3
1428 3844 1719 3904 quoerens
1756 3825 2076 3900 fructum,
2108 3824 2172 3886 id
2215 3834 2311 3887 est

804 3941 998 4004 opera
1046 3921 1347 3996 virtuosa,
1392 3925 1467 3982 in
1514 3924 1673 3994 illa,·
1711 3932 1771 3982 et
1816 3942 1939 3983 non
1987 3925 2243 3984 invenit
2284 3945 2307 3983 .·

808 4039 931 4084 non
973 4021 1143 4102 quod
1188 4029 1471 4102 tempore
1508 4021 1817 4082 adventus
1854 4021 2108 4095 Christi,
2144 4022 2306 4083 nulli

803 4119 1160 4182 Judaeorum
1202 4118 1443 4180 suerint
1483 4119 1770 4194 virtuosi,
1814 4120 1925 4180 sed
1965 4121 2116 4201 quia
2157 4140 2311 4202 pau-

808 4217 1070 4292 cissimi,
1106 4217 1191 4279 ita
1233 4219 1403 4299 quod
1450 4225 1741 4299 respectu
1784 4218 2079 4293 aliorum,
2122 4221 2307 4300 quasi
2341 4229 2389 4289 D
2418 4223 2645 4285 Psalmi
2682 4241 2696 4284 :
2733 4221 3034 4284 Dominus
3065 4219 3144 4280 de
3175 4217 3335 4281 coelo
3367 4219 3692 4299 prospexit
3721 4237 3916 4300 super
3963 4245 4054 4291 12⁸,
4079 4262 4168 4297 ω,
4191 4250 4228 4290 2,
4280 4231 4281 4244 ¹

808 4316 967 4380 nulli
1012 4315 1409 4378 videbantur.
1454 4315 1715 4397 Propter
1757 4318 1929 4398 quod
1971 4317 2034 4378 in
2072 4316 2310 4382 Ioanne

512 4415 1079 4492 Joanm.1¹.habetur
1126 4415 1203 4476 de
1254 4414 1501 4478 Christo
1544 4431 1557 4476 ε
1602 4413 1667 4475 ln
1721 4415 1978 4496 propria
2018 4417 2213 4491 venit,
2247 4426 2310 4479 et

629 4631 665 4686 7

808 4514 905 4576 sui
950 4533 1097 4575 cum
1146 4532 1271 4577 non
1317 4520 1721 4594 receperunt.

888 4614 1080 4676 Dioeit
1131 4622 1349 4673 autem
1394 4611 1679 4674 Christus
1730 4615 1819 4672 ad
1864 4617 2172 4674 cultorem
2215 4617 2311 4675 vi-

808 4733 961 4784 neae,
997 4711 1064 4774 id
1103 4718 1199 4774 est
1235 4712 1314 4773 ad
1354 4719 1588 4774 coetum
1631 4717 1693 4772 et
1730 4711 2020 4774 ordinem
2051 4713 2311 4794 Aposto-

810 4811 1015 4875 lorum
1056 4810 1455 4890 aliorumque
1493 4809 1978 4891 discipulorum,
2013 4813 2126 4892 qui
2169 4820 2313 4893 post

808 4906 1035 4971 Christi
1088 4907 1523 4969 ascensionem
1566 4907 1643 4967 ad
1688 4913 1939 4988 tempus
1992 4908 2107 4970 soli
2159 4909 2310 4972 huic

805 5005 1163 5070 Judaeorum
1224 5005 1461 5088 populo
1522 5005 2045 5086 praedicaverunt.
2108 5006 2310 5087 Hujus
2418 5008 2484 5070 in
2533 5007 2799 5079 Psalmo,
2835 5005 2969 5066 Fiat
3016 5003 3322 5065 habitatio
3371 5019 3590 5064 eorum
3641 5003 3908 5063 deserta.
3977 5027 4226 5076 ptum,
4280 5099 4281 5102 ,

514 5123 689 5174 Actu.
713 5125 779 5168 π.
809 5111 1023 5166 autem
1064 5104 1492 5166 multitudinis
1532 5103 1655 5164 fuit
1694 5122 1801 5167 cor
1836 5122 2037 5166 unum
2076 5113 2140 5166 et
2179 5105 2312 5166 ani-

810 5221 913 5264 ma
956 5221 1081 5264 una
1114 5220 1127 5264 :
1163 5203 1302 5264 ideo
1342 5201 1747 5282 singulariter
1786 5201 1991 5264 cultor
2025 5209 2305 5265 vocatur.

810 5299 964 5364 Nam
1006 5299 1201 5363 verbo
1244 5299 1709 5381 praedieationis
1748 5308 1943 5381 atque
1992 5302 2310 5384 exempla-

2421 3142 2566 3204 libri
2614 3142 2906 3204 Judicum
2957 3149 3021 3202 et
3067 3140 3306 3220 Regum
3356 3140 3729 3203 ostenditur.
3775 3139 3919 3203 Pro-

2418 3438 2584 3500 sacta
2629 3444 2726 3498 est
2773 3436 2996 3498 civitas
3044 3435 3184 3507 ista,
3236 3453 3272 3495 a
3321 3435 3424 3496 die
3471 3453 3598 3515 qua
3653 3433 3918 3497 fundata
3949 3427 4026 3469 ³¹·

2418 3544 2534 3596 est.
2577 3534 2817 3596 Dicitur
2855 3539 3067 3594 autem
3109 3531 3395 3593 Christus
3444 3549 3750 3611 quaerere,
3799 3549 3918 3594 nec

2419 3633 2730 3703 invenire,
2768 3650 2892 3694 non
2939 3630 3110 3711 quod
3148 3628 3672 3690 infecunditatem
3724 3630 3922 3693 malo-

2419 3751 2563 3794 rum
2602 3732 2870 3811 ignoret,
2905 3729 3014 3790 sed
3057 3735 3124 3788 ut
3165 3744 3342 3788 suam
3384 3728 3461 3789 ad
3501 3746 3614 3789 nos
3654 3728 3921 3808 diligen-

2417 3832 2572 3892 tiam
2631 3827 3226 3911 providentiamque
3277 3826 3687 3900 demonstret,
3739 3835 3800 3887 et
3849 3835 3920 3889 ut

2419 3931 2763 3992 humanam
2820 3926 3099 3988 declaret
3154 3924 3494 4003 ignaviam,
3546 3942 3742 4005 seque
3799 3944 3918 4006 pro

2418 4035 2632 4089 nostra
2670 4025 2870 4087 salute
2913 4022 3138 4105 probet
3181 4021 3547 4095 sollicitum,
3581 4029 3644 4082 et
3681 4023 3918 4083 exami-

2419 4133 2699 4188 natorem
2740 4122 2932 4185 totius
2973 4120 3118 4183 vitae
3159 4127 3406 4193 nostroe,
3449 4120 3799 4181 secundum
3849 4121 3914 4182 id

2419 4320 2589 4382 filios
2619 4318 2977 4396 hominum,
3002 4322 3072 4376 ut
3105 4315 3312 4377 videat
3341 4315 3394 4376 si
3427 4322 3522 4376 est
3552 4314 3914 4395 intelligens

2420 4426 2527 4480 aut
2571 4417 2904 4497 requirens
2951 4414 3168 4475 Deum.

2487 4516 2762 4578 Sacc-ide
2780 4532 2926 4590 erqo
2947 4514 3154 4580 illam,
3175 4511 3295 4572 hoe
3324 4517 3442 4583 est,
3468 4511 3914 4572 destruendam

2418 4623 2609 4696 atque
2639 4611 3059 4674 damnandam
3092 4609 3463 4690 praenuntia,
3485 4625 3558 4671 eo
3587 4609 3758 4689 quod
3787 4628 3914 4671 non

2419 4711 2772 4793 susceperit
2815 4709 3134 4773 Christum
3173 4725 3186 4769 ε
3221 4707 3386 4768 sicut
3435 4724 3548 4788 per
3593 4705 3914 4768 Danielem

2421 4811 2793 4893 prs-,edictum
2842 4817 2957 4881 est,
2998 4806 3326 4869 Civitatem
3376 4813 3438 4866 et
3485 4805 3912 4866 sanctuarium
3943 4831 4110 4877 Dm„

2420 4908 2756 4990 dissipabit
2795 4906 3071 4988 populus
3123 4923 3268 4967 cum
3319 4904 3479 4965 duce
3520 4911 3819 4984 ventui-03
3852 4910 3916 4964 et

2414 5105 2599 5168 Juxta
2637 5105 2810 5168 hunc
2848 5103 3110 5165 modum
3150 5100 3452 5181 loquendi
3491 5099 3794 5162 Dominus
3823 5099 3915 5162 lo-
3939 5090 4026 5133 ²⁶·

2417 5205 2639 5286 quitur
2679 5221 2793 5285 per
2837 5201 3170 5264 Jeremiam
3210 5217 3224 5261 ε
3259 5198 3432 5278 Ejice
3481 5199 3623 5262 illos
3671 5217 3708 5260 a
3753 5197 3914 5260 facie
3955 5223 4070 5268 ser.
4101 5241 4127 5268 ι

2417 5321 2579 5377 mea,
2615 5302 2678 5364 id
2709 5308 2824 5376 est,
2857 5300 3205 5382 ejiciendos
3235 5297 3613 5378 praenuntia.
3646 5299 3724 5358 Ut
3752 5296 3918 5375 quid

4113 4838 4232 4881 1:2⁶.
4280 4809 4281 4902 Ξ

4129 5231 4228 5276 vd.
4280 5275 4281 5280 Ξ
