4300 6259
171 1289 238 1345 20

109 2281 257 2324 naim.
267 2296 332 2331 vu,

99 2346 140 2369 02

109 5270 158 5373 ἱ151
171 5273 260 5319 Cor.
275 5292 328 5333 lx,

1183 516 1538 565 mma-no
1579 516 1642 562 m
1685 513 1826 563 car.
1870 514 1913 561 x
1954 513 2142 561 tues.
2183 534 2265 545 —
2305 514 2447 562 aar.
2493 516 2664 563 xxvu
3432 496 3474 561 9

361 686 707 768 jectionem
739 708 851 751 seu
883 690 1081 772 optati
1115 688 1329 752 damni
1373 687 1744 762 illationem,
1777 687 1867 749 nil
1897 682 1952 747 A
1981 687 2170 769 cipue
2212 687 2293 750 sit
2330 689 2757 769 gaudendum,
2800 689 3133 771 subjungit
3164 709 3178 753 :
3225 692 3473 751 Gaude-

119 804 232 847 που..
254 816 336 853 vm,
364 786 604 863 nocuit,
650 788 804 868 quia
847 787 1065 851 electis
1113 787 1225 849 Dei
1272 788 1488 851 omnia
1531 804 1872 870 cooperan-

367 892 466 946 tur
506 886 574 947 in
617 886 884 961 bonum,
919 894 982 949 et
1020 887 1389 970 temporalis
1427 886 1753 950 tribulatio
1791 886 1871 947 ad

365 992 744 1066 perpetuam
787 1003 894 1049 eos
944 987 1126 1049 duxit
1174 1005 1493 1049 coronam.
1536 986 1679 1048 Ideo
1719 984 1872 1047 scri-

97 1100 336 1189 smmu„
365 1091 546 1164 ptum
587 1090 684 1145 est
728 1102 742 1146 ε
785 1083 984 1147 Filius
1028 1085 1386 1167 iniquitatis
1427 1102 1554 1147 non
1592 1091 1872 1165 apponet

364 1199 594 1243 nocere
638 1182 720 1244 ei.

461 1282 917 1343 Verumtamen
957 1284 1032 1343 in
1071 1286 1188 1343 hoc
1223 1284 1423 1343 nolite
1449 1284 1733 1359 qaudere
1773 1281 1872 1343 in·—

359 1380 650 1443 ordinate
679 1389 790 1444 aut
831 1383 1266 1457 immoderate,
1301 1382 1598 1446 videlicet
1635 1400 1709 1445 eo
1738 1401 1871 1445 mo—

360 1480 440 1543 do
479 1498 612 1561 quo
662 1500 836 1543 nunc
875 1481 1187 1563 gaudetiS,
1222 1482 1382 1561 quia
1418 1484 1720 1560 spiritua,
1756 1500 1871 1562 pu-

361 1584 421 1638 ta
456 1579 802 1653 daemoneS,
836 1580 950 1661 qui
988 1579 1071 1643 ob
1113 1587 1354 1642 naturae
1394 1579 1868 1661 simplicitatem

359 1676 628 1757 spiritus
686 1678 1114 1759 appellantur,
1177 1680 1350 1738 vobis
1397 1679 1866 1755 subjiciuntur,

357 1773 479 1836 hoc
509 1782 630 1849 est,
667 1793 781 1857 per
812 1783 1186 1858 potestatem
1217 1776 1399 1839 vobis
1434 1776 1725 1838 collatam
1763 1777 1870 1857 eji-

1983 796 2039 847 ce
2079 796 2297 848 autem
2340 788 2407 849 in
2451 786 2738 863 Domino,
2781 788 2837 850 ei
2884 788 3300 869 regratiandO,
3344 806 3470 851 non

1981 885 2209 947 vestris
2252 886 2496 948 meritis
2536 886 2975 961 adscribendo,
3007 888 3167 967 quia
3204 889 3472 948 nomina

1981 994 2189 1045 vestra
2227 987 2469 1061 scripta
2508 995 2663 1046 sum
2700 988 2775 1046 in
2812 988 3011 1055 coeliS,
3052 986 3171 1047 hoc
3212 992 3327 1059 est,
3362 1004 3472 1047 vos

1980 1082 2103 1164 ipsi
2156 1082 2322 1145 inter
2358 1082 2590 1146 electos
2629 1083 2736 1145 Dei
2774 1083 2905 1164 jam
2955 1084 3105 1146 estis
3157 1102 3271 1166 per
3318 1102 3476 1166 prae-

1980 1180 2467 1244 destinationem
2506 1182 2875 1263 computati,
2910 1190 2972 1243 et
3012 1182 3077 1243 in
3108 1182 3473 1245 coelestibus

1979 1280 2418 1342 mansionibus
2462 1280 2843 1343 aeternaliter
2880 1282 3249 1356 collocandi,
3283 1288 3475 1362 atque

1979 1378 2045 1440 in
2096 1378 2262 1441 libro
2301 1378 2445 1442 vitae
2494 1379 2714 1461 scripti
2760 1398 2773 1441 z
2816 1381 2985 1461 quod
3027 1379 3241 1441 nullus
3282 1381 3359 1442 de
3408 1397 3474 1441 se

1980 1478 2281 1560 praescire
2308 1478 2837 1540 certitudinaliter
2867 1485 3085 1559 potest,
3121 1479 3245 1540 nisi
3277 1497 3353 1540 ex
3386 1498 3477 1540 re-

1980 1576 2294 1640 velatione
2343 1576 2580 1638 divina.
2619 1576 2904 1640 Christus
2944 1596 3093 1641 vero
3142 1577 3475 1659 discipulis

1979 1675 2112 1737 suis
2165 1676 2285 1738 hoc
2330 1676 2535 1757 potuit
2583 1677 2863 1741 revelare
2908 1695 2921 1738 :
2966 1676 3095 1738 imo
3136 1677 3214 1737 ad
3255 1694 3477 1739 conso-

1980 1774 2279 1837 lationem
2321 1792 2542 1837 eorum
2584 1776 2865 1837 revelare
2904 1775 3197 1856 dignatus
3245 1781 3360 1849 est,
3408 1782 3475 1835 ut

359 1873 642 1935 ciuntur.
677 1873 807 1937 Hoc
844 1875 1018 1936 enim
1057 1875 1225 1937 sicut
1251 1882 1314 1936 et
1348 1874 1472 1936 alia
1510 1874 1690 1955 signa
1729 1892 1870 1957 per-
1903 1874 1949 1934 B
1977 1880 2153 1935 tanto
2202 1872 2492 1936 fortiores
2542 1881 2753 1935 essent
2800 1874 2864 1935 in
2904 1874 3079 1937 omni
3124 1880 3339 1935 sancto
3388 1873 3475 1935 la-

356 1990 566 2052 agere,
605 1972 882 2054 pertinet
910 1974 990 2036 ad
1022 1974 1187 2035 dona
1213 1973 1431 2054 gratiae
1457 1973 1653 2054 gratis
1684 1974 1862 2047 datae,

357 2089 504 2151 quae
553 2072 632 2133 ad
673 2071 944 2134 aliorum
987 2071 1326 2133 utilitatem
1375 2072 1771 2146 ordinantur,
1805 2080 1868 2134 et

358 2168 546 2231 bonis
578 2188 654 2232 ac
682 2170 868 2231 malis
899 2170 1264 2233 communia
1293 2178 1444 2231 sunt
1474 2169 1863 2233 hominibus

357 2266 512 2329 Nam
557 2275 630 2329 ut
667 2269 892 2330 asserit
933 2268 1241 2343 Christu5‚
1274 2268 1459 2331 multi
1503 2269 1758 2350 reprobi
1800 2269 1866 2331 in

360 2365 462 2427 die
510 2366 738 2446 judicii
791 2374 941 2429 sunt
990 2368 1222 2429 dicturi
1269 2384 1282 2430 :
1325 2366 1612 2441 Domine,
1655 2385 1867 2430 nonne

358 2464 422 2526 in
457 2465 722 2528 nomine
753 2473 863 2528 tuo
894 2465 1206 2528 daemonia
1243 2466 1597 2547 ejecimus?
1627 2467 1866 2531 Idcirco

359 2564 436 2625 de
467 2563 590 2626 hoc
622 2564 790 2625 dono
825 2564 1228 2645 gloriandum
1261 2584 1387 2627 non
1423 2573 1538 2639 est,
1575 2566 1755 2646 quasi
1788 2566 1866 2628 de

357 2661 706 2743 principali
754 2670 948 2743 atque
995 2661 1284 2726 salvifico
1335 2662 1522 2737 bono,
1570 2664 1864 2745 quamvis

357 2758 585 2821 debeat
621 2758 816 2822 homo
856 2760 934 2821 de
972 2760 1146 2823 omni
1187 2760 1356 2824 bono
1391 2760 1514 2823 sibi
1555 2761 1863 2824 divinitus

355 2859 499 2921 dato
529 2857 766 2939 gratias
797 2876 980 2938 agere
1011 2858 1148 2930 Deo,
1169 2866 1231 2921 et
1261 2860 1478 2941 aliquo
1506 2862 1694 2923 modo
1720 2879 1862 2942 gau·

355 2957 504 3018 dere
538 2956 604 3018 in
641 2956 803 3039 ipso,
839 2958 1190 3020 secundum
1222 2960 1392 3039 quod
1429 2958 1670 3021 bonum
1702 2959 1860 3022 illud

355 3055 662 3118 collatum
704 3056 913 3136 majus
955 3064 1068 3118 aut
1107 3055 1322 3119 minus
1365 3064 1482 3119 est.

418 3152 770 3230 Postremo,
806 3154 974 3217 unde
1014 3154 1434 3237 principalius
1472 3162 1664 3238 atque
1706 3175 1862 3239 prae-

1978 1971 2132 2034 bore
2162 1979 2225 2032 et
2254 1970 2628 2046 afflictione,
2661 1978 2900 2054 quanto
2930 1972 3228 2035 certiores
3262 1979 3474 2033 essent

1977 2072 2056 2133 de
2103 2069 2399 2133 beatifica
2450 2070 2887 2133 retributione.
2931 2070 3273 2144 Postremo,
3309 2070 3472 2132 liber

1978 2168 2122 2231 vitae
2161 2169 2226 2231 in
2266 2168 2391 2233 Deo
2431 2169 2861 2251 metaphorice
2900 2169 3159 2251 ponitur
3192 2188 3206 2231 :
3250 2186 3473 2250 quem-

1974 2268 2318 2330 admodum
2370 2268 2541 2349 apud
2597 2268 2889 2331 homines
2940 2268 3145 2331 solent
3196 2266 3469 2330 describi

1975 2386 2118 2447 quae
2170 2366 2529 2448 specialiter
2570 2374 2857 2449 spectant
2903 2368 2979 2428 ad
3034 2384 3163 2439 θος,
3210 2365 3301 2428 sic
3348 2366 3473 2427 ele-

1975 2472 2222 2527 ctorum
2272 2465 2337 2527 in
2379 2464 2596 2527 divina
2644 2473 2855 2527 mente
2902 2464 3309 2547 conscriptio,
3352 2464 3471 2527 hoc

1974 2570 2070 2625 cst
2108 2563 2300 2625 firma
2337 2582 2559 2627 eorum
2601 2564 2823 2627 notitia
2856 2580 2966 2625 seu
3006 2570 3193 2625 tenax
3233 2581 3470 2627 memo-

1976 2662 2070 2723 ria
2105 2662 2171 2724 in
2210 2662 2536 2725 intellectu
2568 2662 2808 2737 divinO,
2842 2662 3076 2725 dicitur
3106 2662 3269 2724 liber
3298 2662 3464 2737 vitm,

1973 2762 2295 2843 loquendo
2335 2763 2413 2824 de
2452 2762 2581 2825 vita
2616 2761 2853 2842 gloriae,
2886 2762 2965 2823 ad
3001 2780 3194 2843 quam
3242 2760 3468 2823 electio

1975 2859 2257 2922 finaliter
2295 2861 2590 2942 pertinet.
2624 2860 2799 2922 Unde
2837 2868 2902 2922 et
2937 2859 3101 2923 liber
3139 2860 3304 2934 vitre,
3340 2878 3466 2923 non

1976 2959 2097 3020 nisi
2138 2966 2374 3021 aeterna
2416 2959 2884 3040 praedestinatio
2923 2959 3306 3033 nominatur,
3342 2978 3470 3040 qua

1900 3055 1943 3119 C
1973 3057 2233 3140 quidam
2274 3058 2349 3119 ad
2391 3058 2585 3120 vitam
2625 3058 2841 3138 gloriae
2879 3077 2916 3120 a
2944 3058 3068 3121 Deo
3108 3066 3257 3119 sunt
3294 3065 3471 3119 aeter-

1972 3156 2203 3219 naliter
2247 3156 2672 3238 praeordinati.

1387 3586 2034 3673 ARTICULUS
2112 3590 2449 3674 XXVII

589 3857 961 3906 Pnosttcurlo
1007 3858 1466 3905 mucmssloms
1507 3859 1696 3905 nulus
1737 3858 1946 3905 nsscnu
1987 3858 2288 3920 cam'rtm,
2332 3860 2413 3906 AB
2457 3862 2531 3908 Eo
2572 3861 2720 3908 Loco
2760 3862 2880 3917 Quo
2923 3862 3165 3909 mertun
3209 3863 3225 3907 :

1133 3956 1198 4001 IN
1241 3956 1380 4003 n‘sA
1420 3956 1589 4003 HORA
1631 3956 2004 4003 EstLTAvrr
2047 3957 2112 4003 IN
2156 3958 2390 4006 smnrru
2435 3959 2688 4006 smero.

475 4231 799 4297 HRISTUS
828 4232 1162 4296 hominum
1191 4240 1433 4296 amator
1462 4232 1856 4307 verissimuS,
1891 4232 1940 4295 D
1972 4233 2203 4314 inquit,
2256 4252 2371 4315 ago
2418 4234 2543 4297 Deo
2594 4254 2789 4318 super
2834 4236 3245 4300 inenarrabili
3298 4240 3463 4303 dono

494 4335 575 4396 de
613 4330 962 4413 multiplici
1007 4331 1226 4412 gratiae
1274 4332 1440 4395 dono
1488 4350 1604 4414 per
1647 4332 1859 4414 ipsum

355 4452 390 4494 a
435 4433 620 4495 Patre
671 4429 1044 4493 hominibus
1096 4430 1316 4492 electis
1364 4430 1613 4506 collato,
1667 4431 1857 4493 vehe-

355 4538 606 4594 menter
650 4528 909 4611 gavisus
957 4536 1056 4590 est
1095 4546 1110 4591 ε
1153 4528 1282 4592 imo
1331 4527 1606 4610 quilibet
1650 4528 1857 4592 bonus

357 4630 656 4713 praelatus
687 4628 766 4689 de
798 4627 917 4689 hoc
949 4626 1270 4708 praecipue
1297 4625 1573 4708 gloriari,
1605 4627 1858 4709 Deoque

353 4727 586 4810 gratias
645 4742 832 4806 agere
879 4723 1087 4798 debet,
1140 4725 1311 4805 quod
1369 4724 1656 4788 subditos
1710 4743 1857 4788 suos

355 4825 674 4908 conspicit
720 4823 1057 4899 virtuosoS,
1109 4830 1171 4885 et
1219 4822 1451 4885 divinae
1505 4823 1859 4887 clementiae

352 4925 628 5006 gratiosa
671 4940 940 4984 munera
978 4920 1303 4983 abundare
1347 4920 1414 4983 in
1463 4920 1578 4982 eis.
1619 4921 1859 4985 Idcirco

129 5023 622 5087 uuum-..Ioannes
675 5019 833 5082 dicit
883 5037 898 5081 ε
948 5018 1246 5099 Majorem
1306 5018 1534 5081 horum
1590 5020 1856 5099 gratiam

357 5141 480 5184 non
511 5119 741 5193 habe0‚
774 5136 968 5199 quam
999 5125 1069 5179 ut
1095 5117 1350 5180 audiam
1381 5116 1553 5179 filios
1584 5135 1759 5180 meos
1791 5118 1856 5180 in

355 5220 618 5281 veritate
646 5214 998 5279 ambulare.
1031 5213 1108 5276 Et
1135 5214 1364 5276 Paulus
1395 5215 1858 5298 discipulorum

355 5336 614 5383 suorum
668 5315 936 5379 virtutes
985 5331 1489 5377 commemorans
1534 5332 1548 5376 τ
1589 5313 1851 5391 GratiaS,

1969 4330 2130 4411 ejus.
2176 4330 2279 4394 Sic
2320 4331 2449 4413 egit
2490 4340 2553 4394 et
2591 4332 2897 4409 Christus,
2942 4342 3009 4396 ut
3054 4335 3141 4398 ait
3182 4335 3463 4419 Evange-

1968 4429 2134 4492 lista.

2048 4531 2132 4591 In
2173 4530 2315 4607 ipsa
2352 4537 2565 4591 autem
2605 4533 2787 4599 hora,
2828 4550 2955 4613 qua
2995 4531 3278 4595 Christus
3323 4554 3460 4597 ver-

1967 4627 2048 4690 ba
2086 4628 2449 4691 immediate
2490 4628 2837 4711 praehabita
2875 4630 3206 4711 discipulis
3244 4631 3402 4695 dixit
3442 4652 3455 4696 :

1967 4728 2505 4810 quemadmodum
2538 4734 2909 4810 potestatem
2941 4728 3033 4791 eis
3062 4730 3339 4793 dedisset
3368 4752 3467 4794 su·

1967 4842 2083 4907 per
2140 4842 2393 4887 omnem
2460 4824 2761 4887 virtutem
2831 4825 3099 4907 inimici,
3160 4836 3225 4890 et
3289 4832 3461 4911 quod

1968 4922 2230 4987 nomina
2276 4940 2497 4987 eorum
2548 4923 2785 5005 scripta
2842 4932 3055 4987 essent
3109 4925 3175 4987 in
3228 4928 3457 5006 coelis3

1967 5023 2320 5083 exsultavit
2360 5024 2429 5083 in
2461 5024 2727 5099 Spiritu
2756 5025 3018 5091 Sancto,
3062 5022 3181 5087 hoc
3222 5034 3337 5098 est,
3382 5046 3459 5089 ex

1969 5121 2245 5183 motione
2275 5119 2548 5203 Spiritus
2579 5120 2807 5196 Sancti,
2839 5122 2949 5203 qui
2982 5122 3258 5184 animam
3290 5125 3464 5187 Chri-

1967 5218 2046 5280 sti
2099 5218 2165 5280 in
2216 5220 2530 5282 universis
2577 5220 2810 5282 direxit
2854 5238 2927 5282 ac
2972 5220 3353 5301 gubernavit
3400 5232 3463 5286 et

1967 5315 2188 5380 movit.
2221 5315 2481 5399 Propter
2509 5320 2681 5401 quod
2720 5317 2799 5381 ab
2829 5317 2986 5380 Isaia
3015 5318 3091 5381 de
3131 5318 3273 5402 ipso
3302 5340 3461 5403 prae-

3591 4554 3657 4609 21
