4300 6259
576 1763 736 1807 Joann.

551 1827 619 1870 ⁶4.

551 2161 670 2204 Ibid.
683 2176 755 2206 xiv

843 479 966 545 556

1566 500 1916 547 manuario
1957 500 2020 546 m
2063 501 2201 546 CAP-
2252 499 2357 545 xvl
2392 498 2671 546 smum.
2718 519 2799 531 —·
2838 501 2981 546 Am.
3028 501 3222 548 xxxtx

843 671 1304 748 secutionibuS,
1343 679 1408 734 et
1456 689 1708 734 recessu
1759 690 1901 736 meo
1947 671 2261 754 corporali
2304 691 2341 733 a
2368 669 2421 731 A
2448 690 2612 734 cam.
2668 671 2901 746 TertiO,
2953 671 3259 754 quoniam
3316 672 3602 736 Christus
3664 689 3772 733 rex
3826 689 3927 733 no-

843 768 1048 844 vobiS,
1092 775 1340 832 loeutus
1376 792 1522 832 sum
1561 773 1754 839 vobis,
1787 773 2060 832 tristitia
2097 771 2342 852 aliqua-

841 867 989 929 liter
1046 869 1386 932 indiscreta
1442 889 1514 932 ac
1575 870 1988 933 immoderata
2044 871 2340 946 implevit

839 986 949 1025 eor
999 977 1298 1040 vestrum,
1346 968 1518 1049 quod
1565 986 1644 1029 ex
1694 987 1810 1029 sua
1857 966 2340 1049 imperfectione

843 1065 1124 1127 nondum
1169 1083 1314 1126 vere
1364 1072 1649 1147 paratum
1703 1071 1798 1127 est
1843 1066 1920 1126 ad
1970 1066 2341 1127 sustinenda

844 1163 1066 1225 mundi
1109 1165 1392 1238 adversa,
1440 1183 1650 1246 neque
1689 1182 1790 1225 me
1837 1164 2048 1245 diligit
2095 1163 2342 1226 dilecti-

841 1279 964 1323 one
1003 1281 1162 1343 pure
1202 1263 1543 1344 spirituali,
1577 1264 1688 1324 sed
1730 1263 1960 1344 partim
2005 1263 2283 1324 sensuali
2320 1281 2335 1326 ε

845 1359 1012 1421 unde
1059 1369 1122 1422 et
1170 1361 1564 1442 corporalem
1615 1362 2016 1443 praesentiam
2066 1361 2338 1423 nimium

843 1458 1102 1539 cupitiS,
1165 1478 1358 1540 quam
1425 1459 1801 1533 Praecursor‚
1868 1469 2173 1542 tanquam
2242 1460 2341 1522 vir

846 1556 1187 1637 perfectuS,
1232 1577 1357 1621 non
1408 1559 1674 1621 curavit.
1717 1559 1850 1622 Non
1891 1560 2063 1621 enim
2110 1559 2343 1639 legitur

845 1655 1164 1719 Christum
1207 1657 1620 1740 corporaliter
1655 1666 2003 1732 assecutuS‚
2037 1658 2339 1740 quoniam

761 1779 816 1816 vn,
847 1773 994 1817 caro
1039 1774 1162 1818 non
1209 1757 1466 1836 prodest
1507 1756 1884 1838 quidquam.

2451 778 2599 843 ster,
2636 779 2763 834 tam
2790 772 3175 834 excellenter
3202 773 3367 834 dona
3400 771 3783 834 distribuere
3808 789 3925 832 non

2450 869 2741 944 debebat,
2784 871 2908 932 nisi
2956 889 3155 952 quum
3208 888 3497 933 reversus
3546 869 3669 931 fuit
3713 870 3791 930 ad
3832 888 3929 950 pa-

2452 968 2637 1030 triam
2686 987 2888 1044 suam,
2940 977 3003 1030 et
3050 969 3214 1030 sedit
3260 969 3326 1030 in
3380 969 3527 1030 sede
3576 967 3755 1048 regni
3810 967 3922 1028 sui.

2450 1065 2701 1142 Quarto,
2735 1067 3037 1149 quoniam
3076 1068 3365 1130 membra
3402 1075 3571 1128 tanta
3602 1066 3805 1148 gratia
3836 1067 3927 1128 ad·

2452 1167 2733 1229 ornanda
2766 1185 2891 1229 non
2928 1175 3129 1242 erant,
3166 1166 3290 1228 nisi
3330 1167 3469 1248 ipso
3499 1167 3709 1247 eapite
3746 1165 3927 1246 glori-

2452 1263 2663 1328 ficato.
2700 1264 2963 1346 Propter
2992 1267 3164 1347 quod
3205 1265 3447 1328 dictum
3484 1273 3583 1327 est
3616 1263 3925 1346 :Spiritus
3964 1282 4168 1332 amn

2453 1364 2737 1427 nondum
2784 1372 2919 1425 erat
2965 1365 3169 1437 datus,
3220 1365 3374 1445 quia
3417 1363 3595 1425 Jesus
3654 1363 3925 1426 nondum
3952 1347 4013 1386 ³⁹·

2450 1470 2586 1525 erat
2621 1461 3038 1543 glorificatus

2502 1564 2618 1622 -Ει
2647 1582 2850 1640 quum
2880 1565 3148 1633 venerit,
3184 1562 3248 1623 id
3285 1568 3398 1635 est,
3434 1568 3773 1642 postquam
3800 1559 3931 1641 Spi-
4053 1569 4083 1622 8

2452 1659 2611 1721 ritus
2654 1658 2917 1722 Sanctus
2964 1660 3142 1723 vobis
3190 1680 3339 1723 cum
3388 1667 3557 1722 tanta
3599 1659 3934 1742 plenitudi-

2454 1777 2535 1820 ne
2577 1758 2771 1821 fuerit
2811 1759 3015 1833 datuS,
3049 1759 3136 1821 ita
3173 1760 3345 1841 quod
3388 1758 3725 1820 abstulerit
3764 1758 3933 1821 vobis

926 1852 1250 1928 Praeterea,
1313 1871 1426 1936 per
1487 1855 1607 1918 hoc
1665 1856 1836 1936 quod
1893 1855 2001 1929 ait,
2065 1855 2343 1916 Tristitia
2376 1851 2708 1920 Bomnem
2774 1858 3195 1921 inordinatam
3260 1857 3691 1931 formidinem,
3752 1865 3935 1938 atque

849 1950 1140 2031 implevit
1183 1969 1293 2015 cor
1337 1960 1643 2028 vestrum,
1687 1953 1898 2014 innuit
1938 1955 2109 2034 quod
2156 1953 2343 2016 vehe-

848 2049 1244 2112 mentissime
1291 2049 1707 2113 tristabantur
1757 2070 1772 2112 ε
1824 2051 1965 2114 ideo
2013 2069 2120 2114 eos
2168 2050 2343 2112 beni-

844 2148 1152 2229 gnissime
1218 2150 1599 2212 consolatur.
1662 2153 1793 2212 Sed
1847 2171 1957 2228 eqo
2014 2150 2126 2231 qui
2198 2169 2340 2211 sum

849 2248 1079 2310 veritas
1111 2247 1407 2323 increata,
1437 2250 1772 2310 veritatem
1803 2249 2340 2332 proportionalem

844 2351 989 2408 dico
1040 2348 1234 2410 vobi-3.
1271 2352 1554 2426 Empedit
1594 2352 1788 2422 vobis,
1831 2349 1896 2411 id
1943 2358 2059 2423 est,
2103 2349 2343 2410 anima-

845 2446 967 2509 bus
1008 2447 1234 2510 vestris
1276 2448 1530 2510 salubre
1570 2456 1687 2521 est,
1723 2455 2028 2530 tanquam
2073 2448 2343 2530 disposi-

845 2545 1046 2607 tivum
1097 2548 1175 2609 ad
1226 2557 1498 2609 vestram
1549 2547 2001 2628 sempiternam
2045 2547 2337 2621 salutem,

845 2655 918 2704 uc
953 2664 1063 2722 eqo
1102 2649 1342 2706 vadam
1379 2646 1458 2707 ad
1497 2645 1738 2707 Patrem
1767 2645 1986 2726 (modo
2025 2645 2343 2726 praeindu-

847 2743 995 2822 cto).
1029 2745 1112 2805 Si
1146 2746 1322 2804 enim
1361 2763 1489 2804 non
1531 2745 1768 2816 abiem,
1791 2746 2172 2805 Paracletus
2209 2764 2341 2804 non

848 2842 1056 2902 veniet
1093 2843 1183 2900 ad
1220 2862 1326 2901 vos
1368 2841 1436 2903 in
1481 2849 1652 2904 tanta
1696 2841 2116 2924 plenitudine,
2149 2851 2342 2924 atque

549 2955 811 3006 Aetna-i.
847 2939 914 3000 in
965 2939 1144 3018 signo
1193 2938 1456 3014 visibili,
1511 2947 1580 3002 ut
1637 2939 1702 3001 in
1762 2940 1863 3001 die
1919 2940 2338 3004 PentecosteS.

549 3053 814 3106 somma...
842 3037 973 3099 Jam
1039 3045 1247 3099 tamen
1319 3038 1601 3119 Apostoli
1667 3039 1905 3120 quibus
1977 3040 2157 3114 dixit,
2220 3039 2341 3103 Vos
2380 3036 2425 3101 C
2453 3039 2711 3102 omissio
2769 3048 2832 3100 et
2890 3045 3289 3118 contemptus
3343 3035 3605 3116 justitiae
3662 3043 3941 3098 meretur

553 3121 617 3166 ¹0:
643 3131 714 3168 xv,
738 3121 776 3162 ³.

557 4922 702 4966 licor.
717 4937 753 4974 v,

845 3135 1069 3197 mundi
1109 3135 1282 3208 estiS,
1315 3135 1635 3198 habebant
1675 3137 2084 3212 Paracletum,
2120 3157 2343 3201 secun·

845 3236 998 3297 dum
1028 3235 1200 3316 quod
1233 3236 1580 3316 requiritur
1608 3237 1686 3298 ad
1716 3236 2103 3299 salutem.Si
2125 3247 2340 3300 autem

845 3337 1085 3402 abiero,
1137 3335 1394 3394 mittam
1439 3355 1585 3395 eum
1634 3337 1722 3394 ad
1768 3355 1899 3404 vos,
1950 3335 2011 3397 id
2070 3343 2186 3410 est,
2239 3354 2341 3398 co-

844 3430 1205 3513 piosissima
1234 3431 1397 3492 dona
1433 3430 1571 3510 ejus
1603 3430 1781 3493 vobis
1823 3430 2181 3493 infundam.
2217 3431 2341 3494 Cur

842 3538 1054 3593 autem
1113 3527 1387 3610 Spiritus
1443 3527 1708 3590 Sanctus
1767 3529 1886 3592 hoc
1947 3531 2132 3593 modo
2189 3531 2337 3592 mit-

847 3629 1074 3690 tendus
1121 3646 1243 3689 non
1295 3625 1419 3687 fuit
1469 3627 1590 3689 nisi
1647 3635 1788 3709 post
1836 3627 2065 3689 Christi
2124 3647 2341 3691 ascen-

846 3728 1112 3800 sionem,
1180 3724 1600 3807 praehabitum
1669 3731 1784 3799 est,
1856 3727 2121 3801 scilicet,
2188 3728 2341 3809 quia

842 3824 1124 3906 Apostoli
1177 3823 1496 3887 Christum
1545 3823 1908 3905 aliqualiter
1961 3826 2339 3887 sensualiter

845 3922 1193 4004 diligebant
1229 3921 1536 4003 quamdiu
1567 3941 1714 3984 cum
1755 3923 1894 4004 ipso
1930 3925 2341 4005 corporaliter

847 4021 1404 4094 conversabantur,
1439 4021 1592 4101 quia
1632 4039 1851 4084 revera
1895 4022 2084 4084 etiam
2131 4022 2193 4084 in
2239 4043 2341 4084 na-

846 4119 1160 4183 turalibus
1201 4119 1672 4201 pulcherrimus
1699 4130 1892 4202 atque
1929 4121 2339 4184 dulcissimus

2452 1955 2759 2019 infuderit
2800 1975 3014 2020 veram
3058 1957 3253 2018 animi
3302 1957 3685 2030 libertatem,
3726 1956 3937 2019 incon-

2450 2074 2698 2117 cussam
2743 2057 3183 2127 constantiam,
3216 2055 3477 2137 justitiae
3514 2054 3933 2126 tenacitatem,

2452 2162 2513 2216 et
2555 2153 2865 2217 fervidam
2904 2155 3013 2216 Dei
3056 2174 3129 2216 ac
3174 2154 3445 2236 proximi
3486 2153 3887 2216 dilectionem
3920 2173 3933 2216 :

2452 2254 2623 2334 quod
2680 2261 2903 2315 totum·
2940 2253 3177 2315 factum
3234 2261 3330 2315 est
3386 2253 3450 2314 in
3500 2253 3603 2314 die
3650 2251 3939 2315 Penteco-

2454 2359 2621 2430 stes;
2682 2353 2795 2411 ille
2854 2361 3083 2428 arquet
3143 2354 3481 2423 mundum,
3536 2351 3601 2412 id
3658 2357 3777 2423 est,
3830 2369 3939 2432 per

2454 2456 2727 2512 vestram
2789 2448 3297 2529 praedicationem
3358 2448 3713 2530 increpabit
3761 2467 3941 2510 mun-

2454 2547 2649 2609 danos
2699 2555 2759 2607 et
2810 2546 3133 2628 reprobOS,
3178 2549 3259 2606 de
3298 2555 3553 2623 peccato
3602 2544 3941 2607 infidelita-

2454 2644 2534 2706 tis
2584 2645 2756 2725 quod
2803 2643 3187 2718 habuerunt,
3230 2653 3291 2704 et
3327 2646 3407 2703 de
3432 2645 3707 2721 justitia
3750 2662 3939 2724 quam

2453 2743 2827 2816 omiserunt,
2873 2743 2937 2804 id
2986 2749 3080 2804 est
3128 2743 3205 2804 de
3250 2749 3615 2823 contemptu
3654 2751 3720 2806 et
3756 2743 3943 2804 omis-

2454 2842 2631 2904 sione
2676 2841 2961 2922 justitiae.
3002 2839 3253 2903 Justitia
3291 2857 3520 2920 nempe
3565 2859 3692 2902 non
3740 2840 3942 2902 incre-

2455 2941 2796 3022 pationem,
2860 2942 2966 3002 sed
3028 2940 3278 3002 laudem
3336 2946 3657 3015 meretur;
3720 2956 3939 3000 verum

2454 3138 2767 3218 redargui.
2828 3140 2906 3199 Et
2954 3140 3034 3197 de
3073 3137 3337 3214 judicio
3394 3153 3617 3198 eorum
3678 3141 3941 3196 temera-

2453 3235 2570 3313 ri0,
2604 3236 2705 3298 vel
2736 3237 2814 3298 de
2840 3234 3083 3317 judicio
3112 3233 3350 3307 divino,
3383 3233 3554 3314 quod
3594 3251 3724 3295 non
3756 3233 3941 3294 timu-

2452 3341 2659 3396 erunt.
2714 3333 2950 3414 Arguet
2996 3351 3144 3413 ergo
3193 3332 3503 3393 mundum
3552 3332 3629 3393 de
3675 3331 3936 3411 judicio,

2453 3433 2515 3495 id
2562 3441 2657 3495 est
2706 3434 2785 3494 de
2831 3432 3185 3493 temeritate
3229 3449 3357 3492 suae
3402 3430 3936 3511 praesumptionis,

2452 3551 2579 3613 qua
2647 3549 2772 3593 non
2844 3529 3193 3591 timuerunt
3250 3527 3541 3589 divinum
3600 3526 3935 3608 judicium.

2452 3629 2644 3692 Erant
2692 3629 2862 3690 enim
2907 3626 3213 3689 mundani
3261 3625 3548 3689 homines
3592 3625 3693 3687 his
3736 3626 3938 3687 tribus

2452 3729 2623 3792 vitiis
2682 3727 3042 3810 specialiter
3098 3725 3430 3807 implicati,
3484 3725 3784 3806 quoniam
3845 3726 3939 3786 in-

2450 3827 2698 3898 fideleS‚
2734 3825 2979 3906 injusti,
3014 3833 3077 3886 et
3118 3822 3435 3888 temerarii
3479 3823 3878 3886 exstiterunt.

2532 3925 2767 3987 Deinde
2806 3924 3091 3987 Christus
3132 3922 3326 3984 verba
3372 3941 3485 3984 sua
3533 3921 3814 4004 exponit.
3850 3925 3939 3982 De
4058 3924 4085 3978 9

2442 4033 2697 4102 peccato
2744 4023 3009 4102 quidem
3066 4029 3289 4103 arguet
3344 4020 3617 4103 Spiritus
3674 4019 3937 4083 Sanctus

2452 4123 2783 4196 mundum,
2816 4122 2974 4201 quia
3014 4140 3144 4180 non
3182 4121 3595 4180 aediderunt
3632 4126 3937 4182 amatores

845 4221 1036 4282 homo
1093 4218 1236 4292 fuit,
1289 4225 1350 4288 et
1407 4218 1586 4280 valde
1643 4217 2010 4295 affectuose,
2063 4221 2343 4283 suaviter
2373 4222 2422 4283 D
2452 4219 2671 4281 mundi
2726 4221 2799 4279 in
2848 4240 2965 4290 me,
3012 4218 3219 4300 primo
3264 4217 3481 4290 Judaei,
3526 4217 3751 4279 deinde
3798 4217 3939 4298 qui-

844 4337 917 4380 ac
947 4317 1275 4380 humiliter
1315 4317 1538 4379 habuit
1567 4335 1634 4378 se
1663 4319 1740 4378 ad
1771 4317 2123 4398 ApostolOS‚
2157 4320 2339 4400 quasi

849 4436 1120 4498 sponsus
1168 4417 1245 4478 ad
1302 4415 1473 4477 filios
1532 4433 1702 4478 suos,
1755 4415 2071 4488 Quantum
2127 4425 2340 4480 autem

845 4513 1100 4577 affectio
1131 4513 1408 4576 hominis
1449 4511 1638 4575 habet
1677 4514 1754 4575 de
1793 4514 2179 4590 carnalitate,
2216 4523 2344 4576 tan-

848 4620 985 4675 tum
1045 4611 1314 4692 impedit
1360 4612 1438 4673 de
1485 4609 1758 4691 Spiritus
1808 4609 2019 4673 Sancti
2079 4613 2345 4695 recepti-

851 4729 993 4774 one.
1049 4709 1205 4771 Hinc
1263 4709 1490 4771 Paulus
1545 4708 1999 4789 perlectionem
2058 4713 2339 4787 sortitUS,

852 4808 1302 4889 Christumque
1352 4807 1692 4889 purissime
1740 4827 1957 4872 amans
2005 4829 2078 4872 ac
2126 4829 2349 4891 specu-

761 4926 820 4967 ισ.
855 4907 990 4969 lans
1045 4925 1059 4968 :
1112 4905 1187 4967 Et
1243 4905 1297 4968 si
1358 4906 1654 4968 novimus
1703 4907 1972 4988 (inquit)
2022 4908 2343 4972 Christum

855 5005 1206 5068 secundum
1256 5023 1533 5079 carnem,
1579 5012 1785 5067 tamen
1834 5024 2004 5067 nunc
2049 5005 2181 5088 jam
2220 5026 2346 5070 non

855 5103 1172 5166 novimus.
1207 5102 1517 5177 Secundo,
1549 5102 1852 5184 quoniam
1890 5103 2165 5186 Spiritus
2204 5104 2351 5167 San·

857 5201 940 5264 cti
981 5209 1110 5284 tam
1149 5201 1382 5263 eximia
1422 5201 1750 5283 plenitudo
1791 5202 1995 5264 danda
2034 5221 2162 5266 non
2204 5202 2345 5279 fuit,

858 5299 983 5362 nisi
1035 5299 1454 5363 reconciliatis
1508 5319 1621 5382 per
1667 5300 2029 5382 passionem
2081 5302 2355 5366 domini-

2452 4320 2597 4380 dam
2644 4317 3003 4398 gentilium,
3050 4335 3252 4398 quum
3299 4325 3505 4378 tamen
3552 4323 3721 4377 tanta
3762 4315 3939 4396 signa

2452 4437 2489 4479 a
2546 4434 2647 4478 me
2706 4415 2807 4478 vel
2862 4435 2901 4476 a
2958 4414 3138 4478 vobis
3197 4413 3341 4476 fieri
3399 4413 3875 4494 conspexissent
3918 4432 3933 4475 ε

2454 4523 2714 4596 propter
2761 4514 2929 4595 quod
2990 4520 3138 4574 sunt
3188 4510 3669 4574 inexcusabiles.
3722 4548 3805 4557 —
3850 4515 3939 4574 De
4054 4516 4104 4571 {0

2437 4613 2715 4692 justitia
2766 4632 2909 4672 vero
2959 4611 3193 4674 omissa
3250 4610 3328 4672 ab
3385 4610 3476 4672 eis
3532 4617 3754 4690 arguet
3812 4629 3935 4681 605,

2454 4713 2611 4791 quia
2644 4714 2733 4771 ad
2760 4713 3029 4772 Patrem
3060 4713 3263 4770 vado:
3288 4717 3546 4790 propter
3575 4709 3744 4790 quod
3788 4708 3937 4770 mihi

2454 4807 2811 4891 glorificato
2840 4817 2903 4870 et
2932 4825 3126 4889 super
3164 4825 3385 4871 omnes
3428 4806 3619 4869 coelos
3658 4807 3939 4878 exaltatO,

2457 4907 2655 4988 magis
2686 4927 2879 4989 quam
2910 4914 3054 4968 ante
3083 4905 3341 4968 obedire
3370 4904 3731 4978 debuerant,
3744 4923 3944 4986 quum

2460 5006 2767 5068 vidissent
2814 5014 3005 5086 atque
3060 5004 3386 5066 audissent
3434 5001 3826 5064 sufficientia
3871 5001 3948 5063 si·

2458 5105 2559 5166 dei
2610 5111 2981 5184 argumenta
3037 5104 3115 5165 de
3171 5120 3312 5165 mea
3362 5101 3753 5164 ascensione.
3807 5100 3947 5164 Post

2458 5203 2896 5268 ascensionem
2935 5202 3130 5276 enim,
3174 5219 3289 5283 per
3326 5199 3656 5282 Apostolos
3695 5200 3949 5264 demon-

2464 5303 2689 5365 stravit
2726 5300 2889 5364 Deus
2927 5299 3199 5363 Trinitas
3239 5298 3609 5364 hominibus
3647 5298 3951 5361 excellen-
