4300 6259
87 2590 174 2630 Δεῖ.
190 2602 230 2638 ιι,
242 2591 307 2640 Ης

75 2653 307 2702 muman.

77 3077 177 3121 ibid.
196 3093 248 3130 n,
267 3083 308 3122 7.

85 3959 188 4002 Rom.
200 3975 237 4009 v,
253 3964 311 4004 12.

89 4153 213 4197 th'n.
226 4159 312 4208 ιι,5.

809 523 1130 571 PRAEFATIO
1172 523 1237 568 m
1277 521 1621 571 Passmrtffl
1657 522 1874 570 nomm
1917 521 2235 571 SECUNDUI
2276 521 2499 572 Lucan.
2544 543 2625 554 -
2665 523 2808 572 ART.
2854 523 2995 571 xlm

3340 503 3456 569 201

345 689 497 770 piti.
521 691 701 754 Unde
731 692 1125 774 Augustinus
1157 701 1442 770 testatur,
1476 694 1650 776 quod
1680 693 1857 756 Chri-
1883 691 1934 752 A
1969 693 2371 775 principibus
2411 693 2755 769 cernimus,
2788 694 2960 776 quod
2991 711 3100 756 rex
3135 711 3246 756 seu
3286 691 3461 775 prin-

341 788 426 850 sti
501 791 760 871 sanguis
832 792 926 854 sic
991 792 1176 855 fusus
1242 801 1338 855 est
1398 792 1466 854 in
1529 792 1850 854 remissio-

341 904 498 948 nem
529 889 822 951 omnium
852 898 1276 972 peccatorum,
1300 899 1372 952 ut
1400 891 1612 953 delere
1644 898 1854 972 posset

339 986 540 1048 etiam
599 987 858 1050 illorum
917 997 1176 1072 peccata
1231 989 1343 1070 qui
1404 989 1618 1071 ipsum
1673 987 1855 1051 fude-

343 1093 521 1163 runt,
566 1093 630 1147 et
669 1086 882 1168 ipsum
931 1095 1266 1169 peccatum
1305 1106 1435 1170 quo
1481 1086 1664 1149 fusus
1704 1094 1799 1149 est
1833 1106 1846 1150 ε

339 1183 504 1265 quia
549 1185 644 1247 illi
683 1186 797 1268 qui
839 1185 1160 1249 Christum
1200 1187 1591 1260 occiderunt,
1626 1186 1853 1248 merito

342 1283 668 1364 passionis
713 1284 943 1348 Christi
997 1286 1248 1350 veniam
1289 1293 1352 1347 et
1397 1285 1665 1346 salutem
1711 1286 1856 1346 ade-

343 1382 440 1462 pti
495 1391 670 1456 sunt,
715 1384 1059 1448 dummodo
1108 1383 1178 1445 in
1225 1383 1547 1447 Christum
1596 1384 1854 1445 credere

341 1479 624 1562 ejusque
667 1480 1062 1563 Baptismum
1113 1481 1441 1564 suscipere
1489 1481 1850 1557 voluerint3

342 1580 480 1642 imo
514 1580 738 1660 utique
777 1581 965 1642 multi
1005 1580 1262 1644 illorum
1303 1580 1391 1642 ita
1423 1579 1644 1641 salvati
1679 1587 1848 1654 sunt,

345 1681 667 1761 redempti
699 1680 842 1761 ipso
871 1678 1180 1760 sanguine
1211 1695 1405 1759 quem
1435 1676 1760 1751 fuderunt,
1786 1684 1854 1738 ut

343 1778 638 1860 loquitur
693 1777 1109 1858 Augustinus.
1171 1777 1315 1841 Illos
1374 1777 1619 1858 quippe
1676 1776 1854 1839 Chri-

1967 809 2117 874 ceps
2176 799 2467 855 terrenus
2527 799 2786 875 propter
2844 793 3271 866 dilectionem,
3331 809 3463 853 me-

1967 890 2185 964 ritum,
2228 890 2725 972 instantiamque
2769 890 2959 952 unius
3003 890 3271 971 ignoscit
3310 888 3463 951 alte-

1967 987 2020 1050 ri
2075 1007 2088 1051 :
2143 996 2318 1052 tanto
2367 989 2591 1071 utique
2643 989 2895 1071 plenius
2942 998 3134 1071 atque
3180 987 3457 1062 facilius,

1966 1105 2096 1168 quo
2153 1088 2263 1151 ille
2310 1089 2423 1170 qui
2475 1098 2649 1169 rogat
2697 1109 2811 1171 pro
2869 1106 2997 1164 reo,
3051 1097 3145 1151 est
3201 1087 3462 1168 maj0ris

1964 1184 2288 1265 dignitatis
2330 1195 2396 1248 et
2437 1187 2715 1269 principi
2759 1187 2961 1268 magis
3004 1186 3295 1248 dilectus.

2043 1282 2165 1346 Sed
2207 1291 2361 1346 tunc
2402 1284 2605 1348 oritur
2650 1285 2940 1366 quaestio,
2982 1284 3302 1366 quomodo
3345 1302 3460 1366 per

1961 1391 2229 1446 mortem
2275 1384 2503 1447 Christi
2550 1385 2997 1466 particularem
3036 1404 3109 1446 ac
3143 1391 3458 1466 tempora-

1961 1481 2109 1555 lem,
2140 1483 2479 1546 liberatum
2511 1483 2593 1545 sit
2618 1501 2819 1564 genus
2850 1483 3202 1545 humanum
3231 1502 3268 1544 a
3298 1501 3457 1545 mor-

1960 1589 2022 1642 te
2062 1582 2343 1661 generali
2388 1600 2463 1644 ac
2498 1589 2751 1645 aeterna.
2796 1581 2873 1644 Et
2914 1581 3449 1664 respondendum,

1960 1680 2131 1760 quod
2190 1687 2361 1741 tanta
2414 1679 2539 1742 fuit
2598 1681 2870 1761 dignitas
2929 1698 3215 1763 personae
3274 1679 3454 1741 Chri-

1960 1776 2062 1851 sti,
2097 1785 2160 1839 et
2199 1777 2338 1857 ejus
2379 1777 2739 1841 obedientia
2776 1798 2849 1841 ac
2891 1778 3101 1860 passio
3141 1777 3297 1840 tanti
3334 1776 3455 1838 fuit

343 1886 484 1939 stus
526 1878 593 1940 in
641 1877 830 1940 turba
866 1877 1220 1958 conspexit,
1253 1875 1478 1958 eisque
1516 1877 1677 1938 dixit
1717 1895 1852 1957 pas·
1885 1877 1933 1940 B
1963 1875 2171 1937 meriti
2203 1883 2267 1938 et
2293 1876 2815 1958 acceptabilitatis
2846 1896 3055 1940 coram
3088 1877 3263 1938 Patre
3292 1883 3462 1938 aeter-

155 2005 310 2044 mm.
341 1977 527 2039 sione
558 1977 836 2038 instante
869 1995 884 2038 ε
918 1974 1124 2047 Quum
1164 1974 1588 2037 exaltaveritis
1619 1973 1851 2036 Filium

341 2075 652 2148 hominiS,
685 2083 840 2138 tunc
884 2073 1276 2154 cognoscetis
1327 2073 1482 2155 quia
1528 2091 1643 2153 ego
1683 2092 1848 2134 sum.

339 2174 628 2246 Qualiter
673 2180 888 2235 autem
937 2173 1058 2236 hoc
1105 2172 1318 2254 ipsum
1357 2172 1694 2253 impletum
1744 2171 1847 2244 sit,

339 2271 402 2334 S.
445 2273 654 2334 Lucas
703 2271 772 2333 in
813 2271 1079 2334 Actibus
1120 2270 1570 2352 Apostolorum
1619 2270 1852 2332 descri-

337 2371 460 2444 bit,
529 2370 804 2432 recitans
866 2368 1144 2450 qualiter
1199 2369 1276 2430 ad
1336 2368 1850 2450 praedicationem

339 2468 702 2532 beatissimi
750 2467 914 2529 Petri
969 2467 1238 2548 apostoli
1289 2467 1356 2528 in
1406 2466 1508 2528 die
1555 2465 1850 2529 Penteco-

338 2577 495 2642 steS,
545 2567 753 2649 primo
804 2583 1112 2630 conversa
1152 2573 1303 2627 sunt
1350 2564 1471 2626 tria
1509 2563 1712 2626 millia
1747 2562 1850 2625 Ju-

340 2668 674 2744 daeorum3
727 2665 958 2728 deinde
1014 2662 1308 2746 quinque
1367 2663 1591 2737 millia,
1645 2681 1848 2743 quum

336 2766 646 2828 claudum
677 2772 899 2826 natum
929 2763 1149 2825 Petrus
1179 2769 1482 2824 curasset.
1515 2760 1593 2822 Et
1619 2768 1850 2842 praeter

337 2865 500 2938 haec,
546 2863 836 2945 quotidie
876 2872 1028 2924 tunc
1071 2861 1257 2924 multi
1295 2861 1656 2923 Judaeorum
1702 2878 1850 2922 con-

337 2962 758 3026 vertebantur
797 2962 874 3022 ad
905 2959 1249 3033 Christum,
1286 2960 1352 3021 in
1391 2966 1638 3021 tantum
1676 2958 1848 3038 quod

1961 1992 2062 2047 no,
2080 1981 2144 2035 ut
2174 1993 2345 2037 mors
2377 1974 2606 2037 Christi
2638 1975 3003 2056 temporalis
3032 1994 3105 2036 ac
3138 1974 3460 2056 particula-

1962 2071 2046 2132 ris
2095 2070 2292 2134 fuerit
2331 2090 2478 2134 vere
2521 2070 2875 2146 sufficienS,
2917 2070 3459 2153 ineffabiliterque

1960 2169 2513 2252 supersufficienS,
2546 2173 2624 2234 ad
2664 2171 3107 2233 redimendum
3136 2190 3327 2234 omne
3354 2189 3459 2252 ge-

1960 2287 2082 2330 nus
2123 2269 2476 2331 humanum
2514 2268 2594 2332 ab
2634 2269 2809 2332 omni
2858 2269 3046 2346 malo,
3090 2276 3154 2330 et
3194 2287 3322 2332 non
3362 2288 3458 2333 so-

1960 2366 2094 2427 lum
2152 2386 2189 2429 a
2246 2373 2449 2430 morte
2507 2367 2832 2431 communi
2894 2387 2968 2430 ac
3025 2375 3280 2442 aeterna,
3342 2385 3456 2428 seu

1959 2466 2363 2529 damnatione
2412 2465 2732 2542 infernali,
2785 2469 2893 2530 sed
2945 2467 3132 2529 etiam
3175 2486 3212 2528 a
3255 2474 3457 2530 morte

1959 2563 2316 2646 temporali,
2368 2565 2673 2646 omnique
2728 2565 2979 2627 defectu
3028 2572 3092 2627 et
3145 2565 3457 2646 corrupti-

1957 2661 2202 2724 bilitate
2260 2663 2593 2744 corporali.
2646 2663 2821 2726 Unde
2870 2664 2937 2724 in
2992 2663 3453 2726 resurrectione

1955 2759 2194 2836 futura,
2255 2761 2482 2824 merito
2545 2761 2856 2842 passionis
2915 2761 3169 2836 Christi,
3230 2779 3452 2824 omnes

1957 2859 2140 2920 electi
2210 2859 2495 2940 corporis
2562 2877 2821 2941 quoque
2888 2859 3455 2940 incorruptibilita-

1955 2965 2106 3032 tem,
2162 2957 2763 3041 impassibilitatem,
2816 2965 2877 3019 et
2922 2957 3451 3038 glorificationem

337 3063 536 3124 etiam
585 3059 789 3122 multa
843 3057 1029 3121 turba
1077 3058 1476 3120 sacerdotum
1522 3057 1601 3118 ad
1649 3055 1848 3118 fidem
1885 3055 1928 3119 C
1957 3065 2451 3139 consequentur.
2484 3057 2627 3119 Fuit
2669 3076 2928 3140 quoque
2972 3059 3184 3140 passio
3223 3058 3454 3121 Christi

336 3177 654 3224 conversa
693 3158 797 3232 sit,
846 3165 916 3219 ut
957 3154 1180 3218 recitat
1217 3154 1440 3218 Lucas.

420 3258 514 3320 Ex
547 3257 648 3319 his
689 3264 882 3339 patet,
915 3274 1044 3337 qua
1077 3254 1374 3335 aequitate
1415 3252 1726 3317 salvatum
1767 3253 1850 3314 sit

334 3375 546 3439 genus
605 3355 958 3417 humanum
1007 3371 1124 3435 per
1171 3352 1402 3415 Christi
1462 3351 1844 3433 passionem.

339 3455 568 3518 Decuit
615 3453 790 3516 enim
844 3452 1194 3516 bonitatem
1251 3450 1682 3532 pietatemque
1737 3448 1845 3510 Dei

337 3552 567 3626 Patris,
625 3569 739 3633 per
786 3551 977 3613 talem
1020 3568 1092 3612 ac
1133 3557 1372 3611 tantam
1416 3547 1842 3622 dilectionem,

337 3650 796 3724 obedientiam,
830 3655 892 3709 et
920 3647 1283 3729 passionem
1315 3645 1626 3727 unigeniti
1655 3653 1848 3728 atque

341 3748 664 3812 carissimi
713 3746 857 3808 Filii
906 3745 1005 3807 sui
1057 3745 1316 3826 placari,
1367 3763 1440 3806 ac
1489 3744 1842 3824 indulgere,

339 3855 402 3910 et
447 3847 722 3929 gratiam
772 3843 1111 3927 impertiri.
1157 3843 1444 3925 Denique
1492 3843 1724 3916 decuit,
1779 3850 1849 3904 ut

339 3946 510 4008 sicut
562 3952 821 4027 propter
869 3942 1060 4004 unius
1111 3941 1388 4004 hominis
1433 3940 1848 4004 inobedienti-

339 4064 440 4106 am
493 4043 663 4105 Deus
713 4043 911 4104 iratus
959 4040 1084 4102 fuit
1123 4040 1235 4102 toti
1279 4040 1497 4120 generi
1541 4040 1842 4114 humane,

340 4143 432 4205 sic
476 4148 744 4225 propter
785 4139 1018 4203 Christi
1069 4138 1431 4201 mediatoris
1475 4137 1583 4200 Dei
1627 4157 1700 4200 ac
1742 4137 1849 4200 ho-

1957 3173 2207 3218 summe
2268 3155 2516 3230 idonea,
2579 3155 2811 3218 efficax
2872 3163 2935 3217 et
2997 3156 3320 3238 praedigna
3375 3156 3454 3218 ad

1957 3255 2451 3336 promerendum
2479 3255 2697 3334 generi
2729 3255 3009 3318 humano
3040 3255 3203 3318 dona
3239 3255 3455 3335 gratiae

1957 3352 2021 3414 in
2065 3353 2382 3434 praesenti,
2418 3361 2479 3415 et
2519 3371 2786 3414 munera
2822 3352 3039 3433 gloriae
3078 3353 3143 3414 in
3182 3352 3401 3416 futuro
3435 3371 3449 3415 :

1957 3450 2086 3514 imo
2125 3470 2251 3514 non
2292 3451 2500 3513 solum
2541 3451 2751 3533 passio
2790 3451 3041 3525 Christi,
3077 3452 3188 3513 sed
3226 3459 3289 3512 et
3327 3459 3454 3514 tota

1956 3549 2354 3611 conversatio
2412 3548 2551 3629 ejus
2604 3549 2669 3612 in
2722 3549 2955 3612 saeculo
3007 3548 3150 3624 isto,
3203 3547 3329 3610 fuit
3375 3549 3454 3611 ad

1955 3647 2076 3709 hoc
2120 3665 2370 3709 summe
2413 3647 2661 3710 idonea.

2036 3745 2605 3827 Contemplandum
2665 3752 2759 3806 est
2810 3744 3005 3818 enim,
3058 3746 3229 3825 quod
3280 3745 3454 3808 Chri-

1956 3850 2089 3904 stus
2120 3843 2187 3905 in
2220 3843 2460 3905 unitate
2491 3861 2775 3924 personae
2804 3851 2900 3904 est
2926 3842 3088 3904 Deus
3118 3851 3181 3904 et
3209 3843 3400 3906 homo
3434 3862 3448 3907 ε

1957 3941 2043 4002 ita
2069 3943 2242 4023 quod
2272 3942 2618 4023 promereri
2654 3949 2718 4003 et
2744 3941 3001 4004 obedire
3030 3960 3103 4002 ac
3134 3941 3285 4022 pati,
3312 3961 3456 4022 con-⁴

1957 4039 2297 4103 veniebant
2326 4040 2383 4100 ei
2419 4040 2658 4102 ratione
2688 4059 2817 4103 suae
2850 4039 3294 4121 humanitatis3
3330 4041 3454 4104 ido-

1956 4138 2158 4200 neitas
2200 4156 2351 4202 vero
2398 4157 2471 4200 ac
2519 4137 2789 4219 dignitas
2836 4141 2914 4201 ad
2960 4140 3451 4219 promerendum

341 4240 598 4303 minum
639 4237 1090 4310 obedientiam,
1125 4237 1287 4298 Deus
1332 4236 1848 4299 reconciliaretur
1879 4242 1928 4304 D
1956 4256 2028 4299 ac
2070 4235 2587 4299 satisfaciendum
2634 4255 2749 4318 pro
2797 4236 3187 4311 hominibuS,
3228 4255 3455 4300 conve-

343 4338 741 4404 hominibus.
782 4337 1088 4400 Praeterea
1137 4335 1368 4409 decuit,
1414 4342 1483 4396 ut
1529 4335 1695 4397 sicut
1732 4335 1849 4397 hu-

341 4456 610 4501 manum
651 4454 856 4518 genus
905 4434 1375 4497 damnationem
1416 4432 1686 4496 incurrit
1734 4451 1848 4515 per

340 4535 678 4600 diabolicae
707 4534 966 4596 invidiae
995 4532 1453 4614 deceptionem,
1477 4538 1695 4613 utpote
1727 4532 1848 4613 pri·

337 4653 443 4698 mo
493 4633 758 4696 homine
797 4637 1013 4694 nostro
1062 4638 1322 4711 parente
1369 4629 1627 4691 aliunde
1670 4630 1848 4692 dece-

340 4741 488 4815 pto;
539 4731 632 4793 sic
667 4748 869 4811 genus
911 4729 1261 4790 humanum
1303 4726 1561 4789 aliunde
1601 4727 1847 4789 miseri-

341 4831 622 4896 corditer
665 4829 1021 4909 juvaretur,
1075 4834 1137 4888 et
1186 4826 1416 4889 Christi
1467 4826 1725 4888 caritate
1771 4844 1846 4888 ac

339 4949 458 5013 ope
489 4928 936 4991 redimeretur.
971 4924 1234 4996 RursuS,
1269 4924 1495 4986 caritas
1533 4923 1685 4986 facit
1714 4943 1848 4987 om-

341 5028 445 5090 nia
495 5044 640 5089 esse
699 5022 1067 5088 communia
1117 5041 1130 5084 :
1185 5022 1327 5085 idco
1387 5022 1671 5084 Christus
1732 5041 1846 5105 per

337 5123 852 5190 ardentissimam
913 5129 975 5183 et
1031 5121 1374 5183 maximam
1439 5120 1844 5184 dilectionem

341 5244 520 5287 suam
560 5223 641 5286 ad
670 5241 810 5296 noe,
843 5220 1144 5282 meritum
1185 5237 1372 5280 suum
1414 5219 1597 5282 nobis
1639 5221 1844 5302 potuit

341 5321 839 5387 communicare.
871 5318 1215 5392 Postremo,
1250 5317 1441 5379 etiam
1471 5317 1538 5379 in
1570 5321 1838 5382 terrenis

1957 4334 2174 4396 niebat
2222 4334 2279 4397 ei
2319 4353 2396 4396 ex
2437 4342 2613 4416 parte
2656 4353 2787 4397 suae
2836 4334 3208 4397 divinitatis.
3246 4335 3450 4408 Quum

1956 4451 2105 4514 ergo
2135 4433 2419 4495 Christus
2462 4433 2543 4494 sit
2574 4449 2760 4494 verus
2790 4433 2976 4508 DeuS,
3006 4441 3251 4496 constat
3279 4435 3451 4515 quod

1955 4532 2078 4594 fuit
2129 4530 2403 4593 infinitae
2454 4531 2815 4593 idoneitatis
2872 4550 2944 4593 ac
2994 4532 3317 4612 dignitatis
3371 4533 3451 4594 ad

1955 4629 2473 4692 satisfaciendum
2522 4648 2595 4690 ac
2643 4631 3133 4712 promerendum
3186 4648 3300 4712 per
3348 4650 3453 4692 su-

1953 4747 2056 4790 am
2086 4727 2561 4800 humanitatem,
2594 4727 2835 4790 ratione
2864 4747 2996 4790 suae
3024 4729 3452 4810 superdignis-

1955 4827 2132 4888 simae
2177 4825 2425 4888 deitatis
2460 4843 2473 4887 ε
2510 4825 2651 4889 ideo
2693 4825 2820 4887 dici
2861 4826 3039 4899 solet,
3070 4835 3133 4888 et
3172 4845 3319 4888 vere
3359 4827 3451 4889 sic

1953 4933 2070 4999 est,
2125 4925 2297 5005 quod
2350 4923 2615 4985 minima
2662 4931 2840 5004 gutta
2893 4924 3218 5004 sanguinis
3274 4925 3452 4988 Chri-

1953 5025 2056 5098 sti,
2100 5041 2213 5085 seu
2261 5022 2528 5084 minima
2576 5022 2889 5103 passionis
2937 5041 3067 5084 suae
3114 5023 3444 5104 particula,

1952 5121 2179 5184 fuisset
2219 5119 2551 5182 sufficiens
2590 5120 2668 5181 ad
2716 5119 2911 5182 totius
2948 5120 3170 5181 mundi
3222 5121 3449 5183 libera-

1953 5221 2215 5283 tionem.

2021 5317 2345 5392 Praeterea,
2370 5336 2500 5399 quo
2530 5315 2735 5396 major
2758 5315 2884 5379 fuit
2914 5317 3229 5393 sanctitaS,
3252 5317 3448 5400 digni-
