<?xml version="1.0" encoding="UTF-8"?>
<!DOCTYPE html PUBLIC "-//W3C//DTD XHTML 1.0 Transitional//EN"
    "http://www.w3.org/TR/xhtml1/DTD/xhtml1-transitional.dtd">
<html xmlns="http://www.w3.org/1999/xhtml" xml:lang="en" lang="en">
 <head>
  <title>
</title>
<meta http-equiv="Content-Type" content="text/html;charset=utf-8" />
  <meta name='ocr-system' content='tesseract 3.04.00' />
  <meta name='ocr-capabilities' content='ocr_page ocr_carea ocr_par ocr_line ocrx_word'/>
</head>
<body>
  <div class='ocr_page' id='page_1' title='image "./doctorisecstati09unkngoog_0088.png"; bbox 0 0 4300 6259; ppageno 0'>
   <div class='ocr_carea' id='block_1_1' title="bbox 809 490 3111 554">
    <p class='ocr_par' dir='ltr' id='par_1_1' title="bbox 809 490 3111 554">
     <span class='ocr_line' id='line_1_1' title="bbox 809 490 3111 554; baseline 0 -1"><span class='ocrx_word' id='word_1_1' title='bbox 809 490 890 553; x_wconf 81' lang='lat'><strong>46</strong></span> <span class='ocrx_word' id='word_1_2' title='bbox 1629 505 1976 554; x_wconf 62' lang='lat' dir='ltr'><strong>mannum</strong></span> <span class='ocrx_word' id='word_1_3' title='bbox 2019 504 2081 551; x_wconf 78' lang='lat' dir='ltr'><strong>m</strong></span> <span class='ocrx_word' id='word_1_4' title='bbox 2123 504 2261 551; x_wconf 60' lang='lat' dir='ltr'><strong>car.</strong></span> <span class='ocrx_word' id='word_1_5' title='bbox 2310 505 2374 551; x_wconf 76' lang='lat' dir='ltr'><strong>xi</strong></span> <span class='ocrx_word' id='word_1_6' title='bbox 2415 504 2604 551; x_wconf 60' lang='lat' dir='ltr'><strong>Lucas.</strong></span> <span class='ocrx_word' id='word_1_7' title='bbox 2651 524 2731 535; x_wconf 91' lang='lat'><strong>—-</strong></span> <span class='ocrx_word' id='word_1_8' title='bbox 2771 507 2914 553; x_wconf 62' lang='lat' dir='ltr'><strong>aar.</strong></span> <span class='ocrx_word' id='word_1_9' title='bbox 2961 507 3111 554; x_wconf 85' lang='lat' dir='ltr'>xxx1</span> 
     </span>
    </p>
   </div>
   <div class='ocr_carea' id='block_1_2' title="bbox 800 672 3921 1151">
    <p class='ocr_par' dir='ltr' id='par_1_2' title="bbox 800 672 3921 1151">
     <span class='ocr_line' id='line_1_2' title="bbox 807 672 3920 759; baseline -0.001 -20"><span class='ocrx_word' id='word_1_10' title='bbox 807 696 987 739; x_wconf 89' lang='lat' dir='ltr'><strong>suam</strong></span> <span class='ocrx_word' id='word_1_11' title='bbox 1015 676 1284 758; x_wconf 90' lang='lat' dir='ltr'><strong>gloriam</strong></span> <span class='ocrx_word' id='word_1_12' title='bbox 1316 676 1477 737; x_wconf 90' lang='lat' dir='ltr'><strong>Deus</strong></span> <span class='ocrx_word' id='word_1_13' title='bbox 1516 674 1862 748; x_wconf 89' lang='lat' dir='ltr'><strong>mandavit,</strong></span> <span class='ocrx_word' id='word_1_14' title='bbox 1899 674 2177 737; x_wconf 88' lang='lat' dir='ltr'><strong>decimas</strong></span> <span class='ocrx_word' id='word_1_15' title='bbox 2208 692 2315 737; x_wconf 91' lang='lat' dir='ltr'><strong>ve-</strong></span> <span class='ocrx_word' id='word_1_16' title='bbox 2340 672 2391 733; x_wconf 87' lang='grc' dir='ltr'><strong>Α</strong></span> <span class='ocrx_word' id='word_1_17' title='bbox 2422 672 2593 736; x_wconf 85' lang='lat' dir='ltr'><strong>intus</strong></span> <span class='ocrx_word' id='word_1_18' title='bbox 2655 676 2829 757; x_wconf 88' lang='lat' dir='ltr'><strong>pleni</strong></span> <span class='ocrx_word' id='word_1_19' title='bbox 2888 676 3039 738; x_wconf 88' lang='lat' dir='ltr'><strong>estis</strong></span> <span class='ocrx_word' id='word_1_20' title='bbox 3098 676 3423 759; x_wconf 82' lang='lat' dir='ltr'><strong>spurcitiis</strong></span> <span class='ocrx_word' id='word_1_21' title='bbox 3482 675 3803 751; x_wconf 87' lang='lat' dir='ltr'><strong>vitiorum,</strong></span> <span class='ocrx_word' id='word_1_22' title='bbox 3856 684 3920 738; x_wconf 91' lang='lat' dir='ltr'><strong>et</strong></span> 
     </span>
     <span class='ocr_line' id='line_1_3' title="bbox 805 772 3921 857; baseline 0 -21"><span class='ocrx_word' id='word_1_23' title='bbox 805 795 875 837; x_wconf 93' lang='lat' dir='ltr'><strong>ro</strong></span> <span class='ocrx_word' id='word_1_24' title='bbox 926 783 1186 857; x_wconf 89' lang='lat' dir='ltr'><strong>propter</strong></span> <span class='ocrx_word' id='word_1_25' title='bbox 1233 774 1585 836; x_wconf 81' lang='lat' dir='ltr'><strong>sacerdotes</strong></span> <span class='ocrx_word' id='word_1_26' title='bbox 1631 792 1645 835; x_wconf 81' lang='lat' dir='ltr'><strong><em>z</em></strong></span> <span class='ocrx_word' id='word_1_27' title='bbox 1688 774 1799 854; x_wconf 92' lang='lat' dir='ltr'><strong>qui</strong></span> <span class='ocrx_word' id='word_1_28' title='bbox 1846 774 1922 835; x_wconf 91' lang='lat' dir='ltr'><strong>de</strong></span> <span class='ocrx_word' id='word_1_29' title='bbox 1968 792 2082 835; x_wconf 90' lang='lat' dir='ltr'><strong>suo</strong></span> <span class='ocrx_word' id='word_1_30' title='bbox 2131 772 2310 836; x_wconf 92' lang='lat' dir='ltr'><strong>lucro</strong></span> <span class='ocrx_word' id='word_1_31' title='bbox 2420 772 2632 853; x_wconf 90' lang='lat' dir='ltr'><strong>specie</strong></span> <span class='ocrx_word' id='word_1_32' title='bbox 2665 775 3065 855; x_wconf 66' lang='lat' dir='ltr'><strong>superductae</strong></span> <span class='ocrx_word' id='word_1_33' title='bbox 3096 775 3445 837; x_wconf 83' lang='lat' dir='ltr'><strong>sanctitatis</strong></span> <span class='ocrx_word' id='word_1_34' title='bbox 3476 774 3768 856; x_wconf 86' lang='lat' dir='ltr'><strong>decipitis</strong></span> <span class='ocrx_word' id='word_1_35' title='bbox 3808 775 3921 837; x_wconf 93' lang='lat' dir='ltr'><strong>ho—</strong></span> 
     </span>
     <span class='ocr_line' id='line_1_4' title="bbox 803 870 3917 954; baseline 0.001 -20"><span class='ocrx_word' id='word_1_36' title='bbox 803 873 1072 935; x_wconf 91' lang='lat' dir='ltr'><strong>sollicite</strong></span> <span class='ocrx_word' id='word_1_37' title='bbox 1109 872 1398 953; x_wconf 83' lang='lat' dir='ltr'><strong>agebant,</strong></span> <span class='ocrx_word' id='word_1_38' title='bbox 1445 872 1556 933; x_wconf 91' lang='lat' dir='ltr'><strong>sed</strong></span> <span class='ocrx_word' id='word_1_39' title='bbox 1596 872 1674 933; x_wconf 89' lang='lat' dir='ltr'><strong>de</strong></span> <span class='ocrx_word' id='word_1_40' title='bbox 1710 872 1814 933; x_wconf 90' lang='lat' dir='ltr'><strong>Dei</strong></span> <span class='ocrx_word' id='word_1_41' title='bbox 1854 871 2056 952; x_wconf 89' lang='lat' dir='ltr'><strong>gloria</strong></span> <span class='ocrx_word' id='word_1_42' title='bbox 2097 890 2172 933; x_wconf 87' lang='lat' dir='ltr'><strong>ac</strong></span> <span class='ocrx_word' id='word_1_43' title='bbox 2212 889 2310 932; x_wconf 87' lang='lat' dir='ltr'><strong>sa-</strong></span> <span class='ocrx_word' id='word_1_44' title='bbox 2418 870 2646 933; x_wconf 78' lang='lat' dir='ltr'><strong>mines,</strong></span> <span class='ocrx_word' id='word_1_45' title='bbox 2683 872 2857 934; x_wconf 89' lang='lat' dir='ltr'><strong>Unde</strong></span> <span class='ocrx_word' id='word_1_46' title='bbox 2904 874 3072 954; x_wconf 90' lang='lat' dir='ltr'><strong>apud</strong></span> <span class='ocrx_word' id='word_1_47' title='bbox 3122 872 3481 935; x_wconf 84' lang='lat' dir='ltr'><strong>Matthaeum</strong></span> <span class='ocrx_word' id='word_1_48' title='bbox 3530 873 3917 954; x_wconf 87' lang='lat' dir='ltr'><strong>comparatio</strong></span> 
     </span>
     <span class='ocr_line' id='line_1_5' title="bbox 800 967 3911 1053; baseline 0 -21"><span class='ocrx_word' id='word_1_49' title='bbox 800 970 934 1033; x_wconf 90' lang='lat' dir='ltr'><strong>lute</strong></span> <span class='ocrx_word' id='word_1_50' title='bbox 971 972 1301 1034; x_wconf 90' lang='lat' dir='ltr'><strong>hominum</strong></span> <span class='ocrx_word' id='word_1_51' title='bbox 1345 970 1737 1050; x_wconf 85' lang='lat' dir='ltr'><strong>negligentes</strong></span> <span class='ocrx_word' id='word_1_52' title='bbox 1780 967 2066 1031; x_wconf 80' lang='lat' dir='ltr'><strong>fuerunt.</strong></span> <span class='ocrx_word' id='word_1_53' title='bbox 2100 968 2203 1031; x_wconf 91' lang='lat' dir='ltr'><strong>Sic</strong></span> <span class='ocrx_word' id='word_1_54' title='bbox 2243 977 2305 1031; x_wconf 93' lang='lat' dir='ltr'><strong>et</strong></span> <span class='ocrx_word' id='word_1_55' title='bbox 2420 968 2539 1029; x_wconf 91' lang='lat' dir='ltr'><strong>ista</strong></span> <span class='ocrx_word' id='word_1_56' title='bbox 2587 969 2821 1032; x_wconf 88' lang='lat' dir='ltr'><strong>clarius</strong></span> <span class='ocrx_word' id='word_1_57' title='bbox 2870 971 3106 1053; x_wconf 89' lang='lat' dir='ltr'><strong>scripta</strong></span> <span class='ocrx_word' id='word_1_58' title='bbox 3153 978 3269 1047; x_wconf 89' lang='lat' dir='ltr'><strong>est,</strong></span> <span class='ocrx_word' id='word_1_59' title='bbox 3312 971 3559 1035; x_wconf 89' lang='lat' dir='ltr'><strong>Christo</strong></span> <span class='ocrx_word' id='word_1_60' title='bbox 3606 972 3854 1034; x_wconf 90' lang='lat' dir='ltr'><strong>dicente</strong></span> <span class='ocrx_word' id='word_1_61' title='bbox 3896 988 3911 1033; x_wconf 92' lang='lat'><strong>:</strong></span> 
     </span>
     <span class='ocr_line' id='line_1_6' title="bbox 801 1064 3918 1151; baseline 0 -20"><span class='ocrx_word' id='word_1_62' title='bbox 801 1090 972 1133; x_wconf 90' lang='lat' dir='ltr'><strong>nunc</strong></span> <span class='ocrx_word' id='word_1_63' title='bbox 1009 1088 1230 1134; x_wconf 82' lang='lat' dir='ltr'><strong>omnes</strong></span> <span class='ocrx_word' id='word_1_64' title='bbox 1261 1070 1340 1131; x_wconf 89' lang='lat' dir='ltr'><strong>de</strong></span> <span class='ocrx_word' id='word_1_65' title='bbox 1383 1069 1624 1131; x_wconf 84' lang='lat' dir='ltr'><strong>honore</strong></span> <span class='ocrx_word' id='word_1_66' title='bbox 1663 1088 1780 1131; x_wconf 92' lang='lat' dir='ltr'><strong>suo</strong></span> <span class='ocrx_word' id='word_1_67' title='bbox 1819 1068 2073 1131; x_wconf 80' lang='lat' dir='ltr'><strong>solliciti</strong></span> <span class='ocrx_word' id='word_1_68' title='bbox 2117 1075 2299 1147; x_wconf 85' lang='lat' dir='ltr'><strong>sunt3</strong></span> <span class='ocrx_word' id='word_1_69' title='bbox 2417 1064 2523 1128; x_wconf 84' lang='lat' dir='ltr'><strong>Vae</strong></span> <span class='ocrx_word' id='word_1_70' title='bbox 2554 1066 2755 1142; x_wconf 78' lang='lat' dir='ltr'><strong>vobiS,</strong></span> <span class='ocrx_word' id='word_1_71' title='bbox 2789 1068 2901 1149; x_wconf 90' lang='lat' dir='ltr'><strong>qui</strong></span> <span class='ocrx_word' id='word_1_72' title='bbox 2942 1068 3183 1131; x_wconf 88' lang='lat' dir='ltr'><strong>similes</strong></span> <span class='ocrx_word' id='word_1_73' title='bbox 3214 1069 3365 1131; x_wconf 90' lang='lat' dir='ltr'><strong>estis</strong></span> <span class='ocrx_word' id='word_1_74' title='bbox 3406 1070 3717 1151; x_wconf 88' lang='lat' dir='ltr'><strong>sepulcris</strong></span> <span class='ocrx_word' id='word_1_75' title='bbox 3747 1068 3918 1132; x_wconf 86' lang='lat' dir='ltr'><strong>deal-</strong></span> 
     </span>
    </p>
   </div>
   <div class='ocr_carea' id='block_1_3' title="bbox 4270 0 4277 681">
    <p class='ocr_par' dir='ltr' id='par_1_3' title="bbox 4270 0 4277 681">
     <span class='ocr_line' id='line_1_7' title="bbox 4270 0 4277 681; baseline 0 0"><span class='ocrx_word' id='word_1_76' title='bbox 4270 0 4277 681; x_wconf 95' lang='lat' dir='ltr'><strong> </strong></span> 
     </span>
    </p>
   </div>
   <div class='ocr_carea' id='block_1_4' title="bbox 507 2639 4205 4792">
    <p class='ocr_par' dir='ltr' id='par_1_4' title="bbox 507 2639 4205 4792">
     <span class='ocr_line' id='line_1_8' title="bbox 796 2639 4181 2723; baseline -0.001 -21"><span class='ocrx_word' id='word_1_77' title='bbox 796 2640 1066 2722; x_wconf 86' lang='lat' dir='ltr'><strong>cipalius</strong></span> <span class='ocrx_word' id='word_1_78' title='bbox 1104 2646 1388 2720; x_wconf 83' lang='lat' dir='ltr'><strong>satagant</strong></span> <span class='ocrx_word' id='word_1_79' title='bbox 1426 2639 1767 2714; x_wconf 90' lang='lat' dir='ltr'><strong>custodire,</strong></span> <span class='ocrx_word' id='word_1_80' title='bbox 1805 2640 2034 2702; x_wconf 90' lang='lat' dir='ltr'><strong>deinde</strong></span> <span class='ocrx_word' id='word_1_81' title='bbox 2074 2648 2136 2702; x_wconf 88' lang='lat' dir='ltr'><strong>et</strong></span> <span class='ocrx_word' id='word_1_82' title='bbox 2175 2639 2300 2701; x_wconf 89' lang='lat' dir='ltr'><strong>alia</strong></span> <span class='ocrx_word' id='word_1_83' title='bbox 2408 2642 2561 2723; x_wconf 90' lang='lat' dir='ltr'><strong>quia</strong></span> <span class='ocrx_word' id='word_1_84' title='bbox 2607 2650 2668 2704; x_wconf 90' lang='lat' dir='ltr'><strong>et</strong></span> <span class='ocrx_word' id='word_1_85' title='bbox 2718 2642 2782 2703; x_wconf 92' lang='lat' dir='ltr'><strong>in</strong></span> <span class='ocrx_word' id='word_1_86' title='bbox 2834 2640 2949 2706; x_wconf 85' lang='lat' dir='ltr'><strong>Job</strong></span> <span class='ocrx_word' id='word_1_87' title='bbox 3009 2641 3336 2723; x_wconf 88' lang='lat' dir='ltr'><strong>Scriptura</strong></span> <span class='ocrx_word' id='word_1_88' title='bbox 3392 2642 3627 2704; x_wconf 82' lang='lat' dir='ltr'><strong>fatetur</strong></span> <span class='ocrx_word' id='word_1_89' title='bbox 3678 2662 3691 2705; x_wconf 92' lang='lat'><strong>:</strong></span> <span class='ocrx_word' id='word_1_90' title='bbox 3744 2643 3907 2705; x_wconf 91' lang='lat' dir='ltr'><strong>Laus</strong></span> <span class='ocrx_word' id='word_1_91' title='bbox 3956 2658 4046 2702; x_wconf 69' lang='grc' dir='ltr'><strong>,τοο</strong></span> <span class='ocrx_word' id='word_1_92' title='bbox 4064 2663 4181 2704; x_wconf 59' lang='grc' dir='ltr'><strong>ηε,</strong></span> 
     </span>
     <span class='ocr_line' id='line_1_9' title="bbox 795 2737 3911 2824; baseline 0.001 -22"><span class='ocrx_word' id='word_1_93' title='bbox 795 2739 1103 2802; x_wconf 87' lang='lat' dir='ltr'><strong>ordinate.</strong></span> <span class='ocrx_word' id='word_1_94' title='bbox 1138 2738 1270 2800; x_wconf 89' lang='lat' dir='ltr'><strong>Imo</strong></span> <span class='ocrx_word' id='word_1_95' title='bbox 1309 2737 1704 2800; x_wconf 89' lang='lat' dir='ltr'><strong>observanda</strong></span> <span class='ocrx_word' id='word_1_96' title='bbox 1742 2746 1894 2800; x_wconf 90' lang='lat' dir='ltr'><strong>sunt</strong></span> <span class='ocrx_word' id='word_1_97' title='bbox 1931 2739 2147 2801; x_wconf 91' lang='lat' dir='ltr'><strong>omnia</strong></span> <span class='ocrx_word' id='word_1_98' title='bbox 2190 2739 2300 2802; x_wconf 94' lang='lat' dir='ltr'><strong>bo-</strong></span> <span class='ocrx_word' id='word_1_99' title='bbox 2410 2739 2757 2821; x_wconf 90' lang='lat' dir='ltr'><strong>impiorum</strong></span> <span class='ocrx_word' id='word_1_100' title='bbox 2804 2740 3017 2802; x_wconf 88' lang='lat' dir='ltr'><strong>brevis</strong></span> <span class='ocrx_word' id='word_1_101' title='bbox 3074 2748 3191 2814; x_wconf 91' lang='lat' dir='ltr'><strong>est,</strong></span> <span class='ocrx_word' id='word_1_102' title='bbox 3244 2749 3308 2802; x_wconf 90' lang='lat' dir='ltr'><strong>et</strong></span> <span class='ocrx_word' id='word_1_103' title='bbox 3358 2740 3663 2820; x_wconf 89' lang='lat' dir='ltr'><strong>gaudium</strong></span> <span class='ocrx_word' id='word_1_104' title='bbox 3710 2741 3911 2824; x_wconf 87' lang='lat' dir='ltr'><strong>hypo—</strong></span> 
     </span>
     <span class='ocr_line' id='line_1_10' title="bbox 801 2834 3907 2920; baseline 0.001 -21"><span class='ocrx_word' id='word_1_105' title='bbox 801 2856 902 2910; x_wconf 89' lang='lat' dir='ltr'><strong>na,</strong></span> <span class='ocrx_word' id='word_1_106' title='bbox 929 2847 1120 2918; x_wconf 89' lang='lat' dir='ltr'><strong>atque</strong></span> <span class='ocrx_word' id='word_1_107' title='bbox 1161 2834 1501 2897; x_wconf 89' lang='lat' dir='ltr'><strong>salubriter</strong></span> <span class='ocrx_word' id='word_1_108' title='bbox 1541 2836 1852 2911; x_wconf 87' lang='lat' dir='ltr'><strong>instituta,</strong></span> <span class='ocrx_word' id='word_1_109' title='bbox 1887 2856 2091 2918; x_wconf 91' lang='lat' dir='ltr'><strong>quum</strong></span> <span class='ocrx_word' id='word_1_110' title='bbox 2129 2836 2301 2901; x_wconf 90' lang='lat' dir='ltr'><strong>Salo-</strong></span> <span class='ocrx_word' id='word_1_111' title='bbox 2409 2838 2583 2900; x_wconf 85' lang='lat' dir='ltr'><strong>critae</strong></span> <span class='ocrx_word' id='word_1_112' title='bbox 2621 2838 2819 2900; x_wconf 89' lang='lat' dir='ltr'><strong>instar</strong></span> <span class='ocrx_word' id='word_1_113' title='bbox 2858 2838 3103 2920; x_wconf 90' lang='lat' dir='ltr'><strong>puncti.</strong></span> <span class='ocrx_word' id='word_1_114' title='bbox 3136 2838 3268 2901; x_wconf 92' lang='lat' dir='ltr'><strong>Imo</strong></span> <span class='ocrx_word' id='word_1_115' title='bbox 3303 2857 3497 2919; x_wconf 89' lang='lat' dir='ltr'><strong>quam</strong></span> <span class='ocrx_word' id='word_1_116' title='bbox 3538 2839 3907 2902; x_wconf 89' lang='lat' dir='ltr'><strong>detestabile</strong></span> 
     </span>
     <span class='ocr_line' id='line_1_11' title="bbox 529 2933 3907 3020; baseline 0.001 -24"><span class='ocrx_word' id='word_1_117' title='bbox 529 2952 770 3003; x_wconf 61' lang='lat' dir='ltr'><strong>aeciam,</strong></span> <span class='ocrx_word' id='word_1_118' title='bbox 800 2955 950 2999; x_wconf 92' lang='lat' dir='ltr'><strong>mon</strong></span> <span class='ocrx_word' id='word_1_119' title='bbox 995 2936 1162 2998; x_wconf 89' lang='lat' dir='ltr'><strong>dicat</strong></span> <span class='ocrx_word' id='word_1_120' title='bbox 1204 2953 1217 2997; x_wconf 75' lang='grc' dir='ltr'>ε</span> <span class='ocrx_word' id='word_1_121' title='bbox 1260 2933 1376 3006; x_wconf 89' lang='lat' dir='ltr'><strong>Qui</strong></span> <span class='ocrx_word' id='word_1_122' title='bbox 1421 2934 1601 2995; x_wconf 89' lang='lat' dir='ltr'><strong>timet</strong></span> <span class='ocrx_word' id='word_1_123' title='bbox 1640 2934 1859 3009; x_wconf 90' lang='lat' dir='ltr'><strong>Deum,</strong></span> <span class='ocrx_word' id='word_1_124' title='bbox 1899 2935 2061 2997; x_wconf 90' lang='lat' dir='ltr'><strong>nihil</strong></span> <span class='ocrx_word' id='word_1_125' title='bbox 2103 2936 2301 3016; x_wconf 88' lang='lat' dir='ltr'><strong>negli-</strong></span> <span class='ocrx_word' id='word_1_126' title='bbox 2410 2938 2491 3000; x_wconf 90' lang='lat' dir='ltr'><strong>sit</strong></span> <span class='ocrx_word' id='word_1_127' title='bbox 2539 2938 3014 3020; x_wconf 81' lang='lat' dir='ltr'><strong>hypocritarum</strong></span> <span class='ocrx_word' id='word_1_128' title='bbox 3056 2938 3181 3001; x_wconf 89' lang='lat' dir='ltr'><strong>vile</strong></span> <span class='ocrx_word' id='word_1_129' title='bbox 3218 2938 3580 3018; x_wconf 86' lang='lat' dir='ltr'><strong>collegium,</strong></span> <span class='ocrx_word' id='word_1_130' title='bbox 3614 2946 3678 3000; x_wconf 90' lang='lat' dir='ltr'><strong>et</strong></span> <span class='ocrx_word' id='word_1_131' title='bbox 3712 2957 3907 3020; x_wconf 90' lang='lat' dir='ltr'><strong>quam</strong></span> 
     </span>
     <span class='ocr_line' id='line_1_12' title="bbox 507 3018 3911 3129; baseline 0.002 -36"><span class='ocrx_word' id='word_1_132' title='bbox 507 3018 657 3123; x_wconf 53' lang='lat'><strong>¹2:⁶⁶„</strong></span> <span class='ocrx_word' id='word_1_133' title='bbox 661 3092 770 3129; x_wconf 36' lang='lat'>¹¹¹¹¹</span> <span class='ocrx_word' id='word_1_134' title='bbox 797 3034 910 3115; x_wconf 88' lang='lat' dir='ltr'><strong>git.</strong></span> <span class='ocrx_word' id='word_1_135' title='bbox 955 3034 1023 3095; x_wconf 90' lang='lat' dir='ltr'><strong>In</strong></span> <span class='ocrx_word' id='word_1_136' title='bbox 1065 3032 1506 3095; x_wconf 82' lang='lat' dir='ltr'><strong>Ecclesiastico</strong></span> <span class='ocrx_word' id='word_1_137' title='bbox 1547 3050 1806 3115; x_wconf 91' lang='lat' dir='ltr'><strong>quoque</strong></span> <span class='ocrx_word' id='word_1_138' title='bbox 1847 3033 2079 3113; x_wconf 89' lang='lat' dir='ltr'><strong>legitur</strong></span> <span class='ocrx_word' id='word_1_139' title='bbox 2122 3052 2136 3097; x_wconf 90' lang='lat'>:</span> <span class='ocrx_word' id='word_1_140' title='bbox 2182 3034 2296 3107; x_wconf 89' lang='lat' dir='ltr'><strong>Qui</strong></span> <span class='ocrx_word' id='word_1_141' title='bbox 2336 3035 2380 3099; x_wconf 91' lang='lat' dir='ltr'><strong>C</strong></span> <span class='ocrx_word' id='word_1_142' title='bbox 2409 3054 2667 3100; x_wconf 85' lang='lat' dir='ltr'><strong>enorme</strong></span> <span class='ocrx_word' id='word_1_143' title='bbox 2701 3036 3025 3118; x_wconf 90' lang='lat' dir='ltr'><strong>piaculum</strong></span> <span class='ocrx_word' id='word_1_144' title='bbox 3058 3036 3318 3099; x_wconf 89' lang='lat' dir='ltr'><strong>exsistat</strong></span> <span class='ocrx_word' id='word_1_145' title='bbox 3356 3036 3728 3118; x_wconf 82' lang='lat' dir='ltr'><strong>hypocrisiS,</strong></span> <span class='ocrx_word' id='word_1_146' title='bbox 3762 3055 3911 3100; x_wconf 87' lang='lat' dir='ltr'><strong>con·-</strong></span> 
     </span>
     <span class='ocr_line' id='line_1_13' title="bbox 509 3131 4205 3216; baseline 0.002 -22"><span class='ocrx_word' id='word_1_147' title='bbox 509 3145 548 3185; x_wconf 87' lang='lat'><strong>¹-</strong></span> <span class='ocrx_word' id='word_1_148' title='bbox 802 3132 1047 3214; x_wconf 90' lang='lat' dir='ltr'><strong>spernit</strong></span> <span class='ocrx_word' id='word_1_149' title='bbox 1095 3132 1344 3194; x_wconf 87' lang='lat' dir='ltr'><strong>modica</strong></span> <span class='ocrx_word' id='word_1_150' title='bbox 1391 3131 1694 3213; x_wconf 88' lang='lat' dir='ltr'><strong>paulatim</strong></span> <span class='ocrx_word' id='word_1_151' title='bbox 1745 3132 2000 3194; x_wconf 90' lang='lat' dir='ltr'><strong>decidit.</strong></span> <span class='ocrx_word' id='word_1_152' title='bbox 2048 3131 2297 3195; x_wconf 88' lang='lat' dir='ltr'><strong>Etenim</strong></span> <span class='ocrx_word' id='word_1_153' title='bbox 2410 3142 2530 3198; x_wconf 88' lang='lat' dir='ltr'><strong>stat</strong></span> <span class='ocrx_word' id='word_1_154' title='bbox 2568 3152 2645 3197; x_wconf 84' lang='lat' dir='ltr'><strong>ex</strong></span> <span class='ocrx_word' id='word_1_155' title='bbox 2685 3154 2759 3198; x_wconf 84' lang='lat' dir='ltr'><strong>eo</strong></span> <span class='ocrx_word' id='word_1_156' title='bbox 2797 3136 2969 3216; x_wconf 90' lang='lat' dir='ltr'><strong>quod</strong></span> <span class='ocrx_word' id='word_1_157' title='bbox 3015 3135 3079 3195; x_wconf 91' lang='lat' dir='ltr'><strong>in</strong></span> <span class='ocrx_word' id='word_1_158' title='bbox 3117 3134 3231 3198; x_wconf 85' lang='lat' dir='ltr'><strong>Job</strong></span> <span class='ocrx_word' id='word_1_159' title='bbox 3271 3134 3549 3215; x_wconf 88' lang='lat' dir='ltr'><strong>legitur:</strong></span> <span class='ocrx_word' id='word_1_160' title='bbox 3584 3134 3905 3216; x_wconf 89' lang='lat' dir='ltr'><strong>Numquid</strong></span> <span class='ocrx_word' id='word_1_161' title='bbox 3954 3158 4205 3207; x_wconf 55' lang='lat' dir='ltr'><strong>msam-u.</strong></span> 
     </span>
     <span class='ocr_line' id='line_1_14' title="bbox 801 3222 4069 3316; baseline 0.002 -25"><span class='ocrx_word' id='word_1_162' title='bbox 801 3229 1154 3310; x_wconf 83' lang='lat' dir='ltr'><strong>Augustino</strong></span> <span class='ocrx_word' id='word_1_163' title='bbox 1191 3235 1480 3308; x_wconf 87' lang='lat' dir='ltr'><strong>testante,</strong></span> <span class='ocrx_word' id='word_1_164' title='bbox 1515 3227 1690 3290; x_wconf 90' lang='lat' dir='ltr'><strong>Sicut</strong></span> <span class='ocrx_word' id='word_1_165' title='bbox 1723 3228 2157 3311; x_wconf 86' lang='lat' dir='ltr'><strong>submergitur</strong></span> <span class='ocrx_word' id='word_1_166' title='bbox 2183 3231 2297 3312; x_wconf 88' lang='lat' dir='ltr'><strong>qui</strong></span> <span class='ocrx_word' id='word_1_167' title='bbox 2410 3234 2573 3295; x_wconf 90' lang='lat' dir='ltr'><strong>Deus</strong></span> <span class='ocrx_word' id='word_1_168' title='bbox 2621 3235 2836 3297; x_wconf 88' lang='lat' dir='ltr'><strong>audiet</strong></span> <span class='ocrx_word' id='word_1_169' title='bbox 2880 3252 3099 3297; x_wconf 91' lang='lat' dir='ltr'><strong>vocem</strong></span> <span class='ocrx_word' id='word_1_170' title='bbox 3147 3234 3512 3316; x_wconf 82' lang='lat' dir='ltr'><strong>hypocritae,</strong></span> <span class='ocrx_word' id='word_1_171' title='bbox 3555 3252 3753 3315; x_wconf 89' lang='lat' dir='ltr'><strong>quum</strong></span> <span class='ocrx_word' id='word_1_172' title='bbox 3801 3252 3907 3296; x_wconf 91' lang='lat' dir='ltr'><strong>ve-</strong></span> <span class='ocrx_word' id='word_1_173' title='bbox 3934 3222 3979 3271; x_wconf 77' lang='lat'><strong>⁹²</strong></span> <span class='ocrx_word' id='word_1_174' title='bbox 4000 3223 4069 3265; x_wconf 87' lang='lat'><strong>¹⁰·</strong></span> 
     </span>
     <span class='ocr_line' id='line_1_15' title="bbox 802 3326 3903 3414; baseline 0.002 -24"><span class='ocrx_word' id='word_1_175' title='bbox 802 3328 968 3391; x_wconf 82' lang='lat' dir='ltr'><strong>saxis</strong></span> <span class='ocrx_word' id='word_1_176' title='bbox 1013 3326 1415 3409; x_wconf 89' lang='lat' dir='ltr'><strong>deprimitur,</strong></span> <span class='ocrx_word' id='word_1_177' title='bbox 1462 3326 1549 3388; x_wconf 88' lang='lat' dir='ltr'><strong>ita</strong></span> <span class='ocrx_word' id='word_1_178' title='bbox 1590 3327 1703 3408; x_wconf 91' lang='lat' dir='ltr'><strong>qui</strong></span> <span class='ocrx_word' id='word_1_179' title='bbox 1746 3345 1936 3389; x_wconf 90' lang='lat' dir='ltr'><strong>arena</strong></span> <span class='ocrx_word' id='word_1_180' title='bbox 1977 3328 2296 3391; x_wconf 87' lang='lat' dir='ltr'><strong>obruitur.</strong></span> <span class='ocrx_word' id='word_1_181' title='bbox 2410 3332 2577 3395; x_wconf 86' lang='lat' dir='ltr'><strong>uerit</strong></span> <span class='ocrx_word' id='word_1_182' title='bbox 2618 3350 2812 3414; x_wconf 90' lang='lat' dir='ltr'><strong>super</strong></span> <span class='ocrx_word' id='word_1_183' title='bbox 2854 3350 3000 3394; x_wconf 91' lang='lat' dir='ltr'><strong>eum</strong></span> <span class='ocrx_word' id='word_1_184' title='bbox 3041 3332 3375 3412; x_wconf 66' lang='lat' dir='ltr'><strong>angustia?</strong></span> <span class='ocrx_word' id='word_1_185' title='bbox 3419 3340 3527 3395; x_wconf 86' lang='lat' dir='ltr'><strong>aut</strong></span> <span class='ocrx_word' id='word_1_186' title='bbox 3568 3331 3796 3414; x_wconf 89' lang='lat' dir='ltr'><strong>poterit</strong></span> <span class='ocrx_word' id='word_1_187' title='bbox 3838 3332 3903 3395; x_wconf 90' lang='lat' dir='ltr'><strong>in</strong></span> 
     </span>
     <span class='ocr_line' id='line_1_16' title="bbox 883 3423 3245 3513; baseline 0.002 -26"><span class='ocrx_word' id='word_1_188' title='bbox 883 3425 1148 3507; x_wconf 89' lang='lat' dir='ltr'><strong>Insuper</strong></span> <span class='ocrx_word' id='word_1_189' title='bbox 1204 3424 1610 3506; x_wconf 88' lang='lat' dir='ltr'><strong>reprehendit</strong></span> <span class='ocrx_word' id='word_1_190' title='bbox 1668 3423 1950 3489; x_wconf 89' lang='lat' dir='ltr'><strong>Salvator</strong></span> <span class='ocrx_word' id='word_1_191' title='bbox 2007 3427 2301 3508; x_wconf 91' lang='lat' dir='ltr'><strong>superbi·</strong></span> <span class='ocrx_word' id='word_1_192' title='bbox 2408 3431 2854 3513; x_wconf 88' lang='lat' dir='ltr'><strong>Omnipotente</strong></span> <span class='ocrx_word' id='word_1_193' title='bbox 2894 3430 3245 3493; x_wconf 69' lang='lat' dir='ltr'><strong>delectari?</strong></span> 
     </span>
     <span class='ocr_line' id='line_1_17' title="bbox 595 3522 3907 3611; baseline 0.002 -26"><span class='ocrx_word' id='word_1_194' title='bbox 595 3537 666 3593; x_wconf 71' lang='grc'><strong>43</strong></span> <span class='ocrx_word' id='word_1_195' title='bbox 799 3543 904 3586; x_wconf 92' lang='lat' dir='ltr'><strong>am</strong></span> <span class='ocrx_word' id='word_1_196' title='bbox 942 3533 1004 3586; x_wconf 89' lang='lat' dir='ltr'><strong>et</strong></span> <span class='ocrx_word' id='word_1_197' title='bbox 1039 3522 1453 3585; x_wconf 89' lang='lat' dir='ltr'><strong>ambitionem</strong></span> <span class='ocrx_word' id='word_1_198' title='bbox 1493 3522 1970 3586; x_wconf 64' lang='lat' dir='ltr'><strong>Pharisaeorum.</strong></span> <span class='ocrx_word' id='word_1_199' title='bbox 1995 3527 2098 3587; x_wconf 78' lang='lat' dir='ltr'><strong>Vae</strong></span> <span class='ocrx_word' id='word_1_200' title='bbox 2127 3528 2301 3587; x_wconf 69' lang='lat' dir='ltr'><strong>vobis</strong></span> <span class='ocrx_word' id='word_1_201' title='bbox 2490 3528 2797 3611; x_wconf 90' lang='lat' dir='ltr'><strong>Denique,</strong></span> <span class='ocrx_word' id='word_1_202' title='bbox 2843 3529 3197 3591; x_wconf 89' lang='lat' dir='ltr'><strong>secundum</strong></span> <span class='ocrx_word' id='word_1_203' title='bbox 3236 3528 3773 3611; x_wconf 78' lang='lat' dir='ltr'><strong>chrysostomum,</strong></span> <span class='ocrx_word' id='word_1_204' title='bbox 3804 3529 3907 3610; x_wconf 84' lang='lat' dir='ltr'><strong>ju-</strong></span> 
     </span>
     <span class='ocr_line' id='line_1_18' title="bbox 797 3622 3906 3709; baseline 0.001 -24"><span class='ocrx_word' id='word_1_205' title='bbox 797 3622 1179 3693; x_wconf 76' lang='lat' dir='ltr'><strong>PlzarisoeiS,</strong></span> <span class='ocrx_word' id='word_1_206' title='bbox 1231 3622 1344 3699; x_wconf 78' lang='lat' dir='ltr'><strong>qui</strong></span> <span class='ocrx_word' id='word_1_207' title='bbox 1389 3622 1699 3699; x_wconf 69' lang='lat' dir='ltr'><strong>diliqitis,</strong></span> <span class='ocrx_word' id='word_1_208' title='bbox 1742 3622 1806 3683; x_wconf 94' lang='lat' dir='ltr'><strong>id</strong></span> <span class='ocrx_word' id='word_1_209' title='bbox 1855 3630 1949 3684; x_wconf 87' lang='lat' dir='ltr'><strong>est</strong></span> <span class='ocrx_word' id='word_1_210' title='bbox 2000 3641 2161 3687; x_wconf 85' lang='lat' dir='ltr'><strong>vano</strong></span> <span class='ocrx_word' id='word_1_211' title='bbox 2208 3624 2302 3686; x_wconf 89' lang='lat' dir='ltr'><strong>af-</strong></span> <span class='ocrx_word' id='word_1_212' title='bbox 2411 3637 2653 3690; x_wconf 91' lang='lat' dir='ltr'><strong>storum</strong></span> <span class='ocrx_word' id='word_1_213' title='bbox 2692 3645 2957 3709; x_wconf 87' lang='lat' dir='ltr'><strong>corpora</strong></span> <span class='ocrx_word' id='word_1_214' title='bbox 2992 3627 3232 3708; x_wconf 88' lang='lat' dir='ltr'><strong>templa</strong></span> <span class='ocrx_word' id='word_1_215' title='bbox 3270 3634 3419 3688; x_wconf 87' lang='lat' dir='ltr'><strong>sunt</strong></span> <span class='ocrx_word' id='word_1_216' title='bbox 3448 3626 3577 3701; x_wconf 89' lang='lat' dir='ltr'><strong>Dei,</strong></span> <span class='ocrx_word' id='word_1_217' title='bbox 3610 3629 3906 3707; x_wconf 90' lang='lat' dir='ltr'><strong>quemad-</strong></span> 
     </span>
     <span class='ocr_line' id='line_1_19' title="bbox 800 3718 3899 3807; baseline 0.002 -24"><span class='ocrx_word' id='word_1_218' title='bbox 800 3720 972 3783; x_wconf 79' lang='lat' dir='ltr'><strong>fectu</strong></span> <span class='ocrx_word' id='word_1_219' title='bbox 1013 3718 1335 3802; x_wconf 89' lang='lat' dir='ltr'><strong>appetitis,</strong></span> <span class='ocrx_word' id='word_1_220' title='bbox 1365 3721 1624 3797; x_wconf 77' lang='lat' dir='ltr'><strong>primas</strong></span> <span class='ocrx_word' id='word_1_221' title='bbox 1659 3722 1996 3782; x_wconf 79' lang='lat' dir='ltr'><strong>cathedras</strong></span> <span class='ocrx_word' id='word_1_222' title='bbox 2038 3724 2107 3782; x_wconf 80' lang='lat' dir='ltr'><strong>in</strong></span> <span class='ocrx_word' id='word_1_223' title='bbox 2149 3742 2302 3800; x_wconf 76' lang='lat' dir='ltr'><strong>syn·</strong></span> <span class='ocrx_word' id='word_1_224' title='bbox 2409 3726 2670 3789; x_wconf 89' lang='lat' dir='ltr'><strong>modum</strong></span> <span class='ocrx_word' id='word_1_225' title='bbox 2717 3726 2795 3787; x_wconf 87' lang='lat' dir='ltr'><strong>ad</strong></span> <span class='ocrx_word' id='word_1_226' title='bbox 2847 3724 3203 3789; x_wconf 86' lang='lat' dir='ltr'><strong>Corinthios</strong></span> <span class='ocrx_word' id='word_1_227' title='bbox 3253 3724 3476 3787; x_wconf 89' lang='lat' dir='ltr'><strong>scribit</strong></span> <span class='ocrx_word' id='word_1_228' title='bbox 3513 3725 3851 3807; x_wconf 89' lang='lat' dir='ltr'><strong>Apostolus</strong></span> <span class='ocrx_word' id='word_1_229' title='bbox 3884 3742 3899 3788; x_wconf 75' lang='grc' dir='ltr'><strong><em>ε</em></strong></span> 
     </span>
     <span class='ocr_line' id='line_1_20' title="bbox 802 3817 4203 3905; baseline 0.001 -24"><span class='ocrx_word' id='word_1_230' title='bbox 802 3822 1042 3898; x_wconf 71' lang='lat' dir='ltr'><strong>ayoyis,</strong></span> <span class='ocrx_word' id='word_1_231' title='bbox 1097 3818 1161 3880; x_wconf 90' lang='lat' dir='ltr'><strong>id</strong></span> <span class='ocrx_word' id='word_1_232' title='bbox 1212 3825 1306 3879; x_wconf 91' lang='lat' dir='ltr'><strong>est</strong></span> <span class='ocrx_word' id='word_1_233' title='bbox 1357 3817 1715 3897; x_wconf 82' lang='lat' dir='ltr'><strong>dignitateS,</strong></span> <span class='ocrx_word' id='word_1_234' title='bbox 1769 3826 1832 3880; x_wconf 90' lang='lat' dir='ltr'><strong>et</strong></span> <span class='ocrx_word' id='word_1_235' title='bbox 1887 3819 2022 3882; x_wconf 92' lang='lat' dir='ltr'><strong>loca</strong></span> <span class='ocrx_word' id='word_1_236' title='bbox 2077 3821 2301 3885; x_wconf 87' lang='lat' dir='ltr'><strong>altiora</strong></span> <span class='ocrx_word' id='word_1_237' title='bbox 2406 3824 2685 3886; x_wconf 86' lang='lat' dir='ltr'><strong>Membra</strong></span> <span class='ocrx_word' id='word_1_238' title='bbox 2723 3829 2931 3886; x_wconf 89' lang='lat' dir='ltr'><strong>vestra</strong></span> <span class='ocrx_word' id='word_1_239' title='bbox 2968 3823 3207 3904; x_wconf 88' lang='lat' dir='ltr'><strong>templa</strong></span> <span class='ocrx_word' id='word_1_240' title='bbox 3250 3831 3399 3885; x_wconf 89' lang='lat' dir='ltr'><strong>sunt</strong></span> <span class='ocrx_word' id='word_1_241' title='bbox 3440 3823 3714 3905; x_wconf 89' lang='lat' dir='ltr'><strong>Spiritus</strong></span> <span class='ocrx_word' id='word_1_242' title='bbox 3754 3823 3906 3885; x_wconf 92' lang='lat' dir='ltr'><strong>San-</strong></span> <span class='ocrx_word' id='word_1_243' title='bbox 3980 3844 4131 3888; x_wconf 78' lang='lat' dir='ltr'><strong>icor.</strong></span> <span class='ocrx_word' id='word_1_244' title='bbox 4152 3860 4203 3893; x_wconf 65' lang='lat' dir='ltr'><strong>u,</strong></span> 
     </span>
     <span class='ocr_line' id='line_1_21' title="bbox 803 3910 4007 4003; baseline 0.002 -25"><span class='ocrx_word' id='word_1_245' title='bbox 803 3917 1064 3990; x_wconf 89' lang='lat' dir='ltr'><strong>ibidem,</strong></span> <span class='ocrx_word' id='word_1_246' title='bbox 1115 3935 1317 3997; x_wconf 90' lang='lat' dir='ltr'><strong>quum</strong></span> <span class='ocrx_word' id='word_1_247' title='bbox 1375 3916 1442 3979; x_wconf 91' lang='lat' dir='ltr'><strong>in</strong></span> <span class='ocrx_word' id='word_1_248' title='bbox 1490 3914 1931 3981; x_wconf 80' lang='lat' dir='ltr'><strong>Ecclesiastico</strong></span> <span class='ocrx_word' id='word_1_249' title='bbox 1989 3918 2300 4001; x_wconf 90' lang='lat' dir='ltr'><strong>scriptum</strong></span> <span class='ocrx_word' id='word_1_250' title='bbox 2411 3923 2517 3984; x_wconf 91' lang='lat' dir='ltr'><strong>cti.</strong></span> <span class='ocrx_word' id='word_1_251' title='bbox 2584 3921 2858 4003; x_wconf 85' lang='lat' dir='ltr'><strong>Corpora</strong></span> <span class='ocrx_word' id='word_1_252' title='bbox 2922 3939 3071 3984; x_wconf 92' lang='lat' dir='ltr'><strong>vero</strong></span> <span class='ocrx_word' id='word_1_253' title='bbox 3140 3929 3542 4001; x_wconf 89' lang='lat' dir='ltr'><strong>peccatorum</strong></span> <span class='ocrx_word' id='word_1_254' title='bbox 3614 3921 3905 4003; x_wconf 90' lang='lat' dir='ltr'><strong>sepulcra</strong></span> <span class='ocrx_word' id='word_1_255' title='bbox 3938 3910 4007 3949; x_wconf 80' lang='lat'><strong>¹⁹·</strong></span> 
     </span>
     <span class='ocr_line' id='line_1_22' title="bbox 513 4014 3910 4101; baseline 0.002 -28"><span class='ocrx_word' id='word_1_256' title='bbox 513 4030 772 4082; x_wconf 49' lang='lat' dir='ltr'><strong>mamm.</strong></span> <span class='ocrx_word' id='word_1_257' title='bbox 805 4017 888 4077; x_wconf 92' lang='lat' dir='ltr'><strong>sit</strong></span> <span class='ocrx_word' id='word_1_258' title='bbox 931 4034 944 4078; x_wconf 75' lang='grc' dir='ltr'>ε</span> <span class='ocrx_word' id='word_1_259' title='bbox 987 4014 1127 4077; x_wconf 92' lang='lat' dir='ltr'><strong>Noli</strong></span> <span class='ocrx_word' id='word_1_260' title='bbox 1170 4031 1456 4096; x_wconf 82' lang='lat' dir='ltr'><strong>quaerere</strong></span> <span class='ocrx_word' id='word_1_261' title='bbox 1500 4015 1860 4077; x_wconf 89' lang='lat' dir='ltr'><strong>cathedram</strong></span> <span class='ocrx_word' id='word_1_262' title='bbox 1906 4017 2188 4079; x_wconf 88' lang='lat' dir='ltr'><strong>honoris.</strong></span> <span class='ocrx_word' id='word_1_263' title='bbox 2228 4017 2303 4080; x_wconf 82' lang='lat' dir='ltr'><strong>Et</strong></span> <span class='ocrx_word' id='word_1_264' title='bbox 2412 4021 2733 4095; x_wconf 87' lang='lat' dir='ltr'><strong>dicuntur,</strong></span> <span class='ocrx_word' id='word_1_265' title='bbox 2786 4020 2939 4101; x_wconf 90' lang='lat' dir='ltr'><strong>quia</strong></span> <span class='ocrx_word' id='word_1_266' title='bbox 2986 4020 3050 4081; x_wconf 91' lang='lat' dir='ltr'><strong>in</strong></span> <span class='ocrx_word' id='word_1_267' title='bbox 3101 4020 3193 4081; x_wconf 92' lang='lat' dir='ltr'><strong>eis</strong></span> <span class='ocrx_word' id='word_1_268' title='bbox 3243 4026 3393 4081; x_wconf 90' lang='lat' dir='ltr'><strong>sunt</strong></span> <span class='ocrx_word' id='word_1_269' title='bbox 3447 4020 3676 4082; x_wconf 82' lang='lat' dir='ltr'><strong>animae</strong></span> <span class='ocrx_word' id='word_1_270' title='bbox 3722 4020 3910 4101; x_wconf 88' lang='lat' dir='ltr'><strong>spiri-</strong></span> 
     </span>
     <span class='ocr_line' id='line_1_23' title="bbox 807 4112 3911 4199; baseline 0.001 -23"><span class='ocrx_word' id='word_1_271' title='bbox 807 4134 933 4177; x_wconf 90' lang='lat' dir='ltr'><strong>non</strong></span> <span class='ocrx_word' id='word_1_272' title='bbox 983 4113 1072 4176; x_wconf 88' lang='lat' dir='ltr'><strong>ait</strong></span> <span class='ocrx_word' id='word_1_273' title='bbox 1115 4112 1421 4186; x_wconf 83' lang='lat' dir='ltr'><strong>ChristuS,</strong></span> <span class='ocrx_word' id='word_1_274' title='bbox 1469 4112 1569 4175; x_wconf 82' lang='lat' dir='ltr'><strong>Vae</strong></span> <span class='ocrx_word' id='word_1_275' title='bbox 1609 4114 1721 4196; x_wconf 93' lang='lat' dir='ltr'><strong>qui</strong></span> <span class='ocrx_word' id='word_1_276' title='bbox 1765 4114 2012 4177; x_wconf 89' lang='lat' dir='ltr'><strong>habetis</strong></span> <span class='ocrx_word' id='word_1_277' title='bbox 2063 4116 2301 4198; x_wconf 87' lang='lat' dir='ltr'><strong>primas</strong></span> <span class='ocrx_word' id='word_1_278' title='bbox 2415 4118 2665 4181; x_wconf 89' lang='lat' dir='ltr'><strong>tualiter</strong></span> <span class='ocrx_word' id='word_1_279' title='bbox 2707 4126 2991 4182; x_wconf 83' lang='lat' dir='ltr'><strong>mortuae.</strong></span> <span class='ocrx_word' id='word_1_280' title='bbox 3036 4117 3273 4180; x_wconf 87' lang='lat' dir='ltr'><strong>Rursus</strong></span> <span class='ocrx_word' id='word_1_281' title='bbox 3325 4119 3675 4179; x_wconf 90' lang='lat' dir='ltr'><strong>secundum</strong></span> <span class='ocrx_word' id='word_1_282' title='bbox 3720 4117 3911 4199; x_wconf 84' lang='lat' dir='ltr'><strong>Chry-</strong></span> 
     </span>
     <span class='ocr_line' id='line_1_24' title="bbox 807 4210 3907 4299; baseline 0.001 -23"><span class='ocrx_word' id='word_1_283' title='bbox 807 4214 1166 4291; x_wconf 88' lang='lat' dir='ltr'><strong>cathedras;</strong></span> <span class='ocrx_word' id='word_1_284' title='bbox 1199 4212 1331 4287; x_wconf 87' lang='lat' dir='ltr'><strong>sed,</strong></span> <span class='ocrx_word' id='word_1_285' title='bbox 1366 4210 1482 4283; x_wconf 90' lang='lat' dir='ltr'><strong>Qui</strong></span> <span class='ocrx_word' id='word_1_286' title='bbox 1512 4212 1776 4292; x_wconf 86' lang='lat' dir='ltr'><strong>diligitis</strong></span> <span class='ocrx_word' id='word_1_287' title='bbox 1808 4232 1912 4275; x_wconf 88' lang='lat' dir='ltr'><strong>eas</strong></span> <span class='ocrx_word' id='word_1_288' title='bbox 1949 4232 1961 4276; x_wconf 93' lang='lat'><strong>:</strong></span> <span class='ocrx_word' id='word_1_289' title='bbox 1997 4215 2301 4295; x_wconf 91' lang='lat' dir='ltr'><strong>quoniam</strong></span> <span class='ocrx_word' id='word_1_290' title='bbox 2334 4220 2383 4281; x_wconf 88' lang='lat' dir='ltr'>D</span> <span class='ocrx_word' id='word_1_291' title='bbox 2415 4226 2761 4281; x_wconf 89' lang='lat' dir='ltr'><strong>sostomum</strong></span> <span class='ocrx_word' id='word_1_292' title='bbox 2798 4236 2811 4280; x_wconf 91' lang='lat'>:</span> <span class='ocrx_word' id='word_1_293' title='bbox 2845 4217 3227 4299; x_wconf 88' lang='lat' dir='ltr'><strong>Sepulcrum</strong></span> <span class='ocrx_word' id='word_1_294' title='bbox 3267 4218 3577 4298; x_wconf 90' lang='lat' dir='ltr'><strong>quamdiu</strong></span> <span class='ocrx_word' id='word_1_295' title='bbox 3622 4216 3907 4279; x_wconf 88' lang='lat' dir='ltr'><strong>clausum</strong></span> 
     </span>
     <span class='ocr_line' id='line_1_25' title="bbox 806 4310 3909 4399; baseline 0 -23"><span class='ocrx_word' id='word_1_296' title='bbox 806 4314 940 4375; x_wconf 84' lang='lat' dir='ltr'><strong>haec</strong></span> <span class='ocrx_word' id='word_1_297' title='bbox 985 4310 1274 4391; x_wconf 89' lang='lat' dir='ltr'><strong>injuncta</strong></span> <span class='ocrx_word' id='word_1_298' title='bbox 1315 4310 1662 4391; x_wconf 84' lang='lat' dir='ltr'><strong>suscipere,</strong></span> <span class='ocrx_word' id='word_1_299' title='bbox 1697 4311 1974 4373; x_wconf 83' lang='lat' dir='ltr'><strong>caritatis</strong></span> <span class='ocrx_word' id='word_1_300' title='bbox 2017 4320 2153 4393; x_wconf 82' lang='lat' dir='ltr'><strong>est3</strong></span> <span class='ocrx_word' id='word_1_301' title='bbox 2194 4333 2306 4396; x_wconf 92' lang='lat' dir='ltr'><strong>ap-</strong></span> <span class='ocrx_word' id='word_1_302' title='bbox 2416 4325 2531 4390; x_wconf 88' lang='lat' dir='ltr'><strong>est,</strong></span> <span class='ocrx_word' id='word_1_303' title='bbox 2565 4316 2907 4399; x_wconf 89' lang='lat' dir='ltr'><strong>pulchrum</strong></span> <span class='ocrx_word' id='word_1_304' title='bbox 2949 4316 3232 4396; x_wconf 83' lang='lat' dir='ltr'><strong>videtur3</strong></span> <span class='ocrx_word' id='word_1_305' title='bbox 3276 4315 3327 4377; x_wconf 91' lang='lat' dir='ltr'><strong>si</strong></span> <span class='ocrx_word' id='word_1_306' title='bbox 3367 4323 3579 4377; x_wconf 89' lang='lat' dir='ltr'><strong>autem</strong></span> <span class='ocrx_word' id='word_1_307' title='bbox 3618 4323 3909 4397; x_wconf 87' lang='lat' dir='ltr'><strong>apertum</strong></span> 
     </span>
     <span class='ocr_line' id='line_1_26' title="bbox 809 4408 3909 4497; baseline 0.001 -24"><span class='ocrx_word' id='word_1_308' title='bbox 809 4418 1024 4493; x_wconf 88' lang='lat' dir='ltr'><strong>petere</strong></span> <span class='ocrx_word' id='word_1_309' title='bbox 1053 4427 1225 4489; x_wconf 85' lang='lat' dir='ltr'><strong>vero,</strong></span> <span class='ocrx_word' id='word_1_310' title='bbox 1248 4408 1639 4471; x_wconf 88' lang='lat' dir='ltr'><strong>ambitionis.</strong></span> <span class='ocrx_word' id='word_1_311' title='bbox 1665 4413 1751 4471; x_wconf 78' lang='lat' dir='ltr'><strong>Et</strong></span> <span class='ocrx_word' id='word_1_312' title='bbox 1777 4413 2201 4473; x_wconf 76' lang='lat' dir='ltr'><strong>salutationes</strong></span> <span class='ocrx_word' id='word_1_313' title='bbox 2229 4415 2303 4474; x_wconf 79' lang='lat' dir='ltr'><strong>in</strong></span> <span class='ocrx_word' id='word_1_314' title='bbox 2415 4415 2631 4489; x_wconf 88' lang='lat' dir='ltr'><strong>fuerit,</strong></span> <span class='ocrx_word' id='word_1_315' title='bbox 2670 4422 2934 4497; x_wconf 87' lang='lat' dir='ltr'><strong>apparet</strong></span> <span class='ocrx_word' id='word_1_316' title='bbox 2981 4413 3314 4477; x_wconf 91' lang='lat' dir='ltr'><strong>horribile.</strong></span> <span class='ocrx_word' id='word_1_317' title='bbox 3357 4413 3459 4476; x_wconf 90' lang='lat' dir='ltr'><strong>Sic</strong></span> <span class='ocrx_word' id='word_1_318' title='bbox 3510 4413 3909 4476; x_wconf 87' lang='lat' dir='ltr'><strong>simulatores</strong></span> 
     </span>
     <span class='ocr_line' id='line_1_27' title="bbox 805 4508 3911 4597; baseline -0.001 -22"><span class='ocrx_word' id='word_1_319' title='bbox 805 4514 972 4591; x_wconf 82' lang='lat' dir='ltr'><strong>foro,</strong></span> <span class='ocrx_word' id='word_1_320' title='bbox 1005 4508 1115 4571; x_wconf 89' lang='lat' dir='ltr'><strong>ubi</strong></span> <span class='ocrx_word' id='word_1_321' title='bbox 1161 4526 1366 4570; x_wconf 79' lang='lat' dir='ltr'><strong>causae</strong></span> <span class='ocrx_word' id='word_1_322' title='bbox 1406 4514 1779 4570; x_wconf 71' lang='lat' dir='ltr'><strong>tractantur·</strong></span> <span class='ocrx_word' id='word_1_323' title='bbox 2415 4514 2723 4597; x_wconf 89' lang='lat' dir='ltr'><strong>quamdiu</strong></span> <span class='ocrx_word' id='word_1_324' title='bbox 2755 4532 2882 4576; x_wconf 91' lang='lat' dir='ltr'><strong>non</strong></span> <span class='ocrx_word' id='word_1_325' title='bbox 2914 4520 3403 4593; x_wconf 87' lang='lat' dir='ltr'><strong>cognoscuntur,</strong></span> <span class='ocrx_word' id='word_1_326' title='bbox 3434 4512 3781 4574; x_wconf 89' lang='lat' dir='ltr'><strong>laudabiles</strong></span> <span class='ocrx_word' id='word_1_327' title='bbox 3814 4530 3911 4574; x_wconf 91' lang='lat' dir='ltr'><strong>re-</strong></span> 
     </span>
     <span class='ocr_line' id='line_1_28' title="bbox 885 4605 3904 4693; baseline 0.001 -23"><span class='ocrx_word' id='word_1_328' title='bbox 885 4608 1122 4670; x_wconf 91' lang='lat' dir='ltr'><strong>Deinde</strong></span> <span class='ocrx_word' id='word_1_329' title='bbox 1168 4605 1376 4686; x_wconf 89' lang='lat' dir='ltr'><strong>arguit</strong></span> <span class='ocrx_word' id='word_1_330' title='bbox 1426 4606 1576 4669; x_wconf 90' lang='lat' dir='ltr'><strong>istos</strong></span> <span class='ocrx_word' id='word_1_331' title='bbox 1625 4608 1702 4669; x_wconf 92' lang='lat' dir='ltr'><strong>de</strong></span> <span class='ocrx_word' id='word_1_332' title='bbox 1750 4606 1902 4670; x_wconf 86' lang='lat' dir='ltr'><strong>ficta</strong></span> <span class='ocrx_word' id='word_1_333' title='bbox 1949 4610 2299 4684; x_wconf 88' lang='lat' dir='ltr'><strong>sanctitate,</strong></span> <span class='ocrx_word' id='word_1_334' title='bbox 2418 4618 2768 4692; x_wconf 83' lang='lat' dir='ltr'><strong>putantur3</strong></span> <span class='ocrx_word' id='word_1_335' title='bbox 2820 4629 3021 4693; x_wconf 91' lang='lat' dir='ltr'><strong>quum</strong></span> <span class='ocrx_word' id='word_1_336' title='bbox 3080 4618 3290 4674; x_wconf 88' lang='lat' dir='ltr'><strong>autem</strong></span> <span class='ocrx_word' id='word_1_337' title='bbox 3352 4611 3584 4691; x_wconf 85' lang='lat' dir='ltr'><strong>cogniti</strong></span> <span class='ocrx_word' id='word_1_338' title='bbox 3643 4610 3904 4685; x_wconf 82' lang='lat' dir='ltr'><strong>fuerint,</strong></span> 
     </span>
     <span class='ocr_line' id='line_1_29' title="bbox 601 4704 3909 4792; baseline 0.001 -25"><span class='ocrx_word' id='word_1_339' title='bbox 601 4721 673 4777; x_wconf 71' lang='grc'><strong>44</strong></span> <span class='ocrx_word' id='word_1_340' title='bbox 805 4714 996 4787; x_wconf 89' lang='lat' dir='ltr'><strong>atque</strong></span> <span class='ocrx_word' id='word_1_341' title='bbox 1053 4704 1400 4787; x_wconf 84' lang='lat' dir='ltr'><strong>hypocrisi.</strong></span> <span class='ocrx_word' id='word_1_342' title='bbox 1453 4707 1552 4767; x_wconf 80' lang='lat' dir='ltr'><strong>Vae</strong></span> <span class='ocrx_word' id='word_1_343' title='bbox 1610 4708 1806 4778; x_wconf 78' lang='lat' dir='ltr'><strong>vobis,</strong></span> <span class='ocrx_word' id='word_1_344' title='bbox 1858 4708 1975 4786; x_wconf 81' lang='lat' dir='ltr'><strong>qui</strong></span> <span class='ocrx_word' id='word_1_345' title='bbox 2029 4710 2178 4768; x_wconf 74' lang='lat' dir='ltr'><strong>estis</strong></span> <span class='ocrx_word' id='word_1_346' title='bbox 2234 4718 2303 4769; x_wconf 77' lang='lat' dir='ltr'><strong>ut</strong></span> <span class='ocrx_word' id='word_1_347' title='bbox 2416 4709 2869 4792; x_wconf 84' lang='lat' dir='ltr'><strong>vituperabiles</strong></span> <span class='ocrx_word' id='word_1_348' title='bbox 2900 4716 3388 4790; x_wconf 87' lang='lat' dir='ltr'><strong>cognoscuntur.</strong></span> <span class='ocrx_word' id='word_1_349' title='bbox 3412 4708 3788 4791; x_wconf 90' lang='lat' dir='ltr'><strong>Sepulcrum</strong></span> <span class='ocrx_word' id='word_1_350' title='bbox 3818 4710 3909 4771; x_wconf 90' lang='lat' dir='ltr'><strong>di-</strong></span> 
     </span>
    </p>
   </div>
   <div class='ocr_carea' id='block_1_5' title="bbox 796 1165 2304 1837">
    <p class='ocr_par' dir='ltr' id='par_1_5' title="bbox 796 1165 2304 1837">
     <span class='ocr_line' id='line_1_30' title="bbox 800 1165 2297 1248; baseline -0.003 -17"><span class='ocrx_word' id='word_1_351' title='bbox 800 1169 878 1231; x_wconf 91' lang='lat' dir='ltr'><strong>de</strong></span> <span class='ocrx_word' id='word_1_352' title='bbox 926 1168 1033 1231; x_wconf 91' lang='lat' dir='ltr'><strong>Dei</strong></span> <span class='ocrx_word' id='word_1_353' title='bbox 1081 1176 1294 1230; x_wconf 90' lang='lat' dir='ltr'><strong>autem</strong></span> <span class='ocrx_word' id='word_1_354' title='bbox 1350 1166 1610 1241; x_wconf 89' lang='lat' dir='ltr'><strong>honore,</strong></span> <span class='ocrx_word' id='word_1_355' title='bbox 1664 1167 1850 1248; x_wconf 91' lang='lat' dir='ltr'><strong>pauci</strong></span> <span class='ocrx_word' id='word_1_356' title='bbox 1901 1174 2010 1228; x_wconf 90' lang='lat' dir='ltr'><strong>aut</strong></span> <span class='ocrx_word' id='word_1_357' title='bbox 2059 1165 2297 1227; x_wconf 89' lang='lat' dir='ltr'><strong>nullus.</strong></span> 
     </span>
     <span class='ocr_line' id='line_1_31' title="bbox 801 1264 2302 1348; baseline -0.001 -21"><span class='ocrx_word' id='word_1_358' title='bbox 801 1265 956 1329; x_wconf 88' lang='lat' dir='ltr'><strong>Suas</strong></span> <span class='ocrx_word' id='word_1_359' title='bbox 1007 1266 1326 1348; x_wconf 88' lang='lat' dir='ltr'><strong>portiones</strong></span> <span class='ocrx_word' id='word_1_360' title='bbox 1378 1264 1715 1345; x_wconf 88' lang='lat' dir='ltr'><strong>vigilanter</strong></span> <span class='ocrx_word' id='word_1_361' title='bbox 1764 1265 2137 1339; x_wconf 84' lang='lat' dir='ltr'><strong>defendunt,</strong></span> <span class='ocrx_word' id='word_1_362' title='bbox 2193 1264 2302 1326; x_wconf 87' lang='lat' dir='ltr'><strong>ob-</strong></span> 
     </span>
     <span class='ocr_line' id='line_1_32' title="bbox 799 1362 2302 1447; baseline -0.001 -21"><span class='ocrx_word' id='word_1_363' title='bbox 799 1364 1097 1447; x_wconf 90' lang='lat' dir='ltr'><strong>sequium</strong></span> <span class='ocrx_word' id='word_1_364' title='bbox 1139 1363 1437 1426; x_wconf 84' lang='lat' dir='ltr'><strong>Ecclesiae</strong></span> <span class='ocrx_word' id='word_1_365' title='bbox 1475 1382 1602 1426; x_wconf 93' lang='lat' dir='ltr'><strong>non</strong></span> <span class='ocrx_word' id='word_1_366' title='bbox 1646 1364 1982 1425; x_wconf 89' lang='lat' dir='ltr'><strong>attendunt</strong></span> <span class='ocrx_word' id='word_1_367' title='bbox 2015 1380 2028 1425; x_wconf 73' lang='grc' dir='ltr'><strong><em>ε</em></strong></span> <span class='ocrx_word' id='word_1_368' title='bbox 2065 1362 2302 1425; x_wconf 91' lang='lat' dir='ltr'><strong>idcirco</strong></span> 
     </span>
     <span class='ocr_line' id='line_1_33' title="bbox 799 1460 2300 1543; baseline -0.003 -18"><span class='ocrx_word' id='word_1_369' title='bbox 799 1482 894 1525; x_wconf 82' lang='lat' dir='ltr'><strong>vae</strong></span> <span class='ocrx_word' id='word_1_370' title='bbox 923 1462 1038 1524; x_wconf 88' lang='lat' dir='ltr'><strong>eis.</strong></span> <span class='ocrx_word' id='word_1_371' title='bbox 1075 1462 1396 1543; x_wconf 87' lang='lat' dir='ltr'><strong>—ltaque</strong></span> <span class='ocrx_word' id='word_1_372' title='bbox 1440 1480 1643 1543; x_wconf 91' lang='lat' dir='ltr'><strong>usque</strong></span> <span class='ocrx_word' id='word_1_373' title='bbox 1685 1461 1749 1521; x_wconf 91' lang='lat' dir='ltr'><strong>in</strong></span> <span class='ocrx_word' id='word_1_374' title='bbox 1794 1479 2073 1543; x_wconf 83' lang='lat' dir='ltr'><strong>praesens</strong></span> <span class='ocrx_word' id='word_1_375' title='bbox 2113 1460 2300 1522; x_wconf 90' lang='lat' dir='ltr'><strong>multi</strong></span> 
     </span>
     <span class='ocr_line' id='line_1_34' title="bbox 799 1557 2304 1641; baseline -0.001 -20"><span class='ocrx_word' id='word_1_376' title='bbox 799 1560 987 1622; x_wconf 88' lang='lat' dir='ltr'><strong>etiam</strong></span> <span class='ocrx_word' id='word_1_377' title='bbox 1030 1568 1410 1641; x_wconf 86' lang='lat' dir='ltr'><strong>apparenter</strong></span> <span class='ocrx_word' id='word_1_378' title='bbox 1461 1557 1764 1639; x_wconf 91' lang='lat' dir='ltr'><strong>religiosi,</strong></span> <span class='ocrx_word' id='word_1_379' title='bbox 1809 1557 2155 1621; x_wconf 72' lang='lat' dir='ltr'><strong>Pharisaeos</strong></span> <span class='ocrx_word' id='word_1_380' title='bbox 2208 1575 2304 1620; x_wconf 93' lang='lat' dir='ltr'><strong>se-</strong></span> 
     </span>
     <span class='ocr_line' id='line_1_35' title="bbox 798 1656 2303 1740; baseline -0.001 -21"><span class='ocrx_word' id='word_1_381' title='bbox 798 1667 1088 1740; x_wconf 90' lang='lat' dir='ltr'><strong>quuntur</strong></span> <span class='ocrx_word' id='word_1_382' title='bbox 1129 1676 1142 1720; x_wconf 92' lang='lat'>:</span> <span class='ocrx_word' id='word_1_383' title='bbox 1186 1657 1340 1739; x_wconf 87' lang='lat' dir='ltr'><strong>quia</strong></span> <span class='ocrx_word' id='word_1_384' title='bbox 1387 1658 1465 1719; x_wconf 90' lang='lat' dir='ltr'><strong>de</strong></span> <span class='ocrx_word' id='word_1_385' title='bbox 1514 1657 1802 1721; x_wconf 90' lang='lat' dir='ltr'><strong>interiori</strong></span> <span class='ocrx_word' id='word_1_386' title='bbox 1856 1657 2153 1739; x_wconf 90' lang='lat' dir='ltr'><strong>puritate,</strong></span> <span class='ocrx_word' id='word_1_387' title='bbox 2206 1656 2303 1717; x_wconf 93' lang='lat' dir='ltr'><strong>in-</strong></span> 
     </span>
     <span class='ocr_line' id='line_1_36' title="bbox 796 1755 2303 1837; baseline -0.001 -19"><span class='ocrx_word' id='word_1_388' title='bbox 796 1764 977 1819; x_wconf 89' lang='lat' dir='ltr'><strong>terna</strong></span> <span class='ocrx_word' id='word_1_389' title='bbox 1020 1756 1374 1831; x_wconf 89' lang='lat' dir='ltr'><strong>devotione,</strong></span> <span class='ocrx_word' id='word_1_390' title='bbox 1419 1756 1793 1837; x_wconf 88' lang='lat' dir='ltr'><strong>sinceraque</strong></span> <span class='ocrx_word' id='word_1_391' title='bbox 1833 1755 1939 1817; x_wconf 88' lang='lat' dir='ltr'><strong>Dei</strong></span> <span class='ocrx_word' id='word_1_392' title='bbox 1981 1775 2054 1817; x_wconf 88' lang='lat' dir='ltr'><strong>ac</strong></span> <span class='ocrx_word' id='word_1_393' title='bbox 2093 1756 2303 1837; x_wconf 82' lang='lat' dir='ltr'><strong>proxi-</strong></span> 
     </span>
    </p>
   </div>
   <div class='ocr_carea' id='block_1_6' title="bbox 2418 1157 4017 1249">
    <p class='ocr_par' dir='ltr' id='par_1_6' title="bbox 2418 1157 4017 1249">
     <span class='ocr_line' id='line_1_37' title="bbox 2418 1157 4017 1249; baseline 0.003 -25"><span class='ocrx_word' id='word_1_394' title='bbox 2418 1163 2602 1239; x_wconf 86' lang='lat' dir='ltr'><strong>batis,</strong></span> <span class='ocrx_word' id='word_1_395' title='bbox 2637 1184 2783 1247; x_wconf 84' lang='lat' dir='ltr'><strong>quae</strong></span> <span class='ocrx_word' id='word_1_396' title='bbox 2820 1184 2857 1227; x_wconf 88' lang='lat' dir='ltr'><strong>a</strong></span> <span class='ocrx_word' id='word_1_397' title='bbox 2895 1165 3050 1230; x_wconf 82' lang='lat' dir='ltr'><strong>foris</strong></span> <span class='ocrx_word' id='word_1_398' title='bbox 3090 1175 3316 1249; x_wconf 89' lang='lat' dir='ltr'><strong>parent</strong></span> <span class='ocrx_word' id='word_1_399' title='bbox 3359 1166 3731 1230; x_wconf 89' lang='lat' dir='ltr'><strong>hominibus</strong></span> <span class='ocrx_word' id='word_1_400' title='bbox 3772 1186 3919 1249; x_wconf 88' lang='lat' dir='ltr'><strong>spe-</strong></span> <span class='ocrx_word' id='word_1_401' title='bbox 3947 1157 4017 1185; x_wconf 77' lang='lat'><strong>¹¹¹</strong></span> 
     </span>
    </p>
   </div>
   <div class='ocr_carea' id='block_1_7' title="bbox 2409 1262 3918 1839">
    <p class='ocr_par' dir='ltr' id='par_1_7' title="bbox 2409 1262 3918 1839">
     <span class='ocr_line' id='line_1_38' title="bbox 2414 1262 3918 1346; baseline 0.001 -22"><span class='ocrx_word' id='word_1_402' title='bbox 2414 1262 2605 1336; x_wconf 88' lang='lat' dir='ltr'><strong>ciosa,</strong></span> <span class='ocrx_word' id='word_1_403' title='bbox 2640 1263 2813 1325; x_wconf 91' lang='lat' dir='ltr'><strong>intus</strong></span> <span class='ocrx_word' id='word_1_404' title='bbox 2856 1282 3005 1327; x_wconf 89' lang='lat' dir='ltr'><strong>vero</strong></span> <span class='ocrx_word' id='word_1_405' title='bbox 3046 1265 3234 1346; x_wconf 88' lang='lat' dir='ltr'><strong>plena</strong></span> <span class='ocrx_word' id='word_1_406' title='bbox 3272 1272 3423 1327; x_wconf 89' lang='lat' dir='ltr'><strong>sunt</strong></span> <span class='ocrx_word' id='word_1_407' title='bbox 3459 1265 3710 1327; x_wconf 92' lang='lat' dir='ltr'><strong>ossibus</strong></span> <span class='ocrx_word' id='word_1_408' title='bbox 3751 1284 3918 1329; x_wconf 88' lang='lat' dir='ltr'><strong>mor-</strong></span> 
     </span>
     <span class='ocr_line' id='line_1_39' title="bbox 2413 1361 3918 1444; baseline 0.003 -24"><span class='ocrx_word' id='word_1_409' title='bbox 2413 1366 2667 1423; x_wconf 91' lang='lat' dir='ltr'><strong>tuorum</strong></span> <span class='ocrx_word' id='word_1_410' title='bbox 2719 1370 2783 1423; x_wconf 87' lang='lat' dir='ltr'><strong>et</strong></span> <span class='ocrx_word' id='word_1_411' title='bbox 2827 1361 3003 1424; x_wconf 90' lang='lat' dir='ltr'><strong>omni</strong></span> <span class='ocrx_word' id='word_1_412' title='bbox 3052 1362 3361 1444; x_wconf 89' lang='lat' dir='ltr'><strong>spurcitia</strong></span> <span class='ocrx_word' id='word_1_413' title='bbox 3403 1381 3417 1425; x_wconf 90' lang='lat'>:</span> <span class='ocrx_word' id='word_1_414' title='bbox 3462 1363 3555 1425; x_wconf 91' lang='lat' dir='ltr'><strong>sic</strong></span> <span class='ocrx_word' id='word_1_415' title='bbox 3593 1370 3655 1423; x_wconf 92' lang='lat' dir='ltr'><strong>et</strong></span> <span class='ocrx_word' id='word_1_416' title='bbox 3704 1381 3836 1436; x_wconf 78' lang='lat' dir='ltr'><strong>voS,</strong></span> <span class='ocrx_word' id='word_1_417' title='bbox 3877 1381 3918 1424; x_wconf 87' lang='lat' dir='ltr'><strong>a</strong></span> 
     </span>
     <span class='ocr_line' id='line_1_40' title="bbox 2412 1456 3915 1541; baseline 0.003 -23"><span class='ocrx_word' id='word_1_418' title='bbox 2412 1456 2567 1521; x_wconf 83' lang='lat' dir='ltr'><strong>foris</strong></span> <span class='ocrx_word' id='word_1_419' title='bbox 2598 1460 2859 1541; x_wconf 90' lang='lat' dir='ltr'><strong>quidem</strong></span> <span class='ocrx_word' id='word_1_420' title='bbox 2891 1461 3123 1541; x_wconf 91' lang='lat' dir='ltr'><strong>paretis</strong></span> <span class='ocrx_word' id='word_1_421' title='bbox 3154 1460 3523 1524; x_wconf 90' lang='lat' dir='ltr'><strong>hominibus</strong></span> <span class='ocrx_word' id='word_1_422' title='bbox 3552 1460 3726 1541; x_wconf 89' lang='lat' dir='ltr'><strong>justi,</strong></span> <span class='ocrx_word' id='word_1_423' title='bbox 3743 1461 3915 1523; x_wconf 87' lang='lat' dir='ltr'><strong>intus</strong></span> 
     </span>
     <span class='ocr_line' id='line_1_41' title="bbox 2414 1558 3910 1641; baseline 0.001 -23"><span class='ocrx_word' id='word_1_424' title='bbox 2414 1574 2563 1620; x_wconf 91' lang='lat' dir='ltr'><strong>vero</strong></span> <span class='ocrx_word' id='word_1_425' title='bbox 2623 1558 2793 1640; x_wconf 90' lang='lat' dir='ltr'><strong>pleni</strong></span> <span class='ocrx_word' id='word_1_426' title='bbox 2854 1560 3004 1621; x_wconf 90' lang='lat' dir='ltr'><strong>estis</strong></span> <span class='ocrx_word' id='word_1_427' title='bbox 3064 1559 3387 1641; x_wconf 88' lang='lat' dir='ltr'><strong>hypocrisi</strong></span> <span class='ocrx_word' id='word_1_428' title='bbox 3438 1567 3500 1622; x_wconf 90' lang='lat' dir='ltr'><strong>et</strong></span> <span class='ocrx_word' id='word_1_429' title='bbox 3550 1559 3910 1640; x_wconf 84' lang='lat' dir='ltr'><strong>iniquitate.</strong></span> 
     </span>
     <span class='ocr_line' id='line_1_42' title="bbox 2410 1652 3913 1737; baseline 0.002 -21"><span class='ocrx_word' id='word_1_430' title='bbox 2410 1652 2458 1716; x_wconf 91' lang='grc' dir='ltr'><strong>Ο</strong></span> <span class='ocrx_word' id='word_1_431' title='bbox 2500 1675 2693 1737; x_wconf 89' lang='lat' dir='ltr'><strong>quam</strong></span> <span class='ocrx_word' id='word_1_432' title='bbox 2742 1658 2929 1719; x_wconf 88' lang='lat' dir='ltr'><strong>multi</strong></span> <span class='ocrx_word' id='word_1_433' title='bbox 2982 1676 3154 1720; x_wconf 90' lang='lat' dir='ltr'><strong>nunc</strong></span> <span class='ocrx_word' id='word_1_434' title='bbox 3203 1658 3443 1720; x_wconf 89' lang='lat' dir='ltr'><strong>similes</strong></span> <span class='ocrx_word' id='word_1_435' title='bbox 3494 1658 3622 1720; x_wconf 93' lang='lat' dir='ltr'><strong>illis</strong></span> <span class='ocrx_word' id='word_1_436' title='bbox 3662 1657 3913 1719; x_wconf 91' lang='lat' dir='ltr'><strong>miseris</strong></span> 
     </span>
     <span class='ocr_line' id='line_1_43' title="bbox 2409 1752 3915 1839; baseline 0.003 -25"><span class='ocrx_word' id='word_1_437' title='bbox 2409 1752 2739 1819; x_wconf 83' lang='lat' dir='ltr'><strong>Pharisaeis</strong></span> <span class='ocrx_word' id='word_1_438' title='bbox 2770 1756 3228 1819; x_wconf 80' lang='lat' dir='ltr'><strong>inveniuntur!</strong></span> <span class='ocrx_word' id='word_1_439' title='bbox 3265 1758 3373 1838; x_wconf 93' lang='lat' dir='ltr'><strong>qui</strong></span> <span class='ocrx_word' id='word_1_440' title='bbox 3408 1776 3609 1839; x_wconf 90' lang='lat' dir='ltr'><strong>quum</strong></span> <span class='ocrx_word' id='word_1_441' title='bbox 3642 1758 3770 1819; x_wconf 89' lang='lat' dir='ltr'><strong>sint</strong></span> <span class='ocrx_word' id='word_1_442' title='bbox 3802 1758 3915 1839; x_wconf 85' lang='lat' dir='ltr'><strong>hy-</strong></span> 
     </span>
    </p>
   </div>
   <div class='ocr_carea' id='block_1_8' title="bbox 798 1852 3915 1937">
    <p class='ocr_par' dir='ltr' id='par_1_8' title="bbox 798 1852 3915 1937">
     <span class='ocr_line' id='line_1_44' title="bbox 798 1852 3915 1937; baseline 0.001 -22"><span class='ocrx_word' id='word_1_443' title='bbox 798 1872 1050 1917; x_wconf 89' lang='lat' dir='ltr'><strong>morum</strong></span> <span class='ocrx_word' id='word_1_444' title='bbox 1089 1853 1448 1927; x_wconf 86' lang='lat' dir='ltr'><strong>dilectione,</strong></span> <span class='ocrx_word' id='word_1_445' title='bbox 1481 1873 1553 1916; x_wconf 90' lang='lat' dir='ltr'><strong>ac</strong></span> <span class='ocrx_word' id='word_1_446' title='bbox 1591 1853 1818 1915; x_wconf 90' lang='lat' dir='ltr'><strong>ceteris</strong></span> <span class='ocrx_word' id='word_1_447' title='bbox 1861 1852 2301 1935; x_wconf 90' lang='lat' dir='ltr'><strong>principaliter</strong></span> <span class='ocrx_word' id='word_1_448' title='bbox 2337 1855 2383 1919; x_wconf 94' lang='lat' dir='ltr'><strong>B</strong></span> <span class='ocrx_word' id='word_1_449' title='bbox 2412 1854 2691 1933; x_wconf 80' lang='lat' dir='ltr'><strong>pocritae,</strong></span> <span class='ocrx_word' id='word_1_450' title='bbox 2728 1854 3098 1918; x_wconf 90' lang='lat' dir='ltr'><strong>hominibus</strong></span> <span class='ocrx_word' id='word_1_451' title='bbox 3141 1855 3343 1935; x_wconf 83' lang='lat' dir='ltr'><strong>magis</strong></span> <span class='ocrx_word' id='word_1_452' title='bbox 3382 1874 3573 1937; x_wconf 90' lang='lat' dir='ltr'><strong>quam</strong></span> <span class='ocrx_word' id='word_1_453' title='bbox 3618 1855 3743 1919; x_wconf 91' lang='lat' dir='ltr'><strong>Deo</strong></span> <span class='ocrx_word' id='word_1_454' title='bbox 3780 1874 3915 1919; x_wconf 93' lang='lat' dir='ltr'><strong>om-</strong></span> 
     </span>
    </p>
   </div>
   <div class='ocr_carea' id='block_1_9' title="bbox 787 1951 2301 2624">
    <p class='ocr_par' dir='ltr' id='par_1_9' title="bbox 787 1951 2301 2624">
     <span class='ocr_line' id='line_1_45' title="bbox 792 1951 2301 2033; baseline 0 -18"><span class='ocrx_word' id='word_1_455' title='bbox 792 1951 1227 2026; x_wconf 83' lang='lat' dir='ltr'><strong>observandiS,</strong></span> <span class='ocrx_word' id='word_1_456' title='bbox 1281 1952 1528 2014; x_wconf 88' lang='lat' dir='ltr'><strong>modice</strong></span> <span class='ocrx_word' id='word_1_457' title='bbox 1577 1959 1846 2033; x_wconf 85' lang='lat' dir='ltr'><strong>curant3</strong></span> <span class='ocrx_word' id='word_1_458' title='bbox 1898 1953 1976 2014; x_wconf 93' lang='lat' dir='ltr'><strong>de</strong></span> <span class='ocrx_word' id='word_1_459' title='bbox 2028 1952 2301 2015; x_wconf 82' lang='lat' dir='ltr'><strong>exterio-</strong></span> 
     </span>
     <span class='ocr_line' id='line_1_46' title="bbox 793 2049 2299 2132; baseline 0 -21"><span class='ocrx_word' id='word_1_460' title='bbox 793 2049 970 2112; x_wconf 91' lang='lat' dir='ltr'><strong>ribus</strong></span> <span class='ocrx_word' id='word_1_461' title='bbox 1003 2068 1152 2113; x_wconf 89' lang='lat' dir='ltr'><strong>vero</strong></span> <span class='ocrx_word' id='word_1_462' title='bbox 1189 2049 1575 2132; x_wconf 91' lang='lat' dir='ltr'><strong>quibusdam</strong></span> <span class='ocrx_word' id='word_1_463' title='bbox 1617 2050 2153 2114; x_wconf 62' lang='lat' dir='ltr'><strong>caerimonialibus</strong></span> <span class='ocrx_word' id='word_1_464' title='bbox 2194 2050 2299 2113; x_wconf 90' lang='lat' dir='ltr'><strong>ob-</strong></span> 
     </span>
     <span class='ocr_line' id='line_1_47' title="bbox 790 2147 2297 2230; baseline 0 -21"><span class='ocrx_word' id='word_1_465' title='bbox 790 2147 1276 2221; x_wconf 79' lang='lat' dir='ltr'><strong>servationibuS‚</strong></span> <span class='ocrx_word' id='word_1_466' title='bbox 1321 2164 1434 2209; x_wconf 92' lang='lat' dir='ltr'><strong>seu</strong></span> <span class='ocrx_word' id='word_1_467' title='bbox 1479 2148 1734 2229; x_wconf 89' lang='lat' dir='ltr'><strong>punctis</strong></span> <span class='ocrx_word' id='word_1_468' title='bbox 1781 2168 2010 2230; x_wconf 87' lang='lat' dir='ltr'><strong>parum</strong></span> <span class='ocrx_word' id='word_1_469' title='bbox 2057 2148 2297 2230; x_wconf 91' lang='lat' dir='ltr'><strong>ponde-</strong></span> 
     </span>
     <span class='ocr_line' id='line_1_48' title="bbox 789 2245 2295 2328; baseline 0.001 -22"><span class='ocrx_word' id='word_1_470' title='bbox 789 2245 1099 2320; x_wconf 81' lang='lat' dir='ltr'><strong>rantibuS,</strong></span> <span class='ocrx_word' id='word_1_471' title='bbox 1133 2246 1672 2327; x_wconf 90' lang='lat' dir='ltr'><strong>devotionumque</strong></span> <span class='ocrx_word' id='word_1_472' title='bbox 1713 2246 2126 2328; x_wconf 90' lang='lat' dir='ltr'><strong>apparentiis,</strong></span> <span class='ocrx_word' id='word_1_473' title='bbox 2169 2265 2295 2310; x_wconf 90' lang='lat' dir='ltr'><strong>non</strong></span> 
     </span>
     <span class='ocr_line' id='line_1_49' title="bbox 787 2344 2295 2426; baseline 0 -19"><span class='ocrx_word' id='word_1_474' title='bbox 787 2344 1193 2408; x_wconf 84' lang='lat' dir='ltr'><strong>mediocriter</strong></span> <span class='ocrx_word' id='word_1_475' title='bbox 1245 2352 1494 2406; x_wconf 84' lang='lat' dir='ltr'><strong>exstant</strong></span> <span class='ocrx_word' id='word_1_476' title='bbox 1554 2344 1812 2407; x_wconf 87' lang='lat' dir='ltr'><strong>solliciti</strong></span> <span class='ocrx_word' id='word_1_477' title='bbox 1869 2362 1883 2407; x_wconf 91' lang='lat'>:</span> <span class='ocrx_word' id='word_1_478' title='bbox 1937 2345 2050 2426; x_wconf 90' lang='lat' dir='ltr'><strong>qui</strong></span> <span class='ocrx_word' id='word_1_479' title='bbox 2112 2345 2295 2425; x_wconf 85' lang='lat' dir='ltr'><strong>juxta</strong></span> 
     </span>
     <span class='ocr_line' id='line_1_50' title="bbox 789 2442 2299 2525; baseline -0.001 -19"><span class='ocrx_word' id='word_1_480' title='bbox 789 2443 1020 2506; x_wconf 91' lang='lat' dir='ltr'><strong>Christi</strong></span> <span class='ocrx_word' id='word_1_481' title='bbox 1065 2443 1440 2517; x_wconf 90' lang='lat' dir='ltr'><strong>doctrinam,</strong></span> <span class='ocrx_word' id='word_1_482' title='bbox 1478 2442 1936 2525; x_wconf 90' lang='lat' dir='ltr'><strong>principaliora</strong></span> <span class='ocrx_word' id='word_1_483' title='bbox 1974 2452 2038 2505; x_wconf 88' lang='lat' dir='ltr'><strong>et</strong></span> <span class='ocrx_word' id='word_1_484' title='bbox 2081 2461 2299 2505; x_wconf 91' lang='lat' dir='ltr'><strong>neces-</strong></span> 
     </span>
     <span class='ocr_line' id='line_1_51' title="bbox 794 2540 2299 2624; baseline 0.001 -21"><span class='ocrx_word' id='word_1_485' title='bbox 794 2542 1031 2604; x_wconf 87' lang='lat' dir='ltr'><strong>sariora</strong></span> <span class='ocrx_word' id='word_1_486' title='bbox 1070 2560 1143 2603; x_wconf 88' lang='lat' dir='ltr'><strong>ac</strong></span> <span class='ocrx_word' id='word_1_487' title='bbox 1176 2540 1484 2604; x_wconf 88' lang='lat' dir='ltr'><strong>viciniora</strong></span> <span class='ocrx_word' id='word_1_488' title='bbox 1525 2541 1735 2615; x_wconf 87' lang='lat' dir='ltr'><strong>saluti,</strong></span> <span class='ocrx_word' id='word_1_489' title='bbox 1773 2542 1982 2624; x_wconf 90' lang='lat' dir='ltr'><strong>primo</strong></span> <span class='ocrx_word' id='word_1_490' title='bbox 2021 2550 2083 2603; x_wconf 88' lang='lat' dir='ltr'><strong>et</strong></span> <span class='ocrx_word' id='word_1_491' title='bbox 2124 2542 2299 2624; x_wconf 91' lang='lat' dir='ltr'><strong>prin-</strong></span> 
     </span>
    </p>
   </div>
   <div class='ocr_carea' id='block_1_10' title="bbox 800 4806 2306 5381">
    <p class='ocr_par' dir='ltr' id='par_1_10' title="bbox 800 4806 2306 5381">
     <span class='ocr_line' id='line_1_52' title="bbox 808 4806 2299 4882; baseline 0.003 -19"><span class='ocrx_word' id='word_1_492' title='bbox 808 4814 1219 4865; x_wconf 77' lang='lat' dir='ltr'><strong>monumenta</strong></span> <span class='ocrx_word' id='word_1_493' title='bbox 1268 4824 1411 4882; x_wconf 80' lang='lat' dir='ltr'><strong>quoe</strong></span> <span class='ocrx_word' id='word_1_494' title='bbox 1459 4823 1584 4863; x_wconf 78' lang='lat' dir='ltr'><strong>non</strong></span> <span class='ocrx_word' id='word_1_495' title='bbox 1634 4813 1971 4882; x_wconf 77' lang='lat' dir='ltr'><strong>apparent,</strong></span> <span class='ocrx_word' id='word_1_496' title='bbox 2014 4806 2134 4868; x_wconf 91' lang='lat' dir='ltr'><strong>hoc</strong></span> <span class='ocrx_word' id='word_1_497' title='bbox 2184 4814 2299 4881; x_wconf 86' lang='lat' dir='ltr'><strong>est,</strong></span> 
     </span>
     <span class='ocr_line' id='line_1_53' title="bbox 804 4900 2305 4983; baseline 0.001 -20"><span class='ocrx_word' id='word_1_498' title='bbox 804 4901 1122 4983; x_wconf 90' lang='lat' dir='ltr'><strong>quomodo</strong></span> <span class='ocrx_word' id='word_1_499' title='bbox 1170 4900 1343 4962; x_wconf 88' lang='lat' dir='ltr'><strong>intus</strong></span> <span class='ocrx_word' id='word_1_500' title='bbox 1384 4901 1690 4983; x_wconf 87' lang='lat' dir='ltr'><strong>disposita</strong></span> <span class='ocrx_word' id='word_1_501' title='bbox 1727 4902 1876 4976; x_wconf 90' lang='lat' dir='ltr'><strong>sint,</strong></span> <span class='ocrx_word' id='word_1_502' title='bbox 1919 4913 1978 4963; x_wconf 76' lang='lat' dir='ltr'><strong>et</strong></span> <span class='ocrx_word' id='word_1_503' title='bbox 2015 4906 2305 4965; x_wconf 75' lang='lat' dir='ltr'><strong>homines</strong></span> 
     </span>
     <span class='ocr_line' id='line_1_54' title="bbox 804 5000 2306 5081; baseline 0.003 -21"><span class='ocrx_word' id='word_1_504' title='bbox 804 5001 1207 5060; x_wconf 75' lang='lat' dir='ltr'><strong>ambulantes</strong></span> <span class='ocrx_word' id='word_1_505' title='bbox 1233 5018 1434 5075; x_wconf 78' lang='lat' dir='ltr'><strong>supra</strong></span> <span class='ocrx_word' id='word_1_506' title='bbox 1472 5000 1766 5081; x_wconf 85' lang='lat' dir='ltr'><strong>sepulcra</strong></span> <span class='ocrx_word' id='word_1_507' title='bbox 1802 5000 2172 5080; x_wconf 86' lang='lat' dir='ltr'><strong>hujusmodi</strong></span> <span class='ocrx_word' id='word_1_508' title='bbox 2202 5022 2306 5063; x_wconf 77' lang='lat' dir='ltr'><strong>ne-</strong></span> 
     </span>
     <span class='ocr_line' id='line_1_55' title="bbox 800 5097 2302 5179; baseline 0.004 -22"><span class='ocrx_word' id='word_1_509' title='bbox 800 5100 1018 5159; x_wconf 79' lang='lat' dir='ltr'><strong>sciunt</strong></span> <span class='ocrx_word' id='word_1_510' title='bbox 1063 5097 1278 5179; x_wconf 89' lang='lat' dir='ltr'><strong>qualia</strong></span> <span class='ocrx_word' id='word_1_511' title='bbox 1335 5097 1504 5158; x_wconf 90' lang='lat' dir='ltr'><strong>intus</strong></span> <span class='ocrx_word' id='word_1_512' title='bbox 1563 5099 1890 5161; x_wconf 87' lang='lat' dir='ltr'><strong>exsistant.</strong></span> <span class='ocrx_word' id='word_1_513' title='bbox 1943 5100 2034 5161; x_wconf 88' lang='lat' dir='ltr'><strong>lta</strong></span> <span class='ocrx_word' id='word_1_514' title='bbox 2080 5109 2142 5161; x_wconf 87' lang='lat' dir='ltr'><strong>et</strong></span> <span class='ocrx_word' id='word_1_515' title='bbox 2192 5119 2302 5165; x_wconf 92' lang='lat' dir='ltr'><strong>vos</strong></span> 
     </span>
     <span class='ocr_line' id='line_1_56' title="bbox 801 5196 2305 5279; baseline 0.003 -22"><span class='ocrx_word' id='word_1_516' title='bbox 801 5196 1118 5269; x_wconf 73' lang='lat' dir='ltr'><strong>Pharisaei,</strong></span> <span class='ocrx_word' id='word_1_517' title='bbox 1160 5214 1362 5277; x_wconf 89' lang='lat' dir='ltr'><strong>quum</strong></span> <span class='ocrx_word' id='word_1_518' title='bbox 1407 5196 1544 5258; x_wconf 90' lang='lat' dir='ltr'><strong>sitis</strong></span> <span class='ocrx_word' id='word_1_519' title='bbox 1589 5197 1955 5279; x_wconf 84' lang='lat' dir='ltr'><strong>hypocritae,</strong></span> <span class='ocrx_word' id='word_1_520' title='bbox 1999 5199 2305 5262; x_wconf 88' lang='lat' dir='ltr'><strong>callidita-</strong></span> 
     </span>
     <span class='ocr_line' id='line_1_57' title="bbox 804 5294 2297 5381; baseline 0.004 -24"><span class='ocrx_word' id='word_1_521' title='bbox 804 5295 976 5358; x_wconf 90' lang='lat' dir='ltr'><strong>tibus</strong></span> <span class='ocrx_word' id='word_1_522' title='bbox 1025 5294 1222 5377; x_wconf 91' lang='lat' dir='ltr'><strong>pleni,</strong></span> <span class='ocrx_word' id='word_1_523' title='bbox 1269 5314 1472 5377; x_wconf 90' lang='lat' dir='ltr'><strong>quum</strong></span> <span class='ocrx_word' id='word_1_524' title='bbox 1518 5295 1676 5361; x_wconf 85' lang='lat' dir='ltr'><strong>foris</strong></span> <span class='ocrx_word' id='word_1_525' title='bbox 1726 5298 1992 5362; x_wconf 93' lang='lat' dir='ltr'><strong>virtuosi</strong></span> <span class='ocrx_word' id='word_1_526' title='bbox 2042 5300 2297 5381; x_wconf 90' lang='lat' dir='ltr'><strong>paretis,</strong></span> 
     </span>
    </p>
   </div>
   <div class='ocr_carea' id='block_1_11' title="bbox 2405 1952 3916 2624">
    <p class='ocr_par' dir='ltr' id='par_1_11' title="bbox 2405 1952 3916 2624">
     <span class='ocr_line' id='line_1_58' title="bbox 2412 1952 3916 2035; baseline 0.001 -22"><span class='ocrx_word' id='word_1_527' title='bbox 2412 1952 2747 2032; x_wconf 89' lang='lat' dir='ltr'><strong>nipotenti,</strong></span> <span class='ocrx_word' id='word_1_528' title='bbox 2792 1953 3275 2035; x_wconf 90' lang='lat' dir='ltr'><strong>incomparabili</strong></span> <span class='ocrx_word' id='word_1_529' title='bbox 3326 1961 3389 2015; x_wconf 91' lang='lat' dir='ltr'><strong>et</strong></span> <span class='ocrx_word' id='word_1_530' title='bbox 3436 1954 3770 2028; x_wconf 90' lang='lat' dir='ltr'><strong>immenso,</strong></span> <span class='ocrx_word' id='word_1_531' title='bbox 3805 1973 3916 2015; x_wconf 90' lang='lat' dir='ltr'><strong>eu-</strong></span> 
     </span>
     <span class='ocr_line' id='line_1_59' title="bbox 2409 2050 3913 2134; baseline 0 -21"><span class='ocrx_word' id='word_1_532' title='bbox 2409 2050 2596 2132; x_wconf 90' lang='lat' dir='ltr'><strong>piunt</strong></span> <span class='ocrx_word' id='word_1_533' title='bbox 2652 2052 3048 2133; x_wconf 90' lang='lat' dir='ltr'><strong>complacere</strong></span> <span class='ocrx_word' id='word_1_534' title='bbox 3102 2071 3115 2114; x_wconf 88' lang='lat'>:</span> <span class='ocrx_word' id='word_1_535' title='bbox 3170 2052 3392 2134; x_wconf 91' lang='lat' dir='ltr'><strong>sicque</strong></span> <span class='ocrx_word' id='word_1_536' title='bbox 3440 2071 3589 2117; x_wconf 91' lang='lat' dir='ltr'><strong>suos</strong></span> <span class='ocrx_word' id='word_1_537' title='bbox 3638 2054 3913 2134; x_wconf 90' lang='lat' dir='ltr'><strong>perdunt</strong></span> 
     </span>
     <span class='ocr_line' id='line_1_60' title="bbox 2406 2148 3913 2233; baseline 0.001 -24"><span class='ocrx_word' id='word_1_538' title='bbox 2406 2148 2675 2223; x_wconf 81' lang='lat' dir='ltr'><strong>laboreS,</strong></span> <span class='ocrx_word' id='word_1_539' title='bbox 2710 2157 2773 2211; x_wconf 90' lang='lat' dir='ltr'><strong>et</strong></span> <span class='ocrx_word' id='word_1_540' title='bbox 2813 2168 2928 2232; x_wconf 91' lang='lat' dir='ltr'><strong>per</strong></span> <span class='ocrx_word' id='word_1_541' title='bbox 2955 2168 3149 2232; x_wconf 90' lang='lat' dir='ltr'><strong>opera</strong></span> <span class='ocrx_word' id='word_1_542' title='bbox 3188 2151 3265 2213; x_wconf 90' lang='lat' dir='ltr'><strong>de</strong></span> <span class='ocrx_word' id='word_1_543' title='bbox 3301 2168 3533 2231; x_wconf 88' lang='lat' dir='ltr'><strong>genere</strong></span> <span class='ocrx_word' id='word_1_544' title='bbox 3574 2151 3759 2225; x_wconf 89' lang='lat' dir='ltr'><strong>bona,</strong></span> <span class='ocrx_word' id='word_1_545' title='bbox 3796 2168 3913 2233; x_wconf 90' lang='lat' dir='ltr'><strong>per</strong></span> 
     </span>
     <span class='ocr_line' id='line_1_61' title="bbox 2406 2248 3909 2329; baseline 0 -20"><span class='ocrx_word' id='word_1_546' title='bbox 2406 2266 2550 2329; x_wconf 81' lang='lat' dir='ltr'><strong>quae</strong></span> <span class='ocrx_word' id='word_1_547' title='bbox 2578 2256 2879 2310; x_wconf 72' lang='lat' dir='ltr'><strong>aeternam</strong></span> <span class='ocrx_word' id='word_1_548' title='bbox 2908 2248 3371 2311; x_wconf 87' lang='lat' dir='ltr'><strong>beatitudinem</strong></span> <span class='ocrx_word' id='word_1_549' title='bbox 3402 2257 3820 2324; x_wconf 90' lang='lat' dir='ltr'><strong>mererentur,</strong></span> <span class='ocrx_word' id='word_1_550' title='bbox 3855 2249 3909 2310; x_wconf 88' lang='lat' dir='ltr'><strong>si</strong></span> 
     </span>
     <span class='ocr_line' id='line_1_62' title="bbox 2407 2345 3903 2422; baseline 0.001 -16"><span class='ocrx_word' id='word_1_551' title='bbox 2407 2362 2483 2407; x_wconf 86' lang='lat' dir='ltr'><strong>ex</strong></span> <span class='ocrx_word' id='word_1_552' title='bbox 2524 2345 2781 2408; x_wconf 88' lang='lat' dir='ltr'><strong>caritate</strong></span> <span class='ocrx_word' id='word_1_553' title='bbox 2818 2347 2895 2409; x_wconf 88' lang='lat' dir='ltr'><strong>ad</strong></span> <span class='ocrx_word' id='word_1_554' title='bbox 2936 2347 3042 2409; x_wconf 91' lang='lat' dir='ltr'><strong>Dei</strong></span> <span class='ocrx_word' id='word_1_555' title='bbox 3084 2346 3390 2410; x_wconf 89' lang='lat' dir='ltr'><strong>honorem</strong></span> <span class='ocrx_word' id='word_1_556' title='bbox 3431 2348 3565 2409; x_wconf 84' lang='lat' dir='ltr'><strong>haec</strong></span> <span class='ocrx_word' id='word_1_557' title='bbox 3604 2346 3903 2422; x_wconf 88' lang='lat' dir='ltr'><strong>facerent,</strong></span> 
     </span>
     <span class='ocr_line' id='line_1_63' title="bbox 2405 2443 3910 2527; baseline 0.001 -22"><span class='ocrx_word' id='word_1_558' title='bbox 2405 2443 2743 2507; x_wconf 81' lang='lat' dir='ltr'><strong>infernalia</strong></span> <span class='ocrx_word' id='word_1_559' title='bbox 2793 2452 3236 2527; x_wconf 89' lang='lat' dir='ltr'><strong>promerentur</strong></span> <span class='ocrx_word' id='word_1_560' title='bbox 3282 2445 3597 2508; x_wconf 85' lang='lat' dir='ltr'><strong>incendia.</strong></span> <span class='ocrx_word' id='word_1_561' title='bbox 3632 2445 3910 2526; x_wconf 88' lang='lat' dir='ltr'><strong>Abjicia-</strong></span> 
     </span>
     <span class='ocr_line' id='line_1_64' title="bbox 2405 2543 3901 2624; baseline 0.001 -20"><span class='ocrx_word' id='word_1_562' title='bbox 2405 2562 2548 2605; x_wconf 89' lang='lat' dir='ltr'><strong>mus</strong></span> <span class='ocrx_word' id='word_1_563' title='bbox 2579 2561 2727 2624; x_wconf 91' lang='lat' dir='ltr'><strong>ergo</strong></span> <span class='ocrx_word' id='word_1_564' title='bbox 2755 2543 3033 2606; x_wconf 89' lang='lat' dir='ltr'><strong>totaliter</strong></span> <span class='ocrx_word' id='word_1_565' title='bbox 3064 2551 3190 2606; x_wconf 87' lang='lat' dir='ltr'><strong>tam</strong></span> <span class='ocrx_word' id='word_1_566' title='bbox 3225 2544 3611 2607; x_wconf 88' lang='lat' dir='ltr'><strong>vilissimum</strong></span> <span class='ocrx_word' id='word_1_567' title='bbox 3641 2544 3901 2620; x_wconf 91' lang='lat' dir='ltr'><strong>crimen,</strong></span> 
     </span>
    </p>
   </div>
   <div class='ocr_carea' id='block_1_12' title="bbox 2414 4807 3907 5085">
    <p class='ocr_par' dir='ltr' id='par_1_12' title="bbox 2414 4807 3907 5085">
     <span class='ocr_line' id='line_1_65' title="bbox 2415 4807 3907 4889; baseline 0 -20"><span class='ocrx_word' id='word_1_568' title='bbox 2415 4808 2581 4870; x_wconf 90' lang='lat' dir='ltr'><strong>citur</strong></span> <span class='ocrx_word' id='word_1_569' title='bbox 2622 4808 2804 4889; x_wconf 88' lang='lat' dir='ltr'><strong>quasi</strong></span> <span class='ocrx_word' id='word_1_570' title='bbox 2852 4808 3333 4889; x_wconf 88' lang='lat' dir='ltr'><strong>semipulcrum.</strong></span> <span class='ocrx_word' id='word_1_571' title='bbox 3379 4807 3555 4869; x_wconf 87' lang='lat' dir='ltr'><strong>Tales</strong></span> <span class='ocrx_word' id='word_1_572' title='bbox 3600 4814 3749 4869; x_wconf 90' lang='lat' dir='ltr'><strong>sunt</strong></span> <span class='ocrx_word' id='word_1_573' title='bbox 3792 4808 3907 4889; x_wconf 86' lang='lat' dir='ltr'><strong>hy-</strong></span> 
     </span>
     <span class='ocr_line' id='line_1_66' title="bbox 2415 4905 3899 4989; baseline 0 -20"><span class='ocrx_word' id='word_1_574' title='bbox 2415 4907 2694 4989; x_wconf 84' lang='lat' dir='ltr'><strong>pocritae,</strong></span> <span class='ocrx_word' id='word_1_575' title='bbox 2736 4907 3015 4968; x_wconf 84' lang='lat' dir='ltr'><strong>exterius</strong></span> <span class='ocrx_word' id='word_1_576' title='bbox 3064 4906 3272 4979; x_wconf 92' lang='lat' dir='ltr'><strong>nitidi,</strong></span> <span class='ocrx_word' id='word_1_577' title='bbox 3322 4906 3587 4967; x_wconf 88' lang='lat' dir='ltr'><strong>interius</strong></span> <span class='ocrx_word' id='word_1_578' title='bbox 3635 4905 3840 4969; x_wconf 83' lang='lat' dir='ltr'><strong>foetidi</strong></span> <span class='ocrx_word' id='word_1_579' title='bbox 3884 4926 3899 4969; x_wconf 89' lang='lat'>:</span> 
     </span>
     <span class='ocr_line' id='line_1_67' title="bbox 2414 5003 3899 5085; baseline 0 -18"><span class='ocrx_word' id='word_1_580' title='bbox 2414 5006 2555 5068; x_wconf 93' lang='lat' dir='ltr'><strong>ideo</strong></span> <span class='ocrx_word' id='word_1_581' title='bbox 2603 5024 2728 5068; x_wconf 91' lang='lat' dir='ltr'><strong>non</strong></span> <span class='ocrx_word' id='word_1_582' title='bbox 2779 5005 2945 5066; x_wconf 91' lang='lat' dir='ltr'><strong>sicut</strong></span> <span class='ocrx_word' id='word_1_583' title='bbox 2987 5003 3108 5066; x_wconf 80' lang='lat' dir='ltr'><strong>filii</strong></span> <span class='ocrx_word' id='word_1_584' title='bbox 3152 5004 3469 5079; x_wconf 86' lang='lat' dir='ltr'><strong>Ecclesiae,</strong></span> <span class='ocrx_word' id='word_1_585' title='bbox 3515 5023 3659 5085; x_wconf 84' lang='lat' dir='ltr'><strong>quae</strong></span> <span class='ocrx_word' id='word_1_586' title='bbox 3702 5004 3792 5066; x_wconf 88' lang='lat' dir='ltr'><strong>ait</strong></span> <span class='ocrx_word' id='word_1_587' title='bbox 3834 5006 3899 5067; x_wconf 91' lang='lat' dir='ltr'><strong>in</strong></span> 
     </span>
    </p>
   </div>
   <div class='ocr_carea' id='block_1_13' title="bbox 2414 5090 4274 5184">
    <p class='ocr_par' dir='ltr' id='par_1_13' title="bbox 2414 5090 4274 5184">
     <span class='ocr_line' id='line_1_68' title="bbox 2414 5090 4274 5184; baseline 0.002 -18"><span class='ocrx_word' id='word_1_588' title='bbox 2414 5104 2707 5179; x_wconf 82' lang='lat' dir='ltr'><strong>CanticiS,</strong></span> <span class='ocrx_word' id='word_1_589' title='bbox 2750 5102 2939 5184; x_wconf 89' lang='lat' dir='ltr'><strong>Nigra</strong></span> <span class='ocrx_word' id='word_1_590' title='bbox 2983 5122 3150 5177; x_wconf 92' lang='lat' dir='ltr'><strong>sum,</strong></span> <span class='ocrx_word' id='word_1_591' title='bbox 3193 5104 3301 5164; x_wconf 91' lang='lat' dir='ltr'><strong>sed</strong></span> <span class='ocrx_word' id='word_1_592' title='bbox 3346 5102 3620 5166; x_wconf 79' lang='lat' dir='ltr'><strong>formosa</strong></span> <span class='ocrx_word' id='word_1_593' title='bbox 3664 5121 3677 5164; x_wconf 93' lang='lat'>:</span> <span class='ocrx_word' id='word_1_594' title='bbox 3723 5104 3901 5183; x_wconf 89' lang='lat' dir='ltr'><strong>nigra</strong></span> <span class='ocrx_word' id='word_1_595' title='bbox 3945 5124 4185 5177; x_wconf 59' lang='lat' dir='ltr'><strong>canam.</strong></span> <span class='ocrx_word' id='word_1_596' title='bbox 4273 5090 4274 5105; x_wconf 41' lang='lat'><strong>³</strong></span> 
     </span>
    </p>
   </div>
   <div class='ocr_carea' id='block_1_14' title="bbox 2412 5201 3902 5374">
    <p class='ocr_par' dir='ltr' id='par_1_14' title="bbox 2412 5201 3902 5374">
     <span class='ocr_line' id='line_1_69' title="bbox 2414 5201 3897 5284; baseline 0 -20"><span class='ocrx_word' id='word_1_597' title='bbox 2414 5204 2637 5284; x_wconf 91' lang='lat' dir='ltr'><strong>utique</strong></span> <span class='ocrx_word' id='word_1_598' title='bbox 2674 5204 2974 5276; x_wconf 80' lang='lat' dir='ltr'><strong>exteriuS,</strong></span> <span class='ocrx_word' id='word_1_599' title='bbox 3010 5203 3119 5264; x_wconf 90' lang='lat' dir='ltr'><strong>sed</strong></span> <span class='ocrx_word' id='word_1_600' title='bbox 3158 5201 3433 5265; x_wconf 88' lang='lat' dir='ltr'><strong>formosa</strong></span> <span class='ocrx_word' id='word_1_601' title='bbox 3472 5202 3757 5263; x_wconf 87' lang='lat' dir='ltr'><strong>interius.</strong></span> <span class='ocrx_word' id='word_1_602' title='bbox 3793 5202 3897 5264; x_wconf 90' lang='lat' dir='ltr'><strong>Isti</strong></span> 
     </span>
     <span class='ocr_line' id='line_1_70' title="bbox 2412 5299 3902 5374; baseline -0.003 -9"><span class='ocrx_word' id='word_1_603' title='bbox 2412 5309 2668 5365; x_wconf 89' lang='lat' dir='ltr'><strong>econtra</strong></span> <span class='ocrx_word' id='word_1_604' title='bbox 2717 5301 2889 5363; x_wconf 85' lang='lat' dir='ltr'><strong>intus</strong></span> <span class='ocrx_word' id='word_1_605' title='bbox 2940 5309 3089 5363; x_wconf 90' lang='lat' dir='ltr'><strong>sunt</strong></span> <span class='ocrx_word' id='word_1_606' title='bbox 3135 5299 3313 5374; x_wconf 86' lang='lat' dir='ltr'><strong>foedi,</strong></span> <span class='ocrx_word' id='word_1_607' title='bbox 3359 5307 3424 5362; x_wconf 88' lang='lat' dir='ltr'><strong>et</strong></span> <span class='ocrx_word' id='word_1_608' title='bbox 3467 5299 3625 5364; x_wconf 86' lang='lat' dir='ltr'><strong>foris</strong></span> <span class='ocrx_word' id='word_1_609' title='bbox 3678 5300 3902 5363; x_wconf 88' lang='lat' dir='ltr'><strong>volunt</strong></span> 
     </span>
    </p>
   </div>
   <div class='ocr_carea' id='block_1_15' title="bbox 4262 1401 4286 4417">
    <p class='ocr_par' dir='ltr' id='par_1_15' title="bbox 4262 1401 4286 4417">
     <span class='ocr_line' id='line_1_71' title="bbox 4262 1401 4286 4417; baseline 0 0"><span class='ocrx_word' id='word_1_610' title='bbox 4262 1401 4286 4417; x_wconf 95' lang='lat' dir='ltr'><strong> </strong></span> 
     </span>
    </p>
   </div>
   <div class='ocr_carea' id='block_1_16' title="bbox 4270 5526 4277 6230">
    <p class='ocr_par' dir='ltr' id='par_1_16' title="bbox 4270 5526 4277 6230">
     <span class='ocr_line' id='line_1_72' title="bbox 4270 5526 4277 6230; baseline 0 0"><span class='ocrx_word' id='word_1_611' title='bbox 4270 5526 4277 6230; x_wconf 95' lang='lat' dir='ltr'><strong> </strong></span> 
     </span>
    </p>
   </div>
  </div>
 </body>
</html>
