4300 6259
636 1885 702 1942 31

549 1993 625 2036 Pe.
642 2005 757 2045 xvm,
770 1993 811 2036 7.

564 2487 671 2532 Luc.
693 2501 722 2539 ι,
744 2489 809 2530 35.

647 5325 719 5382 32

833 499 955 566 342
1650 519 2001 568 mam-rio
2043 518 2108 565 m
2149 518 2288 566 car.
2335 517 2403 563 m
2443 515 2720 564 son-ms.
2766 537 2846 548 -
2888 515 3033 563 aar.
3079 517 3122 562 x

836 699 937 754 tus
978 691 1043 754 in
1085 693 1612 773 cruce310annes
1646 711 1795 756 vero
1834 691 2143 765 minutus,
2177 675 2330 770 quo-
2357 686 2409 748 A
2437 696 2496 747 ec
2557 690 2994 750 testimonium
3049 689 3188 766 ejus
3245 709 3430 749 nemo
3487 687 3748 764 accipit.
3808 685 3938 748 Hoc

836 791 1009 853 niam
1039 792 1400 856 decollatus,
1420 792 1539 855 Sed
1570 792 1722 873 quia
1750 791 2043 873 discipuli
2072 788 2329 853 Joannis

836 891 1389 971 conquerebantur
1448 893 1525 953 de
1582 891 1701 953 hoc
1757 891 1930 972 quod
1989 888 2171 951 multi
2231 871 2328 948 ac·

838 997 1163 1051 cesserunt
1190 989 1423 1064 Jesum‚
1458 999 1521 1052 et
1552 989 1735 1072 pauci
1765 989 2090 1062 Joannem‚
2126 994 2331 1068 potest

838 1087 925 1149 ita
971 1088 1239 1169 intelligi
1289 1107 1303 1150 :
1350 1089 1534 1150 illum
1583 1096 1831 1170 oportet
1877 1103 2184 1159 crescere,
2233 1103 2336 1147 ac-

838 1187 1150 1268 quirendo
1194 1187 1408 1269 plures
1448 1187 1795 1267 discipulos
1841 1185 2334 1268 spiritualesque

838 1285 1008 1348 filios
1041 1285 1105 1347 in
1141 1285 1487 1367 Baptism03
1520 1303 1623 1347 me
1651 1293 1859 1347 autem
1895 1284 2115 1356 minui,
2141 1301 2337 1364 quan-

840 1393 973 1447 tum
1039 1386 1117 1446 ad
1178 1403 1518 1446 numerum
1580 1385 2043 1466 discipulorum
2107 1401 2121 1444 :
2185 1383 2338 1464 quia

840 1484 1130 1546 nonnulli
1167 1502 1243 1546 ex
1281 1484 1613 1566 discipulis
1642 1483 1896 1546 Joannis
1935 1482 2337 1562 adhaeserunt

842 1582 1107 1646 Christo.

918 1681 1122 1762 Hujus
1181 1681 1556 1743 incrementi
1608 1689 1670 1743 et
1718 1680 2104 1743 decrementi
2159 1678 2338 1761 ponit

838 1781 1105 1844 loannes
1140 1779 1413 1861 Baptista
1442 1779 1687 1860 aliquas
1733 1779 2028 1840 rationeS.
2061 1777 2336 1839 Primam

841 1879 1060 1959 tangit,
1100 1878 1368 1941 dicendo
1412 1896 1425 1940 :
1474 1880 1601 1947 Qui
1646 1881 1984 1938 desursum
2034 1878 2228 1948 venit,
2272 1876 2335 1936 id

841 1985 936 2040 est
974 1976 1258 2040 Christus
1298 1976 1668 2056 Unigenitus
1705 1975 1837 2050 Dei,
1872 1975 2058 2056 cujus
2096 1994 2133 2037 a
2174 1993 2339 2035 sum-

842 2094 947 2139 mo
990 2075 1150 2138 coelo
1194 2075 1315 2137 fuit
1358 2074 1656 2155 egressio,
1698 2082 2009 2156 quantum
2058 2075 2135 2136 ad
2182 2073 2339 2135 divi-

843 2175 1129 2253 nitatem,
1179 2173 1481 2255 quoniam
1533 2180 1716 2234 natus
1764 2191 1801 2234 a
1850 2171 2029 2234 Patre
2075 2180 2332 2245 aetern0‚

840 2282 905 2336 et
970 2281 1279 2355 quantum
1346 2273 1421 2334 ad
1487 2272 1968 2345 humanitatem,
2031 2271 2336 2353 quoniam

841 2371 1407 2454 supernaturaliter
1470 2377 1816 2451 conceptus
1882 2377 1943 2430 et
2008 2377 2191 2431 natus
2260 2386 2338 2431 ex

840 2471 1119 2551 Virgine,
1173 2469 1415 2552 Spiritu
1465 2467 1693 2530 Sancto
1744 2486 1974 2550 corpus
2024 2467 2165 2548 ejus
2214 2466 2342 2530 for-

841 2576 1092 2648 mante3
1134 2587 1327 2646 super
1365 2588 1578 2628 omnes
1614 2560 1733 2637 est,
1769 2567 1829 2628 id
1880 2573 1995 2640 est,
2038 2565 2338 2628 omnibus

838 2667 1140 2730 creaturis
1171 2666 1504 2728 sublimior
1533 2673 1642 2742 est,
1662 2672 1971 2746 quantum
2002 2666 2081 2727 ad
2113 2673 2341 2726 utram-

838 2784 967 2848 que
1006 2785 1185 2828 suam
1226 2774 1539 2828 naturam.
1582 2764 1738 2826 Nam
1781 2765 1989 2846 quoad
2030 2764 2336 2838 divinam,

842 2863 1087 2926 cunctis
1127 2863 1526 2946 praestantior
1564 2869 1659 2924 est
1698 2863 1763 2924 in
1810 2861 2163 2924 infinitum.
2199 2861 2341 2924 Haec

842 2980 991 3043 ergo
1032 2961 1188 3024 ratio
1232 2961 1622 3023 excellentiae
1665 2959 1917 3034 Christi,
1954 2969 2210 3042 sumpta
2247 2967 2342 3021 est

843 3078 921 3122 ex
964 3067 1140 3142 parte
1184 3077 1314 3121 suae
1361 3058 1648 3139 originis.

922 3157 1209 3221 Secunda
1241 3175 1389 3220 vero
1416 3156 1730 3239 accipitur
1758 3174 1835 3218 ex
1866 3155 2172 3237 qualitate
2213 3173 2342 3218 suae

846 3255 1173 3337 sapientiae
1210 3262 1271 3317 ct
1311 3255 1632 3318 doctrinae.
1666 3253 1843 3316 Unde
1887 3253 2337 3334 subjungitur:

852 3356 978 3423 Qui
1015 3363 1105 3414 est
1142 3357 1222 3414 de
1263 3363 1456 3426 terra,
1492 3353 1555 3414 id
1600 3359 1717 3428 est,
1762 3370 1840 3414 ex
1889 3352 2186 3414 humanis
2237 3370 2344 3433 pa·-

847 3453 1134 3516 rentibus
1165 3452 1301 3515 viro
1332 3459 1395 3514 et
1423 3451 1663 3514 femina
1698 3458 1881 3512 natus
1910 3459 2027 3526 est,
2060 3455 2139 3512 de
2171 3461 2342 3512 terra

844 3561 958 3620 est,
1018 3557 1327 3633 quantum
1386 3552 1462 3612 ad
1519 3548 1945 3630 generationis
2004 3548 2338 3629 originem,

845 3662 906 3712 et
942 3654 1021 3712 de
1067 3661 1238 3712 terra
1286 3652 1599 3730 loquitur,
1640 3649 1704 3710 id
1751 3655 1865 3724 est,
1908 3649 1986 3710 de
2027 3647 2346 3710 inferiori-

848 3748 967 3812 bus
1024 3757 1088 3812 et
1134 3748 1401 3811 terrenis
1458 3755 1701 3822 tractat,
1758 3755 2070 3828 quantum
2124 3753 2220 3808 cst
2267 3764 2343 3808 ex

848 3856 1026 3930 parte
1064 3867 1193 3910 suae
1240 3857 1503 3910 terrenae
1544 3846 1829 3927 originis.
1876 3845 2087 3908 Nihilo
2130 3844 2345 3906 minus

848 3948 1132 4029 loquitur
1171 3950 1248 4010 de
1286 3947 1521 4010 divinis
1557 3955 1748 4029 atque
1787 3945 2176 4020 coelestibuS,
2212 3945 2347 4007 sive

850 4065 965 4128 per
994 4047 1347 4109 naturalem
1382 4047 1711 4120 rationem,
1748 4045 1912 4107 sicut
1953 4043 2342 4127 philosophi,

850 4144 986 4207 sive
1036 4163 1148 4227 per
1202 4144 1418 4225 gratiae
1475 4143 1865 4206 infusionem
1925 4150 1987 4204 et
2045 4159 2349 4224 superna-

2440 787 2705 850 verbum
2741 787 3148 852 Praecursoris
3176 788 3403 850 alludit
3441 787 3499 849 ei
3538 787 3710 869 quod
3741 803 3938 867 supra

2441 885 2726 948 Christus
2761 886 2921 947 dixit
2957 887 3034 947 ad
3064 885 3475 949 Nicodemum
3512 905 3526 948 :
3559 885 3760 947 Amen
3793 885 3936 946 dico
3993 913 4106 943 ms.
4133 903 4199 940 u.

2440 983 2579 1058 tibi,
2613 984 2766 1066 quia
2803 986 2972 1066 quod
3014 985 3252 1047 scimus
3290 984 3637 1065 loquimur,
3663 992 3730 1046 et
3763 983 3937 1064 quod

2443 1083 2720 1148 vidimus
2792 1091 3145 1161 testamur;
3206 1093 3269 1146 et
3323 1083 3760 1147 testimonium
3830 1102 3942 1145 no-

2443 1189 2646 1244 strum
2706 1201 2830 1245 non
2889 1183 3200 1266 accipitis,
3254 1183 3427 1256 Quod
3478 1182 3801 1263 quomodo
3843 1182 3942 1243 in·

2445 1280 2859 1361 telligendum
2888 1283 2990 1354 sit,
3027 1282 3216 1364 paulo
3255 1289 3400 1344 ante
3431 1281 3790 1361 expositum
3820 1289 3937 1342 est.

2443 1377 2530 1440 Ea
2567 1379 2740 1440 enim
2779 1398 2923 1460 quae
2961 1379 3246 1443 Christus
3286 1378 3522 1452 docuit,
3556 1378 3718 1443 vidit
3757 1379 3944 1442 oculo

2445 1478 2854 1541 intellectuali
2887 1479 3236 1541 secundum
3269 1486 3602 1560 utramque
3633 1485 3942 1553 naturam,

2446 1578 2883 1657 cognoscendo
2940 1577 3238 1640 videlicet
3294 1577 3508 1639 omnia
3566 1595 3682 1658 per
3739 1577 3944 1639 scien-

2443 1675 2597 1738 tiam
2649 1675 3015 1749 increatam,
3063 1683 3132 1737 ut
3182 1675 3367 1750 DeuS‚
3415 1684 3478 1738 et
3526 1693 3640 1758 per
3687 1676 3946 1739 scienti-

2445 1793 2545 1836 am
2587 1772 2887 1849 infusam,
2925 1782 2993 1836 ut
3030 1775 3240 1837 homo.
3285 1773 3570 1856 Denique
3613 1782 3684 1835 ut
3726 1775 3938 1850 hom0,

2373 1870 2418 1933 B
2446 1873 2689 1937 audivit
2731 1872 2994 1935 auribus
3039 1873 3246 1935 cordis
3291 1892 3328 1934 a
3364 1872 3489 1936 Deo
3527 1873 3832 1936 Trinitate
3873 1874 3940 1935 in

2448 1971 2656 2053 primo
2731 1971 2990 2033 instanti
3072 1971 3546 2045 incarnationiS,
3622 1972 3942 2054 quidquid

2447 2071 2608 2132 Deus
2655 2070 2778 2132 sibi
2825 2069 3149 2133 revelavit.
3194 2069 3314 2131 Sed
3358 2071 3676 2151 quomodo
3722 2089 3946 2133 secun-

2448 2170 2600 2232 dum
2635 2177 2920 2230 naturam
2954 2167 3236 2230 divinam
3275 2168 3452 2230 audit
3490 2168 3734 2250 aliquid
3772 2189 3809 2230 a
3837 2168 3946 2232 Pa-

2449 2275 2567 2341 tre,
2608 2287 2808 2348 quum
2862 2267 2998 2349 ipse
3046 2266 3127 2328 sit
3175 2285 3384 2330 sermo
3430 2266 3674 2328 Patris?
3724 2267 3946 2330 Dicen-

2449 2368 2623 2437 dum,
2658 2367 2827 2447 quod
2866 2365 3025 2427 Filio
3074 2364 3180 2426 Dei
3234 2364 3402 2427 idem
3447 2373 3543 2427 est
3579 2367 3867 2446 generari
3905 2387 3944 2429 a

2447 2465 2646 2535 Patre,
2700 2472 2763 2526 et
2805 2464 3025 2526 audire
3063 2483 3097 2525 a
3137 2462 3336 2526 Patre.
3386 2463 3710 2528 Nascendo
3757 2466 3947 2548 quip-

2451 2583 2530 2645 pe
2571 2583 2606 2625 a
2646 2563 2846 2635 Patre,
2892 2563 3119 2645 recipit
3161 2563 3626 2645 plenitudinem
3665 2564 3940 2639 deitatis,

2449 2669 2510 2723 et
2550 2680 2664 2744 per
2701 2679 3100 2743 consequens
3143 2660 3520 2743 sapientiam
3558 2681 3946 2745 omnemque

2450 2760 2929 2843 perfectionem,
2963 2779 3000 2821 a
3045 2759 3247 2822 Patre.
3281 2759 3520 2823 Idcirco
3565 2761 3802 2824 dicitur
3837 2781 3948 2824 au-

2450 2859 2586 2921 dire
2625 2879 2660 2920 a
2701 2858 2897 2928 Patre.
2931 2877 3056 2922 non
3096 2859 3277 2940 quasi
3321 2858 3530 2940 primo
3571 2858 3942 2932 subsistenS,

2450 2966 2513 3020 et
2543 2966 2760 3040 postca
2787 2957 3074 3031 audienS,
3110 2957 3208 3019 vel
3249 2977 3286 3019 a
3322 2957 3500 3019 Patre
3541 2957 3804 3032 distans,
3837 2959 3946 3020 sed

2379 3056 2422 3117 C
2451 3058 2737 3120 eamdem
2797 3056 3170 3138 sapientiam
3221 3063 3414 3137 atque
3461 3056 3800 3119 essentiam
3852 3075 3950 3118 re-

2451 3155 2747 3237 cipiendo
2776 3175 2813 3216 a
2842 3153 3042 3228 Patre,
3075 3173 3268 3236 quam
3306 3155 3496 3216 habet
3522 3155 3723 3217 Pater.
3757 3155 3950 3217 Audit

2452 3273 2624 3335 ergo,
2684 3254 2748 3316 id
2806 3260 2921 3327 est,
2984 3252 3500 3315 intellectualiter
3558 3254 3854 3336 percipit,
3911 3274 3950 3316 a

2451 3353 2650 3425 Patre,
2693 3351 3010 3433 quidquid
3062 3350 3361 3431 intelligit
3402 3350 3600 3413 Pater.

2531 3450 2650 3512 Sed
2699 3451 3018 3531 quomodo
3069 3449 3222 3511 dicit
3258 3450 3611 3513 Praecursor
3656 3451 3736 3512 de
3774 3451 3950 3514 Chri-

2454 3548 3045 3623 sto,Testimonium
3076 3547 3216 3628 ejus
3249 3566 3434 3612 nemo
3463 3547 3948 3632 accipittquum

2453 3647 2518 3709 in
2579 3647 2835 3709 Daniele
2892 3645 3200 3728 scriptum
3258 3647 3360 3720 sit,
3412 3645 3640 3708 Omnes
3701 3648 3946 3731 populi,
3977 3669 4225 3714 nummu.

2454 3746 2660 3808 tribus
2709 3755 2771 3809 et
2819 3746 3053 3826 linguae
3101 3746 3379 3808 servient
3418 3745 3518 3826 ei;
3561 3745 3846 3829 itemque
3885 3748 3948 3809 in

2454 3845 2720 3920 Psalmo,
2755 3845 3266 3908 Reminiscentur
3295 3852 3356 3906 et
3395 3853 3847 3908 convertentur
3873 3847 3951 3908 ad
3981 3861 4222 3909 raum.

2458 3944 2794 4006 Dominum
2838 3943 3152 4006 universae
3193 3943 3453 4006 familiae
3486 3945 3797 4024 gentium.
3831 3944 3950 4007 Sed

2457 4050 2519 4104 et
2546 4043 2801 4124 quando
2831 4041 3100 4104 Joannes
3140 4041 3273 4103 haec
3313 4041 3494 4116 dixit,
3529 4040 3755 4104 habuit
3783 4043 3956 4106 Chri-

2458 4149 2591 4203 stus
2651 4140 2993 4205 nonnullos
3052 4139 3442 4221 discipulos;
3495 4147 3556 4201 et
3613 4141 3753 4222 ipse
3800 4160 3958 4224 quo-

850 4243 1119 4305 turalem
1186 4242 1743 4317 illuminationem,
1805 4241 2348 4323 quemadmodum
2379 4241 2582 4321 une
2630 4239 2907 4321 Baptista
2963 4237 3188 4319 utique
3239 4238 3671 4302 testimonium
3721 4240 3950 4303 Christi

851 4340 1178 4424 Prophetae
1219 4348 1282 4404 et
1321 4340 1628 4423 Apostoli,
1673 4341 1809 4422 ipse
1853 4357 2113 4422 quoque
2159 4338 2220 4400 B.
2253 4339 2351 4401 Jo-

849 4459 1045 4503 annes
1076 4440 1372 4523 Baptista,
1406 4458 1598 4522 quem
1630 4446 1873 4502 certum
1914 4448 2014 4501 est
2052 4439 2172 4500 hoc
2213 4437 2350 4501 loco

852 4541 931 4603 de
995 4539 1360 4603 coelestibus
1427 4537 1570 4613 fari,
1634 4538 1762 4601 imo
1830 4538 1909 4600 de
1966 4535 2351 4618 supercoele-

852 4638 1055 4701 stibus
1104 4636 1340 4719 eloqui,
1394 4635 1635 4699 scilicet
1692 4637 1771 4698 dc
1820 4635 1997 4697 Patrc
2054 4642 2115 4696 et
2165 4634 2344 4698 Filio.

855 4737 983 4807 Qui
1009 4739 1089 4798 de
1115 4739 1265 4798 coelo
1296 4737 1499 4805 venit,
1529 4735 1874 4796 humanam
1920 4741 2211 4795 naturam
2256 4753 2354 4795 as-

853 4834 1183 4907 sumendo,
1232 4839 1295 4894 et
1336 4831 1677 4894 visibiliter
1721 4832 2086 4913 apparendo
2130 4849 2353 4912 supcr-

854 4931 1254 5012 naturalique
1298 4932 1484 4994 modo
1528 4931 1863 5003 nascendo,
1908 4949 2102 5006 super
2138 4949 2352 4990 omnes

849 5041 963 5100 est,
997 5028 1385 5112 perfectione
1426 5035 1665 5090 naturae
1712 5028 1920 5109 quoad
1966 5046 2145 5089 suam
2193 5026 2354 5089 divi-

854 5129 1136 5202 nitatem,
1183 5134 1245 5189 et
1291 5126 1665 5189 excellentia
1709 5126 1928 5206 gratiae
1973 5127 2182 5206 quoad
2234 5125 2354 5188 hu-

854 5226 1219 5288 manitatem
1264 5232 1678 5307 assumptam.

934 5327 1017 5386 Εἰ
1054 5327 1225 5402 quod
1263 5324 1431 5385 vidit
1470 5333 1529 5384 et
1565 5325 1852 5394 audivit,
1891 5325 2005 5384 hoc
2044 5331 2353 5395 testatur,-

2457 4338 2721 4420 accepit.
2769 4337 2844 4399 Et
2894 4337 3430 4419 respondendum,
3473 4338 3644 4418 quod
3686 4337 3952 4401 loannes

2458 4437 2578 4498 hoc
2634 4435 2858 4497 asserit
2913 4437 2990 4498 ad
3053 4435 3506 4497 insinuandum
3572 4436 3952 4516 paucitatem

2456 4533 2812 4597 Judaeorum
2855 4534 2922 4595 in
2964 4532 3283 4596 Christum
3323 4533 3740 4595 credentium.
3772 4534 3956 4598 Juxta

2459 4651 2654 4714 quem
2711 4633 2973 4695 modum
3031 4631 3188 4694 dicit
3245 4630 3584 4713 Apostolus
3646 4650 3659 4693 ε
3723 4631 3950 4695 Omnes
3990 4655 4218 4708 μαι-μμ

2459 4751 2604 4813 quae
2661 4751 2775 4794 sua
2838 4738 2988 4793 sunt
3050 4738 3364 4811 quaerunt,
3425 4748 3551 4793 non
3609 4749 3754 4812 quae
3809 4732 3948 4794 Jesu
3977 4723 4037 4761 ²¹·

2461 4829 2713 4893 Christi.
2766 4829 2868 4892 Sic
2918 4829 3108 4892 etiam
3153 4827 3438 4891 Michaeas
3492 4829 3646 4891 dicit
3697 4848 3711 4892 :
3770 4830 3952 4893 Periit
3975 4850 4204 4898 meante

2461 4935 2715 4990 sanctus
2763 4928 2840 4989 de
2884 4935 3070 5002 terra,
3104 4934 3168 4988 et
3213 4934 3420 4988 rectus
3469 4926 3534 4988 in
3584 4926 3949 4991 hominibus

2461 5045 2586 5088 non
2631 5033 2748 5087 est.

2544 5125 2673 5193 Qui
2703 5133 2917 5184 autem
2958 5125 3268 5200 acceperit
3300 5113 3448 5201 ‘eju-s·
3487 5124 3944 5194 testimonium,
4071 5132 4136 5186 33

2464 5222 2673 5286 verbis
2722 5221 2951 5284 Christi
2999 5221 3333 5294 credendo,
3363 5222 3672 5298 siynavit,
3719 5222 3784 5284 id
3831 5233 3939 5298 est,

2461 5318 2884 5383 consideravit
2914 5326 2976 5380 et
3015 5337 3128 5381 suo
3165 5326 3310 5382 actu
3345 5318 3724 5382 monstravit
3751 5337 3823 5382 ac
3853 5319 3942 5380 in·-
