4300 6259
37 738 98 777 ta.

87 1068 276 1111 Marta.

47 2058 144 2099 Aet.
165 2058 330 2107 2138.

71 3046 206 3089 Dent.
224 3058 336 3097 xvn,

59 3110 84 3135 0

1139 487 1490 536 ENARRATIO
1535 488 1598 535 ΙΝ
1639 487 1777 535 ΟΔΡ.
1822 488 1865 533 X
1905 488 2183 535 JOANle.
2226 507 2307 517 —
2348 490 2493 535 ΛΒΤ.
2535 490 2685 536 xxvl

356 755 628 831 idolum,
678 758 1130 838 derelinquens
1175 774 1472 839 gregem3
1525 757 1858 820 brachium

353 854 502 934 ejus
533 855 824 917 ariditate
855 856 1219 918 siccabitur.
1246 855 1504 937 Oportet
1534 873 1682 937 ergo
1713 875 1861 937 prae-

355 953 560 1016 latum
605 954 1016 1017 vehementer
1064 972 1202 1017 esse
1252 954 1618 1029 sollicitum,
1663 962 1734 1015 ut
1780 954 1862 1015 sit

356 1070 585 1117 servus
625 1052 839 1116 fidelis
878 1061 940 1115 et
981 1054 1260 1135 prudens
1299 1071 1492 1135 quem
1535 1052 1863 1116 constituit

356 1149 669 1213 Dominus
715 1170 910 1234 super
952 1150 1264 1213 familiam
1307 1170 1509 1212 suam.
1547 1149 1652 1212 Est
1695 1151 1862 1213 enim

359 1255 577 1312 custos
628 1268 852 1313 eorum
901 1270 1018 1332 pro
1062 1269 1342 1332 quorum
1391 1249 1594 1311 salute
1645 1250 1864 1329 unige-

359 1347 537 1409 nitus
597 1347 796 1410 Filius
853 1349 963 1411 Dei
1013 1366 1202 1411 verus
1262 1347 1447 1423 DeuS,
1500 1348 1862 1410 incarnatus

358 1454 558 1527 atque
597 1448 848 1510 occisus
887 1454 982 1509 est
1016 1466 1029 1509 :
1065 1447 1304 1509 idcirco
1344 1465 1469 1509 non
1515 1446 1727 1510 minus
1767 1465 1864 1508 so-

360 1545 578 1619 lerter,
613 1544 961 1609 affectuose
1002 1554 1194 1626 atque
1237 1545 1506 1607 sollicite
1548 1544 1867 1607 custodire

359 1642 556 1705 debet
611 1644 857 1706 animas
917 1644 1040 1706 sibi
1100 1644 1609 1718 commissorum,
1670 1662 1866 1724 quam

359 1742 746 1823 sanguinem
803 1742 1058 1817 Christi,
1123 1742 1174 1805 si
1236 1742 1420 1805 illum
1481 1742 1547 1803 in
1608 1741 1867 1823 propria

3342 472 3465 538 465

57 671 214 750 ζει-ιι.
245 684 316 723 ιι.
349 663 475 718 tes.
533 657 862 721 Zacharias
922 676 1181 740 quoque
1225 658 1315 721 ait
1366 678 1380 721 ε
1431 659 1478 722 Ο
1538 668 1751 742 pastor
1798 658 1938 721 etA
1973 660 2238 723 laetatur.
2280 696 2361 707 --
2399 660 2739 737 Postremo,
2793 662 3087 744 praelatus
3136 662 3228 725 sic
3276 661 3465 724 debet

1971 776 2109 819 esse
2148 758 2343 833 mitis,
2382 777 2508 822 non
2558 760 2922 835 iracunduS,
2959 767 3028 822 ut
3076 767 3286 822 tamen
3334 778 3461 822 non

1973 856 2055 918 sit
2103 857 2426 930 remissus,
2469 858 2579 919 sed
2622 864 2943 937 strenuuS,
2987 875 3259 939 pensans
3304 856 3463 920 illud

1971 953 2255 1036 Apostoli
2312 955 2389 1016 ad
2437 950 2741 1037 Ephesios
2794 973 2809 1017 ε
2862 955 3093 1030 PatreS‚
3144 955 3341 1019 nolite
3386 957 3464 1018 ad
3518 970 3756 1027 Ephoem,

1973 1052 2365 1115 iracundiam
2416 1072 2759 1136 provocare
2805 1053 2975 1117 filios
3020 1062 3303 1136 vestros3
3354 1055 3464 1117 sed
3493 1037 3535 1077 ⁴·

1973 1152 2235 1213 educate
2285 1152 2426 1215 illos
2476 1153 2542 1214 in
2585 1153 2925 1234 disciplina
2966 1159 3029 1215 et
3077 1154 3467 1217 correctione

1973 1248 2246 1311 Domini.

2055 1346 2393 1410 Sciendum
2437 1367 2695 1429 quoque
2737 1350 2908 1430 quod
2953 1351 3304 1412 secundum
3342 1350 3471 1411 Au-

1975 1446 2326 1525 gustinum‚
2360 1454 2513 1508 tunc
2558 1447 2836 1509 ministri
2872 1447 3171 1511 Ecclesiae
3210 1467 3323 1511 seu
3365 1468 3473 1531 pa—

1979 1553 2178 1607 stores
2208 1544 2431 1625 fugere
2460 1554 2741 1628 possunt,
2762 1548 3016 1627 quando
3046 1564 3265 1611 eorum
3297 1549 3472 1609 dum—

1977 1650 2147 1706 taxat
2179 1662 2463 1726 personae
2486 1645 2983 1725 quaeruntur,vel
3008 1663 3229 1708 eorum
3260 1646 3471 1709 locum

1977 1761 2051 1804 ac
2082 1742 2505 1805 ministerium
2537 1743 2643 1805 alii
2679 1752 2946 1824 possunt
2970 1745 3296 1827 supplere,
3331 1746 3474 1827 qui-

361 1841 582 1923 specie
621 1841 882 1903 haberet
920 1842 1138 1923 aliquo
1179 1859 1326 1904 vase
1367 1840 1710 1903 inclusum.
1745 1840 1869 1902 Un-
1903 1842 1951 1905 B
1981 1841 2098 1902 bus
2149 1860 2276 1904 non
2329 1850 2425 1903 est
2472 1860 2659 1903 causa
2716 1842 3107 1904 rationabilis
3157 1842 3467 1924 fugiendi.

362 1941 446 2003 de
489 1939 556 2001 in
599 1940 864 2003 Actibus
908 1940 1138 2003 Paulus
1188 1939 1477 2003 hortatur
1526 1939 1814 2021 praelatos
1848 1956 1862 2001 ε

360 2040 690 2103 Attendite
729 2040 912 2103 vobis
955 2047 1018 2102 et
1066 2039 1365 2103 universo
1405 2040 1579 2119 gregi
1631 2039 1696 2100 in
1740 2058 1869 2120 quo

361 2158 479 2203 vos
521 2138 797 2220 Spiritus
829 2137 1093 2200 Sanctus
1137 2138 1348 2220 posuit
1386 2138 1740 2219 episcopOS,
1777 2156 1872 2199 re-

357 2255 516 2317 gere
562 2236 905 2299 Ecclesiam
955 2236 1082 2310 Dei‚
1117 2254 1312 2317 quam
1352 2235 1694 2317 acquisivit
1731 2254 1872 2297 san-

357 2336 561 2416 guine
590 2354 728 2397 suo.
762 2334 897 2398 Non
929 2334 1124 2415 igitur
1156 2333 1534 2396 intumescat
1572 2334 1870 2415 praelatus

357 2433 692 2516 superbia,
725 2434 836 2495 sed
875 2440 1137 2497 ornetur
1173 2450 1246 2494 ac
1285 2431 1728 2495 innobilitetur
1773 2432 1872 2512 ju-

359 2533 538 2595 stitia
574 2550 588 2595 :
625 2532 754 2595 imo
797 2539 969 2595 tanto
1013 2537 1218 2593 exstet
1263 2530 1588 2604 humilior,
1632 2538 1870 2611 quanto

359 2632 667 2714 ampliori
733 2631 976 2712 indiget
1036 2630 1236 2711 gratia
1300 2647 1375 2691 ac
1435 2628 1872 2692 misericordia

361 2732 522 2811 Deis,
569 2739 876 2812 tantoque
916 2730 1148 2811 justior
1188 2730 1292 2803 sit,
1335 2735 1573 2810 quanto
1621 2746 1874 2810 expres-

363 2830 504 2892 sius
537 2828 646 2891 Dei
685 2827 1176 2891 similitudinem
1213 2826 1397 2907 gerit,
1433 2834 1494 2887 et
1532 2825 1743 2890 locum
1785 2828 1876 2909 ip-

367 2928 507 2990 sius
537 2928 818 3009 supplet.
840 2927 999 2988 Hinc
1029 2926 1097 2987 in
1129 2924 1610 2988 Deuteronomio
1637 2924 1873 3008 Moyses

1978 1938 2183 2011 Quum
2246 1950 2456 2003 autem
2515 1940 2805 2003 omnium
2868 1959 3207 2004 commune
3271 1950 3474 2005 exstat

1982 2038 2341 2120 periculum
2388 2058 2501 2101 seu
2547 2039 2859 2119 generalis
2920 2040 3299 2121 persecutio,
3352 2041 3477 2103 cle-

1981 2136 2257 2200 ricorum
2300 2138 2611 2201 videlicet·
2632 2148 2693 2200 et
2741 2138 3071 2213 laicorum,
3114 2140 3211 2203 vel
3264 2140 3479 2221 singu-

1981 2235 2197 2298 lariter
2248 2236 2552 2299 laicorum
2594 2254 2707 2298 seu
2754 2237 3178 2313 subditorum,
3222 2256 3339 2301 nec
3383 2246 3478 2301 est

1981 2334 2092 2414 qui
2128 2332 2299 2415 plebi
2331 2335 2681 2396 remanenti
2714 2334 3113 2397 sufficienter
3142 2336 3477 2411 ministret,

1984 2433 2163 2495 nullo
2212 2434 2398 2495 modo
2439 2433 2670 2495 debent
2716 2433 2993 2495 ministri
3043 2432 3339 2497 Ecclesiae
3379 2434 3479 2496 fu—

1982 2518 2153 2612 gere,
2190 2550 2306 2593 nec
2337 2532 2479 2595 illos
2510 2533 2800 2594 deserere
2829 2533 2943 2613 qui
2977 2532 3261 2613 indigent
3291 2534 3470 2615 ipsis,

2063 2630 2369 2693 Praeterea
2396 2631 2578 2694 docet
2606 2629 2888 2693 Salvator
2920 2632 3334 2712 proprietates
3367 2632 3477 2695 bo-

1986 2729 2049 2791 ni
2103 2728 2371 2810 pastoris
2429 2728 2549 2790 sibi
2611 2728 2841 2791 inesse.
2886 2732 3021 2807 Eyo
3067 2750 3209 2790 sum
3253 2740 3479 2806 pastor

1984 2830 2184 2888 bonus
2213 2848 2235 2887 .·
2274 2827 2440 2889 sicut
2486 2846 2659 2889 nunc
2708 2828 2947 2889 dictum
2995 2835 3186 2909 atque
3234 2828 3477 2910 exposi-

1984 2934 2122 2987 tum
2179 2932 2295 2999 est,
2348 2933 2411 2987 et
2466 2936 2929 3007 consequenter
2984 2926 3343 3008 exponitur.
3392 2932 3479 2990 Ec

3614 2725 3681 2781 u

369 3026 684 3110 praecepit
729 3044 742 3087 ε
793 3024 928 3088 Non
979 3025 1265 3087 elevetur
1313 3042 1421 3087 cor
1467 3023 1606 3104 ejus
1655 3024 1722 3086 in
1773 3043 1876 3085 su·
1911 3026 1956 3091 C
1985 3044 2281 3101 coquos-eo
2329 3044 2522 3096 meas,
2573 3024 2636 3086 id
2686 3032 2781 3085 est
2828 3042 2975 3087 oves
3026 3024 3278 3099 electaS,
3325 3044 3480 3107 qua-

371 3125 666 3208 perbiam
707 3142 902 3206 super
949 3122 1175 3185 fratres
1225 3140 1393 3195 suOS,
1437 3140 1645 3203 neque
1687 3122 1878 3185 decli-

370 3232 480 3286 net
525 3224 592 3285 in
638 3230 884 3305 partem
927 3223 1246 3284 dexteram
1294 3220 1393 3283 vel
1437 3220 1780 3282 sinistram.

437 3322 746 3385 Praeterea
773 3320 982 3402 qualis
1015 3317 1238 3382 debeat
1267 3336 1406 3381 esse
1436 3326 1668 3400 pastor,
1693 3320 1876 3382 docet

361 3422 710 3503 Gregorius
760 3421 826 3484 in
875 3419 1198 3493 Pastorali,
1245 3419 1513 3481 dicendo
1557 3436 1570 3480 :
1613 3417 1874 3499 Oportet

362 3531 440 3585 ut
487 3520 764 3586 sollicite
811 3517 1024 3581 metiri
1076 3536 1144 3579 se
1192 3519 1459 3591 studeat,
1501 3524 1738 3599 quanta
1784 3525 1874 3578 te-

364 3622 594 3684 nendae
653 3617 1055 3681 rectitudinis
1120 3616 1494 3678 necessitate
1556 3616 1869 3678 constrin-

357 3720 559 3800 gitur,
596 3717 717 3780 sub
749 3715 934 3797 cujus
963 3715 1383 3778 aestimatione
1413 3715 1689 3796 populus
1717 3732 1870 3795 grex

363 3825 642 3881 vocatur.
665 3814 758 3877 Sit
787 3832 935 3894 ergo
968 3812 1263 3894 praelatus
1295 3812 1666 3892 cogitatione
1695 3830 1873 3873 mun-

364 3918 511 3991 duS,
567 3915 816 3977 actione
875 3912 1261 3994 principum,
1314 3911 1624 3973 discretus
1675 3910 1740 3972 in
1791 3910 1874 3971 si-

315 4031 342 4055 *
368 4014 590 4088 lentio,
628 4012 804 4075 utilis
834 4012 902 4073 in
935 4009 1154 4083 verbe,
1192 4009 1460 4089 singulis
1492 4008 1874 4091 compassio-

369 4132 450 4177 ne
491 4112 847 4195 proximu8‚
883 4129 1012 4192 prae
1051 4109 1296 4171 cunctis
1341 4108 1872 4190 contemplatione

1988 3143 2129 3184 rum
2177 3123 2435 3186 nomina
2475 3123 2712 3205 scripta
2750 3122 2952 3185 habeo
2991 3123 3055 3184 in
3103 3122 3268 3187 libro
3308 3126 3472 3188 vitae.
3522 3144 3759 3199 amam,

1986 3221 2162 3283 Unde
2218 3222 2295 3283 ad
2353 3220 2602 3303 Moysen
2664 3222 2947 3302 loquitur
3000 3238 3014 3283 :
3066 3220 3218 3285 Novi
3282 3231 3343 3285 te
3400 3240 3475 3285 ex
3505 3211 3710 3317 ”jhoa-

1987 3322 2266 3383 nomine.
2292 3323 2379 3381 Ει
2415 3328 2796 3397 eoquo-scunt
2832 3340 2949 3392 me,
2987 3320 3051 3382 id
3100 3327 3215 3396 est,
3251 3339 3479 3401 cogno-
3505 3350 3647 3387 ιιιιιι,
3684 3339 3750 3380 ¹7.

1985 3420 2217 3481 scendo
2249 3427 2605 3499 sequuntur
2635 3435 2758 3493 me,
2792 3418 3083 3499 mihique
3114 3436 3228 3500 per
3257 3420 3478 3481 carita—

1985 3525 2112 3579 tem
2143 3517 2469 3591 obediunt,
2492 3536 2660 3583 meae,
2681 3516 2743 3578 id
2774 3523 2869 3577 est
2896 3534 3046 3579 oves
3074 3517 3310 3579 electae.
3328 3516 3481 3579 Obe-

1983 3615 2169 3678 diunt
2197 3616 2368 3676 enim
2396 3622 2737 3695 antequam
2769 3614 3143 3690 moriantur,
3176 3617 3477 3696 quamvis

1984 3714 2304 3776 interdum
2350 3713 2458 3775 diu
2509 3712 2777 3774 rebelles
2828 3712 2973 3774 sint.
3015 3712 3225 3775 Palam
3272 3714 3479 3777 omni-

1983 3830 2066 3875 no
2113 3820 2231 3887 est,
2282 3812 2452 3893 quod
2501 3808 2787 3874 Christus
2841 3812 3191 3873 secundum
3243 3818 3478 3874 utram-

1981 3928 2108 3992 que
2148 3919 2436 3972 naturam
2486 3909 2807 3990 cognoscit
2845 3927 2995 3972 oves
3044 3928 3189 3973 suas
3231 3911 3473 3993 duplici

1983 4009 2364 4089 cognitione,
2391 4016 2610 4091 utpote
2642 4026 2656 4070 :
2692 4009 3181 4090 contemplativa
3209 4009 3317 4090 (de
3345 4029 3475 4091 qua

1982 4106 2152 4170 fatur
2208 4107 2565 4190 ApostoluS,
2627 4106 2851 4169 Omnia
2907 4106 3075 4168 nuda
3138 4115 3201 4169 et
3257 4116 3475 4190 aperta
3543 4124 3763 4177 aean-,m

370 4230 747 4294 suspensuS‚
792 4209 958 4271 bene
1005 4207 1338 4288 agentibus
1389 4224 1503 4288 per
1549 4206 1874 4268 humilita-
1902 4212 1953 4275 D
1984 4214 2132 4267 sunt
2170 4204 2371 4268 oculis
2412 4206 2591 4286 ejus3
2632 4206 2711 4267 de
2747 4224 2877 4287 qua
2922 4205 3111 4267 etiam
3154 4206 3217 4267 in
3262 4205 3475 4269 Eccle-
3504 4192 3570 4233 ¹³·

371 4318 500 4373 tem
565 4308 800 4381 sociuS,
867 4313 1086 4369 contra
1145 4304 1656 4387 delinquentium
1720 4304 1874 4367 vitia

367 4428 486 4492 per
546 4406 812 4488 justitiae
873 4405 1080 4467 zelum
1143 4411 1413 4477 erectus,
1475 4403 1871 4466 internorum

364 4525 590 4571 curam
633 4505 699 4567 in
731 4503 1113 4566 exteriorum
1153 4501 1567 4583 occupatione
1597 4520 1724 4566 non
1767 4502 1874 4564 mi-

303 4685 322 4693 -
365 4624 594 4679 nuenS,
632 4602 1018 4665 exteriorum
1060 4599 1523 4682 providentiam
1559 4600 1622 4662 in
1665 4600 1877 4662 interi-

366 4721 556 4768 orum
591 4699 1023 4765 sollicitudine
1053 4717 1180 4762 non
1213 4698 1606 4779 relinquens.
1631 4698 1875 4760 Hucus-

365 4820 496 4884 que
528 4798 893 4881 Gregorius.
925 4797 1012 4859 De
1044 4797 1304 4877 indigno
1333 4797 1591 4858 demum
1624 4803 1876 4877 pastore

363 4901 457 4963 ait
505 4899 574 4961 in
626 4896 893 4960 homilia
934 4912 948 4959 ε
987 4894 1408 4957 Mercenarius
1459 4903 1575 4968 est,
1629 4894 1741 4975 qui
1787 4894 1876 4957 lo-

367 5018 521 5063 cum
567 4995 952 5080 praelationis
995 4994 1061 5056 in
1097 4992 1373 5055 Ecclesia
1409 5000 1602 5069 tenet,
1637 4994 1746 5055 sed
1780 4994 1875 5055 lu-

371 5118 558 5163 crum
589 5096 948 5159 animarum
979 5112 1106 5157 non
1137 5091 1386 5175 quaerit,
1411 5092 1680 5153 terrenis
1712 5110 1876 5155 com-

377 5195 586 5261 modis
631 5193 858 5267 inhiat,
902 5192 1140 5255 honore
1188 5189 1573 5272 praelationis
1618 5191 1870 5269 gaudet,

378 5297 676 5379 impensa
741 5290 866 5355 sibi
933 5289 1013 5352 ab
1084 5289 1452 5353 hominibus
1521 5288 1877 5353 reverentia

630 5425 698 5478 T.
732 5424 814 5476 12.

1983 4304 2237 4368 siastico
2296 4303 2549 4384 legitur,
2611 4304 2876 4367 Domino
2943 4304 3067 4367 Deo
3131 4312 3473 4386 antequam
3499 4322 3766 4376 Exitum.

1983 4409 2369 4477 crearentur,
2402 4402 2617 4464 omnia
2654 4408 2803 4464 sunt
2840 4402 3151 4483 cognita);
3196 4409 3257 4463 et
3296 4403 3471 4479 item,
3503 4388 3571 4430 ²⁹·

1984 4500 2341 4583 cognitione
2370 4501 2693 4581 operativa
2730 4518 2840 4563 seu
2878 4500 3313 4582 approbativa,
3347 4520 3477 4583 qua

1985 4598 2277 4683 providet
2323 4598 2457 4661 suis
2506 4599 2582 4659 de
2628 4598 2927 4662 omnibus
2978 4600 3349 4663 necessariis
3396 4602 3475 4664 ad

1983 4698 2251 4760 salutem
2306 4715 2319 4758 :
2372 4697 2450 4759 de
2496 4715 2625 4778 qua
2681 4696 3040 4775 cognitione
3096 4696 3325 4760 Paulus
3384 4706 3478 4761 te-

1983 4805 2204 4872 statur,
2237 4796 2300 4859 Si
2344 4795 2491 4877 quis
2535 4794 2743 4873 diligit
2784 4792 3001 4869 Deu'm,
3036 4794 3141 4857 hic
3185 4798 3475 4877 cognitus
3523 4815 3763 4867 moram.

1983 4904 2080 4959 est
2119 4894 2199 4957 ab
2244 4896 2375 4958 illo.
3504 4884 3544 4925 ³·

2063 4998 2251 5056 Sicut
2299 4995 2482 5055 novit
2530 5012 2629 5053 me
2677 4995 2894 5064 Pater,
2944 5001 3004 5052 et
3051 5012 3160 5071 eqo
3208 5012 3475 5071 aquosae
3614 5007 3683 5062 15

1981 5094 2270 5155 Patrem.
2322 5089 2525 5151 Verba
2579 5089 2699 5151 ista
2753 5088 3095 5171 dupliciter
3150 5106 3479 5173 exponun—

1983 5197 2090 5251 tur
2123 5207 2136 5251 :
2171 5188 2401 5263 Primo,
2436 5195 2505 5249 ut
2544 5187 2609 5249 in
2640 5188 2731 5249 eis
2761 5187 3219 5251 determinetur
3250 5191 3479 5253 modus

1986 5305 2115 5369 quo
2164 5286 2447 5351 Christus
2496 5285 2816 5368 cognoscit
2860 5302 3011 5351 oves
3068 5304 3237 5363 suaa,
3288 5294 3479 5369 atque

3170 5419 3234 5473 30
