4300 6259
1631 513 1982 561 mantuano
2023 513 2088 559 m
2128 512 2268 561 CAP.
2314 511 2421 557 vm
2462 511 2739 559 sumus.

2782 530 2864 541 —-
2906 510 3049 557 Aur.
3094 512 3225 557 xxu

875 706 984 751 sus
1037 688 1176 770 ejus
1222 707 1261 750 a
1309 686 1650 770 principio,
1694 706 1732 749 a
1779 685 2004 749 diebus
2057 683 2370 747 aeternita-
2398 680 2451 743 A
2480 686 2689 750 siones
2726 686 3023 751 oriuntur
3060 686 3127 749 in
3169 685 3369 759 vobiS,
3402 692 3466 747 et
3501 684 3835 747 induratur
3862 702 3965 746 eor

601 798 832 847 Pac-m-
875 788 997 867 tis;
1031 794 1092 849 et
1124 787 1189 849 in
1225 786 1491 859 Psalmo,
1525 784 1613 846 Ex
1646 793 1823 848 utero
1851 792 1996 846 ante
2027 782 2367 845 luciferum

874 885 1066 967 genui
1117 892 1200 947 te.
1244 883 1317 946 Et
1367 884 1543 947 venit
1588 883 1669 945 ab
1719 902 1813 957 eo,
1858 884 1920 945 id
1964 890 2080 956 est,
2124 900 2239 963 per
2278 881 2373 942 in-

877 984 1258 1047 carnationis
1305 983 1677 1065 mysterium
1718 982 2044 1044 descendit
2081 981 2147 1041 in
2188 999 2373 1041 mun-

879 1084 1030 1145 dum
1093 1082 1324 1145 missus
1372 1101 1409 1143 a
1453 1082 1650 1144 Patre.
1704 1080 1765 1143 Si
1827 1098 1975 1143 vero
2033 1080 2373 1160 loquamur

880 1182 958 1244 de
991 1181 1116 1243 Deo
1149 1180 1588 1253 essentialiter,
1613 1180 1777 1241 sicut
1814 1179 2239 1260 loquebantur
2268 1177 2369 1239 isti

875 1280 1072 1343 Judaei
1104 1278 1215 1361 qui
1247 1278 1570 1341 Trinitatis
1602 1278 1824 1340 notitia
1853 1284 2203 1349 caruerunt,
2223 1284 2373 1338 tunc

881 1377 1165 1441 Christus
1223 1379 1572 1439 secundum
1633 1383 1920 1438 naturam
1977 1382 2370 1457 assumptam

883 1475 1192 1559 processit
1219 1494 1296 1537 ex
1337 1476 1460 1539 Deo
1487 1475 1792 1538 Trinitate
1824 1493 1938 1556 per
1974 1475 2203 1536 anima·
2242 1492 2374 1535 suae

883 1574 1262 1637 creationem
1296 1583 1359 1637 et
1387 1575 1670 1656 corporis
1699 1572 2247 1654 supernaturalem
2279 1572 2375 1633 in-

882 1673 1349 1748 formationem,
1401 1681 1464 1735 et
1511 1672 1685 1735 venit
1737 1680 2037 1753 tanquam
2085 1670 2375 1733 minister

609 1786 834 1837 munia.
884 1773 1080 1836 illius.
1133 1772 1218 1835 De
1269 1791 1400 1855 quo
1447 1771 1608 1835 Deus
1656 1772 1742 1833 ait
1795 1790 1808 1833 :
1857 1770 2016 1833 Ecce
2064 1770 2375 1850 intelliget

2482 794 2787 861 vestrum,
2840 804 2921 848 ne
2968 786 3297 849 humiliter
3355 792 3579 867 penset
3622 804 3767 865 quae
3814 803 3965 866 prze-

2481 886 2642 949 dico.
2694 885 2809 957 Qui
2860 888 3031 949 enim
3091 886 3223 949 odit
3268 886 3464 948 alium
3524 884 3668 948 odio
3718 903 3961 965 magno,

2480 986 2796 1068 quidquid
2844 986 2971 1066 agit
3018 986 3117 1048 vel
3166 985 3449 1068 loquitur
3494 984 3625 1058 ille,
3676 984 3963 1065 displicet

2480 1084 2741 1147 odienti.
2774 1083 3035 1167 Propter
3071 1085 3241 1166 quod
3284 1084 3515 1165 legitur
3557 1084 3621 1145 in
3664 1082 3959 1145 Michaea:

2480 1182 2800 1264 Numquid
2841 1190 3121 1246 vestrum
3158 1190 3255 1245 cst
3291 1183 3455 1244 scire
3488 1180 3823 1263 judicium,
3854 1182 3963 1262 qui
4020 1201 4137 1243 ,νειι
4172 1216 4195 1250 ι,
4234 1172 4236 1253 ξ

2481 1281 2626 1344 odio
2666 1280 2911 1343 habetis
2951 1281 3234 1345 bonum?
3266 1280 3339 1343 Et
3380 1279 3645 1363 Sapiens
3684 1280 3775 1342 ait
3806 1298 3819 1343 :
3854 1280 3965 1341 Ex·
3988 1266 4197 1383 ἔξω,
4234 1292 4236 1299 ·

2482 1380 2739 1442 caecavit
2777 1398 2883 1442 eos
2924 1379 3167 1442 malitia
3206 1398 3449 1443 eorum.

2591 1477 2829 1541 Deinde
2884 1478 3169 1541 Christus
3225 1486 3441 1561 aperte
3496 1478 3773 1541 ostendit
3813 1478 3963 1559 quid

2485 1594 2599 1658 per
2638 1584 2879 1658 patrem
2908 1576 3267 1641 Judaeorum
3307 1594 3749 1658 perversorum
3789 1576 3966 1639 intel-

2484 1674 2730 1737 lexerit.
2754 1679 2869 1735 Vos
2895 1697 2977 1736 ea>
2998 1684 3189 1754 patre
3214 1676 3471 1735 dzabolo
3496 1678 3667 1742 estis,
3700 1694 3825 1739 non
3860 1693 3968 1757 per
4079 1690 4137 1744 u
4237 1665 4238 1753 i

2484 1773 2868 1837 creationem
2900 1773 2999 1837 vel
3028 1774 3521 1854 generationem,
3557 1782 3627 1835 ut
3652 1772 3967 1836 Manichaei

885 1890 1106 1933 servus
1137 1890 1339 1945 meuS,
1373 1880 1437 1933 et
1463 1870 1864 1943 exaltabitur,
1897 1877 1960 1932 et
1995 1869 2371 1943 elevabitur,
2414 1871 2734 1937 Bmentiti
2796 1880 2965 1945 sunt,
3027 1873 3137 1934 sed
3196 1890 3310 1954 per
3366 1872 3621 1935 malitiae
3676 1872 3970 1935 imitatio-

882 1978 944 2033 et
983 1970 1278 2033 sublimis
1325 1970 1447 2031 erit
1487 1970 1690 2032 valde.
1727 1971 1948 2047 Neque
1983 1970 2159 2029 enim
2198 1989 2237 2028 a
2278 1988 2376 2027 me

881 2074 1018 2149 ipso
1067 2072 1237 2141 veni,
1280 2070 1344 2131 id
1391 2077 1488 2131 est
1535 2070 1793 2152 propria
1826 2068 2146 2131 voluntate
2196 2068 2377 2128 dum-

883 2175 1070 2241 taxat,
1091 2168 1190 2231 vel
1223 2168 1546 2230 voluntate
1577 2168 1874 2240 humana,
1901 2174 2197 2246 tanquam
2232 2184 2377 2227 cau-

881 2286 950 2329 sa
981 2267 1187 2349 prima
1213 2285 1286 2328 ac
1322 2266 1682 2348 principali.
1717 2264 1926 2327 Nihilo
1955 2264 2168 2326 minus
2198 2263 2377 2327 Chri-

883 2372 1017 2427 stus
1048 2365 1396 2427 secundum
1429 2366 1598 2446 quod
1630 2364 1814 2438 DeuS,
1849 2362 2024 2425 misit
2063 2380 2129 2425 se
2161 2363 2373 2444 ipsum

883 2465 1234 2527 secundum
1291 2464 1462 2545 quod
1521 2463 1730 2526 homo.
1791 2461 2143 2526 Incarnatio
2200 2462 2373 2523 enim

882 2561 1046 2625 facta
1093 2571 1190 2625 est
1229 2582 1264 2624 a
1309 2569 1435 2625 tota
1482 2562 1786 2623 Trinitate
1821 2580 1834 2624 :
1872 2560 2220 2623 incarnatio
2268 2580 2376 2622 au-

881 2669 1010 2724 tem
1041 2668 1137 2723 est
1173 2661 1394 2724 missio
1431 2660 1596 2723 Filii.
1629 2660 1757 2723 Hoc
1795 2660 2090 2742 superius
2132 2660 2373 2722 dictum

882 2768 978 2822 est
1020 2759 1294 2842 plenius.
1330 2762 1460 2821 Sed
1499 2762 1611 2819 ille
1641 2779 1741 2818 me
1769 2759 1967 2819 misit.
2002 2757 2118 2830 Qui
2161 2764 2373 2819 autem

881 2858 1088 2939 diligit
1121 2857 1386 2931 Patrem,
1423 2857 1630 2937 diligit
1663 2856 1933 2935 Filium:
1974 2864 2038 2918 et
2063 2856 2176 2938 qui
2208 2863 2376 2918 amat

881 2956 1237 3019 mittentem
1272 2974 1345 3018 ac
1386 2955 1742 3029 Dominum,
1775 2962 1943 3016 amat
1981 2954 2246 3016 missum
2285 2962 2379 3016 at—

2486 1988 2657 2032 nem.
2691 1969 2990 2033 Diabolus
3036 1970 3207 2032 enim
3252 1978 3348 2032 est
3396 1977 3575 2052 pater
3612 1990 3806 2052 super
3842 1990 3971 2033 om·
3992 1994 4197 2045 laamas.

2486 2088 2597 2131 nes
2628 2067 2799 2131 filios
2830 2069 3159 2151 superbiai,
3180 2076 3249 2129 ut
3279 2069 3511 2132 dicitur
3541 2069 3605 2131 in
3634 2069 3970 2133 Job.1udaei

2484 2175 2696 2230 autem
2739 2167 2920 2230 valde
2970 2168 3258 2249 pomposi
3308 2166 3590 2242 fuerunt,
3624 2169 3967 2250 praesertim

2487 2273 2747 2349 propter
2792 2266 3043 2346 generis
3094 2265 3485 2347 dignitatem,
3538 2273 3602 2327 et
3646 2267 3799 2348 quia
3848 2286 3975 2349 prae

2487 2364 2711 2427 ceteris
2749 2364 3047 2444 gentibus
3086 2364 3290 2445 legem
3324 2384 3360 2425 a
3390 2365 3515 2429 Deo
3542 2374 3926 2447 acceperunt
3956 2383 3969 2427 :

2484 2465 2653 2525 unde
2695 2463 2853 2526 alios
2902 2463 3171 2545 populos
3220 2470 3675 2545 reputaverunt
3722 2482 3839 2545 pro
3882 2464 3976 2525 ni-

2436 2556 2637 2625 'hilo.
2690 2560 2996 2623 Similiter
3054 2561 3341 2625 diabolus
3400 2569 3497 2624 est
3551 2569 3729 2644 pater
3784 2580 3977 2644 super

2484 2678 2704 2724 omnes
2752 2659 2922 2723 filios
2974 2660 3251 2724 invidiae.
3284 2660 3529 2723 Invidia
3574 2680 3803 2743 nempe
3846 2662 3977 2723 dia·
4012 2688 4193 2742 Same.

2484 2759 2614 2822 boli
2654 2778 2825 2823 mors
2866 2759 3154 2822 introivit
3190 2759 3255 2821 in
3287 2759 3507 2823 orbem
3546 2768 3883 2829 terrarum.
3914 2768 3977 2823 et
4002 2756 4061 2795 ²⁵·

2486 2856 2819 2920 imitantur
2868 2876 3015 2920 eum
3065 2858 3177 2939 qui
3228 2866 3377 2919 sunt
3424 2876 3502 2919 ex
3552 2867 3727 2941 parte
3774 2858 3970 2921 illius.

2488 2960 2570 3019 Et
2616 2959 2943 3018 deside-ria
2988 2959 3199 3034 patris
3249 2960 3447 3017 vestri
3492 2960 3693 3019 vultis
3736 2960 3974 3035 facere,

881 3072 1008 3135 que
1053 3053 1439 3116 ministrum.
1472 3052 1778 3124 Quoniam
1821 3070 1970 3133 ergo
2006 3052 2201 3115 Judaei
2247 3071 2371 3115 non
2410 3052 2453 3117 C
2487 3055 2548 3117 id
2589 3063 2703 3129 est,
2748 3056 2943 3117 malas
2982 3054 3353 3119 affectiones
3396 3055 3630 3119 diaboli
3670 3075 3831 3138 quas
3874 3057 3981 3119 ha-

882 3153 1243 3216 dilexerunt
1281 3152 1598 3215 Christum
1644 3151 1751 3214 Dei
1801 3151 2054 3225 Filium,
2096 3152 2373 3232 legatum

883 3259 946 3314 et
995 3270 1272 3325 servum,
1327 3251 1534 3333 palam
1581 3250 1752 3332 quod
1803 3268 1919 3313 nec
1976 3249 2223 3312 Patrem
2275 3251 2373 3312 vel

882 3350 1080 3412 Deum
1125 3349 1502 3412 dilexerunt.

677 3448 750 3509 ⁴3
968 3452 1178 3519 Quare
1209 3452 1522 3529 loquelam
1557 3468 1764 3509 meam
1793 3466 1924 3509 non
1953 3450 2328 3525 coquoscitis
2347 3450 2377 3509 ?

884 3547 948 3610 id
1005 3555 1119 3621 est,
1173 3566 1289 3609 cur
1345 3564 1470 3610 non
1532 3545 1884 3626 intelligitis
1945 3546 2136 3608 verba
2192 3550 2375 3608 mea?

883 3665 998 3709 cur
1052 3664 1128 3707 ex
1185 3644 1488 3727 qualitate
1546 3644 2010 3727 praedicationis
2073 3662 2247 3719 meae,
2299 3663 2376 3706 ex

886 3743 1314 3828 profunditate
1353 3751 1416 3805 et
1451 3742 1740 3806 efficacia
1779 3743 2014 3824 eloquii
2065 3743 2213 3818 mei,
2250 3763 2374 3806 non

885 3842 1205 3905 attenditis
1257 3844 1428 3923 quod
1477 3860 1624 3904 vere
1681 3841 1802 3903 sim
1861 3840 2093 3904 missus
2141 3860 2179 3903 a
2226 3841 2372 3916 De0,

885 3950 948 4003 ot
987 3941 1254 4021 loquens
1293 3940 1487 4003 verba
1526 3940 1737 4002 illius?
1769 3938 1937 4003 Solet
1975 3940 2146 4001 enim
2187 3940 2377 4003 homo

604 4050 856 4099 lom-vn.
885 4038 1176 4121 cognosci
1207 4057 1284 4101 ex
1316 4039 1526 4102 verbis
1565 4038 1698 4101 suis
1733 4056 1746 4101 :
1781 4045 1844 4099 et
1872 4037 2175 4119 quoniam
2216 4057 2378 4100 nun-

592 4116 662 4157 “’
884 4156 1077 4220 quam
1125 4137 1371 4200 locutus
1421 4145 1518 4199 est
1563 4137 1753 4200 homo
1807 4136 1972 4198 sicut
2016 4136 2217 4211 JesuS,
2272 4137 2379 4199 de-

2484 3154 2592 3216 bet
2631 3154 2697 3216 in
2739 3172 2826 3227 se,
2861 3173 3019 3236 quas
3056 3154 3245 3215 etiam
3286 3154 3517 3235 ingerit
3547 3155 3749 3228 vobiS,
3786 3156 3979 3217 vultis

2486 3252 2833 3335 perducere
2894 3253 2971 3314 ad
3029 3250 3357 3326 effectum,
3420 3254 3862 3334 persequendo
3920 3261 3980 3315 et

2484 3350 2832 3414 occidendo
2888 3368 3012 3424 me,
3046 3358 3379 3432 ceteraque
3428 3358 3683 3431 peccata
3731 3360 3984 3433 patran-

2487 3450 2566 3512 do
2602 3467 2747 3530 quae
2788 3448 3123 3529 Apostolus
3168 3456 3348 3511 vocat
3394 3466 3587 3531 opera
3634 3449 3865 3523 carniS,
3914 3458 3982 3511 ut
4048 3481 4207 3523 GM..

2488 3554 2636 3610 sunt
2680 3545 2871 3619 furta,
2904 3546 3236 3621 adulteria,
3270 3546 3689 3629 blasphemia,
3724 3556 3983 3611 conten·
4008 3544 4121 3586 ¹⁹³¹·

2486 3646 2713 3719 tioneS,
2762 3644 2891 3719 irae,
2945 3646 3117 3719 rixae,
3160 3644 3614 3719 aemulationeS,
3665 3653 3859 3727 atque
3906 3647 3982 3709 si·

2488 3742 2685 3821 milia,
2730 3762 2873 3825 quae
2916 3743 2992 3805 ad
3032 3742 3275 3805 Galatas
3324 3742 3551 3805 Paulus
3596 3754 3977 3808 enumerat:

2488 3842 2564 3904 de
2612 3841 2849 3923 quibus
2898 3841 2985 3903 ait
3021 3841 3289 3904 Ioannes
3341 3840 3404 3901 in
3458 3841 3661 3923 prima
3711 3862 3827 3905 sua
3876 3843 3983 3907 Ca-

2488 3939 2737 4013 nonica,
2800 3939 2865 4001 In
2930 3939 3049 4001 hoc
3110 3939 3406 4021 apparuit
3462 3938 3658 4002 Filius
3718 3939 3853 4015 Dei,
3916 3950 4207 4005 utnon-m.

2487 4038 2789 4101 dissolvat
2830 4056 3023 4120 opera
3064 4038 3321 4100 diaboli.
4008 4028 4045 4067 ⁸·

2566 4136 2802 4199 Deinde
2851 4136 3135 4199 Christus
3186 4137 3460 4199 declarat
3508 4137 3671 4199 mala
3718 4138 3979 4213 diaboli,

883 4235 1119 4297 bebant
1145 4236 1462 4299 auditores
1495 4235 1667 4298 illius
1698 4235 2014 4316 loquelam
2051 4234 2192 4315 ejus
2226 4254 2378 4317 pen·
2410 4236 2459 4297 D
2487 4243 2548 4297 et
2587 4235 2863 4298 ostendit
2898 4252 3097 4316 quare
3126 4242 3188 4297 et
3216 4233 3491 4316 qualiter
3516 4235 3709 4298 Judaei
3752 4236 3982 4299 imitati

881 4352 1040 4405 sare,
1082 4334 1252 4416 quod
1300 4352 1422 4397 non
1469 4342 1635 4396 esset
1673 4333 1797 4395 nisi
1842 4332 2058 4395 divina
2099 4353 2172 4395 ac
2214 4336 2377 4415 regis

879 4431 1135 4495 Messiae.
1191 4432 1315 4496 Hoc
1367 4432 1653 4495 Christus
1709 4431 2118 4512 interrogavit
2177 4433 2379 4495 incre-

881 4531 1088 4614 pando
1133 4530 1398 4593 Judaeos.
1439 4530 1704 4611 Moxque
1757 4532 2095 4612 respondet
2145 4531 2379 4594 instru-

879 4630 1041 4692 endo
1072 4646 1178 4692 eos
1211 4647 1223 4691 :
1256 4632 1416 4710 quia
1447 4648 1575 4689 non
1602 4630 1862 4705 potestis
1891 4631 2124 4689 audire
2150 4650 2379 4691 sermo-

877 4748 1022 4789 nem
1053 4748 1258 4788 meum
1289 4747 1311 4786 .·
1342 4726 1405 4788 id
1441 4734 1557 4801 est,
1595 4726 1830 4789 idcirco
1861 4744 1986 4789 non
2020 4726 2375 4808 intelligitis

880 4825 1073 4887 verba
1113 4842 1273 4897 mea,
1309 4823 1612 4906 quoniam
1657 4832 1918 4905 propter
1957 4844 2282 4887 rancorem
2316 4834 2377 4887 et

882 4922 1351 5004 displicentiam
1380 4942 1574 5003 quam
1616 4922 1997 5003 concepistis
2037 4924 2375 4985 adversum

883 5038 984 5083 me
1041 5038 1116 5083 eo
1171 5022 1343 5103 quod
1404 5020 1726 5102 increpem
1788 5020 1941 5082 vitia
1999 5030 2228 5095 vestra,
2287 5022 2378 5083 sic

882 5118 1178 5181 obcaecati
1225 5118 1631 5199 induratique
1675 5118 1849 5193 estiS,
1883 5120 2053 5199 quod
2100 5138 2225 5182 non
2271 5138 2380 5201 po-

887 5216 1061 5279 testis
1091 5216 1530 5298 aequanimiter
1557 5216 1777 5278 audire
1806 5224 1868 5278 et
1898 5224 2067 5278 recte
2093 5216 2379 5297 judicare

891 5311 1084 5375 verba
1120 5330 1295 5393 mea3
1335 5314 1443 5375 sed
1489 5312 1698 5375 statim
1743 5312 1893 5374 dum
1946 5312 2194 5393 loquor,
2238 5332 2380 5396 pas-

2488 4341 2638 4395 sunt
2668 4334 2872 4396 illum.
2910 4334 3053 4403 Ille,
3090 4340 3242 4414 puta
3270 4332 3559 4395 diabolus
3592 4332 3841 4415 primus
3872 4352 3983 4397 seu

2488 4431 2762 4507 Lucifer,
2808 4434 3133 4493 homicida
3172 4442 3333 4499 erat,
3376 4432 3438 4494 id
3487 4439 3584 4493 est
3631 4432 3984 4514 spiritualis

2486 4530 2730 4594 occisor
2770 4530 3091 4593 interioris
3131 4528 3429 4603 hominiS,
3466 4530 3706 4592 scilicet
3744 4531 3985 4593 anima·

2488 4644 2631 4691 rum
2693 4629 3046 4712 primorum
3108 4635 3466 4710 parentum,
3512 4630 3591 4689 ab
3642 4630 3868 4700 inicio,
3921 4630 3985 4691 id

2488 4734 2583 4788 est
2612 4746 2647 4789 a
2690 4726 3007 4809 principio
3047 4744 3311 4807 operum
3354 4744 3463 4791 sex
3504 4726 3776 4800 dierum,
3813 4728 3985 4789 vide-

2487 4824 2636 4887 licet
2673 4844 2709 4886 a
2748 4834 3031 4906 tempore
3071 4822 3465 4886 formationis
3499 4824 3646 4886 Adae
3682 4830 3745 4886 et
3788 4824 3933 4888 Evae
3966 4844 3979 4888 :
4042 4860 4049 4865 ·

2487 4922 2639 5004 quia
2685 4929 2753 4984 ut
2801 4930 2972 5004 patet
3020 4921 3084 4983 in
3124 4921 3371 4995 Genesi,
3406 4940 3689 5003 serpens,
3724 4922 3847 4985 hoc
3890 4931 3984 4985 est
4024 4943 4207 4989 aemam·

2489 5020 2778 5083 diabolus
2818 5039 2932 5101 per
2970 5028 3352 5102 serpentem,
3388 5020 3637 5101 decepit
3670 5018 3891 5095 Evam,
3924 5030 3985 5083 θῖ
4006 5014 4043 5060 ⁶·
4063 5012 4115 5051 ¹³·

2490 5136 2603 5200 per
2653 5118 2825 5180 illam
2886 5118 3137 5180 induxit
3182 5117 3377 5180 Adam
3426 5119 3502 5179 ad
3562 5118 3983 5181 inobedienti-

2487 5235 2611 5289 am,
2648 5216 2867 5297 sicque
2912 5223 3177 5297 uterque
3220 5234 3440 5279 eorum
3486 5216 3773 5297 peccavit
3816 5236 3983 5281 mor-

2490 5314 2719 5388 taliter,
2774 5321 2834 5375 et
2890 5320 3019 5377 tota
3069 5313 3399 5396 posteritas
3456 5312 3693 5376 infecta
3748 5322 3867 5391 est,
3918 5323 3978 5377 et
