4300 6259
604 688 671 744 19

800 485 922 550 366

1604 500 1952 548 mannum
1994 499 2058 545 {N
2098 498 2238 546 cn.
2283 499 2324 542 V
2362 497 2638 545 somnus.
2684 518 2765 530 —
2802 500 2944 548 ΛΒΤ.
2991 501 3102 548 xm

804 675 1027 753 itaque
1069 677 1275 744 Iesus,
1318 685 1378 736 et
1416 675 1594 736 dimit
1639 675 1732 734 eis
1770 694 1793 733 .·
1834 675 2067 740 Amen,
2111 690 2298 732 amen
2328 669 2379 731 A
2407 667 2614 732 Potest
2655 679 2863 734 autem
2913 680 2976 734 et
3025 673 3108 736 ita
3157 673 3390 756 exponi
3442 691 3458 736 ε
3507 673 3642 737 Non
3691 681 3902 756 potest

804 775 948 834 dico
998 775 1190 845 vebia,
1223 794 1352 835 non
1396 782 1597 851 potest
1646 775 1863 834 Filius
1909 794 1952 833 a
1987 792 2052 832 se
2088 775 2302 850 facere

804 873 1191 950 quidquam,
1229 875 1365 932 nisi
1402 875 1575 952 quod
1614 873 1853 932 viderit
1896 873 2160 932 Patrem
2198 869 2301 944 fa-

802 971 1094 1032 cientem.
1147 969 1267 1032 Sed
1316 989 1392 1032 ex
1442 972 1561 1034 hoc
1604 970 1791 1030 Arius
1834 977 1898 1030 et
1950 967 2297 1031 Eunomius

801 1077 1149 1147 arguerunt
1194 1071 1363 1150 quod
1413 1068 1617 1130 Filius.
1658 1075 1824 1128 esset
1873 1084 1950 1127 ex
2000 1083 2067 1128 se
2116 1063 2300 1126 infir-

802 1185 968 1240 mus,
1021 1177 1085 1229 et
1132 1186 1247 1250 per
1293 1185 1689 1249 consequens
1741 1167 1951 1229 minor
1997 1165 2192 1236 Patre,
2235 1170 2297 1224 et

803 1282 964 1345 pura
1007 1274 1295 1329 creatura
1342 1285 1355 1328 :
1402 1275 1465 1328 et
1514 1267 1664 1328 satis
1715 1264 1985 1327 difficile
2033 1269 2296 1345 apparet

799 1367 1121 1445 quomodo
1172 1364 1255 1428 sit
1310 1384 1498 1428 verus
1546 1364 1709 1426 Deus
1759 1371 1951 1444 atque
2007 1363 2298 1443 omnipo-

800 1471 961 1537 tenS,
995 1464 1147 1545 quia
1175 1483 1211 1525 a
1242 1482 1309 1526 se
1355 1483 1479 1527 non
1519 1470 1725 1545 potest
1762 1462 2137 1543 quidquam.
2173 1458 2294 1522 Sed

800 1580 926 1625 non
985 1570 1081 1624 est
1138 1563 1535 1645 impossibile
1604 1562 1723 1624 ista
1790 1560 2158 1623 dissolvere.
2219 1558 2296 1620 Ut

798 1661 971 1723 enim
1013 1662 1371 1724 ostenderet
1404 1660 1689 1724 Christus
1740 1679 1807 1722 se
1845 1679 1882 1721 a
1930 1658 2109 1720 Patre
2155 1675 2294 1719 esse

798 1759 1135 1840 recepisse,
1188 1767 1250 1822 et
1294 1759 1525 1822 habere
1560 1758 1873 1841 quidquid
1918 1765 2013 1819 est
2068 1762 2130 1818 et
2186 1756 2295 1817 ha-

2409 768 2604 830 Filius
2654 789 2690 831 a
2737 789 2804 832 se
2861 771 3070 834 facere
3125 773 3500 854 quidquam,
3553 773 3674 834 nisi
3725 773 3898 853 quod

2410 868 2639 930 viderit
2671 869 2910 933 Patrem
2962 871 3322 934 facientem.
3362 872 3682 953 Tanquam
3733 873 3903 934 dice-

2409 975 2503 1028 ret
2537 985 2550 1029 :
2588 967 2713 1030 Hoc
2750 970 2922 1050 quod
2953 969 3150 1031 Filius
3183 970 3355 1032 videt
3382 968 3590 1032 facere
3629 969 3896 1043 Patrem,

2407 1065 2528 1128 hoc
2569 1067 2760 1129 etiam
2805 1075 3012 1149 potest
3061 1068 3199 1150 ipse
3232 1068 3423 1130 Filius
3465 1067 3671 1130 facere
3719 1087 3756 1130 a
3803 1086 3894 1142 se,

2408 1163 2469 1225 id
2511 1172 2605 1226 est
2644 1183 2758 1246 per
2805 1185 2873 1229 se
2915 1167 3302 1249 propriaque
3340 1167 3634 1248 quamvis
3673 1167 3900 1230 collata

2405 1263 2668 1342 virtute3
2701 1265 2824 1327 alia
2854 1283 3004 1328 vero
3036 1284 3159 1328 non
3195 1273 3399 1348 potest
3439 1265 3644 1328 facere
3673 1266 3892 1327 Filius.

2405 1360 2480 1423 Et
2521 1363 2612 1425 sic
2644 1363 2928 1426 Christus
2979 1383 3094 1446 per
3145 1365 3336 1427 verba
3386 1365 3517 1428 haec
3569 1365 3792 1446 probat
3827 1383 3896 1426 se

2406 1480 2530 1522 non
2574 1480 2758 1543 posse
2796 1481 3059 1545 peccare
3093 1482 3107 1526 :
3142 1465 3310 1545 quod
3353 1463 3407 1526 ei
3457 1464 3896 1546 imposuerunt

2402 1558 2619 1622 Judaei.
2661 1559 2724 1622 Si
2772 1562 2945 1623 enim
2990 1561 3188 1624 Filius
3233 1562 3392 1624 nihil
3444 1569 3651 1645 potest
3685 1562 3894 1625 facere

2406 1657 2527 1718 nisi
2573 1661 2744 1740 quod
2789 1660 3021 1723 viderit
3065 1660 3303 1723 Patrem
3346 1661 3706 1734 facientem,
3741 1668 3895 1723 tunc

2405 1756 2624 1837 procul
2666 1757 3082 1832 dubio,·sicut
3121 1758 3300 1821 Pater
3337 1778 3460 1823 non
3508 1767 3712 1841 potest
3752 1777 3896 1840 pec-

797 1857 925 1932 bet‚
960 1858 1045 1920 ita
1092 1858 1266 1935 dicit,
1318 1857 1452 1922 Non
1504 1864 1709 1940 potest
1754 1856 1951 1918 Filius
1993 1875 2029 1916 a
2080 1873 2147 1916 se
2198 1853 2290 1916 fa·
2330 1854 2566 1926 Bcare,
2622 1855 2707 1917 ita
2755 1875 2873 1918 nec
2931 1856 3147 1919 Filius.
3199 1893 3280 1902 —
3326 1857 3666 1931 Postremo,
3701 1857 3896 1920 verba

798 1974 941 2018 cere
972 1957 1324 2038 quidquam
1352 1976 1365 2020 ε
1391 1965 1695 2038 tanquam
1726 1956 1912 2027 dicat,
1936 1954 1988 2015 A
2018 1973 2119 2016 me
2152 1955 2292 2035 ipso

797 2073 923 2118 non
954 2075 1120 2128 sum,
1154 2058 1261 2119 sed
1302 2073 1440 2117 esse
1482 2062 1546 2117 et
1588 2061 1964 2136 potestatem
2004 2052 2223 2134 accepi
2256 2070 2292 2112 a

795 2152 994 2216 Patre.
1026 2154 1263 2235 ltaque,
1296 2153 1432 2217 Non
1475 2160 1680 2236 potest
1718 2172 1755 2214 a
1802 2169 1891 2225 se,
1926 2151 1989 2213 id
2029 2158 2126 2212 est
2172 2151 2294 2212 vir-

795 2261 929 2315 tute
962 2271 1087 2314 non
1116 2260 1393 2334 accepta,
1431 2259 1500 2313 ut
1528 2253 1595 2314 in
1626 2269 1699 2314 eo
1728 2258 1845 2324 est,
1873 2249 2078 2312 facere
2108 2249 2294 2330 quid-

794 2370 1009 2432 quam,
1042 2351 1194 2433 quia
1222 2351 1418 2413 Filius
1451 2370 1575 2414 non
1611 2350 1795 2412 habet
1829 2350 1952 2412 nisi
1986 2349 2290 2411 virtutem

793 2458 1139 2533 acceptam,
1192 2451 1311 2514 hoc
1367 2457 1462 2511 est
1512 2468 1549 2510 a
1598 2449 1774 2511 Patre
1830 2448 1950 2510 sibi
2009 2465 2294 2510 commu-

793 2549 1086 2611 nicatam.
1130 2548 1433 2629 Denique,
1478 2548 1829 2610 secundum
1874 2547 2182 2608 Hilarium
2229 2552 2291 2606 et

792 2647 1097 2711 Thomam
1128 2649 1193 2710 in
1226 2647 1487 2709 Summa
1515 2654 1733 2709 contra
1759 2646 2047 2726 gentiles,
2072 2663 2290 2726 quam-

794 2747 889 2808 vis
945 2746 1139 2808 Filius
1178 2765 1303 2809 non
1352 2752 1558 2827 potest
1603 2763 1640 2806 a
1686 2761 1753 2806 se
1802 2745 2155 2825 quidquam
2205 2743 2292 2805 fa-

793 2862 956 2919 cere,
1002 2851 1207 2926 potest
1254 2851 1462 2906 tamen
1516 2861 1629 2925 per
1679 2860 1747 2904 se
1788 2843 2005 2906 omnia
2053 2840 2285 2918 facere,

793 2951 1012 3025 utpote
1053 2943 1313 3025 propria
1350 2942 1605 3016 virtute,
1640 2961 1786 3022 quae
1814 2960 2017 3022 quum
2049 2941 2131 3002 sit
2165 2959 2290 3002 una

2406 1953 2522 2014 ista
2552 1954 2832 2034 intelligi·
2855 1963 3112 2036 possent
3149 1957 3226 2018 de
3258 1954 3504 2019 Christo
3541 1957 3890 2019 secundum

2401 2061 2788 2135 assumptam
2825 2061 3133 2128 naturam,
3167 2056 3518 2117 secundum
3547 2074 3730 2136 quam
3760 2075 3894 2118 cer-

2402 2158 2536 2212 tum
2567 2159 2664 2212 est
2691 2153 2863 2232 quod
2907 2171 3031 2216 non
3068 2159 3274 2234 potest
3299 2151 3510 2214 facere
3538 2153 3890 2236 quidquam

2401 2268 2437 2311 a
2491 2267 2578 2311 se.

2487 2348 2763 2430 Insuper
2812 2348 3098 2412 Christus
3151 2356 3438 2424 testatur,
3495 2351 3666 2431 quod
3713 2350 3892 2414 Pater

2403 2464 2532 2509 non
2582 2454 2678 2508 est
2715 2446 2914 2509 factor
2963 2448 3377 2529 principalior
3409 2467 3526 2511 nec
3570 2449 3893 2512 universa-

2403 2545 2522 2608 lior
2568 2544 2747 2619 Filio,
2791 2552 2854 2607 et
2901 2547 3071 2627 quod
3120 2565 3312 2628 opera
3358 2547 3692 2610 amborum
3741 2557 3892 2611 sunt

2403 2643 2696 2718 indivisa,
2761 2644 2847 2706 ita
2903 2646 3074 2727 quod
3136 2644 3312 2707 Pater
3367 2652 3427 2708 et
3486 2645 3682 2707 Filius
3740 2654 3889 2708 sunt

2403 2761 2568 2804 unus
2615 2741 2834 2816 factor,
2888 2742 3139 2807 Creator
3187 2750 3250 2806 et
3302 2743 3706 2824 gubernator,
3758 2763 3886 2808 non

2400 2841 2526 2904 duo
2564 2840 2830 2904 factores
2865 2859 2878 2902 :
2915 2859 3028 2922 per
3070 2843 3242 2923 quod
3292 2842 3581 2904 haeresim
3629 2843 3890 2906 Ariano-

2399 2958 2540 3001 rum
2575 2939 2930 3002 confundit.
2969 2943 3390 3021 Quaecumque
3417 2943 3594 3002 enim
3632 2944 3769 3012 ille,
3799 2943 3890 3004 vi-

793 3059 1058 3105 numero
1091 3042 1155 3103 in
1188 3041 1362 3103 Patre
1390 3049 1453 3102 et
1484 3040 1638 3103 Filio
1665 3059 1739 3102 ac
1768 3038 2008 3121 Spiritu
2040 3039 2283 3112 Sancto,
2323 3041 2368 3104 C
2401 3038 2628 3100 delicet
2655 3038 2853 3112 Pater,
2887 3039 3138 3115 fecerit,
3170 3041 3304 3100 Izaec
3340 3040 3558 3101 eadem
3599 3058 3792 3121 opera
3827 3051 3891 3102 et

791 3147 888 3201 est
917 3157 1101 3201 causa
1130 3139 1301 3219 quod
1330 3137 1629 3219 quaelibet
1659 3137 1876 3199 divina
1896 3136 2166 3201 Persona
2195 3143 2290 3198 est

792 3257 979 3300 causa
1037 3237 1323 3300 omnium
1396 3254 1605 3298 rerum
1668 3235 2039 3317 principalis
2096 3244 2290 3316 atque

790 3335 1215 3418 omnipotenS,
1239 3342 1302 3396 et
1333 3334 1509 3396 nulla
1536 3342 1633 3396 est
1662 3334 2162 3396 instrumentalis
2195 3351 2290 3394 re-

792 3442 1014 3516 spectu
1047 3433 1329 3495 alterius.
1358 3432 1625 3506 —Quod
1665 3450 1815 3495 vero
1855 3432 2109 3512 adjecit,
2155 3429 2286 3493 Nisi

790 3534 961 3615 quod
994 3532 1224 3595 viderit
1254 3531 1496 3594 Patrem
1529 3530 2035 3605 facientem,non
2068 3537 2165 3592 est
2195 3531 2286 3592 sic

789 3631 1275 3712 intelligendum
1319 3629 1502 3711 quasi
1540 3630 1664 3692 alia
1706 3631 1786 3691 sit
1831 3630 1991 3692 visio
2035 3647 2147 3691 seu
2193 3629 2288 3690 in-

789 3729 1167 3794 tellectualis
1217 3728 1493 3809 cognitio
1542 3727 1707 3802 Filii,
1756 3736 1817 3790 et
1862 3728 1984 3790 alia
2029 3727 2282 3789 Patris:

2396 3140 2615 3199 Filius
2645 3138 2996 3199 secundum
3046 3144 3332 3199 naturam
3387 3137 3670 3200 divinam
3707 3142 3890 3200 simi-

2400 3237 2548 3296 liter
2603 3237 2789 3312 facit,
2841 3235 2906 3297 id
2963 3242 3061 3298 est
3107 3254 3290 3317 aeque
3337 3235 3776 3318 principaliter
3823 3244 3889 3298 et

2397 3334 2855 3407 auctoritative,
2891 3352 3016 3397 non
3057 3333 3630 3396 instrumentaliter
3667 3343 3732 3396 et
3767 3335 3889 3396 mi-

2398 3433 2748 3496 nistrativa.
2796 3433 2911 3494 Per
2970 3433 3088 3497 hoc
3147 3451 3294 3513 ergo
3350 3434 3520 3515 quod
3572 3433 3679 3506 ait,
3712 3433 3888 3507 Quae-

2396 3549 2694 3613 cumque,
2737 3531 3090 3595 ostenditur
3135 3531 3309 3613 quod
3357 3531 3640 3613 operatio
3687 3531 3884 3594 Patris

2395 3649 2519 3693 non
2578 3631 2940 3693 extenditur
2997 3630 3162 3691 ultra
3217 3630 3644 3712 operationem
3713 3630 3878 3692 Filii.

2393 3728 2728 3810 Propterea
2768 3728 2964 3790 Filius
3009 3735 3104 3790 est
3147 3729 3354 3811 prima
3395 3735 3458 3790 et
3504 3728 3882 3792 universalis

2393 3845 2601 3900 causa,
2639 3835 2828 3908 prout
2865 3828 2930 3888 in
2967 3827 3344 3909 Apocalypsi
3389 3827 3673 3908 loquitur
3706 3844 3720 3890 :
3755 3826 3883 3908 Ego
3943 3848 4198 3901 Apa-,22

3911 3923 4004 3960 xxi.
4021 3913 4066 3962 ὃς
4089 3927 4201 3960 ιιυ,

789 3830 919 3892 imo
968 3829 1133 3891 sicut
1184 3829 1249 3890 in
1281 3827 1459 3889 Patre
1496 3834 1559 3889 et
1606 3827 1763 3890 Filio
1810 3835 1906 3890 est
1956 3846 2121 3888 unus
2172 3845 2289 3888 nu-

791 3946 981 3989 mero·
1017 3925 1396 4000 intellectuS,
1432 3925 1519 3987 ita
1554 3931 1617 3986 et
1666 3925 1827 3988 visio
1875 3944 2019 3987 una.
2073 3924 2286 3987 Nihilo
2393 3945 2537 3988 sum
2573 3925 2780 4007 Alpha
2826 3933 2890 3987 et
2929 3924 3179 4006 Omega,
3218 3925 3463 4007 primus
3511 3933 3574 3986 et
3618 3926 3888 3989 novissi-
3914 3974 3984 4015 ¹3·

791 4027 1006 4088 minus
1035 4025 1216 4087 Pater
1260 4025 1433 4087 videt
1479 4024 1708 4086 Filium
1749 4024 2019 4105 ejusque
2066 4041 2279 4105 opera,
2393 4043 2557 4097 muS,
2591 4023 2983 4106 principium
3014 4031 3078 4086 et
3106 4023 3282 4085 finis.
3315 4023 3489 4085 Unde
3533 4024 3598 4085 in
3627 4023 3886 4086 Michaea

790 4133 853 4186 et
890 4131 1146 4187 econtra
1180 4123 1530 4204 :quoniam
1580 4123 1645 4184 in
1691 4131 1960 4204 utroque
2006 4130 2103 4184 est
2154 4123 2286 4204 ple-
2393 4121 2662 4184 habetur
2707 4141 2720 4184 :
2779 4121 2850 4184 Et
2899 4129 2990 4196 tu,
3047 4122 3242 4184 turris
3283 4121 3502 4202 Gregis
3551 4121 3880 4197 nebulosa,
3913 4142 4201 4192 memma.

790 4221 1015 4283 nitudo
1052 4219 1433 4295 DivinitatiS,
1466 4239 1610 4302 quae
1644 4238 1901 4283 omnem
1950 4219 2285 4301 perfectio-
2315 4225 2364 4286 D
2393 4222 2470 4283 ad
2498 4228 2562 4282 te
2592 4221 2804 4283 veniet
2837 4229 3110 4302 potestas
3155 4220 3383 4302 prima,
3421 4239 3684 4301 regnum
3727 4220 3886 4284 filiae

794 4335 937 4380 nem
996 4325 1058 4380 et
1111 4317 1538 4381 actualitatem
1606 4317 2282 4400 supersimplicissime
2391 4319 2759 4382 Jerusalem.
2821 4318 2936 4381 Ubi
2987 4337 3101 4400 per
3159 4326 3528 4400 potestatem
3588 4320 3881 4401 primam,

792 4421 1185 4499 prorsusque
1219 4416 1952 4499 incomprehensibiliter
1996 4435 2284 4498 compre-
2394 4419 2470 4480 ad
2504 4417 2776 4479 litteram
2817 4417 3194 4498 intelligitur
3237 4417 3546 4490 ChristuS,
3581 4417 3692 4498 qui
3723 4427 3888 4480 tcste

791 4515 1265 4598 hendit.Neque
1294 4517 1467 4578 enim
1498 4517 1591 4578 sic
1619 4515 1816 4578 Filius
1842 4516 2015 4578 videt
2036 4514 2281 4577 Patrem
2395 4516 2714 4597 Apostolo,
2767 4523 2861 4578 est
2922 4516 3121 4577 virtus
3176 4523 3241 4578 et
3297 4515 3608 4597 sapientia
3667 4515 3881 4592 Patris,
3915 4535 4196 4586 lenanu.

791 4622 855 4678 et
890 4633 1083 4696 opera
1130 4614 1292 4696 ejus,
1330 4615 1514 4695 quasi
1557 4613 1801 4695 aliquid
1850 4614 2023 4677 aliud
2066 4614 2149 4676 sit
2194 4615 2285 4677 vi-
2398 4622 2655 4696 portans
2711 4615 2924 4677 omnia
2982 4613 3176 4677 verbo
3233 4614 3485 4676 virtutis
3545 4632 3698 4676 suae.
3760 4614 3886 4678 Hoc
3928 4635 4199 4685 Hebrum.

792 4713 885 4776 sio
927 4713 1034 4775 illa
1072 4732 1264 4794 quam
1310 4713 1453 4775 Filii
1497 4713 1695 4776 deitas
1738 4721 1929 4793 atque
1981 4713 2278 4775 essentia.
2395 4730 2652 4794 quoque
2703 4712 2767 4774 in
2827 4711 3181 4774 Proverbiis
3231 4710 3566 4774 manifeste
3614 4712 3889 4775 ostendi-

789 4809 1331 4883 Quemadmodum
1374 4828 1521 4890 ergo
1567 4828 1681 4892 per
1729 4811 2016 4872 eamdem
2048 4827 2286 4872 essen·
2394 4819 2521 4890 tur,
2554 4809 2660 4872 ubi
2693 4809 3012 4891 Sapientia
3051 4811 3128 4872 de
3162 4809 3285 4873 Deo
3314 4807 3548 4871 effatur
3581 4828 3596 4871 ε
3629 4808 3887 4882 Quando
3945 4837 4206 4888 mmm,

789 4909 942 4970 tiam
992 4909 1171 4972 Pater
1217 4908 1545 4989 Filiusque
1598 4907 1955 4970 subsistunt
2004 4915 2068 4970 et
2120 4907 2282 4970 Deus
2396 4908 2788 4990 praeparabat
2817 4908 3008 4972 coelos
3039 4909 3328 4988 aderam3
3361 4909 3616 4988 quando
3644 4926 3888 4990 appen—
3915 4903 4170 4953 ²⁷²²⁹·³⁰·

791 5015 962 5083 sunt,
1007 5009 1099 5070 sic
1148 5009 1366 5070 eadem
1413 5007 1657 5070 visione
1704 5006 1900 5069 Filius
1950 5007 2123 5070 videt
2175 5007 2285 5068 Pa·
2395 5007 2582 5070 debat
2637 5005 3052 5069 fundamenta
3107 5013 3313 5081 terrae,
3375 5024 3520 5067 cum
3581 5023 3656 5068 eo
3713 5023 3886 5068 eram

788 5112 953 5167 trem
992 5113 1057 5168 et
1092 5124 1286 5189 opera
1323 5105 1485 5187 ejuS,
1529 5105 1706 5167 Pater
1744 5123 2007 5187 quoque
2048 5103 2282 5168 Filium
2396 5111 2622 5167 cuncta
2665 5123 3073 5186 componens,
3109 5104 3223 5165 Per
3281 5104 3402 5167 hoc
3463 5111 3673 5166 autem
3717 5103 3888 5184 quod

789 5212 854 5267 et
892 5223 1086 5287 opera
1127 5205 1290 5286 ejus.
2394 5204 2502 5277 ait,
2536 5203 2699 5278 Haec,
2735 5204 2915 5266 docet
2955 5204 3124 5283 quod
3163 5203 3383 5264 eadem
3428 5219 3698 5264 numero
3740 5209 3888 5262 sunt

868 5301 1015 5364 Haec
1056 5309 1153 5364 est
1200 5321 1326 5364 una
1385 5302 1824 5384 interpretatio
1881 5301 2075 5383 hujus
2134 5301 2280 5364 loci.
2396 5319 2590 5384 opera
2618 5301 2814 5364 Patris
2863 5308 2927 5364 et
2955 5300 3120 5363 Filii.
3153 5301 3492 5382 Quumque
3539 5308 3764 5362 natura
3808 5299 3890 5362 sit
