<?xml version="1.0" encoding="UTF-8"?>
<!DOCTYPE html PUBLIC "-//W3C//DTD XHTML 1.0 Transitional//EN"
    "http://www.w3.org/TR/xhtml1/DTD/xhtml1-transitional.dtd">
<html xmlns="http://www.w3.org/1999/xhtml" xml:lang="en" lang="en">
 <head>
  <title>
</title>
<meta http-equiv="Content-Type" content="text/html;charset=utf-8" />
  <meta name='ocr-system' content='tesseract 3.04.00' />
  <meta name='ocr-capabilities' content='ocr_page ocr_carea ocr_par ocr_line ocrx_word'/>
</head>
<body>
  <div class='ocr_page' id='page_1' title='image "./doctorisecstati09unkngoog_0466.png"; bbox 0 0 4300 6259; ppageno 0'>
   <div class='ocr_carea' id='block_1_1' title="bbox 535 897 767 940">
    <p class='ocr_par' dir='ltr' id='par_1_1' title="bbox 535 897 767 940">
     <span class='ocr_line' id='line_1_1' title="bbox 535 897 767 940; baseline -0.013 0"><span class='ocrx_word' id='word_1_1' title='bbox 535 897 767 940; x_wconf 61' lang='lat' dir='ltr'>Joannxiv</span> 
     </span>
    </p>
   </div>
   <div class='ocr_carea' id='block_1_2' title="bbox 520 993 784 1153">
    <p class='ocr_par' dir='ltr' id='par_1_2' title="bbox 520 993 784 1153">
     <span class='ocr_line' id='line_1_2' title="bbox 520 993 784 1072; baseline -0.019 -5"><span class='ocrx_word' id='word_1_2' title='bbox 520 993 641 1067; x_wconf 66' lang='grc' dir='ltr'>ιόῑα.</span> <span class='ocrx_word' id='word_1_3' title='bbox 664 1036 695 1072; x_wconf 80' lang='grc' dir='ltr'>ι,</span> <span class='ocrx_word' id='word_1_4' title='bbox 716 1023 784 1063; x_wconf 78' lang='lat'>20.</span> 
     </span>
     <span class='ocr_line' id='line_1_3' title="bbox 522 1103 783 1153; baseline -0.023 -3"><span class='ocrx_word' id='word_1_5' title='bbox 522 1103 783 1153; x_wconf 61' lang='lat' dir='ltr'>mnam.</span> 
     </span>
    </p>
   </div>
   <div class='ocr_carea' id='block_1_3' title="bbox 544 1588 756 1632">
    <p class='ocr_par' dir='ltr' id='par_1_3' title="bbox 544 1588 756 1632">
     <span class='ocr_line' id='line_1_4' title="bbox 544 1588 756 1632; baseline 0 -2"><span class='ocrx_word' id='word_1_6' title='bbox 544 1588 663 1632; x_wconf 72' lang='lat' dir='ltr'>loia.</span> <span class='ocrx_word' id='word_1_7' title='bbox 689 1591 756 1632; x_wconf 78' lang='lat'>2³.</span> 
     </span>
    </p>
   </div>
   <div class='ocr_carea' id='block_1_4' title="bbox 518 1787 783 1935">
    <p class='ocr_par' dir='ltr' id='par_1_4' title="bbox 518 1787 783 1935">
     <span class='ocr_line' id='line_1_5' title="bbox 518 1787 783 1841; baseline 0 -11"><span class='ocrx_word' id='word_1_8' title='bbox 518 1787 633 1831; x_wconf 72' lang='lat' dir='ltr'>ma.</span> <span class='ocrx_word' id='word_1_9' title='bbox 645 1789 783 1841; x_wconf 60' lang='lat' dir='ltr'>ama.</span> 
     </span>
     <span class='ocr_line' id='line_1_6' title="bbox 607 1879 679 1935; baseline 0 0"><span class='ocrx_word' id='word_1_10' title='bbox 607 1879 679 1935; x_wconf 72' lang='lat'>34</span> 
     </span>
    </p>
   </div>
   <div class='ocr_carea' id='block_1_5' title="bbox 816 490 937 558">
    <p class='ocr_par' dir='ltr' id='par_1_5' title="bbox 816 490 937 558">
     <span class='ocr_line' id='line_1_7' title="bbox 816 490 937 558; baseline 0.017 -3"><span class='ocrx_word' id='word_1_11' title='bbox 816 490 937 558; x_wconf 79' lang='lat'>376</span> 
     </span>
    </p>
   </div>
   <div class='ocr_carea' id='block_1_6' title="bbox 1631 472 3106 558">
    <p class='ocr_par' dir='ltr' id='par_1_6' title="bbox 1631 472 3106 558">
     <span class='ocr_line' id='line_1_8' title="bbox 1631 472 3106 558; baseline -0.001 -1"><span class='ocrx_word' id='word_1_12' title='bbox 1631 509 1982 557; x_wconf 68' lang='lat' dir='ltr'>nummo</span> <span class='ocrx_word' id='word_1_13' title='bbox 2022 509 2087 556; x_wconf 81' lang='lat' dir='ltr'>m</span> <span class='ocrx_word' id='word_1_14' title='bbox 2128 508 2268 556; x_wconf 66' lang='lat' dir='ltr'>car.</span> <span class='ocrx_word' id='word_1_15' title='bbox 2315 511 2352 555; x_wconf 89' lang='lat' dir='ltr'>v</span> <span class='ocrx_word' id='word_1_16' title='bbox 2393 472 2668 558; x_wconf 70' lang='lat' dir='ltr'>somnis.</span> <span class='ocrx_word' id='word_1_17' title='bbox 2714 530 2796 540; x_wconf 95' lang='lat'>—</span> <span class='ocrx_word' id='word_1_18' title='bbox 2835 512 2976 558; x_wconf 70' lang='lat' dir='ltr'>Am.</span> <span class='ocrx_word' id='word_1_19' title='bbox 3024 513 3106 558; x_wconf 84' lang='lat' dir='ltr'>xv</span> 
     </span>
    </p>
   </div>
   <div class='ocr_carea' id='block_1_7' title="bbox 815 680 3909 762">
    <p class='ocr_par' dir='ltr' id='par_1_7' title="bbox 815 680 3909 762">
     <span class='ocr_line' id='line_1_9' title="bbox 815 680 3909 762; baseline 0.001 -20"><span class='ocrx_word' id='word_1_20' title='bbox 815 681 1099 744; x_wconf 88' lang='lat' dir='ltr'>cerdotes</span> <span class='ocrx_word' id='word_1_21' title='bbox 1148 689 1211 744; x_wconf 91' lang='lat' dir='ltr'>et</span> <span class='ocrx_word' id='word_1_22' title='bbox 1266 682 1533 758; x_wconf 77' lang='lat' dir='ltr'>LevitaS,</span> <span class='ocrx_word' id='word_1_23' title='bbox 1587 689 1659 744; x_wconf 93' lang='lat' dir='ltr'>ut</span> <span class='ocrx_word' id='word_1_24' title='bbox 1716 683 2176 762; x_wconf 79' lang='lat' dir='ltr'>interrogarent</span> <span class='ocrx_word' id='word_1_25' title='bbox 2230 700 2310 742; x_wconf 91' lang='lat' dir='ltr'>an</span> <span class='ocrx_word' id='word_1_26' title='bbox 2341 680 2394 742; x_wconf 83' lang='lat' dir='ltr'>A</span> <span class='ocrx_word' id='word_1_27' title='bbox 2421 681 2660 762; x_wconf 90' lang='lat' dir='ltr'>sponsi.</span> <span class='ocrx_word' id='word_1_28' title='bbox 2695 681 2867 744; x_wconf 86' lang='lat' dir='ltr'>Arsit</span> <span class='ocrx_word' id='word_1_29' title='bbox 2911 683 3100 746; x_wconf 88' lang='lat' dir='ltr'>etiam</span> <span class='ocrx_word' id='word_1_30' title='bbox 3145 683 3412 746; x_wconf 80' lang='lat' dir='ltr'>Ioannes</span> <span class='ocrx_word' id='word_1_31' title='bbox 3449 682 3582 745; x_wconf 88' lang='lat' dir='ltr'>zelo</span> <span class='ocrx_word' id='word_1_32' title='bbox 3622 680 3909 762; x_wconf 82' lang='lat' dir='ltr'>justitiae,</span> 
     </span>
    </p>
   </div>
   <div class='ocr_carea' id='block_1_8' title="bbox 815 780 2312 861">
    <p class='ocr_par' dir='ltr' id='par_1_8' title="bbox 815 780 2312 861">
     <span class='ocr_line' id='line_1_10' title="bbox 815 780 2312 861; baseline 0 -21"><span class='ocrx_word' id='word_1_33' title='bbox 815 787 981 841; x_wconf 86' lang='lat' dir='ltr'>esset</span> <span class='ocrx_word' id='word_1_34' title='bbox 1030 780 1357 861; x_wconf 83' lang='lat' dir='ltr'>Christus3</span> <span class='ocrx_word' id='word_1_35' title='bbox 1406 793 1465 842; x_wconf 82' lang='lat' dir='ltr'>et</span> <span class='ocrx_word' id='word_1_36' title='bbox 1509 783 1945 842; x_wconf 75' lang='lat' dir='ltr'>testimonium</span> <span class='ocrx_word' id='word_1_37' title='bbox 1976 781 2312 857; x_wconf 75' lang='lat' dir='ltr'><em>perhibuit</em></span> 
     </span>
    </p>
   </div>
   <div class='ocr_carea' id='block_1_9' title="bbox 772 878 2313 960">
    <p class='ocr_par' dir='ltr' id='par_1_9' title="bbox 772 878 2313 960">
     <span class='ocr_line' id='line_1_11' title="bbox 772 878 2313 960; baseline 0 -22"><span class='ocrx_word' id='word_1_38' title='bbox 772 880 1103 950; x_wconf 65' lang='lat' dir='ltr'>,ver-itaci,</span> <span class='ocrx_word' id='word_1_39' title='bbox 1144 879 1438 942; x_wconf 92' lang='lat' dir='ltr'>videlicet</span> <span class='ocrx_word' id='word_1_40' title='bbox 1480 880 1661 953; x_wconf 89' lang='lat' dir='ltr'>mihi,</span> <span class='ocrx_word' id='word_1_41' title='bbox 1704 879 1817 960; x_wconf 91' lang='lat' dir='ltr'>qui</span> <span class='ocrx_word' id='word_1_42' title='bbox 1858 897 1998 940; x_wconf 93' lang='lat' dir='ltr'>sum</span> <span class='ocrx_word' id='word_1_43' title='bbox 2041 878 2162 952; x_wconf 89' lang='lat' dir='ltr'>via,</span> <span class='ocrx_word' id='word_1_44' title='bbox 2206 895 2313 940; x_wconf 83' lang='lat' dir='ltr'>ve-</span> 
     </span>
    </p>
   </div>
   <div class='ocr_carea' id='block_1_10' title="bbox 813 975 2313 1847">
    <p class='ocr_par' dir='ltr' id='par_1_10' title="bbox 813 975 2313 1847">
     <span class='ocr_line' id='line_1_12' title="bbox 818 975 2313 1056; baseline -0.001 -19"><span class='ocrx_word' id='word_1_45' title='bbox 818 977 967 1038; x_wconf 82' lang='lat' dir='ltr'>ritas</span> <span class='ocrx_word' id='word_1_46' title='bbox 1013 985 1075 1038; x_wconf 90' lang='lat' dir='ltr'>et</span> <span class='ocrx_word' id='word_1_47' title='bbox 1116 978 1263 1051; x_wconf 88' lang='lat' dir='ltr'>vita,</span> <span class='ocrx_word' id='word_1_48' title='bbox 1298 979 1516 1041; x_wconf 87' lang='lat' dir='ltr'>dicens</span> <span class='ocrx_word' id='word_1_49' title='bbox 1551 977 1731 1040; x_wconf 89' lang='lat' dir='ltr'>:Non</span> <span class='ocrx_word' id='word_1_50' title='bbox 1782 997 1925 1038; x_wconf 93' lang='lat' dir='ltr'>sum</span> <span class='ocrx_word' id='word_1_51' title='bbox 1972 995 2088 1056; x_wconf 90' lang='lat' dir='ltr'>ego</span> <span class='ocrx_word' id='word_1_52' title='bbox 2135 975 2313 1037; x_wconf 93' lang='lat' dir='ltr'>Chri-</span> 
     </span>
     <span class='ocr_line' id='line_1_13' title="bbox 815 1074 2310 1154; baseline 0 -18"><span class='ocrx_word' id='word_1_53' title='bbox 815 1082 991 1154; x_wconf 86' lang='lat' dir='ltr'>stus3</span> <span class='ocrx_word' id='word_1_54' title='bbox 1034 1083 1115 1144; x_wconf 88' lang='lat' dir='ltr'>et,</span> <span class='ocrx_word' id='word_1_55' title='bbox 1148 1075 1387 1138; x_wconf 88' lang='lat' dir='ltr'>Medius</span> <span class='ocrx_word' id='word_1_56' title='bbox 1419 1083 1699 1139; x_wconf 86' lang='lat' dir='ltr'>vestrum</span> <span class='ocrx_word' id='word_1_57' title='bbox 1742 1075 1935 1154; x_wconf 78' lang='lat' dir='ltr'>stetit,</span> <span class='ocrx_word' id='word_1_58' title='bbox 1970 1074 2156 1154; x_wconf 91' lang='lat' dir='ltr'>cujus</span> <span class='ocrx_word' id='word_1_59' title='bbox 2195 1091 2310 1153; x_wconf 88' lang='lat' dir='ltr'>ego</span> 
     </span>
     <span class='ocr_line' id='line_1_14' title="bbox 818 1172 2312 1255; baseline -0.002 -19"><span class='ocrx_word' id='word_1_60' title='bbox 818 1193 941 1238; x_wconf 91' lang='lat' dir='ltr'>non</span> <span class='ocrx_word' id='word_1_61' title='bbox 982 1193 1123 1236; x_wconf 92' lang='lat' dir='ltr'>sum</span> <span class='ocrx_word' id='word_1_62' title='bbox 1163 1175 1390 1255; x_wconf 88' lang='lat' dir='ltr'>dignus</span> <span class='ocrx_word' id='word_1_63' title='bbox 1424 1181 1493 1236; x_wconf 85' lang='lat' dir='ltr'>ut</span> <span class='ocrx_word' id='word_1_64' title='bbox 1530 1175 1770 1237; x_wconf 87' lang='lat' dir='ltr'>solvam</span> <span class='ocrx_word' id='word_1_65' title='bbox 1810 1173 2143 1254; x_wconf 85' lang='lat' dir='ltr'>corrigiam</span> <span class='ocrx_word' id='word_1_66' title='bbox 2185 1172 2312 1234; x_wconf 88' lang='lat' dir='ltr'>cal-</span> 
     </span>
     <span class='ocr_line' id='line_1_15' title="bbox 814 1269 2311 1354; baseline -0.003 -18"><span class='ocrx_word' id='word_1_67' title='bbox 814 1274 1124 1336; x_wconf 87' lang='lat' dir='ltr'>ceamenti</span> <span class='ocrx_word' id='word_1_68' title='bbox 1174 1273 1313 1354; x_wconf 90' lang='lat' dir='ltr'>ejus</span> <span class='ocrx_word' id='word_1_69' title='bbox 1367 1292 1380 1335; x_wconf 91' lang='lat'>:</span> <span class='ocrx_word' id='word_1_70' title='bbox 1435 1281 1505 1334; x_wconf 92' lang='lat' dir='ltr'>ut</span> <span class='ocrx_word' id='word_1_71' title='bbox 1552 1273 1791 1334; x_wconf 91' lang='lat' dir='ltr'>dictum</span> <span class='ocrx_word' id='word_1_72' title='bbox 1842 1279 1957 1333; x_wconf 89' lang='lat' dir='ltr'>est.</span> <span class='ocrx_word' id='word_1_73' title='bbox 2013 1270 2145 1344; x_wconf 91' lang='lat' dir='ltr'>Vel,</span> <span class='ocrx_word' id='word_1_74' title='bbox 2199 1269 2311 1332; x_wconf 83' lang='lat' dir='ltr'>Te-</span> 
     </span>
     <span class='ocr_line' id='line_1_16' title="bbox 814 1369 2305 1453; baseline -0.002 -19"><span class='ocrx_word' id='word_1_75' title='bbox 814 1371 1185 1434; x_wconf 86' lang='lat' dir='ltr'><strong>stimonium</strong></span> <span class='ocrx_word' id='word_1_76' title='bbox 1248 1371 1576 1453; x_wconf 81' lang='lat' dir='ltr'>perhibuit</span> <span class='ocrx_word' id='word_1_77' title='bbox 1634 1371 1904 1445; x_wconf 88' lang='lat' dir='ltr'>veritati,</span> <span class='ocrx_word' id='word_1_78' title='bbox 1968 1371 2032 1432; x_wconf 90' lang='lat' dir='ltr'>id</span> <span class='ocrx_word' id='word_1_79' title='bbox 2092 1377 2188 1432; x_wconf 89' lang='lat' dir='ltr'>cst</span> <span class='ocrx_word' id='word_1_80' title='bbox 2250 1369 2305 1432; x_wconf 91' lang='lat' dir='ltr'>ei</span> 
     </span>
     <span class='ocr_line' id='line_1_17' title="bbox 813 1468 2312 1551; baseline 0 -21"><span class='ocrx_word' id='word_1_81' title='bbox 813 1471 984 1551; x_wconf 93' lang='lat' dir='ltr'>quod</span> <span class='ocrx_word' id='word_1_82' title='bbox 1033 1488 1255 1532; x_wconf 89' lang='lat' dir='ltr'>verum</span> <span class='ocrx_word' id='word_1_83' title='bbox 1302 1469 1465 1550; x_wconf 82' lang='lat' dir='ltr'>fuit3</span> <span class='ocrx_word' id='word_1_84' title='bbox 1517 1469 1616 1532; x_wconf 89' lang='lat' dir='ltr'>vel</span> <span class='ocrx_word' id='word_1_85' title='bbox 1658 1470 1904 1532; x_wconf 86' lang='lat' dir='ltr'>veritati</span> <span class='ocrx_word' id='word_1_86' title='bbox 1956 1468 2312 1550; x_wconf 88' lang='lat' dir='ltr'>proportio-</span> 
     </span>
     <span class='ocr_line' id='line_1_18' title="bbox 814 1565 2309 1642; baseline -0.001 -12"><span class='ocrx_word' id='word_1_87' title='bbox 814 1569 965 1642; x_wconf 88' lang='lat' dir='ltr'>nali,</span> <span class='ocrx_word' id='word_1_88' title='bbox 1016 1569 1333 1642; x_wconf 88' lang='lat' dir='ltr'>videlicet,</span> <span class='ocrx_word' id='word_1_89' title='bbox 1386 1587 1453 1630; x_wconf 92' lang='lat' dir='ltr'>se</span> <span class='ocrx_word' id='word_1_90' title='bbox 1502 1587 1638 1630; x_wconf 89' lang='lat' dir='ltr'>esse</span> <span class='ocrx_word' id='word_1_91' title='bbox 1699 1586 1917 1631; x_wconf 90' lang='lat' dir='ltr'>vocem</span> <span class='ocrx_word' id='word_1_92' title='bbox 1978 1565 2309 1630; x_wconf 89' lang='lat' dir='ltr'>clamantis</span> 
     </span>
     <span class='ocr_line' id='line_1_19' title="bbox 814 1666 2310 1749; baseline -0.001 -19"><span class='ocrx_word' id='word_1_93' title='bbox 814 1668 880 1730; x_wconf 91' lang='lat' dir='ltr'>in</span> <span class='ocrx_word' id='word_1_94' title='bbox 920 1669 1185 1742; x_wconf 86' lang='lat' dir='ltr'>deserto,</span> <span class='ocrx_word' id='word_1_95' title='bbox 1230 1673 1291 1729; x_wconf 92' lang='lat' dir='ltr'>et</span> <span class='ocrx_word' id='word_1_96' title='bbox 1331 1666 1560 1730; x_wconf 88' lang='lat' dir='ltr'>Christi</span> <span class='ocrx_word' id='word_1_97' title='bbox 1604 1685 1983 1749; x_wconf 76' lang='lat' dir='ltr'>praeconem,</span> <span class='ocrx_word' id='word_1_98' title='bbox 2018 1684 2120 1727; x_wconf 91' lang='lat' dir='ltr'>me</span> <span class='ocrx_word' id='word_1_99' title='bbox 2162 1684 2310 1728; x_wconf 89' lang='lat' dir='ltr'>vero</span> 
     </span>
     <span class='ocr_line' id='line_1_20' title="bbox 814 1764 2309 1847; baseline -0.002 -19"><span class='ocrx_word' id='word_1_100' title='bbox 814 1784 952 1828; x_wconf 89' lang='lat' dir='ltr'>esse</span> <span class='ocrx_word' id='word_1_101' title='bbox 982 1766 1322 1839; x_wconf 87' lang='lat' dir='ltr'>Christum,</span> <span class='ocrx_word' id='word_1_102' title='bbox 1360 1766 1424 1827; x_wconf 91' lang='lat' dir='ltr'>in</span> <span class='ocrx_word' id='word_1_103' title='bbox 1456 1764 1696 1847; x_wconf 91' lang='lat' dir='ltr'>Spiritu</span> <span class='ocrx_word' id='word_1_104' title='bbox 1734 1764 1961 1828; x_wconf 87' lang='lat' dir='ltr'>Sancto</span> <span class='ocrx_word' id='word_1_105' title='bbox 1991 1764 2309 1846; x_wconf 85' lang='lat' dir='ltr'>baptizan-</span> 
     </span>
    </p>
   </div>
   <div class='ocr_carea' id='block_1_11' title="bbox 2419 780 4200 1848">
    <p class='ocr_par' dir='ltr' id='par_1_11' title="bbox 2419 780 4200 1552">
     <span class='ocr_line' id='line_1_21' title="bbox 2419 780 4200 863; baseline 0.003 -23"><span class='ocrx_word' id='word_1_106' title='bbox 2419 799 2547 860; x_wconf 89' lang='lat' dir='ltr'>quo</span> <span class='ocrx_word' id='word_1_107' title='bbox 2597 781 2948 863; x_wconf 78' lang='lat' dir='ltr'>increpavit</span> <span class='ocrx_word' id='word_1_108' title='bbox 2985 782 3314 856; x_wconf 85' lang='lat' dir='ltr'>Herodem,</span> <span class='ocrx_word' id='word_1_109' title='bbox 3347 791 3409 845; x_wconf 89' lang='lat' dir='ltr'>et</span> <span class='ocrx_word' id='word_1_110' title='bbox 3451 781 3711 844; x_wconf 89' lang='lat' dir='ltr'>flamma</span> <span class='ocrx_word' id='word_1_111' title='bbox 3757 780 3914 843; x_wconf 86' lang='lat' dir='ltr'>dile-</span> <span class='ocrx_word' id='word_1_112' title='bbox 3942 805 4200 855; x_wconf 48' lang='lat' dir='ltr'>matam,</span> 
     </span>
     <span class='ocr_line' id='line_1_22' title="bbox 2420 870 3988 962; baseline 0.002 -24"><span class='ocrx_word' id='word_1_113' title='bbox 2420 878 2646 940; x_wconf 90' lang='lat' dir='ltr'>ctionis</span> <span class='ocrx_word' id='word_1_114' title='bbox 2687 880 3145 960; x_wconf 85' lang='lat' dir='ltr'>proximorum.</span> <span class='ocrx_word' id='word_1_115' title='bbox 3180 880 3538 962; x_wconf 88' lang='lat' dir='ltr'>Habuitque</span> <span class='ocrx_word' id='word_1_116' title='bbox 3579 880 3768 942; x_wconf 86' lang='lat' dir='ltr'>verba</span> <span class='ocrx_word' id='word_1_117' title='bbox 3809 898 3912 943; x_wconf 83' lang='lat' dir='ltr'>ve-</span> <span class='ocrx_word' id='word_1_118' title='bbox 3941 870 3988 909; x_wconf 76' lang='lat'>⁴·</span> 
     </span>
     <span class='ocr_line' id='line_1_23' title="bbox 2421 976 4184 1058; baseline 0.003 -21"><span class='ocrx_word' id='word_1_119' title='bbox 2421 976 2749 1038; x_wconf 90' lang='lat' dir='ltr'>hementer</span> <span class='ocrx_word' id='word_1_120' title='bbox 2797 979 3014 1058; x_wconf 88' lang='lat' dir='ltr'>ignita,</span> <span class='ocrx_word' id='word_1_121' title='bbox 3067 979 3334 1042; x_wconf 92' lang='lat' dir='ltr'>dicendo</span> <span class='ocrx_word' id='word_1_122' title='bbox 3381 998 3395 1041; x_wconf 88' lang='lat'>:</span> <span class='ocrx_word' id='word_1_123' title='bbox 3442 978 3772 1042; x_wconf 86' lang='lat' dir='ltr'>Genimina</span> <span class='ocrx_word' id='word_1_124' title='bbox 3821 978 3914 1040; x_wconf 83' lang='lat' dir='ltr'>vi-</span> <span class='ocrx_word' id='word_1_125' title='bbox 3979 1001 4184 1049; x_wconf 52' lang='lat' dir='ltr'>hem,-</span> 
     </span>
     <span class='ocr_line' id='line_1_24' title="bbox 2421 1069 3990 1158; baseline 0.001 -22"><span class='ocrx_word' id='word_1_126' title='bbox 2421 1093 2740 1156; x_wconf 88' lang='lat' dir='ltr'>perarum,</span> <span class='ocrx_word' id='word_1_127' title='bbox 2801 1077 2948 1158; x_wconf 90' lang='lat' dir='ltr'>quis</span> <span class='ocrx_word' id='word_1_128' title='bbox 3016 1077 3290 1140; x_wconf 84' lang='lat' dir='ltr'>ostendit</span> <span class='ocrx_word' id='word_1_129' title='bbox 3351 1077 3530 1141; x_wconf 90' lang='lat' dir='ltr'>vobis</span> <span class='ocrx_word' id='word_1_130' title='bbox 3596 1077 3815 1158; x_wconf 85' lang='lat' dir='ltr'>fugere</span> <span class='ocrx_word' id='word_1_131' title='bbox 3873 1097 3910 1138; x_wconf 84' lang='lat' dir='ltr'>a</span> <span class='ocrx_word' id='word_1_132' title='bbox 3942 1069 3990 1108; x_wconf 75' lang='lat'>⁸·</span> 
     </span>
     <span class='ocr_line' id='line_1_25' title="bbox 2420 1175 3910 1256; baseline 0.001 -21"><span class='ocrx_word' id='word_1_133' title='bbox 2420 1181 2686 1236; x_wconf 89' lang='lat' dir='ltr'>ventura</span> <span class='ocrx_word' id='word_1_134' title='bbox 2743 1175 2887 1237; x_wconf 67' lang='lat' dir='ltr'>ira?</span> <span class='ocrx_word' id='word_1_135' title='bbox 2936 1175 3124 1237; x_wconf 89' lang='lat' dir='ltr'>facite</span> <span class='ocrx_word' id='word_1_136' title='bbox 3180 1194 3328 1256; x_wconf 90' lang='lat' dir='ltr'>ergo</span> <span class='ocrx_word' id='word_1_137' title='bbox 3386 1177 3608 1256; x_wconf 89' lang='lat' dir='ltr'>dignos</span> <span class='ocrx_word' id='word_1_138' title='bbox 3664 1175 3910 1238; x_wconf 90' lang='lat' dir='ltr'>fructus</span> 
     </span>
     <span class='ocr_line' id='line_1_26' title="bbox 2421 1273 3914 1356; baseline 0.001 -22"><span class='ocrx_word' id='word_1_139' title='bbox 2421 1273 2832 1353; x_wconf 85' lang='lat' dir='ltr'>poenitentiae.</span> <span class='ocrx_word' id='word_1_140' title='bbox 2867 1273 3022 1353; x_wconf 31' lang='lat' dir='ltr'>Fuit,</span> <span class='ocrx_word' id='word_1_141' title='bbox 3047 1273 3311 1356; x_wconf 86' lang='lat' dir='ltr'>insuper</span> <span class='ocrx_word' id='word_1_142' title='bbox 3339 1275 3557 1336; x_wconf 87' lang='lat' dir='ltr'>lucens</span> <span class='ocrx_word' id='word_1_143' title='bbox 3597 1273 3786 1336; x_wconf 88' lang='lat' dir='ltr'>radiis</span> <span class='ocrx_word' id='word_1_144' title='bbox 3819 1293 3914 1335; x_wconf 89' lang='lat' dir='ltr'>sa-</span> 
     </span>
     <span class='ocr_line' id='line_1_27' title="bbox 2422 1370 3916 1454; baseline 0.002 -23"><span class='ocrx_word' id='word_1_145' title='bbox 2422 1370 2698 1452; x_wconf 81' lang='lat' dir='ltr'>pientiae‚</span> <span class='ocrx_word' id='word_1_146' title='bbox 2743 1371 3090 1453; x_wconf 84' lang='lat' dir='ltr'>exemplari</span> <span class='ocrx_word' id='word_1_147' title='bbox 3138 1379 3201 1434; x_wconf 90' lang='lat' dir='ltr'>et</span> <span class='ocrx_word' id='word_1_148' title='bbox 3247 1372 3487 1454; x_wconf 91' lang='lat' dir='ltr'>optima</span> <span class='ocrx_word' id='word_1_149' title='bbox 3534 1372 3916 1435; x_wconf 85' lang='lat' dir='ltr'>conversati-</span> 
     </span>
     <span class='ocr_line' id='line_1_28' title="bbox 2419 1469 3554 1552; baseline -0.002 -19"><span class='ocrx_word' id='word_1_150' title='bbox 2419 1488 2540 1533; x_wconf 92' lang='lat' dir='ltr'>one</span> <span class='ocrx_word' id='word_1_151' title='bbox 2584 1469 3160 1552; x_wconf 79' lang='lat' dir='ltr'>praedicationeque</span> <span class='ocrx_word' id='word_1_152' title='bbox 3201 1471 3554 1552; x_wconf 87' lang='lat' dir='ltr'>splendida.</span> 
     </span>
    </p>

    <p class='ocr_par' dir='ltr' id='par_1_12' title="bbox 2422 1567 3916 1848">
     <span class='ocr_line' id='line_1_29' title="bbox 2502 1567 3916 1650; baseline 0.003 -22"><span class='ocrx_word' id='word_1_153' title='bbox 2502 1567 2604 1630; x_wconf 91' lang='lat' dir='ltr'>Sic</span> <span class='ocrx_word' id='word_1_154' title='bbox 2643 1574 2706 1630; x_wconf 86' lang='lat' dir='ltr'>et</span> <span class='ocrx_word' id='word_1_155' title='bbox 2740 1568 3012 1650; x_wconf 90' lang='lat' dir='ltr'>quilibet</span> <span class='ocrx_word' id='word_1_156' title='bbox 3053 1569 3169 1631; x_wconf 90' lang='lat' dir='ltr'>niti</span> <span class='ocrx_word' id='word_1_157' title='bbox 3210 1569 3398 1631; x_wconf 89' lang='lat' dir='ltr'>debet</span> <span class='ocrx_word' id='word_1_158' title='bbox 3433 1571 3511 1632; x_wconf 93' lang='lat' dir='ltr'>ad</span> <span class='ocrx_word' id='word_1_159' title='bbox 3552 1570 3690 1644; x_wconf 91' lang='lat' dir='ltr'>hoc,</span> <span class='ocrx_word' id='word_1_160' title='bbox 3725 1578 3795 1631; x_wconf 83' lang='lat' dir='ltr'>ut</span> <span class='ocrx_word' id='word_1_161' title='bbox 3833 1571 3916 1632; x_wconf 92' lang='lat' dir='ltr'>sit</span> 
     </span>
     <span class='ocr_line' id='line_1_30' title="bbox 2422 1667 3916 1750; baseline 0.003 -22"><span class='ocrx_word' id='word_1_162' title='bbox 2422 1667 2682 1729; x_wconf 91' lang='lat' dir='ltr'>lucerna</span> <span class='ocrx_word' id='word_1_163' title='bbox 2721 1668 2949 1730; x_wconf 89' lang='lat' dir='ltr'>ardens</span> <span class='ocrx_word' id='word_1_164' title='bbox 2987 1675 3050 1730; x_wconf 89' lang='lat' dir='ltr'>et</span> <span class='ocrx_word' id='word_1_165' title='bbox 3089 1667 3328 1742; x_wconf 90' lang='lat' dir='ltr'>lucens,</span> <span class='ocrx_word' id='word_1_166' title='bbox 3362 1676 3674 1750; x_wconf 88' lang='lat' dir='ltr'>quatenus</span> <span class='ocrx_word' id='word_1_167' title='bbox 3713 1675 3776 1730; x_wconf 92' lang='lat' dir='ltr'>et</span> <span class='ocrx_word' id='word_1_168' title='bbox 3819 1670 3916 1732; x_wconf 93' lang='lat' dir='ltr'>lu-</span> 
     </span>
     <span class='ocr_line' id='line_1_31' title="bbox 2423 1766 3910 1848; baseline 0.001 -20"><span class='ocrx_word' id='word_1_169' title='bbox 2423 1784 2569 1828; x_wconf 90' lang='lat' dir='ltr'>men</span> <span class='ocrx_word' id='word_1_170' title='bbox 2616 1767 2831 1846; x_wconf 84' lang='lat' dir='ltr'>gratiae</span> <span class='ocrx_word' id='word_1_171' title='bbox 2869 1775 3088 1848; x_wconf 92' lang='lat' dir='ltr'>aptum</span> <span class='ocrx_word' id='word_1_172' title='bbox 3134 1767 3201 1828; x_wconf 90' lang='lat' dir='ltr'>in</span> <span class='ocrx_word' id='word_1_173' title='bbox 3241 1785 3316 1830; x_wconf 94' lang='lat' dir='ltr'>eo</span> <span class='ocrx_word' id='word_1_174' title='bbox 3355 1766 3563 1830; x_wconf 90' lang='lat' dir='ltr'>locum</span> <span class='ocrx_word' id='word_1_175' title='bbox 3607 1768 3910 1844; x_wconf 85' lang='lat' dir='ltr'>inveniat,</span> 
     </span>
    </p>
   </div>
   <div class='ocr_carea' id='block_1_12' title="bbox 812 1864 3914 1947">
    <p class='ocr_par' dir='ltr' id='par_1_13' title="bbox 812 1864 3914 1947">
     <span class='ocr_line' id='line_1_32' title="bbox 812 1864 3914 1947; baseline 0.001 -21"><span class='ocrx_word' id='word_1_176' title='bbox 812 1873 965 1926; x_wconf 90' lang='lat' dir='ltr'>tem.</span> <span class='ocrx_word' id='word_1_177' title='bbox 1000 1868 1137 1942; x_wconf 64' lang='lat' dir='ltr'>Ego</span> <span class='ocrx_word' id='word_1_178' title='bbox 1177 1874 1393 1925; x_wconf 79' lang='lat' dir='ltr'>autem</span> <span class='ocrx_word' id='word_1_179' title='bbox 1441 1865 1521 1924; x_wconf 84' lang='lat' dir='ltr'>ab</span> <span class='ocrx_word' id='word_1_180' title='bbox 1567 1865 1825 1925; x_wconf 69' lang='lat' dir='ltr'>homine</span> <span class='ocrx_word' id='word_1_181' title='bbox 1862 1865 2304 1924; x_wconf 78' lang='lat' dir='ltr'>‘testi-monium</span> <span class='ocrx_word' id='word_1_182' title='bbox 2351 1864 2394 1926; x_wconf 88' lang='lat' dir='ltr'>B</span> <span class='ocrx_word' id='word_1_183' title='bbox 2421 1872 2484 1926; x_wconf 89' lang='lat' dir='ltr'>et</span> <span class='ocrx_word' id='word_1_184' title='bbox 2531 1865 2668 1946; x_wconf 92' lang='lat' dir='ltr'>ipse</span> <span class='ocrx_word' id='word_1_185' title='bbox 2718 1865 2782 1926; x_wconf 92' lang='lat' dir='ltr'>in</span> <span class='ocrx_word' id='word_1_186' title='bbox 2834 1883 2902 1927; x_wconf 87' lang='lat' dir='ltr'>se</span> <span class='ocrx_word' id='word_1_187' title='bbox 2949 1865 3089 1947; x_wconf 90' lang='lat' dir='ltr'>ipso</span> <span class='ocrx_word' id='word_1_188' title='bbox 3137 1865 3352 1928; x_wconf 87' lang='lat' dir='ltr'>divina</span> <span class='ocrx_word' id='word_1_189' title='bbox 3409 1867 3665 1928; x_wconf 84' lang='lat' dir='ltr'>caritate</span> <span class='ocrx_word' id='word_1_190' title='bbox 3709 1865 3914 1930; x_wconf 78' lang='lat' dir='ltr'>ferve-</span> 
     </span>
    </p>
   </div>
   <div class='ocr_carea' id='block_1_13' title="bbox 811 1962 2314 2537">
    <p class='ocr_par' dir='ltr' id='par_1_14' title="bbox 811 1962 2314 2537">
     <span class='ocr_line' id='line_1_33' title="bbox 812 1962 2311 2040; baseline -0.001 -16"><span class='ocrx_word' id='word_1_191' title='bbox 812 1985 943 2025; x_wconf 78' lang='lat' dir='ltr'>non</span> <span class='ocrx_word' id='word_1_192' title='bbox 993 1965 1261 2040; x_wconf 83' lang='lat' dir='ltr'>accipio,</span> <span class='ocrx_word' id='word_1_193' title='bbox 1313 1964 1377 2025; x_wconf 93' lang='lat' dir='ltr'>id</span> <span class='ocrx_word' id='word_1_194' title='bbox 1434 1970 1549 2038; x_wconf 89' lang='lat' dir='ltr'>est,</span> <span class='ocrx_word' id='word_1_195' title='bbox 1604 1962 2041 2025; x_wconf 87' lang='lat' dir='ltr'>testimonium</span> <span class='ocrx_word' id='word_1_196' title='bbox 2093 1963 2311 2025; x_wconf 91' lang='lat' dir='ltr'>huma·</span> 
     </span>
     <span class='ocr_line' id='line_1_34' title="bbox 812 2061 2309 2142; baseline -0.001 -18"><span class='ocrx_word' id='word_1_197' title='bbox 812 2081 967 2124; x_wconf 91' lang='lat' dir='ltr'>num</span> <span class='ocrx_word' id='word_1_198' title='bbox 1010 2081 1135 2125; x_wconf 94' lang='lat' dir='ltr'>non</span> <span class='ocrx_word' id='word_1_199' title='bbox 1180 2063 1456 2142; x_wconf 86' lang='lat' dir='ltr'>requiro,</span> <span class='ocrx_word' id='word_1_200' title='bbox 1490 2061 1672 2142; x_wconf 82' lang='lat' dir='ltr'>quasi</span> <span class='ocrx_word' id='word_1_201' title='bbox 1714 2061 2005 2142; x_wconf 88' lang='lat' dir='ltr'>indigens</span> <span class='ocrx_word' id='word_1_202' title='bbox 2042 2061 2173 2136; x_wconf 91' lang='lat' dir='ltr'>illo,</span> <span class='ocrx_word' id='word_1_203' title='bbox 2208 2062 2309 2123; x_wconf 89' lang='lat' dir='ltr'>vel</span> 
     </span>
     <span class='ocr_line' id='line_1_35' title="bbox 812 2159 2314 2241; baseline -0.001 -19"><span class='ocrx_word' id='word_1_204' title='bbox 812 2167 881 2222; x_wconf 91' lang='lat' dir='ltr'>ut</span> <span class='ocrx_word' id='word_1_205' title='bbox 912 2179 986 2222; x_wconf 87' lang='lat' dir='ltr'>ex</span> <span class='ocrx_word' id='word_1_206' title='bbox 1028 2161 1147 2224; x_wconf 92' lang='lat' dir='ltr'>hoc</span> <span class='ocrx_word' id='word_1_207' title='bbox 1178 2160 1335 2223; x_wconf 92' lang='lat' dir='ltr'>mihi</span> <span class='ocrx_word' id='word_1_208' title='bbox 1374 2160 1616 2241; x_wconf 88' lang='lat' dir='ltr'>aliquid</span> <span class='ocrx_word' id='word_1_209' title='bbox 1657 2166 1994 2233; x_wconf 84' lang='lat' dir='ltr'>accrescat,</span> <span class='ocrx_word' id='word_1_210' title='bbox 2030 2159 2314 2240; x_wconf 87' lang='lat' dir='ltr'>majoris-</span> 
     </span>
     <span class='ocr_line' id='line_1_36' title="bbox 811 2258 2304 2341; baseline 0 -21"><span class='ocrx_word' id='word_1_211' title='bbox 811 2279 939 2341; x_wconf 86' lang='lat' dir='ltr'>que</span> <span class='ocrx_word' id='word_1_212' title='bbox 976 2259 1364 2322; x_wconf 87' lang='lat' dir='ltr'>auctoritatis</span> <span class='ocrx_word' id='word_1_213' title='bbox 1403 2258 1701 2320; x_wconf 85' lang='lat' dir='ltr'>exsistam</span> <span class='ocrx_word' id='word_1_214' title='bbox 1733 2266 2043 2339; x_wconf 86' lang='lat' dir='ltr'>quantum</span> <span class='ocrx_word' id='word_1_215' title='bbox 2077 2259 2156 2320; x_wconf 93' lang='lat' dir='ltr'>ad</span> <span class='ocrx_word' id='word_1_216' title='bbox 2186 2275 2304 2334; x_wconf 89' lang='lat' dir='ltr'>me,</span> 
     </span>
     <span class='ocr_line' id='line_1_37' title="bbox 814 2355 2313 2437; baseline -0.001 -17"><span class='ocrx_word' id='word_1_217' title='bbox 814 2358 979 2420; x_wconf 91' lang='lat' dir='ltr'>sicut</span> <span class='ocrx_word' id='word_1_218' title='bbox 1036 2357 1226 2421; x_wconf 91' lang='lat' dir='ltr'>homo</span> <span class='ocrx_word' id='word_1_219' title='bbox 1284 2357 1525 2437; x_wconf 86' lang='lat' dir='ltr'>indiget</span> <span class='ocrx_word' id='word_1_220' title='bbox 1580 2357 1943 2419; x_wconf 89' lang='lat' dir='ltr'>testimonio</span> <span class='ocrx_word' id='word_1_221' title='bbox 1997 2355 2129 2418; x_wconf 89' lang='lat' dir='ltr'>Dei.</span> <span class='ocrx_word' id='word_1_222' title='bbox 2184 2361 2313 2420; x_wconf 84' lang='lat' dir='ltr'>Sed</span> 
     </span>
     <span class='ocr_line' id='line_1_38' title="bbox 812 2455 2313 2537; baseline -0.001 -18"><span class='ocrx_word' id='word_1_223' title='bbox 812 2460 945 2519; x_wconf 79' lang='lat' dir='ltr'>haee</span> <span class='ocrx_word' id='word_1_224' title='bbox 990 2458 1161 2527; x_wconf 73' lang='lat' dir='ltr'>dim,</span> <span class='ocrx_word' id='word_1_225' title='bbox 1207 2456 1523 2530; x_wconf 87' lang='lat' dir='ltr'>videlicet,</span> <span class='ocrx_word' id='word_1_226' title='bbox 1574 2457 1745 2537; x_wconf 91' lang='lat' dir='ltr'>quod</span> <span class='ocrx_word' id='word_1_227' title='bbox 1806 2455 1967 2517; x_wconf 91' lang='lat' dir='ltr'>Deus</span> <span class='ocrx_word' id='word_1_228' title='bbox 2026 2455 2204 2517; x_wconf 87' lang='lat' dir='ltr'>Pater</span> <span class='ocrx_word' id='word_1_229' title='bbox 2250 2464 2313 2517; x_wconf 91' lang='lat' dir='ltr'>et</span> 
     </span>
    </p>
   </div>
   <div class='ocr_carea' id='block_1_14' title="bbox 788 2545 2311 2635">
    <p class='ocr_par' dir='ltr' id='par_1_15' title="bbox 788 2545 2311 2635">
     <span class='ocr_line' id='line_1_39' title="bbox 788 2545 2311 2635; baseline -0.003 -17"><span class='ocrx_word' id='word_1_230' title='bbox 788 2545 1078 2618; x_wconf 74' lang='lat' dir='ltr'>&#39;loannes</span> <span class='ocrx_word' id='word_1_231' title='bbox 1110 2554 1269 2617; x_wconf 90' lang='lat' dir='ltr'>mihi</span> <span class='ocrx_word' id='word_1_232' title='bbox 1299 2553 1737 2616; x_wconf 88' lang='lat' dir='ltr'>testimonium</span> <span class='ocrx_word' id='word_1_233' title='bbox 1773 2552 2206 2635; x_wconf 85' lang='lat' dir='ltr'>praebuerunt,</span> <span class='ocrx_word' id='word_1_234' title='bbox 2239 2564 2311 2614; x_wconf 80' lang='lat' dir='ltr'>uc</span> 
     </span>
    </p>
   </div>
   <div class='ocr_carea' id='block_1_15' title="bbox 566 3850 747 3894">
    <p class='ocr_par' dir='ltr' id='par_1_16' title="bbox 566 3850 747 3894">
     <span class='ocr_line' id='line_1_40' title="bbox 566 3850 747 3894; baseline 0.006 -1"><span class='ocrx_word' id='word_1_235' title='bbox 566 3850 684 3894; x_wconf 64' lang='lat' dir='ltr'>laid.</span> <span class='ocrx_word' id='word_1_236' title='bbox 704 3853 747 3894; x_wconf 88' lang='lat'>8.</span> 
     </span>
    </p>
   </div>
   <div class='ocr_carea' id='block_1_16' title="bbox 810 2651 2316 4210">
    <p class='ocr_par' dir='ltr' id='par_1_17' title="bbox 810 2651 2316 4210">
     <span class='ocr_line' id='line_1_41' title="bbox 811 2651 2313 2733; baseline -0.001 -19"><span class='ocrx_word' id='word_1_237' title='bbox 811 2675 919 2714; x_wconf 82' lang='lat' dir='ltr'>vos</span> <span class='ocrx_word' id='word_1_238' title='bbox 954 2655 1127 2715; x_wconf 84' lang='lat' dir='ltr'>salvi</span> <span class='ocrx_word' id='word_1_239' title='bbox 1162 2654 1329 2726; x_wconf 78' lang='lat' dir='ltr'>sitis,</span> <span class='ocrx_word' id='word_1_240' title='bbox 1365 2653 1678 2715; x_wconf 90' lang='lat' dir='ltr'>credendo</span> <span class='ocrx_word' id='word_1_241' title='bbox 1722 2651 1787 2714; x_wconf 90' lang='lat' dir='ltr'>in</span> <span class='ocrx_word' id='word_1_242' title='bbox 1833 2669 1935 2713; x_wconf 90' lang='lat' dir='ltr'>me</span> <span class='ocrx_word' id='word_1_243' title='bbox 1980 2669 2094 2733; x_wconf 92' lang='lat' dir='ltr'>per</span> <span class='ocrx_word' id='word_1_244' title='bbox 2136 2651 2313 2713; x_wconf 87' lang='lat' dir='ltr'>testi-</span> 
     </span>
     <span class='ocr_line' id='line_1_42' title="bbox 810 2747 2311 2814; baseline -0.002 0"><span class='ocrx_word' id='word_1_245' title='bbox 810 2751 1176 2814; x_wconf 85' lang='lat' dir='ltr'>ficationem</span> <span class='ocrx_word' id='word_1_246' title='bbox 1237 2751 1515 2813; x_wconf 90' lang='lat' dir='ltr'>illorum.</span> <span class='ocrx_word' id='word_1_247' title='bbox 1566 2747 1701 2812; x_wconf 90' lang='lat' dir='ltr'>Non</span> <span class='ocrx_word' id='word_1_248' title='bbox 1759 2750 1930 2811; x_wconf 90' lang='lat' dir='ltr'>enim</span> <span class='ocrx_word' id='word_1_249' title='bbox 1989 2749 2069 2812; x_wconf 93' lang='lat' dir='ltr'>ob</span> <span class='ocrx_word' id='word_1_250' title='bbox 2129 2769 2311 2812; x_wconf 88' lang='lat' dir='ltr'>suam</span> 
     </span>
     <span class='ocr_line' id='line_1_43' title="bbox 812 2847 2314 2930; baseline -0.003 -18"><span class='ocrx_word' id='word_1_251' title='bbox 812 2849 1230 2930; x_wconf 82' lang='lat' dir='ltr'>indigentiam</span> <span class='ocrx_word' id='word_1_252' title='bbox 1288 2849 1389 2912; x_wconf 86' lang='lat' dir='ltr'>vel</span> <span class='ocrx_word' id='word_1_253' title='bbox 1448 2847 1827 2929; x_wconf 81' lang='lat' dir='ltr'>profectum,</span> <span class='ocrx_word' id='word_1_254' title='bbox 1882 2848 1991 2910; x_wconf 88' lang='lat' dir='ltr'>sed</span> <span class='ocrx_word' id='word_1_255' title='bbox 2053 2855 2314 2929; x_wconf 90' lang='lat' dir='ltr'>propter</span> 
     </span>
     <span class='ocr_line' id='line_1_44' title="bbox 812 2946 2315 3021; baseline -0.003 -9"><span class='ocrx_word' id='word_1_256' title='bbox 812 2957 1089 3012; x_wconf 86' lang='lat' dir='ltr'>nostram</span> <span class='ocrx_word' id='word_1_257' title='bbox 1122 2947 1413 3021; x_wconf 88' lang='lat' dir='ltr'>salutem,</span> <span class='ocrx_word' id='word_1_258' title='bbox 1450 2946 1649 3010; x_wconf 90' lang='lat' dir='ltr'>voluit</span> <span class='ocrx_word' id='word_1_259' title='bbox 1678 2946 1963 3010; x_wconf 91' lang='lat' dir='ltr'>Christus</span> <span class='ocrx_word' id='word_1_260' title='bbox 1994 2952 2182 3008; x_wconf 88' lang='lat' dir='ltr'>testes</span> <span class='ocrx_word' id='word_1_261' title='bbox 2213 2946 2315 3008; x_wconf 88' lang='lat' dir='ltr'>ha-</span> 
     </span>
     <span class='ocr_line' id='line_1_45' title="bbox 811 3045 2007 3122; baseline -0.003 -13"><span class='ocrx_word' id='word_1_262' title='bbox 811 3048 985 3122; x_wconf 87' lang='lat' dir='ltr'>bere,</span> <span class='ocrx_word' id='word_1_263' title='bbox 1034 3053 1103 3107; x_wconf 93' lang='lat' dir='ltr'>ut</span> <span class='ocrx_word' id='word_1_264' title='bbox 1144 3045 1237 3108; x_wconf 92' lang='lat' dir='ltr'>sic</span> <span class='ocrx_word' id='word_1_265' title='bbox 1279 3046 1683 3107; x_wconf 88' lang='lat' dir='ltr'>crederemus</span> <span class='ocrx_word' id='word_1_266' title='bbox 1727 3045 1792 3106; x_wconf 90' lang='lat' dir='ltr'>in</span> <span class='ocrx_word' id='word_1_267' title='bbox 1837 3063 2007 3106; x_wconf 92' lang='lat' dir='ltr'>eum.</span> 
     </span>
     <span class='ocr_line' id='line_1_46' title="bbox 892 3142 2316 3227; baseline 0 -21"><span class='ocrx_word' id='word_1_268' title='bbox 892 3145 1160 3227; x_wconf 85' lang='lat' dir='ltr'>Insuper</span> <span class='ocrx_word' id='word_1_269' title='bbox 1192 3142 1476 3206; x_wconf 90' lang='lat' dir='ltr'>Christus</span> <span class='ocrx_word' id='word_1_270' title='bbox 1515 3143 1791 3206; x_wconf 88' lang='lat' dir='ltr'>ostendit</span> <span class='ocrx_word' id='word_1_271' title='bbox 1826 3144 1996 3224; x_wconf 90' lang='lat' dir='ltr'>quod</span> <span class='ocrx_word' id='word_1_272' title='bbox 2035 3143 2316 3206; x_wconf 87' lang='lat' dir='ltr'>testimo-</span> 
     </span>
     <span class='ocr_line' id='line_1_47' title="bbox 815 3241 2311 3323; baseline -0.001 -17"><span class='ocrx_word' id='word_1_273' title='bbox 815 3245 995 3307; x_wconf 90' lang='lat' dir='ltr'>nium</span> <span class='ocrx_word' id='word_1_274' title='bbox 1024 3242 1279 3305; x_wconf 72' lang='lat' dir='ltr'>loannis</span> <span class='ocrx_word' id='word_1_275' title='bbox 1310 3241 1434 3303; x_wconf 84' lang='lat' dir='ltr'>fuit</span> <span class='ocrx_word' id='word_1_276' title='bbox 1464 3241 1783 3315; x_wconf 91' lang='lat' dir='ltr'>idoneum,</span> <span class='ocrx_word' id='word_1_277' title='bbox 1822 3249 2078 3323; x_wconf 89' lang='lat' dir='ltr'>propter</span> <span class='ocrx_word' id='word_1_278' title='bbox 2110 3241 2311 3323; x_wconf 89' lang='lat' dir='ltr'>ipsius</span> 
     </span>
     <span class='ocr_line' id='line_1_48' title="bbox 815 3339 2313 3422; baseline -0.003 -17"><span class='ocrx_word' id='word_1_279' title='bbox 815 3360 1106 3422; x_wconf 87' lang='lat' dir='ltr'>magnam</span> <span class='ocrx_word' id='word_1_280' title='bbox 1156 3339 1634 3422; x_wconf 87' lang='lat' dir='ltr'>perfectionem.</span> <span class='ocrx_word' id='word_1_281' title='bbox 1686 3343 1811 3400; x_wconf 83' lang='lat' dir='ltr'>Ille</span> <span class='ocrx_word' id='word_1_282' title='bbox 1856 3349 2015 3411; x_wconf 80' lang='lat' dir='ltr'>erat,</span> <span class='ocrx_word' id='word_1_283' title='bbox 2069 3358 2183 3420; x_wconf 90' lang='lat' dir='ltr'>per</span> <span class='ocrx_word' id='word_1_284' title='bbox 2230 3339 2313 3401; x_wconf 93' lang='lat' dir='ltr'>si-</span> 
     </span>
     <span class='ocr_line' id='line_1_49' title="bbox 814 3439 2313 3519; baseline -0.003 -16"><span class='ocrx_word' id='word_1_285' title='bbox 814 3439 1245 3510; x_wconf 89' lang='lat' dir='ltr'>militudinem</span> <span class='ocrx_word' id='word_1_286' title='bbox 1285 3439 1649 3519; x_wconf 89' lang='lat' dir='ltr'>quamdam,</span> <span class='ocrx_word' id='word_1_287' title='bbox 1687 3441 1949 3498; x_wconf 79' lang='lat' dir='ltr'>lucerna</span> <span class='ocrx_word' id='word_1_288' title='bbox 1988 3441 2226 3499; x_wconf 83' lang='lat' dir='ltr'>ardens</span> <span class='ocrx_word' id='word_1_289' title='bbox 2254 3447 2313 3499; x_wconf 78' lang='lat' dir='ltr'>et</span> 
     </span>
     <span class='ocr_line' id='line_1_50' title="bbox 813 3535 2308 3611; baseline -0.001 -11"><span class='ocrx_word' id='word_1_290' title='bbox 813 3545 1050 3602; x_wconf 68' lang='lat' dir='ltr'>lucen-3.</span> <span class='ocrx_word' id='word_1_291' title='bbox 1094 3537 1302 3600; x_wconf 88' lang='lat' dir='ltr'>Primo</span> <span class='ocrx_word' id='word_1_292' title='bbox 1344 3537 1517 3599; x_wconf 90' lang='lat' dir='ltr'>enim</span> <span class='ocrx_word' id='word_1_293' title='bbox 1566 3535 1689 3598; x_wconf 92' lang='lat' dir='ltr'>fuit</span> <span class='ocrx_word' id='word_1_294' title='bbox 1736 3536 1965 3598; x_wconf 87' lang='lat' dir='ltr'>similis</span> <span class='ocrx_word' id='word_1_295' title='bbox 2010 3536 2308 3611; x_wconf 85' lang='lat' dir='ltr'>lucernae,</span> 
     </span>
     <span class='ocr_line' id='line_1_51' title="bbox 811 3635 2313 3720; baseline -0.002 -21"><span class='ocrx_word' id='word_1_296' title='bbox 811 3637 1113 3720; x_wconf 90' lang='lat' dir='ltr'>quoniam</span> <span class='ocrx_word' id='word_1_297' title='bbox 1164 3636 1330 3698; x_wconf 87' lang='lat' dir='ltr'>sicut</span> <span class='ocrx_word' id='word_1_298' title='bbox 1386 3635 1645 3697; x_wconf 89' lang='lat' dir='ltr'>lucerna</span> <span class='ocrx_word' id='word_1_299' title='bbox 1695 3653 1820 3697; x_wconf 91' lang='lat' dir='ltr'>non</span> <span class='ocrx_word' id='word_1_300' title='bbox 1870 3642 1964 3696; x_wconf 89' lang='lat' dir='ltr'>est</span> <span class='ocrx_word' id='word_1_301' title='bbox 2012 3635 2313 3696; x_wconf 88' lang='lat' dir='ltr'>essentia-</span> 
     </span>
     <span class='ocr_line' id='line_1_52' title="bbox 814 3733 2307 3815; baseline -0.003 -16"><span class='ocrx_word' id='word_1_302' title='bbox 814 3737 959 3799; x_wconf 90' lang='lat' dir='ltr'>liter</span> <span class='ocrx_word' id='word_1_303' title='bbox 996 3736 1127 3809; x_wconf 84' lang='lat' dir='ltr'>lux,</span> <span class='ocrx_word' id='word_1_304' title='bbox 1162 3753 1279 3796; x_wconf 93' lang='lat' dir='ltr'>nec</span> <span class='ocrx_word' id='word_1_305' title='bbox 1308 3734 1478 3796; x_wconf 92' lang='lat' dir='ltr'>lucet</span> <span class='ocrx_word' id='word_1_306' title='bbox 1517 3751 1631 3815; x_wconf 91' lang='lat' dir='ltr'>per</span> <span class='ocrx_word' id='word_1_307' title='bbox 1666 3751 1755 3806; x_wconf 87' lang='lat' dir='ltr'>se,</span> <span class='ocrx_word' id='word_1_308' title='bbox 1790 3734 1899 3795; x_wconf 89' lang='lat' dir='ltr'>sed</span> <span class='ocrx_word' id='word_1_309' title='bbox 1942 3751 2055 3815; x_wconf 90' lang='lat' dir='ltr'>per</span> <span class='ocrx_word' id='word_1_310' title='bbox 2093 3733 2307 3796; x_wconf 90' lang='lat' dir='ltr'>lumen</span> 
     </span>
     <span class='ocr_line' id='line_1_53' title="bbox 813 3832 2312 3906; baseline -0.003 -7"><span class='ocrx_word' id='word_1_311' title='bbox 813 3835 1227 3900; x_wconf 88' lang='lat' dir='ltr'>constitutum</span> <span class='ocrx_word' id='word_1_312' title='bbox 1287 3834 1351 3894; x_wconf 90' lang='lat' dir='ltr'>in</span> <span class='ocrx_word' id='word_1_313' title='bbox 1402 3851 1495 3906; x_wconf 91' lang='lat' dir='ltr'>ea,</span> <span class='ocrx_word' id='word_1_314' title='bbox 1549 3832 1640 3894; x_wconf 92' lang='lat' dir='ltr'>sic</span> <span class='ocrx_word' id='word_1_315' title='bbox 1684 3832 1952 3894; x_wconf 87' lang='lat' dir='ltr'>Joannes</span> <span class='ocrx_word' id='word_1_316' title='bbox 2001 3851 2126 3894; x_wconf 92' lang='lat' dir='ltr'>non</span> <span class='ocrx_word' id='word_1_317' title='bbox 2178 3840 2312 3894; x_wconf 89' lang='lat' dir='ltr'>erat</span> 
     </span>
     <span class='ocr_line' id='line_1_54' title="bbox 812 3929 2306 4016; baseline -0.002 -20"><span class='ocrx_word' id='word_1_318' title='bbox 812 3935 921 3996; x_wconf 87' lang='lat' dir='ltr'>lux</span> <span class='ocrx_word' id='word_1_319' title='bbox 970 3953 1083 4016; x_wconf 89' lang='lat' dir='ltr'>per</span> <span class='ocrx_word' id='word_1_320' title='bbox 1125 3932 1485 4006; x_wconf 88' lang='lat' dir='ltr'>essentiam,</span> <span class='ocrx_word' id='word_1_321' title='bbox 1520 3949 1637 3992; x_wconf 89' lang='lat' dir='ltr'>nec</span> <span class='ocrx_word' id='word_1_322' title='bbox 1681 3929 2055 4012; x_wconf 90' lang='lat' dir='ltr'>splendebat</span> <span class='ocrx_word' id='word_1_323' title='bbox 2095 3948 2172 3992; x_wconf 83' lang='lat' dir='ltr'>ex</span> <span class='ocrx_word' id='word_1_324' title='bbox 2218 3949 2306 4005; x_wconf 87' lang='lat' dir='ltr'>se,</span> 
     </span>
     <span class='ocr_line' id='line_1_55' title="bbox 811 4028 2312 4112; baseline -0.003 -18"><span class='ocrx_word' id='word_1_325' title='bbox 811 4033 921 4094; x_wconf 92' lang='lat' dir='ltr'>sed</span> <span class='ocrx_word' id='word_1_326' title='bbox 960 4049 1037 4093; x_wconf 87' lang='lat' dir='ltr'>ex</span> <span class='ocrx_word' id='word_1_327' title='bbox 1076 4029 1559 4112; x_wconf 87' lang='lat' dir='ltr'>participatione</span> <span class='ocrx_word' id='word_1_328' title='bbox 1598 4029 1760 4090; x_wconf 91' lang='lat' dir='ltr'>lucis</span> <span class='ocrx_word' id='word_1_329' title='bbox 1802 4029 2053 4104; x_wconf 82' lang='lat' dir='ltr'>divinae‚</span> <span class='ocrx_word' id='word_1_330' title='bbox 2090 4028 2312 4090; x_wconf 90' lang='lat' dir='ltr'>videli-</span> 
     </span>
     <span class='ocr_line' id='line_1_56' title="bbox 812 4126 2312 4210; baseline -0.001 -19"><span class='ocrx_word' id='word_1_331' title='bbox 812 4137 913 4191; x_wconf 88' lang='lat' dir='ltr'>cet</span> <span class='ocrx_word' id='word_1_332' title='bbox 950 4147 1064 4210; x_wconf 89' lang='lat' dir='ltr'>per</span> <span class='ocrx_word' id='word_1_333' title='bbox 1100 4128 1365 4210; x_wconf 85' lang='lat' dir='ltr'>gratiam</span> <span class='ocrx_word' id='word_1_334' title='bbox 1398 4127 1624 4190; x_wconf 89' lang='lat' dir='ltr'>Christi</span> <span class='ocrx_word' id='word_1_335' title='bbox 1666 4126 1789 4188; x_wconf 90' lang='lat' dir='ltr'>sibi</span> <span class='ocrx_word' id='word_1_336' title='bbox 1830 4126 2131 4201; x_wconf 85' lang='lat' dir='ltr'>infusam,</span> <span class='ocrx_word' id='word_1_337' title='bbox 2168 4147 2312 4208; x_wconf 82' lang='lat' dir='ltr'>quae</span> 
     </span>
    </p>
   </div>
   <div class='ocr_carea' id='block_1_17' title="bbox 2419 1964 3918 3031">
    <p class='ocr_par' dir='ltr' id='par_1_18' title="bbox 2419 1964 3918 2831">
     <span class='ocr_line' id='line_1_57' title="bbox 2419 1964 3914 2047; baseline 0.001 -21"><span class='ocrx_word' id='word_1_338' title='bbox 2419 1971 2571 2037; x_wconf 87' lang='lat' dir='ltr'>scat,</span> <span class='ocrx_word' id='word_1_339' title='bbox 2629 1973 2818 2045; x_wconf 88' lang='lat' dir='ltr'>atquc</span> <span class='ocrx_word' id='word_1_340' title='bbox 2876 1964 2941 2026; x_wconf 92' lang='lat' dir='ltr'>in</span> <span class='ocrx_word' id='word_1_341' title='bbox 3000 1965 3531 2046; x_wconf 87' lang='lat' dir='ltr'>contemplatione</span> <span class='ocrx_word' id='word_1_342' title='bbox 3589 1966 3914 2047; x_wconf 83' lang='lat' dir='ltr'>sapientiae</span> 
     </span>
     <span class='ocr_line' id='line_1_58' title="bbox 2419 2062 3913 2145; baseline 0.001 -21"><span class='ocrx_word' id='word_1_343' title='bbox 2419 2062 2678 2143; x_wconf 87' lang='lat' dir='ltr'>fulgeat,</span> <span class='ocrx_word' id='word_1_344' title='bbox 2713 2063 3034 2143; x_wconf 86' lang='lat' dir='ltr'>proximos</span> <span class='ocrx_word' id='word_1_345' title='bbox 3077 2081 3334 2145; x_wconf 88' lang='lat' dir='ltr'>quoque</span> <span class='ocrx_word' id='word_1_346' title='bbox 3369 2064 3448 2126; x_wconf 90' lang='lat' dir='ltr'>ad</span> <span class='ocrx_word' id='word_1_347' title='bbox 3487 2063 3593 2126; x_wconf 89' lang='lat' dir='ltr'>Dei</span> <span class='ocrx_word' id='word_1_348' title='bbox 3633 2082 3913 2127; x_wconf 89' lang='lat' dir='ltr'>amorem</span> 
     </span>
     <span class='ocr_line' id='line_1_59' title="bbox 2420 2161 3908 2225; baseline 0.001 -2"><span class='ocrx_word' id='word_1_349' title='bbox 2420 2168 2483 2223; x_wconf 94' lang='lat' dir='ltr'>et</span> <span class='ocrx_word' id='word_1_350' title='bbox 2541 2161 2824 2223; x_wconf 88' lang='lat' dir='ltr'>veritatis</span> <span class='ocrx_word' id='word_1_351' title='bbox 2883 2161 3172 2224; x_wconf 89' lang='lat' dir='ltr'>notitiam</span> <span class='ocrx_word' id='word_1_352' title='bbox 3231 2169 3494 2224; x_wconf 87' lang='lat' dir='ltr'>conetur</span> <span class='ocrx_word' id='word_1_353' title='bbox 3549 2163 3852 2225; x_wconf 86' lang='lat' dir='ltr'>inducere</span> <span class='ocrx_word' id='word_1_354' title='bbox 3895 2181 3908 2225; x_wconf 92' lang='lat'>:</span> 
     </span>
     <span class='ocr_line' id='line_1_60' title="bbox 2422 2259 3916 2340; baseline 0.001 -18"><span class='ocrx_word' id='word_1_355' title='bbox 2422 2260 2644 2340; x_wconf 91' lang='lat' dir='ltr'>sicque</span> <span class='ocrx_word' id='word_1_356' title='bbox 2690 2259 2891 2340; x_wconf 86' lang='lat' dir='ltr'>gratia</span> <span class='ocrx_word' id='word_1_357' title='bbox 2945 2259 3172 2322; x_wconf 84' lang='lat' dir='ltr'>animae</span> <span class='ocrx_word' id='word_1_358' title='bbox 3228 2279 3359 2323; x_wconf 80' lang='lat' dir='ltr'>suae</span> <span class='ocrx_word' id='word_1_359' title='bbox 3406 2262 3735 2332; x_wconf 89' lang='lat' dir='ltr'>redundet,</span> <span class='ocrx_word' id='word_1_360' title='bbox 3787 2281 3916 2324; x_wconf 88' lang='lat' dir='ltr'>ma-</span> 
     </span>
     <span class='ocr_line' id='line_1_61' title="bbox 2421 2357 3910 2440; baseline 0.001 -20"><span class='ocrx_word' id='word_1_361' title='bbox 2421 2357 2758 2421; x_wconf 84' lang='lat' dir='ltr'>nifestetur</span> <span class='ocrx_word' id='word_1_362' title='bbox 2787 2377 2860 2420; x_wconf 91' lang='lat' dir='ltr'>ac</span> <span class='ocrx_word' id='word_1_363' title='bbox 2889 2358 3118 2420; x_wconf 90' lang='lat' dir='ltr'>emicet</span> <span class='ocrx_word' id='word_1_364' title='bbox 3149 2359 3214 2420; x_wconf 93' lang='lat' dir='ltr'>in</span> <span class='ocrx_word' id='word_1_365' title='bbox 3247 2359 3459 2420; x_wconf 82' lang='lat' dir='ltr'>vultus</span> <span class='ocrx_word' id='word_1_366' title='bbox 3487 2359 3814 2440; x_wconf 86' lang='lat' dir='ltr'>gravitate,</span> <span class='ocrx_word' id='word_1_367' title='bbox 3848 2360 3910 2421; x_wconf 91' lang='lat' dir='ltr'>in</span> 
     </span>
     <span class='ocr_line' id='line_1_62' title="bbox 2423 2457 3916 2540; baseline 0.001 -21"><span class='ocrx_word' id='word_1_368' title='bbox 2423 2476 2671 2520; x_wconf 91' lang='lat' dir='ltr'>morum</span> <span class='ocrx_word' id='word_1_369' title='bbox 2718 2457 3052 2539; x_wconf 86' lang='lat' dir='ltr'>probitate,</span> <span class='ocrx_word' id='word_1_370' title='bbox 3088 2457 3153 2518; x_wconf 90' lang='lat' dir='ltr'>in</span> <span class='ocrx_word' id='word_1_371' title='bbox 3197 2458 3390 2519; x_wconf 89' lang='lat' dir='ltr'>totius</span> <span class='ocrx_word' id='word_1_372' title='bbox 3427 2458 3712 2540; x_wconf 90' lang='lat' dir='ltr'>corporis</span> <span class='ocrx_word' id='word_1_373' title='bbox 3751 2477 3916 2539; x_wconf 86' lang='lat' dir='ltr'>gres-</span> 
     </span>
     <span class='ocr_line' id='line_1_63' title="bbox 2423 2555 3908 2637; baseline 0.001 -19"><span class='ocrx_word' id='word_1_374' title='bbox 2423 2575 2520 2633; x_wconf 91' lang='lat' dir='ltr'>su,</span> <span class='ocrx_word' id='word_1_375' title='bbox 2562 2555 2867 2637; x_wconf 90' lang='lat' dir='ltr'>omnique</span> <span class='ocrx_word' id='word_1_376' title='bbox 2913 2564 3080 2617; x_wconf 89' lang='lat' dir='ltr'>actu.</span> <span class='ocrx_word' id='word_1_377' title='bbox 3124 2555 3289 2618; x_wconf 85' lang='lat' dir='ltr'>Beati</span> <span class='ocrx_word' id='word_1_378' title='bbox 3339 2556 3450 2637; x_wconf 92' lang='lat' dir='ltr'>qui</span> <span class='ocrx_word' id='word_1_379' title='bbox 3501 2557 3656 2619; x_wconf 89' lang='lat' dir='ltr'>tales</span> <span class='ocrx_word' id='word_1_380' title='bbox 3705 2566 3854 2619; x_wconf 89' lang='lat' dir='ltr'>sunt</span> <span class='ocrx_word' id='word_1_381' title='bbox 3895 2577 3908 2620; x_wconf 91' lang='lat'>:</span> 
     </span>
     <span class='ocr_line' id='line_1_64' title="bbox 2421 2653 3918 2736; baseline 0.003 -21"><span class='ocrx_word' id='word_1_382' title='bbox 2421 2673 2456 2715; x_wconf 91' lang='lat' dir='ltr'>a</span> <span class='ocrx_word' id='word_1_383' title='bbox 2495 2653 2732 2736; x_wconf 90' lang='lat' dir='ltr'>quibus</span> <span class='ocrx_word' id='word_1_384' title='bbox 2785 2655 2928 2736; x_wconf 90' lang='lat' dir='ltr'>plus</span> <span class='ocrx_word' id='word_1_385' title='bbox 2979 2654 3144 2717; x_wconf 86' lang='lat' dir='ltr'>disto</span> <span class='ocrx_word' id='word_1_386' title='bbox 3191 2674 3384 2736; x_wconf 91' lang='lat' dir='ltr'>quam</span> <span class='ocrx_word' id='word_1_387' title='bbox 3433 2655 3644 2718; x_wconf 89' lang='lat' dir='ltr'>oriens</span> <span class='ocrx_word' id='word_1_388' title='bbox 3693 2655 3771 2718; x_wconf 86' lang='lat' dir='ltr'>ab</span> <span class='ocrx_word' id='word_1_389' title='bbox 3813 2675 3918 2719; x_wconf 92' lang='lat' dir='ltr'>oc-</span> 
     </span>
     <span class='ocr_line' id='line_1_65' title="bbox 2422 2771 2593 2831; baseline -0.012 -17"><span class='ocrx_word' id='word_1_390' title='bbox 2422 2771 2593 2831; x_wconf 88' lang='lat' dir='ltr'>casu.</span> 
     </span>
    </p>

    <p class='ocr_par' dir='ltr' id='par_1_19' title="bbox 2423 2851 3918 3031">
     <span class='ocr_line' id='line_1_66' title="bbox 2519 2851 3918 2935; baseline 0.001 -22"><span class='ocrx_word' id='word_1_391' title='bbox 2519 2854 2632 2913; x_wconf 82' lang='lat' dir='ltr'>Vos</span> <span class='ocrx_word' id='word_1_392' title='bbox 2670 2860 2886 2914; x_wconf 81' lang='lat' dir='ltr'>autem</span> <span class='ocrx_word' id='word_1_393' title='bbox 2923 2853 3220 2912; x_wconf 79' lang='lat' dir='ltr'>voluistis</span> <span class='ocrx_word' id='word_1_394' title='bbox 3257 2856 3581 2913; x_wconf 78' lang='lat' dir='ltr'>eoesultare</span> <span class='ocrx_word' id='word_1_395' title='bbox 3617 2851 3918 2935; x_wconf 87' lang='lat' dir='ltr'>spiritua-</span> 
     </span>
     <span class='ocr_line' id='line_1_67' title="bbox 2423 2949 3911 3031; baseline 0 -19"><span class='ocrx_word' id='word_1_396' title='bbox 2423 2951 2566 3013; x_wconf 85' lang='lat' dir='ltr'>liter</span> <span class='ocrx_word' id='word_1_397' title='bbox 2590 2953 2678 3010; x_wconf 80' lang='lat' dir='ltr'>ad</span> <span class='ocrx_word' id='word_1_398' title='bbox 2699 2951 2945 3016; x_wconf 74' lang='lat' dir='ltr'>horam,</span> <span class='ocrx_word' id='word_1_399' title='bbox 2970 2949 3034 3012; x_wconf 91' lang='lat' dir='ltr'>id</span> <span class='ocrx_word' id='word_1_400' title='bbox 3063 2956 3158 3011; x_wconf 89' lang='lat' dir='ltr'>est</span> <span class='ocrx_word' id='word_1_401' title='bbox 3186 2950 3264 3012; x_wconf 90' lang='lat' dir='ltr'>ad</span> <span class='ocrx_word' id='word_1_402' title='bbox 3297 2957 3544 3031; x_wconf 88' lang='lat' dir='ltr'>tempus</span> <span class='ocrx_word' id='word_1_403' title='bbox 3575 2951 3911 3022; x_wconf 89' lang='lat' dir='ltr'>modicum,</span> 
     </span>
    </p>
   </div>
   <div class='ocr_carea' id='block_1_18' title="bbox 2351 3045 3920 3131">
    <p class='ocr_par' dir='ltr' id='par_1_20' title="bbox 2351 3045 3920 3131">
     <span class='ocr_line' id='line_1_68' title="bbox 2351 3045 3920 3131; baseline 0.003 -23"><span class='ocrx_word' id='word_1_404' title='bbox 2351 3045 2394 3108; x_wconf 92' lang='lat' dir='ltr'>C</span> <span class='ocrx_word' id='word_1_405' title='bbox 2423 3051 2496 3110; x_wconf 82' lang='lat' dir='ltr'>in</span> <span class='ocrx_word' id='word_1_406' title='bbox 2559 3053 2695 3109; x_wconf 83' lang='lat' dir='ltr'>luce</span> <span class='ocrx_word' id='word_1_407' title='bbox 2750 3050 2914 3126; x_wconf 79' lang='lat' dir='ltr'>ejus,</span> <span class='ocrx_word' id='word_1_408' title='bbox 2977 3048 3041 3111; x_wconf 90' lang='lat' dir='ltr'>id</span> <span class='ocrx_word' id='word_1_409' title='bbox 3099 3057 3194 3110; x_wconf 87' lang='lat' dir='ltr'>est</span> <span class='ocrx_word' id='word_1_410' title='bbox 3255 3049 3320 3110; x_wconf 88' lang='lat' dir='ltr'>in</span> <span class='ocrx_word' id='word_1_411' title='bbox 3385 3048 3792 3131; x_wconf 80' lang='lat' dir='ltr'>perfectione,</span> <span class='ocrx_word' id='word_1_412' title='bbox 3855 3059 3920 3112; x_wconf 78' lang='lat' dir='ltr'>et</span> 
     </span>
    </p>
   </div>
   <div class='ocr_carea' id='block_1_19' title="bbox 2419 3146 4190 4193">
    <p class='ocr_par' dir='ltr' id='par_1_21' title="bbox 2419 3146 4190 4193">
     <span class='ocr_line' id='line_1_69' title="bbox 2420 3146 3914 3229; baseline 0.001 -20"><span class='ocrx_word' id='word_1_413' title='bbox 2420 3148 2640 3229; x_wconf 88' lang='lat' dir='ltr'>gratia,</span> <span class='ocrx_word' id='word_1_414' title='bbox 2685 3154 2747 3209; x_wconf 92' lang='lat' dir='ltr'>et</span> <span class='ocrx_word' id='word_1_415' title='bbox 2795 3146 3146 3222; x_wconf 88' lang='lat' dir='ltr'>sanctitate,</span> <span class='ocrx_word' id='word_1_416' title='bbox 3193 3153 3256 3208; x_wconf 92' lang='lat' dir='ltr'>et</span> <span class='ocrx_word' id='word_1_417' title='bbox 3302 3147 3589 3210; x_wconf 83' lang='lat' dir='ltr'>doctrina</span> <span class='ocrx_word' id='word_1_418' title='bbox 3634 3148 3914 3222; x_wconf 76' lang='lat' dir='ltr'>Ioannis,</span> 
     </span>
     <span class='ocr_line' id='line_1_70' title="bbox 2419 3245 3920 3327; baseline 0.001 -21"><span class='ocrx_word' id='word_1_419' title='bbox 2419 3246 2752 3327; x_wconf 88' lang='lat' dir='ltr'>gaudendo</span> <span class='ocrx_word' id='word_1_420' title='bbox 2795 3246 2873 3307; x_wconf 89' lang='lat' dir='ltr'>de</span> <span class='ocrx_word' id='word_1_421' title='bbox 2915 3245 3035 3308; x_wconf 93' lang='lat' dir='ltr'>hoc</span> <span class='ocrx_word' id='word_1_422' title='bbox 3077 3246 3247 3326; x_wconf 90' lang='lat' dir='ltr'>quod</span> <span class='ocrx_word' id='word_1_423' title='bbox 3291 3245 3605 3309; x_wconf 83' lang='lat' dir='ltr'>habuistis</span> <span class='ocrx_word' id='word_1_424' title='bbox 3653 3255 3774 3308; x_wconf 82' lang='lat' dir='ltr'>tam</span> <span class='ocrx_word' id='word_1_425' title='bbox 3819 3267 3920 3308; x_wconf 86' lang='lat' dir='ltr'>sa-</span> 
     </span>
     <span class='ocr_line' id='line_1_71' title="bbox 2422 3342 3918 3426; baseline 0.001 -21"><span class='ocrx_word' id='word_1_426' title='bbox 2422 3344 2701 3426; x_wconf 89' lang='lat' dir='ltr'>pientem</span> <span class='ocrx_word' id='word_1_427' title='bbox 2751 3343 3148 3424; x_wconf 90' lang='lat' dir='ltr'>Prophetam.</span> <span class='ocrx_word' id='word_1_428' title='bbox 3181 3342 3302 3405; x_wconf 90' lang='lat' dir='ltr'>Sed</span> <span class='ocrx_word' id='word_1_429' title='bbox 3345 3362 3470 3406; x_wconf 90' lang='lat' dir='ltr'>non</span> <span class='ocrx_word' id='word_1_430' title='bbox 3515 3344 3622 3406; x_wconf 91' lang='lat' dir='ltr'>diu</span> <span class='ocrx_word' id='word_1_431' title='bbox 3667 3346 3918 3407; x_wconf 86' lang='lat' dir='ltr'>duravit</span> 
     </span>
     <span class='ocr_line' id='line_1_72' title="bbox 2421 3441 3919 3526; baseline 0.001 -22"><span class='ocrx_word' id='word_1_432' title='bbox 2421 3443 2756 3505; x_wconf 85' lang='lat' dir='ltr'>exsultatio</span> <span class='ocrx_word' id='word_1_433' title='bbox 2796 3443 2924 3516; x_wconf 87' lang='lat' dir='ltr'>illa,</span> <span class='ocrx_word' id='word_1_434' title='bbox 2967 3441 3120 3523; x_wconf 89' lang='lat' dir='ltr'>quia</span> <span class='ocrx_word' id='word_1_435' title='bbox 3157 3461 3357 3522; x_wconf 92' lang='lat' dir='ltr'>quum</span> <span class='ocrx_word' id='word_1_436' title='bbox 3399 3443 3592 3524; x_wconf 84' lang='lat' dir='ltr'>coepit</span> <span class='ocrx_word' id='word_1_437' title='bbox 3631 3443 3919 3526; x_wconf 88' lang='lat' dir='ltr'>increpa-</span> 
     </span>
     <span class='ocr_line' id='line_1_73' title="bbox 2423 3539 4190 3618; baseline 0.001 -14"><span class='ocrx_word' id='word_1_438' title='bbox 2423 3560 2491 3604; x_wconf 89' lang='lat' dir='ltr'>re</span> <span class='ocrx_word' id='word_1_439' title='bbox 2548 3542 2702 3605; x_wconf 83' lang='lat' dir='ltr'>vitia</span> <span class='ocrx_word' id='word_1_440' title='bbox 2762 3549 2986 3614; x_wconf 87' lang='lat' dir='ltr'>vestra,</span> <span class='ocrx_word' id='word_1_441' title='bbox 3039 3539 3308 3614; x_wconf 82' lang='lat' dir='ltr'>dixistis,</span> <span class='ocrx_word' id='word_1_442' title='bbox 3359 3540 3750 3605; x_wconf 66' lang='lat' dir='ltr'>Daemonium</span> <span class='ocrx_word' id='word_1_443' title='bbox 3806 3543 3918 3605; x_wconf 87' lang='lat' dir='ltr'>ha·</span> <span class='ocrx_word' id='word_1_444' title='bbox 3967 3571 4190 3618; x_wconf 53' lang='lat' dir='ltr'>Manu„</span> 
     </span>
     <span class='ocr_line' id='line_1_74' title="bbox 2421 3636 4012 3723; baseline 0 -20"><span class='ocrx_word' id='word_1_445' title='bbox 2421 3641 2568 3718; x_wconf 85' lang='lat' dir='ltr'>bet3</span> <span class='ocrx_word' id='word_1_446' title='bbox 2615 3639 3038 3721; x_wconf 90' lang='lat' dir='ltr'>noluistisque</span> <span class='ocrx_word' id='word_1_447' title='bbox 3078 3640 3334 3701; x_wconf 86' lang='lat' dir='ltr'>credere</span> <span class='ocrx_word' id='word_1_448' title='bbox 3363 3640 3576 3704; x_wconf 88' lang='lat' dir='ltr'>verbis</span> <span class='ocrx_word' id='word_1_449' title='bbox 3603 3640 3744 3722; x_wconf 85' lang='lat' dir='ltr'>ejus</span> <span class='ocrx_word' id='word_1_450' title='bbox 3773 3642 3918 3723; x_wconf 87' lang='lat' dir='ltr'>qui·</span> <span class='ocrx_word' id='word_1_451' title='bbox 3949 3636 4012 3677; x_wconf 81' lang='lat'>¹⁸·</span> 
     </span>
     <span class='ocr_line' id='line_1_75' title="bbox 2423 3737 3913 3801; baseline 0.001 -2"><span class='ocrx_word' id='word_1_452' title='bbox 2423 3737 2539 3800; x_wconf 90' lang='lat' dir='ltr'>bus</span> <span class='ocrx_word' id='word_1_453' title='bbox 2573 3738 2729 3800; x_wconf 92' lang='lat' dir='ltr'>mihi</span> <span class='ocrx_word' id='word_1_454' title='bbox 2759 3737 3192 3799; x_wconf 89' lang='lat' dir='ltr'>testimonium</span> <span class='ocrx_word' id='word_1_455' title='bbox 3225 3737 3506 3800; x_wconf 88' lang='lat' dir='ltr'>reddidit.</span> <span class='ocrx_word' id='word_1_456' title='bbox 3532 3737 3608 3801; x_wconf 82' lang='lat' dir='ltr'>Et</span> <span class='ocrx_word' id='word_1_457' title='bbox 3637 3747 3707 3801; x_wconf 88' lang='lat' dir='ltr'>ut</span> <span class='ocrx_word' id='word_1_458' title='bbox 3733 3739 3913 3801; x_wconf 89' lang='lat' dir='ltr'>multi</span> 
     </span>
     <span class='ocr_line' id='line_1_76' title="bbox 2422 3835 3914 3918; baseline 0.001 -20"><span class='ocrx_word' id='word_1_459' title='bbox 2422 3836 2762 3908; x_wconf 88' lang='lat' dir='ltr'>affirmant,</span> <span class='ocrx_word' id='word_1_460' title='bbox 2795 3835 3068 3898; x_wconf 87' lang='lat' dir='ltr'>Herodes</span> <span class='ocrx_word' id='word_1_461' title='bbox 3106 3836 3295 3898; x_wconf 90' lang='lat' dir='ltr'>etiam</span> <span class='ocrx_word' id='word_1_462' title='bbox 3330 3836 3407 3898; x_wconf 87' lang='lat' dir='ltr'>ad</span> <span class='ocrx_word' id='word_1_463' title='bbox 3447 3837 3914 3918; x_wconf 89' lang='lat' dir='ltr'>suggestionem</span> 
     </span>
     <span class='ocr_line' id='line_1_77' title="bbox 2421 3932 4188 4007; baseline 0.005 -10"><span class='ocrx_word' id='word_1_464' title='bbox 2421 3935 2801 4007; x_wconf 80' lang='lat' dir='ltr'>Judaeorum,</span> <span class='ocrx_word' id='word_1_465' title='bbox 2844 3932 3070 3994; x_wconf 91' lang='lat' dir='ltr'>clausit</span> <span class='ocrx_word' id='word_1_466' title='bbox 3109 3952 3182 3995; x_wconf 90' lang='lat' dir='ltr'>ac</span> <span class='ocrx_word' id='word_1_467' title='bbox 3227 3933 3560 3996; x_wconf 81' lang='lat' dir='ltr'>decollavit</span> <span class='ocrx_word' id='word_1_468' title='bbox 3593 3934 3912 3997; x_wconf 74' lang='lat' dir='ltr'>loannem.</span> <span class='ocrx_word' id='word_1_469' title='bbox 3979 3961 4188 4005; x_wconf 50' lang='lat' dir='ltr'>neam.</span> 
     </span>
     <span class='ocr_line' id='line_1_78' title="bbox 2426 4027 4072 4111; baseline 0.002 -20"><span class='ocrx_word' id='word_1_470' title='bbox 2426 4030 2532 4092; x_wconf 93' lang='lat' dir='ltr'>Vel</span> <span class='ocrx_word' id='word_1_471' title='bbox 2591 4030 2733 4092; x_wconf 90' lang='lat' dir='ltr'>ideo</span> <span class='ocrx_word' id='word_1_472' title='bbox 2791 4029 2944 4090; x_wconf 90' lang='lat' dir='ltr'>dicit</span> <span class='ocrx_word' id='word_1_473' title='bbox 3001 4027 3302 4102; x_wconf 86' lang='lat' dir='ltr'>Salvator,</span> <span class='ocrx_word' id='word_1_474' title='bbox 3353 4031 3524 4111; x_wconf 90' lang='lat' dir='ltr'>quod</span> <span class='ocrx_word' id='word_1_475' title='bbox 3573 4031 3768 4094; x_wconf 81' lang='lat' dir='ltr'>Judaei</span> <span class='ocrx_word' id='word_1_476' title='bbox 3819 4051 3918 4095; x_wconf 86' lang='lat' dir='ltr'>vo-</span> <span class='ocrx_word' id='word_1_477' title='bbox 3943 4027 3984 4074; x_wconf 72' lang='lat'>³¹</span> <span class='ocrx_word' id='word_1_478' title='bbox 4005 4027 4072 4067; x_wconf 86' lang='lat'>¹⁰·</span> 
     </span>
     <span class='ocr_line' id='line_1_79' title="bbox 2423 4126 3918 4193; baseline 0.002 -3"><span class='ocrx_word' id='word_1_479' title='bbox 2423 4129 2681 4191; x_wconf 91' lang='lat' dir='ltr'>luerunt</span> <span class='ocrx_word' id='word_1_480' title='bbox 2719 4128 2796 4189; x_wconf 89' lang='lat' dir='ltr'>ad</span> <span class='ocrx_word' id='word_1_481' title='bbox 2839 4126 3058 4190; x_wconf 90' lang='lat' dir='ltr'>horam</span> <span class='ocrx_word' id='word_1_482' title='bbox 3102 4128 3417 4190; x_wconf 77' lang='lat' dir='ltr'>exsultare</span> <span class='ocrx_word' id='word_1_483' title='bbox 3456 4128 3521 4191; x_wconf 90' lang='lat' dir='ltr'>in</span> <span class='ocrx_word' id='word_1_484' title='bbox 3563 4127 3704 4191; x_wconf 89' lang='lat' dir='ltr'>luce</span> <span class='ocrx_word' id='word_1_485' title='bbox 3738 4129 3918 4193; x_wconf 85' lang='lat' dir='ltr'>Joan-</span> 
     </span>
    </p>
   </div>
   <div class='ocr_carea' id='block_1_20' title="bbox 810 4223 3914 4310">
    <p class='ocr_par' dir='ltr' id='par_1_22' title="bbox 810 4223 3914 4310">
     <span class='ocr_line' id='line_1_80' title="bbox 810 4223 3914 4310; baseline 0 -20"><span class='ocrx_word' id='word_1_486' title='bbox 810 4227 995 4290; x_wconf 88' lang='lat' dir='ltr'>fulsit</span> <span class='ocrx_word' id='word_1_487' title='bbox 1032 4246 1146 4310; x_wconf 90' lang='lat' dir='ltr'>per</span> <span class='ocrx_word' id='word_1_488' title='bbox 1178 4245 1407 4308; x_wconf 90' lang='lat' dir='ltr'>corpus</span> <span class='ocrx_word' id='word_1_489' title='bbox 1443 4225 1700 4288; x_wconf 76' lang='lat' dir='ltr'>loannis</span> <span class='ocrx_word' id='word_1_490' title='bbox 1740 4225 1805 4287; x_wconf 90' lang='lat' dir='ltr'>in</span> <span class='ocrx_word' id='word_1_491' title='bbox 1839 4225 2033 4289; x_wconf 90' lang='lat' dir='ltr'>verbo</span> <span class='ocrx_word' id='word_1_492' title='bbox 2064 4233 2126 4288; x_wconf 87' lang='lat' dir='ltr'>et</span> <span class='ocrx_word' id='word_1_493' title='bbox 2165 4243 2313 4307; x_wconf 83' lang='lat' dir='ltr'>ope-</span> <span class='ocrx_word' id='word_1_494' title='bbox 2343 4230 2394 4292; x_wconf 89' lang='lat' dir='ltr'><em>D</em></span> <span class='ocrx_word' id='word_1_495' title='bbox 2422 4227 2544 4300; x_wconf 82' lang='lat' dir='ltr'>niS,</span> <span class='ocrx_word' id='word_1_496' title='bbox 2585 4225 2738 4307; x_wconf 91' lang='lat' dir='ltr'>quia</span> <span class='ocrx_word' id='word_1_497' title='bbox 2781 4225 2980 4306; x_wconf 86' lang='lat' dir='ltr'>parati</span> <span class='ocrx_word' id='word_1_498' title='bbox 3031 4223 3291 4287; x_wconf 87' lang='lat' dir='ltr'>fuerunt</span> <span class='ocrx_word' id='word_1_499' title='bbox 3330 4243 3474 4287; x_wconf 87' lang='lat' dir='ltr'>eum</span> <span class='ocrx_word' id='word_1_500' title='bbox 3518 4246 3632 4308; x_wconf 93' lang='lat' dir='ltr'>pro</span> <span class='ocrx_word' id='word_1_501' title='bbox 3671 4226 3914 4291; x_wconf 88' lang='lat' dir='ltr'>Christo</span> 
     </span>
    </p>
   </div>
   <div class='ocr_carea' id='block_1_21' title="bbox 814 4323 2314 4603">
    <p class='ocr_par' dir='ltr' id='par_1_23' title="bbox 814 4323 2314 4603">
     <span class='ocr_line' id='line_1_81' title="bbox 814 4323 2314 4406; baseline -0.003 -17"><span class='ocrx_word' id='word_1_502' title='bbox 814 4345 903 4402; x_wconf 92' lang='lat' dir='ltr'>re,</span> <span class='ocrx_word' id='word_1_503' title='bbox 958 4327 1123 4388; x_wconf 90' lang='lat' dir='ltr'>sicut</span> <span class='ocrx_word' id='word_1_504' title='bbox 1169 4325 1387 4387; x_wconf 91' lang='lat' dir='ltr'>lumen</span> <span class='ocrx_word' id='word_1_505' title='bbox 1439 4325 1717 4386; x_wconf 82' lang='lat' dir='ltr'>lucernae</span> <span class='ocrx_word' id='word_1_506' title='bbox 1765 4323 1968 4404; x_wconf 83' lang='lat' dir='ltr'>fulget</span> <span class='ocrx_word' id='word_1_507' title='bbox 2016 4339 2127 4406; x_wconf 88' lang='lat' dir='ltr'>per</span> <span class='ocrx_word' id='word_1_508' title='bbox 2177 4343 2314 4386; x_wconf 89' lang='lat' dir='ltr'>cor-</span> 
     </span>
     <span class='ocr_line' id='line_1_82' title="bbox 816 4421 2314 4506; baseline -0.002 -19"><span class='ocrx_word' id='word_1_509' title='bbox 816 4445 943 4487; x_wconf 87' lang='lat' dir='ltr'>nua</span> <span class='ocrx_word' id='word_1_510' title='bbox 999 4424 1159 4506; x_wconf 76' lang='lat' dir='ltr'>ejus·</span> <span class='ocrx_word' id='word_1_511' title='bbox 1214 4422 1290 4485; x_wconf 87' lang='lat' dir='ltr'>Et</span> <span class='ocrx_word' id='word_1_512' title='bbox 1347 4422 1513 4485; x_wconf 92' lang='lat' dir='ltr'>sicut</span> <span class='ocrx_word' id='word_1_513' title='bbox 1560 4421 1819 4484; x_wconf 87' lang='lat' dir='ltr'>lucerna</span> <span class='ocrx_word' id='word_1_514' title='bbox 1869 4441 2014 4484; x_wconf 92' lang='lat' dir='ltr'>cum</span> <span class='ocrx_word' id='word_1_515' title='bbox 2070 4422 2314 4484; x_wconf 91' lang='lat' dir='ltr'>lumine</span> 
     </span>
     <span class='ocr_line' id='line_1_83' title="bbox 818 4521 2312 4603; baseline -0.004 -15"><span class='ocrx_word' id='word_1_516' title='bbox 818 4543 935 4588; x_wconf 92' lang='lat' dir='ltr'>suo</span> <span class='ocrx_word' id='word_1_517' title='bbox 988 4522 1360 4588; x_wconf 89' lang='lat' dir='ltr'>obfuscatur</span> <span class='ocrx_word' id='word_1_518' title='bbox 1419 4521 1911 4603; x_wconf 90' lang='lat' dir='ltr'>superveniente</span> <span class='ocrx_word' id='word_1_519' title='bbox 1968 4521 2109 4583; x_wconf 92' lang='lat' dir='ltr'>luce</span> <span class='ocrx_word' id='word_1_520' title='bbox 2164 4521 2312 4596; x_wconf 88' lang='lat' dir='ltr'>diei,</span> 
     </span>
    </p>
   </div>
   <div class='ocr_carea' id='block_1_22' title="bbox 784 4619 2318 4701">
    <p class='ocr_par' dir='ltr' id='par_1_24' title="bbox 784 4619 2318 4701">
     <span class='ocr_line' id='line_1_84' title="bbox 784 4619 2318 4701; baseline 0.001 -21"><span class='ocrx_word' id='word_1_521' title='bbox 784 4625 912 4687; x_wconf 72' lang='lat' dir='ltr'>,sic</span> <span class='ocrx_word' id='word_1_522' title='bbox 950 4622 1194 4686; x_wconf 85' lang='lat' dir='ltr'>Christo</span> <span class='ocrx_word' id='word_1_523' title='bbox 1225 4619 1438 4684; x_wconf 88' lang='lat' dir='ltr'>verbis</span> <span class='ocrx_word' id='word_1_524' title='bbox 1477 4627 1667 4701; x_wconf 88' lang='lat' dir='ltr'>atque</span> <span class='ocrx_word' id='word_1_525' title='bbox 1707 4619 2031 4682; x_wconf 88' lang='lat' dir='ltr'>miraculis</span> <span class='ocrx_word' id='word_1_526' title='bbox 2072 4619 2318 4682; x_wconf 86' lang='lat' dir='ltr'>radian-</span> 
     </span>
    </p>
   </div>
   <div class='ocr_carea' id='block_1_23' title="bbox 529 4839 793 4892">
    <p class='ocr_par' dir='ltr' id='par_1_25' title="bbox 529 4839 793 4892">
     <span class='ocr_line' id='line_1_85' title="bbox 529 4839 793 4892; baseline -0.004 -9"><span class='ocrx_word' id='word_1_527' title='bbox 529 4839 651 4885; x_wconf 74' lang='lat' dir='ltr'>[bia.</span> <span class='ocrx_word' id='word_1_528' title='bbox 664 4841 793 4892; x_wconf 80' lang='grc' dir='ltr'>ιιι,30.</span> 
     </span>
    </p>
   </div>
   <div class='ocr_carea' id='block_1_24' title="bbox 558 5231 768 5275">
    <p class='ocr_par' dir='ltr' id='par_1_26' title="bbox 558 5231 768 5275">
     <span class='ocr_line' id='line_1_86' title="bbox 558 5231 768 5275; baseline 0 0"><span class='ocrx_word' id='word_1_529' title='bbox 558 5231 677 5275; x_wconf 75' lang='lat' dir='ltr'>lbia.</span> <span class='ocrx_word' id='word_1_530' title='bbox 698 5233 768 5275; x_wconf 76' lang='lat'>29.</span> 
     </span>
    </p>
   </div>
   <div class='ocr_carea' id='block_1_25' title="bbox 821 4718 2320 5391">
    <p class='ocr_par' dir='ltr' id='par_1_27' title="bbox 821 4718 2320 5391">
     <span class='ocr_line' id='line_1_87' title="bbox 822 4718 2316 4803; baseline -0.005 -17"><span class='ocrx_word' id='word_1_531' title='bbox 822 4731 905 4798; x_wconf 88' lang='lat' dir='ltr'>te,</span> <span class='ocrx_word' id='word_1_532' title='bbox 969 4720 1164 4803; x_wconf 87' lang='lat' dir='ltr'>coepit</span> <span class='ocrx_word' id='word_1_533' title='bbox 1227 4718 1546 4783; x_wconf 90' lang='lat' dir='ltr'>obfuscari</span> <span class='ocrx_word' id='word_1_534' title='bbox 1612 4718 1901 4793; x_wconf 79' lang='lat' dir='ltr'>JoanneS,</span> <span class='ocrx_word' id='word_1_535' title='bbox 1964 4719 2316 4780; x_wconf 87' lang='lat' dir='ltr'>secundum</span> 
     </span>
     <span class='ocr_line' id='line_1_88' title="bbox 821 4817 2320 4904; baseline -0.003 -20"><span class='ocrx_word' id='word_1_536' title='bbox 821 4822 993 4904; x_wconf 93' lang='lat' dir='ltr'>quod</span> <span class='ocrx_word' id='word_1_537' title='bbox 1050 4821 1189 4901; x_wconf 88' lang='lat' dir='ltr'>ipse</span> <span class='ocrx_word' id='word_1_538' title='bbox 1247 4817 1541 4900; x_wconf 82' lang='lat' dir='ltr'>praedixit</span> <span class='ocrx_word' id='word_1_539' title='bbox 1590 4835 1603 4879; x_wconf 91' lang='lat'><strong>:</strong></span> <span class='ocrx_word' id='word_1_540' title='bbox 1654 4817 1839 4878; x_wconf 90' lang='lat' dir='ltr'>lllum</span> <span class='ocrx_word' id='word_1_541' title='bbox 1889 4823 2138 4898; x_wconf 89' lang='lat' dir='ltr'>oportet</span> <span class='ocrx_word' id='word_1_542' title='bbox 2185 4835 2320 4879; x_wconf 91' lang='lat' dir='ltr'>cre-</span> 
     </span>
     <span class='ocr_line' id='line_1_89' title="bbox 822 4914 2319 4996; baseline -0.003 -13"><span class='ocrx_word' id='word_1_543' title='bbox 822 4937 1020 4993; x_wconf 89' lang='lat' dir='ltr'>scere,</span> <span class='ocrx_word' id='word_1_544' title='bbox 1064 4935 1165 4979; x_wconf 91' lang='lat' dir='ltr'>me</span> <span class='ocrx_word' id='word_1_545' title='bbox 1207 4923 1419 4978; x_wconf 91' lang='lat' dir='ltr'>autem</span> <span class='ocrx_word' id='word_1_546' title='bbox 1472 4915 1697 4977; x_wconf 89' lang='lat' dir='ltr'>minui.</span> <span class='ocrx_word' id='word_1_547' title='bbox 1742 4915 1884 4977; x_wconf 85' lang='lat' dir='ltr'>Fuit</span> <span class='ocrx_word' id='word_1_548' title='bbox 1924 4933 2184 4996; x_wconf 89' lang='lat' dir='ltr'>quoque</span> <span class='ocrx_word' id='word_1_549' title='bbox 2219 4914 2319 4978; x_wconf 84' lang='lat' dir='ltr'>Jo-</span> 
     </span>
     <span class='ocr_line' id='line_1_90' title="bbox 822 5013 2313 5094; baseline -0.005 -13"><span class='ocrx_word' id='word_1_550' title='bbox 822 5036 1019 5081; x_wconf 88' lang='lat' dir='ltr'>annes</span> <span class='ocrx_word' id='word_1_551' title='bbox 1059 5017 1317 5078; x_wconf 90' lang='lat' dir='ltr'>lucerna</span> <span class='ocrx_word' id='word_1_552' title='bbox 1355 5015 1581 5077; x_wconf 90' lang='lat' dir='ltr'>ardens</span> <span class='ocrx_word' id='word_1_553' title='bbox 1622 5014 1766 5094; x_wconf 89' lang='lat' dir='ltr'>igne</span> <span class='ocrx_word' id='word_1_554' title='bbox 1806 5013 2004 5076; x_wconf 83' lang='lat' dir='ltr'>divini</span> <span class='ocrx_word' id='word_1_555' title='bbox 2057 5014 2313 5088; x_wconf 79' lang='lat' dir='ltr'>amoriS,</span> 
     </span>
     <span class='ocr_line' id='line_1_91' title="bbox 822 5111 2319 5196; baseline -0.005 -16"><span class='ocrx_word' id='word_1_556' title='bbox 822 5133 899 5180; x_wconf 85' lang='lat' dir='ltr'>ex</span> <span class='ocrx_word' id='word_1_557' title='bbox 928 5133 1057 5196; x_wconf 90' lang='lat' dir='ltr'>quo</span> <span class='ocrx_word' id='word_1_558' title='bbox 1096 5111 1563 5193; x_wconf 87' lang='lat' dir='ltr'>congratulatus</span> <span class='ocrx_word' id='word_1_559' title='bbox 1594 5120 1689 5174; x_wconf 91' lang='lat' dir='ltr'>est</span> <span class='ocrx_word' id='word_1_560' title='bbox 1722 5112 2113 5174; x_wconf 69' lang='lat' dir='ltr'>excellentiae</span> <span class='ocrx_word' id='word_1_561' title='bbox 2142 5111 2319 5175; x_wconf 87' lang='lat' dir='ltr'>Chri-</span> 
     </span>
     <span class='ocr_line' id='line_1_92' title="bbox 823 5209 2318 5292; baseline -0.003 -15"><span class='ocrx_word' id='word_1_562' title='bbox 823 5215 927 5288; x_wconf 85' lang='lat' dir='ltr'>sti,</span> <span class='ocrx_word' id='word_1_563' title='bbox 977 5212 1144 5276; x_wconf 90' lang='lat' dir='ltr'>sicut</span> <span class='ocrx_word' id='word_1_564' title='bbox 1182 5211 1315 5273; x_wconf 87' lang='lat' dir='ltr'>ait:</span> <span class='ocrx_word' id='word_1_565' title='bbox 1352 5209 1608 5272; x_wconf 88' lang='lat' dir='ltr'>Amicus</span> <span class='ocrx_word' id='word_1_566' title='bbox 1658 5211 1872 5292; x_wconf 90' lang='lat' dir='ltr'>sponsi</span> <span class='ocrx_word' id='word_1_567' title='bbox 1922 5211 2035 5292; x_wconf 93' lang='lat' dir='ltr'>qui</span> <span class='ocrx_word' id='word_1_568' title='bbox 2086 5217 2206 5272; x_wconf 88' lang='lat' dir='ltr'>stat</span> <span class='ocrx_word' id='word_1_569' title='bbox 2256 5217 2318 5272; x_wconf 94' lang='lat' dir='ltr'>et</span> 
     </span>
     <span class='ocr_line' id='line_1_93' title="bbox 824 5308 2315 5391; baseline -0.004 -15"><span class='ocrx_word' id='word_1_570' title='bbox 824 5312 999 5376; x_wconf 84' lang='lat' dir='ltr'>audit</span> <span class='ocrx_word' id='word_1_571' title='bbox 1042 5328 1211 5384; x_wconf 88' lang='lat' dir='ltr'>eum,</span> <span class='ocrx_word' id='word_1_572' title='bbox 1250 5308 1480 5389; x_wconf 89' lang='lat' dir='ltr'>gaudio</span> <span class='ocrx_word' id='word_1_573' title='bbox 1520 5309 1751 5389; x_wconf 85' lang='lat' dir='ltr'>gaudet</span> <span class='ocrx_word' id='word_1_574' title='bbox 1794 5317 2053 5391; x_wconf 90' lang='lat' dir='ltr'>propter</span> <span class='ocrx_word' id='word_1_575' title='bbox 2091 5326 2315 5373; x_wconf 86' lang='lat' dir='ltr'>vocem</span> 
     </span>
    </p>
   </div>
   <div class='ocr_carea' id='block_1_26' title="bbox 2422 4323 3915 5386">
    <p class='ocr_par' dir='ltr' id='par_1_28' title="bbox 2423 4323 3914 4487">
     <span class='ocr_line' id='line_1_94' title="bbox 2423 4323 3914 4406; baseline 0.001 -19"><span class='ocrx_word' id='word_1_576' title='bbox 2423 4325 2728 4406; x_wconf 90' lang='lat' dir='ltr'>recipere,</span> <span class='ocrx_word' id='word_1_577' title='bbox 2763 4329 2826 4385; x_wconf 92' lang='lat' dir='ltr'>et</span> <span class='ocrx_word' id='word_1_578' title='bbox 2855 4323 2918 4384; x_wconf 95' lang='lat' dir='ltr'>in</span> <span class='ocrx_word' id='word_1_579' title='bbox 2954 4323 3274 4405; x_wconf 92' lang='lat' dir='ltr'>principio</span> <span class='ocrx_word' id='word_1_580' title='bbox 3303 4323 3490 4386; x_wconf 92' lang='lat' dir='ltr'>multi</span> <span class='ocrx_word' id='word_1_581' title='bbox 3520 4342 3738 4388; x_wconf 91' lang='lat' dir='ltr'>eorum</span> <span class='ocrx_word' id='word_1_582' title='bbox 3769 4325 3914 4390; x_wconf 87' lang='lat' dir='ltr'>obe-</span> 
     </span>
     <span class='ocr_line' id='line_1_95' title="bbox 2424 4422 2961 4487; baseline -0.006 -1"><span class='ocrx_word' id='word_1_583' title='bbox 2424 4423 2680 4487; x_wconf 88' lang='lat' dir='ltr'>dierunt</span> <span class='ocrx_word' id='word_1_584' title='bbox 2717 4422 2961 4485; x_wconf 80' lang='lat' dir='ltr'>Ioanni.</span> 
     </span>
    </p>

    <p class='ocr_par' dir='ltr' id='par_1_29' title="bbox 2422 4521 3915 5386">
     <span class='ocr_line' id='line_1_96' title="bbox 2522 4521 3912 4600; baseline -0.001 -17"><span class='ocrx_word' id='word_1_585' title='bbox 2522 4525 2660 4599; x_wconf 71' lang='lat' dir='ltr'>qu</span> <span class='ocrx_word' id='word_1_586' title='bbox 2714 4529 2930 4581; x_wconf 80' lang='lat' dir='ltr'>autem</span> <span class='ocrx_word' id='word_1_587' title='bbox 2977 4521 3170 4580; x_wconf 69' lang='lat' dir='ltr'>habeo</span> <span class='ocrx_word' id='word_1_588' title='bbox 3219 4522 3656 4581; x_wconf 75' lang='lat' dir='ltr'>testimonium</span> <span class='ocrx_word' id='word_1_589' title='bbox 3699 4525 3912 4600; x_wconf 79' lang='lat' dir='ltr'>majus</span> 
     </span>
     <span class='ocr_line' id='line_1_97' title="bbox 2422 4617 3912 4698; baseline 0.002 -16"><span class='ocrx_word' id='word_1_590' title='bbox 2422 4623 2692 4690; x_wconf 77' lang='lat' dir='ltr'>Ioanne,</span> <span class='ocrx_word' id='word_1_591' title='bbox 2737 4619 2802 4680; x_wconf 94' lang='lat' dir='ltr'>id</span> <span class='ocrx_word' id='word_1_592' title='bbox 2838 4626 2933 4680; x_wconf 89' lang='lat' dir='ltr'>est</span> <span class='ocrx_word' id='word_1_593' title='bbox 2972 4617 3225 4698; x_wconf 90' lang='lat' dir='ltr'>dignius</span> <span class='ocrx_word' id='word_1_594' title='bbox 3265 4617 3709 4682; x_wconf 87' lang='lat' dir='ltr'>testificatione</span> <span class='ocrx_word' id='word_1_595' title='bbox 3744 4621 3912 4685; x_wconf 87' lang='lat' dir='ltr'>Joan-</span> 
     </span>
     <span class='ocr_line' id='line_1_98' title="bbox 2426 4715 3910 4797; baseline 0.001 -17"><span class='ocrx_word' id='word_1_596' title='bbox 2426 4719 2528 4780; x_wconf 91' lang='lat' dir='ltr'>nis</span> <span class='ocrx_word' id='word_1_597' title='bbox 2567 4716 2731 4779; x_wconf 87' lang='lat' dir='ltr'>facta</span> <span class='ocrx_word' id='word_1_598' title='bbox 2767 4717 2845 4779; x_wconf 91' lang='lat' dir='ltr'>de</span> <span class='ocrx_word' id='word_1_599' title='bbox 2885 4734 3008 4778; x_wconf 89' lang='lat' dir='ltr'>me.</span> <span class='ocrx_word' id='word_1_600' title='bbox 3041 4715 3117 4777; x_wconf 88' lang='lat' dir='ltr'>Et</span> <span class='ocrx_word' id='word_1_601' title='bbox 3153 4716 3324 4797; x_wconf 91' lang='lat' dir='ltr'>quod</span> <span class='ocrx_word' id='word_1_602' title='bbox 3363 4717 3444 4778; x_wconf 91' lang='lat' dir='ltr'>sit</span> <span class='ocrx_word' id='word_1_603' title='bbox 3481 4718 3910 4782; x_wconf 86' lang='lat' dir='ltr'>testimonium</span> 
     </span>
     <span class='ocr_line' id='line_1_99' title="bbox 2428 4814 3914 4898; baseline 0.001 -19"><span class='ocrx_word' id='word_1_604' title='bbox 2428 4817 2595 4879; x_wconf 90' lang='lat' dir='ltr'>istud</span> <span class='ocrx_word' id='word_1_605' title='bbox 2628 4816 2834 4896; x_wconf 88' lang='lat' dir='ltr'>majus</span> <span class='ocrx_word' id='word_1_606' title='bbox 2874 4814 3304 4895; x_wconf 86' lang='lat' dir='ltr'>subjungitur.</span> <span class='ocrx_word' id='word_1_607' title='bbox 3343 4817 3545 4894; x_wconf 81' lang='lat' dir='ltr'>Opera</span> <span class='ocrx_word' id='word_1_608' title='bbox 3573 4819 3748 4878; x_wconf 81' lang='lat' dir='ltr'>enim</span> <span class='ocrx_word' id='word_1_609' title='bbox 3777 4839 3914 4898; x_wconf 80' lang='lat' dir='ltr'>quae</span> 
     </span>
     <span class='ocr_line' id='line_1_100' title="bbox 2427 4915 3914 4991; baseline -0.001 -14"><span class='ocrx_word' id='word_1_610' title='bbox 2427 4917 2606 4977; x_wconf 76' lang='lat' dir='ltr'>dedit</span> <span class='ocrx_word' id='word_1_611' title='bbox 2649 4915 2815 4974; x_wconf 75' lang='lat' dir='ltr'>mihi</span> <span class='ocrx_word' id='word_1_612' title='bbox 2851 4917 3050 4976; x_wconf 76' lang='lat' dir='ltr'>Pater</span> <span class='ocrx_word' id='word_1_613' title='bbox 3087 4923 3172 4982; x_wconf 53' lang='lat' dir='ltr'>uc,</span> <span class='ocrx_word' id='word_1_614' title='bbox 3199 4916 3540 4991; x_wconf 76' lang='lat' dir='ltr'>perficiam</span> <span class='ocrx_word' id='word_1_615' title='bbox 3577 4936 3675 4987; x_wconf 80' lang='lat' dir='ltr'>ea,</span> <span class='ocrx_word' id='word_1_616' title='bbox 3718 4915 3782 4978; x_wconf 90' lang='lat' dir='ltr'>id</span> <span class='ocrx_word' id='word_1_617' title='bbox 3824 4923 3914 4978; x_wconf 84' lang='lat' dir='ltr'>est</span> 
     </span>
     <span class='ocr_line' id='line_1_101' title="bbox 2429 5011 3915 5094; baseline 0 -17"><span class='ocrx_word' id='word_1_618' title='bbox 2429 5013 2790 5077; x_wconf 89' lang='lat' dir='ltr'>miraculosi</span> <span class='ocrx_word' id='word_1_619' title='bbox 2840 5011 3108 5074; x_wconf 82' lang='lat' dir='ltr'>effectus</span> <span class='ocrx_word' id='word_1_620' title='bbox 3157 5019 3348 5074; x_wconf 88' lang='lat' dir='ltr'>totam</span> <span class='ocrx_word' id='word_1_621' title='bbox 3401 5021 3774 5094; x_wconf 88' lang='lat' dir='ltr'>potestatem</span> <span class='ocrx_word' id='word_1_622' title='bbox 3813 5035 3915 5077; x_wconf 90' lang='lat' dir='ltr'>na-</span> 
     </span>
     <span class='ocr_line' id='line_1_102' title="bbox 2428 5107 3908 5193; baseline 0.001 -20"><span class='ocrx_word' id='word_1_623' title='bbox 2428 5120 2586 5174; x_wconf 83' lang='lat' dir='ltr'>turae</span> <span class='ocrx_word' id='word_1_624' title='bbox 2623 5111 3017 5182; x_wconf 78' lang='lat' dir='ltr'>excedenteS,</span> <span class='ocrx_word' id='word_1_625' title='bbox 3052 5127 3212 5190; x_wconf 91' lang='lat' dir='ltr'>quos</span> <span class='ocrx_word' id='word_1_626' title='bbox 3244 5107 3420 5171; x_wconf 89' lang='lat' dir='ltr'>Pater</span> <span class='ocrx_word' id='word_1_627' title='bbox 3453 5108 3602 5172; x_wconf 89' lang='lat' dir='ltr'>facit</span> <span class='ocrx_word' id='word_1_628' title='bbox 3641 5129 3757 5193; x_wconf 87' lang='lat' dir='ltr'>per</span> <span class='ocrx_word' id='word_1_629' title='bbox 3789 5131 3908 5187; x_wconf 90' lang='lat' dir='ltr'>me,</span> 
     </span>
     <span class='ocr_line' id='line_1_103' title="bbox 2429 5207 3912 5291; baseline -0.001 -19"><span class='ocrx_word' id='word_1_630' title='bbox 2429 5218 2491 5272; x_wconf 89' lang='lat' dir='ltr'>et</span> <span class='ocrx_word' id='word_1_631' title='bbox 2529 5209 2667 5273; x_wconf 88' lang='lat' dir='ltr'>vult</span> <span class='ocrx_word' id='word_1_632' title='bbox 2704 5227 2809 5272; x_wconf 89' lang='lat' dir='ltr'>eos</span> <span class='ocrx_word' id='word_1_633' title='bbox 2861 5207 3110 5291; x_wconf 88' lang='lat' dir='ltr'>perfici,</span> <span class='ocrx_word' id='word_1_634' title='bbox 3152 5208 3217 5270; x_wconf 92' lang='lat' dir='ltr'>id</span> <span class='ocrx_word' id='word_1_635' title='bbox 3256 5215 3352 5270; x_wconf 89' lang='lat' dir='ltr'>est</span> <span class='ocrx_word' id='word_1_636' title='bbox 3400 5208 3677 5290; x_wconf 87' lang='lat' dir='ltr'>perfecte</span> <span class='ocrx_word' id='word_1_637' title='bbox 3719 5219 3782 5272; x_wconf 85' lang='lat' dir='ltr'>et</span> <span class='ocrx_word' id='word_1_638' title='bbox 3817 5229 3912 5273; x_wconf 86' lang='lat' dir='ltr'>ex-</span> 
     </span>
     <span class='ocr_line' id='line_1_104' title="bbox 2429 5304 3908 5386; baseline -0.002 -15"><span class='ocrx_word' id='word_1_639' title='bbox 2429 5305 2884 5371; x_wconf 89' lang='lat' dir='ltr'>cellentissimo</span> <span class='ocrx_word' id='word_1_640' title='bbox 2912 5306 3099 5369; x_wconf 91' lang='lat' dir='ltr'>modo</span> <span class='ocrx_word' id='word_1_641' title='bbox 3126 5304 3290 5380; x_wconf 86' lang='lat' dir='ltr'>fieri,</span> <span class='ocrx_word' id='word_1_642' title='bbox 3317 5324 3354 5367; x_wconf 90' lang='lat' dir='ltr'>a</span> <span class='ocrx_word' id='word_1_643' title='bbox 3381 5323 3516 5386; x_wconf 87' lang='lat' dir='ltr'>me;</span> <span class='ocrx_word' id='word_1_644' title='bbox 3552 5309 3700 5386; x_wconf 73' lang='lat' dir='ltr'>ipsa</span> <span class='ocrx_word' id='word_1_645' title='bbox 3725 5327 3908 5386; x_wconf 80' lang='lat' dir='ltr'>opera</span> 
     </span>
    </p>
   </div>
   <div class='ocr_carea' id='block_1_27' title="bbox 4262 15 4269 6219">
    <p class='ocr_par' dir='ltr' id='par_1_30' title="bbox 4262 15 4269 6219">
     <span class='ocr_line' id='line_1_105' title="bbox 4262 15 4269 6219; baseline 0 0"><span class='ocrx_word' id='word_1_646' title='bbox 4262 15 4269 6219; x_wconf 95' lang='lat' dir='ltr'> </span> 
     </span>
    </p>
   </div>
  </div>
 </body>
</html>
