4300 6259
1150 502 1500 550 manmno
1541 504 1605 550 m
1645 502 1784 550 car.
1829 504 1872 549 x
1912 502 2189 551 somme.
2235 522 2315 535 -
2356 504 2499 550 aar.
2545 503 2715 549 xxvn
3363 484 3483 551 473

73 687 170 731 ιιι.
192 702 326 741 mv,
366 675 694 757 praecepit
745 674 1012 757 lapidari
1061 673 1491 756 blasphemos.
1541 673 1884 737 AEmulato-
1912 673 1963 736 A
2079 675 2435 753 Respondit
2487 676 2578 736 eis
2621 678 2829 745 Iesus,
2876 675 3215 737 ostendens
3264 692 3333 737 se
3388 674 3483 739 nil
3618 682 3691 739 34

59 753 122 793 Ιδ.

57 814 181 857 ΕΜ
200 828 250 865 Χ,
279 817 328 858 2·
364 790 486 835 res
515 782 731 837 autem
762 774 918 856 legis
949 781 1149 848 erant,
1182 781 1246 835 et
1273 772 1742 836 aemulationem
1773 772 1881 834 Dei
1993 772 2142 833 mali
2174 773 2429 848 dixisse,
2466 773 2573 836 sed
2606 773 2748 837 illos
2777 790 2989 835 errare
3022 790 3035 834 :
3072 774 3303 837 Nonne
3328 775 3487 833 scri-

365 870 728 947 habebant,
764 874 874 935 sed
925 892 1052 936 non
1101 873 1452 935 secundum
1497 872 1829 934 scientiam
1863 890 1876 934 ε
1983 880 2177 949 ptum
2198 882 2287 933 est
2312 874 2381 935 in
2409 876 2541 951 leqe
2568 884 2793 937 vestra.
2818 871 2882 934 id
2913 879 3009 933 est
3036 872 3103 933 in
3134 872 3299 935 libro
3327 871 3487 935 Psal-

359 970 688 1051 quoniam
720 971 1005 1035 Christus
1036 978 1127 1033 tot
1155 970 1546 1050 argumentis
1575 978 1884 1033 monstra-
1992 988 2242 1032 morum
2302 970 2658 1052 pertinente
2704 971 2783 1032 ad
2832 970 3063 1034 veteris
3114 970 3269 1051 legis
3317 969 3483 1034 Scri-

361 1068 472 1131 vit
510 1086 580 1131 se
621 1088 760 1132 esse
800 1070 1020 1145 Deum,
1056 1070 1226 1151 quod
1266 1069 1323 1131 ei
1368 1069 1433 1131 in
1473 1068 1594 1131 hoc
1637 1076 1883 1132 contra·
1991 1075 2233 1149 pturas.
2289 1068 2415 1131 Lex
2472 1070 2854 1151 quandoque
2910 1068 3223 1151 accipitur
3275 1069 3483 1134 solum

364 1167 728 1230 dicendum
776 1187 902 1230 non
947 1168 1091 1241 fuit,
1135 1167 1488 1250 praesertim
1538 1167 1691 1249 quia
1738 1167 1882 1230 Pro-
1991 1184 2108 1247 pro
2156 1166 2445 1248 quinque
2493 1166 2675 1229 libris
2724 1166 2970 1250 MoysiS,
3025 1174 3095 1229 ut
3146 1187 3349 1249 quum
3395 1168 3487 1231 ait

367 1266 592 1347 phetae
659 1266 996 1329 manifeste
1065 1266 1496 1347 praedixerunt
1559 1265 1879 1328 Christum
1991 1264 2315 1328 Salvator:
2348 1264 2605 1347 Oportet
2634 1266 2887 1348 impleri
2918 1265 3132 1329 omnia
3160 1286 3304 1348 quae
3336 1266 3485 1329 scri·
3539 1280 3775 1333 Lucam,

367 1364 583 1426 Deum
647 1364 784 1428 fore
841 1372 903 1427 et
960 1366 1308 1439 hominem,
1370 1364 1535 1427 sicut
1602 1364 1878 1427 ubertim
1994 1370 2099 1445 pta
2141 1371 2290 1425 sunt
2333 1366 2411 1426 de
2461 1382 2563 1426 me
2602 1365 2668 1427 in
2717 1363 2876 1445 lege,
2920 1372 2983 1427 et
3029 1365 3379 1448 ProphetiS,
3421 1374 3485 1429 et
3511 1346 3581 1388 ⁴⁴·

367 1472 713 1527 ostensum
756 1471 853 1526 est
892 1471 1059 1525 ante.
1991 1461 2276 1524 Psalmis.
2339 1462 2727 1545 Quandoque
2784 1482 2935 1528 vero
2994 1464 3307 1547 accipitur
3368 1483 3484 1546 pro

458 1565 818 1641 Respondit
843 1566 936 1624 eis
963 1566 1163 1635 Jesus,
1199 1581 1326 1626 non
1375 1580 1452 1625 ex
1501 1580 1719 1625 eorum
1769 1582 1880 1644 ap-
1989 1560 2410 1625 Pentateucho
2460 1571 2521 1624 ct
2564 1562 2728 1626 libro
2774 1562 3188 1637 Psalmorum,
3222 1573 3293 1627 ut
3339 1563 3428 1625 ibi
3464 1582 3478 1626 :

371 1669 604 1743 paratu
651 1662 1048 1744 perterrituS,
1083 1663 1194 1724 sed
1237 1661 1520 1743 ipsorum
1566 1660 1878 1725 insaniam
1987 1660 2112 1722 Lex
2163 1668 2225 1722 et
2272 1660 2598 1743 Prophetae
2652 1680 2857 1743 usque
2903 1662 2981 1723 ad
3028 1661 3351 1725 Ioannem.
3386 1663 3484 1725 In·
3545 1682 3663 1728 ma.
3690 1696 3775 1733 m,-

365 1760 612 1825 blande
644 1760 991 1835 refrenanS,
1024 1779 1098 1822 ac
1133 1760 1450 1823 disserens
1486 1778 1500 1822 :
1534 1762 1749 1821 Multa
1781 1762 1880 1819 bo·
1987 1760 2263 1839 terdum‚
2300 1778 2415 1841 pro
2451 1767 2580 1823 tota
2618 1760 2781 1822 serie
2816 1760 3286 1842 Scripturarum
3316 1770 3485 1824 vete-
3513 1748 3579 1789 ¹⁶·

364 1880 462 1921 na
505 1880 700 1937 opera
740 1862 990 1921 ostendi
1031 1862 1205 1920 vobis
1245 1880 1327 1919 ea>
1366 1862 1564 1921 Patre
1609 1878 1770 1928 mee,
1812 1859 1878 1920 id
1917 1860 1962 1923 B
1990 1858 2076 1919 ris
2126 1858 2531 1933 Testamenti,
2584 1864 2654 1919 ut
2712 1878 2921 1921 nunc.·
2960 1863 3127 1928 Quia
3174 1879 3286 1937 eqo
3332 1862 3485 1920 dimi
3510 1878 3576 1923 P·
3578 1893 3730 1931 ......
3733 1882 3775 1922 s.

363 1967 489 2032 est,
526 1978 740 2022 coram
782 1958 962 2020 vobis
1009 1956 1154 2031 feci,
1192 1958 1495 2031 docendo,
1529 1965 1722 2039 atque
1761 1957 1880 2019 mi-
1987 1957 2065 2018 ad
2107 1975 2241 2030 VOS,
2274 1976 2311 2020 o
2351 1957 2599 2038 judices
2644 1964 2705 2019 et
2747 1957 3075 2039 Prophetae
3114 1977 3127 2021 :
3165 1960 3281 2020 Dii
3306 1960 3480 2028 estis,

367 2058 592 2121 racula
623 2058 1050 2140 perpetrando
1082 2066 1145 2119 et
1172 2074 1370 2137 aegros
1403 2057 1702 2118 curando.
1725 2060 1882 2118 Pro-
1989 2074 2116 2118 non
2167 2064 2409 2129 natura,
2454 2057 2564 2118 sed
2609 2056 2829 2136 gratia,
2870 2075 2995 2119 non
3044 2056 3477 2132 essentialiter,

359 2168 514 2235 pter
542 2160 717 2237 quod
741 2177 966 2218 eorum
993 2176 1152 2234 opus
1185 2176 1283 2217 me
1314 2157 1642 2233 lapidatis,
1667 2155 1730 2217 id
1763 2162 1874 2231 cst,
1989 2154 2098 2215 sed
2143 2153 2605 2235 participative.

370 2256 666 2338 lapidum
717 2255 953 2318 ictibus
999 2254 1290 2318 occidere
1339 2253 1578 2316 vultis?
1613 2253 1768 2316 Nam
1819 2261 1882 2315 et
2071 2255 2170 2324 Si,
2208 2272 2323 2334 pro
2365 2253 2539 2335 quia,
2572 2257 2718 2313 illos
2764 2253 3053 2316 homines
3098 2255 3275 2315 dimit
3317 2253 3483 2315 Deus
3618 2266 3689 2321 35

375 2354 548 2416 istud
583 2355 1037 2417 documentum
1076 2372 1206 2434 quo
1235 2351 1416 2426 dixit,
1451 2350 1578 2432 Ego
1611 2359 1673 2413 et
1701 2351 1881 2414 Pater
1989 2368 2178 2413 verus
2237 2368 2352 2433 per
2403 2350 2793 2414 psalmistam
2842 2355 3010 2423 deos,
3063 2370 3178 2433 per
3230 2352 3485 2433 partici-

377 2472 583 2515 unum
643 2471 889 2526 sumus,
941 2452 1067 2513 fuit
1116 2451 1339 2532 utique
1392 2451 1632 2514 bonum
1692 2469 1876 2532 opus,
1989 2449 2309 2531 pationem
2356 2456 2417 2511 et
2467 2449 2883 2513 imitationem
2934 2450 3343 2532 perfectionis
3393 2450 3486 2513 di-

375 2552 531 2633 quia
575 2549 887 2613 articulus
926 2548 1105 2612 fidei.
1140 2552 1634 2627 Responderunt
1672 2552 1735 2609 ei
1765 2553 1882 2610 Ju-
1988 2547 2154 2610 vinae
2180 2548 2375 2629 (sicut
2411 2550 2489 2611 ad
2528 2547 2777 2631 Moysen
2819 2548 3102 2629 loquitur
3139 2548 3206 2610 in
3245 2547 3479 2624 Exod0,

373 2651 532 2720 doei,
564 2648 810 2730 lapides
842 2648 1146 2711 habentes
1187 2648 1253 2711 in
1284 2647 1605 2722 manibuS,
1640 2654 1702 2710 et
1739 2647 1882 2709 bra·
1986 2644 2144 2708 Ecce
2174 2647 2473 2710 constitui
2504 2655 2565 2709 te
2596 2648 2782 2709 deum
2816 2646 3196 2725 Pharaonis),
3220 2650 3308 2708 ad
3328 2667 3484 2727 quos
3512 2664 3773 2716 amdam.

375 2748 524 2810 chia
569 2748 648 2809 ad
689 2747 1159 2829 projiciendum
1209 2747 1276 2809 in
1313 2746 1525 2808 Jesum
1575 2754 1826 2808 extenta
1860 2765 1874 2809 ε
1983 2765 2188 2805 sermo
2217 2747 2341 2807 Dei
2365 2746 2582 2823 factus
2610 2754 2722 2814 est,
2748 2744 3044 2809 videlicet
3072 2745 3476 2821 Patriarchas,

375 2848 472 2909 De
501 2849 661 2908 bono
692 2863 880 2923 opere
906 2866 1038 2908 non.
1069 2847 1441 2923 lapidamus
1472 2855 1546 2907 te.
1581 2844 1878 2918 Quamvis
1989 2843 2328 2926 Prophetas
2374 2851 2437 2906 et
2479 2844 2727 2924 judices
2776 2850 3024 2909 sanctos
3068 2862 3082 2907 :
3126 2844 3205 2907 de
3242 2844 3480 2927 quibus

375 2944 550 3008 enim
597 2945 883 3007 nondum
932 2944 1212 3025 lapidare
1261 2943 1606 3025 coepissent
1639 2941 1873 3017 Iesum,
1986 2943 2062 3003 ad
2121 2942 2436 3018 Hebraeos,
2482 2942 2821 3006 Multifarie
2872 2943 3221 3026 multisque
3275 2944 3479 3009 modis
3509 2961 3649 3006 Reor.
3674 2976 3703 3012 ι,
3734 2964 3774 3007 ι.

373 3052 590 3107 tamen
623 3052 751 3106 tam
783 3043 1047 3106 firmum
1080 3043 1477 3125 propositum
1519 3041 1878 3104 habuerunt
1915 3038 1957 3103 C
1985 3040 2138 3104 olim
2173 3041 2335 3103 Deus
2367 3041 2633 3122 loquens
2676 3041 2961 3123 patribus
3000 3043 3065 3104 in
3106 3042 3477 3124 Prophetis;

377 3143 498 3206 hoc
559 3141 851 3225 protinus
908 3141 1207 3216 faciendi,
1262 3140 1435 3222 quod
1489 3140 1620 3221 jam
1679 3158 1745 3201 se
1797 3140 1874 3202 il·
1986 3147 2047 3201 et
2076 3139 2289 3215 AmOS,
2320 3138 2455 3203 Non
2497 3138 2687 3202 saciet
2723 3140 3027 3203 Dominus
3058 3141 3347 3216 verbum,
3385 3142 3482 3204 ni-
3510 3160 3773 3211 Amanum.

376 3241 512 3303 lum
546 3240 830 3322 lapidare
859 3240 1175 3302 dixerunt.
1198 3242 1325 3301 Sed
1353 3242 1433 3299 de
1457 3240 1869 3316 blasphemia.
1986 3238 2039 3299 si
2089 3238 2469 3301 revelaverit
2526 3246 2838 3301 secretum
2897 3258 3085 3301 suum
3136 3241 3214 3302 ad
3264 3258 3479 3304 servos

373 3338 790 3412 Mentiuntur,
825 3338 977 3419 quia
1003 3324 1189 3419 'quod
1237 3336 1362 3419 ipsi
1409 3336 1873 3419 blasphemiam
1985 3357 2132 3401 suos
2170 3337 2535 3419 Prophetas.
2569 3336 2743 3409 Quod
2784 3338 2957 3399 enim
2996 3338 3099 3401 isti
3136 3338 3221 3400 dii
3256 3358 3483 3404 vocen-

376 3436 784 3519 reputabant,
829 3436 956 3498 fuit
1001 3444 1178 3499 actus
1228 3435 1504 3511 virtutis,
1559 3442 1622 3497 et
1668 3444 1876 3517 prote-
1984 3443 2108 3510 tur,
2145 3443 2316 3517 patet
2362 3454 2439 3497 ex
2484 3453 2559 3497 eo
2602 3436 2774 3516 quod
2812 3435 3049 3518 Moyses
3090 3436 3177 3498 ait
3216 3436 3281 3497 in
3321 3435 3481 3501 Exo-

375 3536 564 3599 statio
615 3534 922 3598 veritatis.
971 3534 1096 3598 Cur
1140 3542 1352 3597 autem
1400 3534 1876 3616 blasphemasse
1984 3535 2064 3597 do
2095 3554 2109 3597 :
2144 3534 2273 3597 Diis
2309 3554 2434 3598 non
2478 3533 2803 3615 detrahas3
2837 3534 3143 3616 itemque,
3180 3535 3477 3599 Dominus
3504 3560 3775 3613 amam.

375 3636 679 3697 dixerunt
724 3634 938 3695 Jesum
988 3632 1421 3714 subjungitur.
1465 3636 1551 3693 Et
1597 3634 1756 3712 quia
1805 3643 1874 3694 tu
1984 3634 2209 3697 domus
2264 3633 2695 3716 applicabitur
2740 3634 2819 3695 ad
2869 3635 3039 3708 deOS,
3092 3634 3211 3697 hoc
3259 3642 3354 3695 est
3398 3637 3476 3698 ad
3506 3626 3653 3731 ἐἰη
3698 3690 3721 3729 8

376 3737 562 3795 homo
611 3754 812 3813 quum
853 3735 968 3805 siS,
1009 3733 1204 3810 facis,
1245 3731 1307 3793 id
1356 3738 1471 3804 est,
1514 3748 1652 3791 esse
1697 3730 1876 3793 affir-
1982 3731 2250 3813 judices,
2302 3734 2385 3793 Et
2431 3752 2562 3793 non
2604 3741 2807 3811 potest
2853 3734 3038 3804 solvi,
3087 3732 3151 3795 id
3200 3740 3295 3795 est
3342 3752 3479 3797 cor-
3602 3700 3667 3731 ι’
3728 3718 3739 3729 ’

376 3851 534 3905 maS,
573 3842 630 3893 te
677 3832 894 3909 ipsum
944 3834 1176 3898 Deum,
1209 3829 1273 3892 id
1317 3836 1411 3891 est
1463 3829 1568 3891 Dei
1617 3828 1871 3904 Filium,
1985 3830 2201 3912 rumpi
2251 3848 2361 3891 seu
2412 3828 2762 3903 falsificari,
2814 3831 3182 3907 Scriptura.
3232 3831 3475 3895 Coelum
3551 3860 3769 3910 Luam.

375 3930 502 3994 Deo
531 3930 696 3993 Patri
727 3927 1348 4004 consubstantialem,
1371 3925 1499 4007 Ego
1525 3926 1877 4009 (inquiens)
1985 3928 2157 3990 enim
2216 3933 2277 3989 et
2324 3934 2491 3988 terra
2546 3926 2911 3989 transibunt
2947 3946 2962 4008 ;
3017 3927 3209 3990 verba
3264 3936 3476 3991 autem
3507 3925 3573 3966 ³³·

375 4038 440 4091 et
485 4028 668 4091 Pater
717 4046 919 4090 unum
972 4046 1216 4088 sumuS.
1271 4026 1398 4089 Hoc
1448 4042 1668 4089 verum
1725 4024 1870 4100 fuit,
1984 4025 2115 4099 Dei,
2141 4032 2296 4106 puta
2324 4023 2664 4107 Scripturae
2694 4043 2907 4099 sacrae,
2934 4044 3059 4089 non
3090 4026 3473 4103 transibunt,

374 4128 486 4189 sed
526 4127 648 4208 ipsi
698 4127 762 4189 id
808 4126 1038 4188 salsum
1081 4124 1480 4207 reputabant,
1514 4124 1874 4205 ignorantes
1985 4132 2054 4186 ut
2091 4123 2377 4186 Christus
2414 4130 2679 4185 testatur
2716 4125 2886 4205 apud
2924 4124 3180 4187 Lucam.
3215 4125 3328 4199 Qui
3374 4128 3480 4188 de-

374 4226 726 4308 scripturas
758 4225 1237 4308 Prophetarum,
1272 4243 1416 4305 quae
1454 4222 1774 4305 duplicem
1808 4222 1871 4283 in
1907 4226 1956 4287 D
1985 4240 2112 4285 nuo
2160 4222 2247 4283 ait
2293 4239 2307 4284 :
2355 4222 2527 4283 Unus
2574 4240 2735 4304 apex
2781 4223 2876 4286 vel
2934 4242 3130 4285 unum
3177 4223 3301 4287 iota
3350 4244 3474 4288 non
3533 4243 3769 4293 Manum.

373 4324 626 4388 Christo
665 4324 894 4387 docent
930 4340 1070 4386 esse
1113 4330 1424 4396 naturam,
1459 4321 1616 4383 Isaia
1663 4320 1876 4382 dicen·
1985 4320 2335 4402 praeteribit
2365 4320 2442 4383 de
2472 4320 2629 4401 lege,
2665 4322 2863 4384 donec
2894 4320 3110 4385 omnia
3138 4322 3318 4385 fiant.
3342 4324 3479 4388 Pro-
3508 4321 3576 4363 ¹⁸·

139 4447 255 4485 mx.
305 4466 316 4477 -
374 4430 438 4485 te
471 4440 485 4485 :
521 4421 684 4484 Puer
713 4429 898 4483 natus
929 4428 1025 4483 est
1065 4419 1270 4494 nobiS,
1305 4426 1369 4481 et
1398 4418 1728 4482 vocabitur
1755 4419 1875 4480 Ad·
1985 4426 2126 4501 pter
2173 4420 2343 4500 quod
2399 4419 2489 4481 ait
2532 4418 2861 4482 Psalmista
2911 4439 2925 4483 :
2976 4420 3163 4484 Initio
3211 4425 3476 4504 cognovi
3533 4452 3767 4503 ἥψω,

373 4520 715 4593 mirabiliS,
767 4520 952 4593 DeuS‚
1010 4518 1232 4592 FortiS,
1287 4517 1462 4580 Pater
1509 4517 1708 4579 futuri
1761 4536 1876 4579 sae-
1986 4519 2063 4580 de
2093 4516 2473 4581 testimoniis
2513 4518 2661 4593 tuiS,
2696 4519 2849 4600 quia
2888 4518 2953 4580 in
2984 4528 3293 4583 aeternum
3331 4520 3480 4584 fun·
3509 4516 3599 4558 ¹⁵²·

83 4638 341 4692 namus.
373 4620 503 4683 culi
521 4640 538 4700 3
569 4617 841 4680 Jeremia
870 4634 1142 4698 quoque,
1166 4615 1294 4677 Hoc
1323 4623 1418 4677 est
1447 4633 1676 4679 nomen
1710 4616 1874 4696 quod
1986 4616 2143 4678 dasti
2190 4633 2284 4677 ea.
2323 4619 2515 4685 Quem
2547 4619 2748 4679 Pater
2774 4621 3232 4695 sanctificavit,
3264 4631 3323 4682 et
3360 4624 3479 4682 mi·
3610 4632 3682 4688 36

257 4728 266 4735 ’
374 4716 697 4782 vocabunt
725 4734 896 4789 eum,
931 4715 1235 4778 Dominus
1263 4714 1474 4796 justus
1505 4723 1732 4778 noster.
1767 4714 1871 4776 Isti
1983 4717 2067 4775 sit
2099 4717 2175 4775 in
2203 4718 2550 4785 mundum,
2582 4734 2687 4775 vos
2714 4717 2962 4787 dicitis,
2995 4720 3163 4786 Quia
3194 4721 3477 4797 blasphe-

369 4816 572 4880 Judaei
610 4820 1062 4879 concesserunt
1097 4811 1308 4875 Jesum
1350 4832 1542 4895 opera
1579 4813 1748 4876 bona
1783 4811 1876 4875 sa-
1983 4834 2122 4873 mas
2153 4834 2175 4872 .·
2208 4812 2326 4874 boc
2375 4820 2489 4886 est,
2524 4813 2682 4875 mihi
2733 4832 2925 4895 quem
2974 4814 3154 4878 Pater
3199 4824 3475 4882 aeternus

373 4934 540 4989 cere,
595 4922 659 4976 et
713 4920 926 4975 tamen
973 4929 1114 4973 esse
1168 4911 1615 4994 blasphemum
1670 4930 1684 4973 :
1736 4930 1876 4992 quae
1985 4909 2410 4973 sanctificavit
2436 4911 2529 4992 (id
2569 4919 2684 4986 est,
2718 4921 3006 4975 sanctum
3046 4913 3218 4990 fecit,
3254 4935 3478 4979 secun-

373 5011 567 5077 simul
601 5018 932 5092 nequeunt
959 5017 1146 5071 stare.
1182 5008 1244 5072 Si
1277 5010 1449 5071 enim
1483 5008 1710 5071 fuisset
1740 5009 1874 5071 bla-
1983 5010 2134 5072 dum
2186 5009 2358 5091 quod
2397 5010 2587 5072 homo
2624 5029 2789 5084 sum,
2823 5010 3149 5093 implendo
3196 5016 3475 5078 animam

375 5111 707 5194 sphemus,
743 5107 903 5169 Deus
943 5106 1083 5188 ejus
1123 5108 1471 5171 doctrinam
1513 5115 1576 5170 et
1613 5126 1876 5171 conver·-
1983 5126 2189 5171 meam
2226 5107 2621 5189 plenitudine
2649 5108 3017 5189 gratiarum,
3052 5112 3361 5177 donorum
3392 5124 3478 5178 at-

373 5210 684 5271 sationem
725 5224 850 5269 non
892 5203 1336 5268 confirmasset
1363 5213 1427 5267 et
1460 5205 1876 5287 approbasset
1984 5224 2110 5288 que
2156 5206 2486 5281 virtutum,
2523 5214 2585 5267 et
2630 5206 2709 5268 ab
2759 5208 2933 5271 omni
2978 5211 3165 5293 culpa
3213 5231 3479 5294 praeser-

373 5305 724 5371 miraculis.
1984 5306 2223 5387 vand03
2259 5304 2381 5380 vel,
2425 5303 2878 5383 Sanctificavit,
2922 5307 2985 5369 id
3028 5316 3143 5385 est,
3183 5310 3477 5375 substan-
