4300 6259
733 413 988 535 fi

247 576 621 744 f

569 1240 610 1282 Z
613 1239 714 1284 ach.
725 1251 782 1288 ιιι,
793 1241 834 1280 9.

1033 79 1091 190 κ,

1075 217 1324 392 ἶ»,

1641 451 1987 498 ENARRATIO
2031 449 2094 496 m
2135 451 2274 497 cAP.
2320 450 2409 496 111
2450 449 2726 498 JOANNIS.
2773 469 2855 482 —·
2894 452 3036 500 ΛΒΤ.
3082 454 3209 500 XXX

865 622 1015 696 lem,
1060 629 1129 684 ut
1176 621 1482 686 memoria
1531 620 1960 684 suscitationis
2011 620 2224 683 Lazari
2272 637 2368 682 re-
2395 619 2446 679 A
2476 621 2663 683 disse.
2698 625 2785 684 Ει
2820 626 3049 684 domus
3087 626 3354 702 impleta
3384 633 3474 685 est
3501 644 3584 684 em
3620 627 3817 685 odore
3854 645 3973 685 un-

868 729 1228 792 novaretur,
1289 727 1351 782 et
1406 720 1602 782 Judaei
1667 719 1952 800 undique
2014 720 2090 781 ad
2152 719 2365 800 ipsum
2464 722 2697 796 quenti
2726 742 2748 780 .·
2780 721 2843 782 in
2887 741 3015 803 quo
3057 729 3227 803 patet
3265 723 3439 786 valor
3480 723 3969 804 pretiositasque

869 818 1268 882 confluerent
1305 817 1636 881 occasione
1683 818 1896 880 Lazari
1943 819 2361 901 adspiciendi,
2476 819 2804 898 unguenti,
2869 819 3212 882 liberalitas
3270 839 3549 902 quoque,
3617 821 3969 883 reverentia

867 917 1088 998 sicque
1138 917 1440 980 Dominus
1484 915 1662 977 Jesus
1714 916 1816 977 die
1855 916 2173 998 sequenti,
2218 935 2363 977 cum
2475 925 2537 977 et
2586 918 2835 980 devotio
2882 917 3087 982 Mariae
3136 920 3216 990 ad
3256 919 3489 981 Jesum.
3535 919 3680 980 Fuit
3726 919 3967 1001 quippe

867 1013 1312 1076 solennissima
1350 1013 1776 1094 processione,
1821 1013 2027 1076 turbis
2067 1030 2144 1074 ex
2188 1012 2362 1076 omni
2475 1023 2870 1095 unguentum
2921 1015 3089 1079 istud
3138 1016 3667 1099 refrigerativam,
3720 1016 3967 1081 confor-

868 1120 1045 1195 parte
1076 1112 1342 1175 vallatus
1378 1112 1642 1173 intraret
1668 1110 2034 1186 Jerusalem,
2059 1118 2362 1192 tanquam
2473 1111 2736 1175 tativum
2781 1132 2854 1176 ac
2895 1113 3306 1177 odoriferum.

867 1229 1055 1274 verus
1107 1229 1214 1272 rex
1262 1210 1473 1284 lsrael,
1523 1218 1710 1291 prout
1759 1211 2086 1273 Zacharias
2140 1210 2366 1291 praedi-
2551 1209 2824 1292 Mystice,
2860 1207 3012 1274 dum
3048 1213 3227 1274 Jesus
3269 1214 3441 1276 venit
3480 1213 3867 1287 Bethaniam‚
3900 1214 3961 1275 id

865 1311 980 1384 xit,
1032 1317 1096 1372 et
1140 1308 1308 1371 infra
1359 1309 1663 1388 clarebit3
1717 1309 1890 1382 item,
1941 1310 2019 1370 ad
2077 1309 2363 1372 consola·
2470 1315 2585 1378 est,
2630 1307 2971 1372 Ecclesiam
3015 1311 3247 1387 visitat,
3282 1313 3469 1373 corda
3514 1310 3805 1373 fidelium
3854 1330 3961 1394 per

863 1409 1100 1471 tionem
1152 1407 1376 1482 Mariae,
1421 1407 1672 1470 Marthae
1719 1426 1792 1469 ac
1843 1405 2074 1481 Lazari,
2118 1407 2231 1488 qui
2283 1408 2359 1468 de
2465 1407 2683 1486 gratiae
2713 1406 3102 1472 infusionem
3134 1411 3481 1472 clementer
3512 1411 3807 1474 intrando
3832 1411 3961 1492 (Be-

864 1507 1005 1588 ejus
1058 1525 1307 1569 recessu
1358 1506 1546 1588 paulo
1584 1513 1729 1567 ante
1779 1524 1904 1569 non
1956 1506 2360 1569 mediocriter
2471 1505 2684 1567 thania
2737 1515 2971 1582 autem,
3026 1527 3171 1590 quae
3230 1509 3684 1592 interpretatur
3739 1511 3958 1571 domus

861 1607 1296 1668 tristabantur.
1337 1641 1419 1649 —
1458 1603 1779 1678 Praeterea,
1833 1605 2186 1667 secundum
2233 1605 2361 1666 Au-
2466 1603 2863 1679 obedientiae,
2908 1607 3113 1686 signat
3156 1607 3553 1688 Ecclesiam),
3596 1615 3751 1670 tunc
3794 1626 3961 1670 men-

858 1704 1210 1786 gustinum‚
1245 1704 1310 1765 in
1353 1703 1460 1764 illa
1502 1721 1682 1766 coena
1713 1703 2133 1784 interrogatus
2174 1703 2359 1765 Laza-
2467 1710 2559 1763 tes
2602 1701 2894 1765 fidelium
2934 1702 3178 1767 faciunt
3215 1707 3271 1767 ei
3315 1724 3583 1780 coenam,
3622 1707 3683 1768 id
3726 1715 3841 1779 est,
3876 1707 3957 1768 si-

863 1821 972 1864 rus
1023 1821 1060 1863 a
1100 1800 1610 1872 convivantibus,
1661 1802 1738 1863 de
1779 1809 1944 1863 statu
1996 1801 2355 1862 animarum
2392 1802 2439 1864 B
2469 1800 2601 1860 mul
2640 1819 2787 1862 cum
2820 1801 3065 1865 Christo
3094 1804 3480 1865 manducant
3516 1822 3745 1885 panem
3778 1803 3956 1867 coele-

863 1908 1007 1983 post
1045 1900 1239 1962 vitam
1279 1907 1678 1980 praesentem,
1724 1900 1801 1960 de
1843 1900 2048 1980 poenis
2093 1899 2352 1975 inferni,

863 2000 942 2060 de
966 1997 1436 2080 exspectatione
1474 1997 1816 2077 justorum,
1852 1997 2066 2060 omnia
2106 2016 2221 2080 per
2259 2017 2358 2060 or-

863 2097 1079 2160 dinem
1109 2096 1445 2176 diligenter
1476 2094 1777 2158 narravit.
1804 2095 1918 2157 Per
1948 2097 2068 2159 hoc
2097 2113 2357 2178 quoque

861 2195 1032 2277 quod
1083 2194 1345 2256 Lazarus
1396 2193 1856 2263 discumbebat,
1908 2193 2358 2257 ostendebatur

861 2311 988 2356 non
1054 2293 1472 2373 phantastice,
1535 2292 1645 2353 sed
1714 2291 2020 2355 veraciter
2083 2293 2357 2355 resusci-

860 2398 1048 2454 tatus.

946 2492 1161 2552 Maria
1203 2509 1349 2566 erqo
1395 2489 1638 2566 accepit
1685 2491 1950 2560 libram,
1991 2488 2054 2551 id
2103 2498 2200 2552 est
2249 2509 2355 2553 vas

860 2589 1003 2650 talis
1042 2606 1374 2651 mensurae.
1411 2586 1525 2648 Per
1566 2586 1794 2649 libram
1823 2587 1996 2649 enim
2035 2589 2355 2669 quantitas

861 2688 1225 2767 designatur
1265 2685 1592 2766 unguenti.
1627 2685 1801 2747 Unde
1831 2688 2182 2749 secundum
2219 2686 2357 2749 Mat-

777 2838 788 2849 .
862 2786 1095 2847 thaeum
1135 2791 1198 2845 et
1233 2783 1528 2858 Marcum,
1563 2785 1809 2866 accepit
1848 2784 2258 2859 alabastrum,
2293 2786 2355 2848 id

757 2885 767 2922 ³
860 2894 956 2948 est
1005 2905 1112 2949 vas
1162 2886 1239 2948 de
1286 2885 1599 2948 alabastro
1655 2884 2020 2947 formatum.
2072 2884 2357 2967 Sumpsit

2466 1907 2624 1961 stem
2657 1919 2729 1961 ac
2759 1901 3168 1982 spiritualem,
3190 1904 3500 1983 gustando
3530 1921 3721 1984 quam
3756 1903 3953 1964 dulcis
3980 1921 4199 1962 nnuma.

2467 2005 2562 2059 est
2610 1998 2933 2074 DominuS,
2985 1999 3098 2081 qui
3149 2008 3244 2062 est
3290 2000 3470 2062 cibus
3526 2009 3719 2082 atque
3769 2003 3955 2063 inter-

2468 2115 2549 2157 na
2587 2095 2846 2160 refectio
2886 2097 3254 2173 electorum,
3288 2098 3535 2160 actibus
3566 2117 3826 2181 quoque
3860 2100 3955 2180 ju-

2469 2195 2653 2257 stitiae
2704 2195 3069 2258 insistendo.
3114 2196 3199 2258 De
3247 2215 3375 2277 quo
3424 2196 3567 2260 cibo
3614 2198 3703 2259 ait
3750 2197 3955 2260 Salva-

2469 2301 2567 2356 tor
2600 2313 2613 2356 :
2644 2293 2813 2356 Meus
2845 2295 3027 2356 cibus
3057 2303 3175 2370 est,
3212 2303 3280 2356 ut
3308 2293 3536 2358 faciam
3568 2297 3951 2360 voluntatem
4002 2313 4137 2354 aum.
4156 2327 4197 2356 η.

2468 2391 2607 2473 ejus
2656 2393 2765 2473 qui
2828 2393 3002 2454 misit
3050 2411 3173 2454 me.
3224 2392 3396 2456 Talia
3447 2413 3722 2476 namque
3768 2412 3955 2477 opera
3978 2378 4039 2417 ³⁴·

2469 2490 2786 2553 Christum
2846 2492 3179 2554 delectant.
3233 2492 3492 2575 Propter
3538 2495 3706 2574 quod
3757 2494 3843 2556 ait
3890 2495 3953 2556 in

2470 2589 2896 2672 Apocalypsi:
2932 2589 3058 2671 Ego
3098 2597 3193 2654 sto
3229 2592 3307 2653 ad
3338 2591 3593 2666 ostium,
3629 2599 3691 2654 et
3732 2594 3949 2674 pulso;
4016 2607 4135 2661 Arve-
4152 2621 4198 2650 ιι

2471 2689 2524 2749 si
2554 2688 2701 2769 quis
2730 2689 3052 2769 aperuerit
3084 2690 3264 2762 mihi,
3299 2689 3568 2762 intrab0,
3602 2697 3665 2752 et
3695 2693 3953 2755 coenabo
3980 2673 4039 2710 ²⁰

2470 2805 2617 2848 cum
2656 2786 2787 2860 illo,
2822 2795 2886 2849 et
2922 2787 3059 2869 ipse
3098 2787 3472 2849 mecum.1n
3516 2788 3635 2851 hoc
3664 2791 3955 2853 convivio

2469 2884 2704 2946 Martha
2760 2884 3097 2960 ministrat,
3159 2886 3278 2948 hoc
3335 2893 3451 2960 est,
3512 2887 3726 2948 anima
3781 2888 3957 2951 Chri-

861 3002 1010 3065 ergo
1072 2984 1299 3046 libram
1353 2987 1674 3061 unquenti
1721 2987 1946 3054 nardi,
1998 2984 2062 3046 id
2109 2991 2205 3044 est
2252 3002 2358 3045 ex·
2396 2990 2438 3052 C
2470 2991 2638 3044 stum
2680 2983 2845 3044 intra
2883 3001 2950 3044 se
2980 2984 3245 3059 habens,
3279 3001 3471 3066 opera
3507 2985 3955 3050 misericordiae

861 3083 1061 3165 pressi
1103 3100 1215 3145 seu
1255 3081 1525 3145 confecti
1566 3083 1642 3145 de
1684 3083 1899 3145 nardo.
1933 3081 2175 3145 Nardus
2208 3101 2357 3146 vero

862 3181 1096 3244 dicitur
1155 3180 1366 3242 frutex
1415 3199 1525 3242 seu
1575 3181 1772 3242 herba
1829 3181 2169 3244 aromatica
2218 3200 2360 3262 par-

863 3301 961 3356 va,
1015 3282 1292 3363 spinosa,
1345 3279 1686 3362 magnique
1743 3279 1953 3343 odoris
2011 3287 2073 3341 et
2129 3279 2353 3343 calida.

862 3379 1199 3460 Unguenti,
1246 3378 1532 3459 inquam,
1571 3381 1821 3455 pistici,
1863 3378 1924 3440 id
1975 3386 2070 3440 est
2117 3377 2353 3454 fidelis,

862 3477 1030 3560 puri,
1065 3497 1190 3541 non
1231 3477 1412 3539 mixti
1453 3483 1560 3537 aut
1600 3477 2015 3558 sophisticati.
2049 3475 2116 3538 In
2157 3477 2358 3540 Marco

861 3575 1094 3657 legitur
1141 3594 1154 3638 :
1199 3573 1387 3636 Nardi
1437 3573 1683 3655 spicati,
1739 3574 1800 3636 id
1849 3582 1943 3636 est
1993 3575 2200 3657 spicas
2252 3575 2358 3637 ha-

863 3675 1094 3749 bentis,
1120 3674 1197 3736 de
1227 3672 1464 3755 quibus
1495 3672 1849 3734 extrahitur
1878 3673 2090 3754 liquor
2117 3693 2360 3736 aroma-

863 3774 1050 3848 ticuS,
1098 3771 1511 3852 efficiturque
1560 3780 1974 3852 unguentum.
2023 3774 2356 3834 Pretiosi·
2333 3819 2346 3834 .

748 3925 758 3934 .
863 3891 1008 3933 nam
1052 3870 1252 3934 valuit
1296 3877 1610 3931 trecentos
1651 3870 1961 3944 denariOS,
2005 3871 2356 3932 secundum

863 3969 1161 4032 Marcum.
1197 3973 1281 4030 Ει
1321 3969 1543 4035 unoeit,
1587 3967 1651 4029 id
1701 3976 1816 4040 est,
1869 3975 2191 4048 unguento
2239 3968 2359 4032 isto

867 4066 1147 4150 perfudit
1185 4084 1257 4129 ac
1298 4066 1544 4147 rigavit,
1569 4070 1763 4144 pedes
1789 4068 1960 4127 Jesu.
1995 4065 2355 4129 Secundum

2470 3083 2821 3146 exercendo
2878 3092 3241 3147 reverenter
3297 3083 3530 3158 obedit,
3593 3091 3656 3145 et
3712 3084 3955 3148 Christo

2469 3181 2763 3243 deservit.
2797 3181 3065 3243 Lazarus
3109 3200 3280 3256 ver0,
3322 3183 3430 3264 qui
3480 3183 3949 3265 interpretatur,

2466 3278 2721 3359 adjutus
2765 3299 2801 3341 a
2842 3280 3126 3355 Domino,
3169 3280 3287 3343 hoc
3330 3289 3423 3342 est
3467 3283 3727 3363 spiritus
3774 3284 3955 3346 ratio-

2469 3379 2631 3440 nalis
2678 3397 2714 3439 a
2755 3385 2957 3442 morte
3002 3379 3241 3460 peccati
3291 3397 3404 3460 per
3448 3381 3710 3460 gratiam
3762 3384 3955 3446 susci-

2468 3485 2656 3550 tatus,
2710 3496 2874 3538 unus
2934 3483 3026 3538 est
3076 3494 3151 3537 ex
3203 3476 3751 3540 discumbentibus
3810 3501 3951 3543 cum

2463 3575 2631 3648 Jesu,
2665 3574 2776 3655 qui
2810 3592 2935 3637 non
2968 3574 3108 3637 vult
3136 3581 3402 3636 mortem
3445 3576 3814 3655 peccatoriS,
3848 3580 3949 3638 sed
4028 3591 4163 3634 amen

2466 3691 2648 3736 ovem
2700 3672 3011 3754 perditam
3056 3679 3119 3733 et
3162 3672 3482 3735 inventam
3528 3673 3803 3754 imponit
3844 3669 4005 3736 hu·¹
4008 3729 4099 3762 m„
4006 3655 4170 3754 ‘¹¹¹²{,³,

2468 3771 2660 3832 meris
2708 3771 2841 3833 suis
2886 3771 3187 3851 gaudens.
3232 3770 3346 3832 Ubi
3394 3771 3564 3832 enim
3612 3771 3958 3836 abundavit
3982 3731 4117 3884 ζέω
4120 3778 4191 3823 nt
4245 3801 4246 3816 ι

2468 3869 2793 3952 iniquitaS‚
2860 3869 3339 3951 superabundat
3401 3877 3464 3931 et
3526 3870 3746 3951 gratia.
3816 3847 4019 3934 ldeo⁵
3982 3908 4117 3949 30..
4100 3903 4189 3951 23

2468 3967 2607 4029 talis
2668 3968 2733 4029 in
2795 3967 3042 4029 actibus
3103 3967 3401 4031 virtuosis
3458 3969 3753 4051 epulatur
3811 3989 3953 4033 cum

2468 4065 2736 4129 Christo.

677 4201 706 4230 a
781 4220 790 4230 .
863 4165 1220 4228 Matthaeum
1250 4173 1313 4227 et
1339 4163 1638 4239 Marcum,
1663 4163 1850 4227 Maria
1879 4163 2044 4226 fudit
2077 4183 2360 4245 unguen-
2390 4171 2440 4234 D
2548 4164 2726 4226 Tunc
2765 4164 2973 4237 Maria,
3016 4164 3136 4227 hoc
3182 4173 3279 4226 est
3323 4165 3534 4227 anima
3576 4168 3959 4249 contempla-

747 4265 834 4364 ξαν,
866 4269 999 4323 tum
1052 4280 1245 4343 super
1294 4271 1484 4344 caput
1520 4263 1665 4324 Jesu
1716 4261 2166 4324 recumbentis.
2212 4261 2360 4324 Elu-

865 4359 1059 4422 cescit
1116 4377 1264 4440 ergo
1321 4361 1491 4441 quod
1556 4359 1737 4420 unxit
1797 4367 1986 4441 caput
2043 4367 2106 4421 et
2167 4361 2358 4442 pedes

865 4457 1120 4532 Christi,
1171 4457 1283 4538 qui
1335 4458 1506 4520 nudo
1557 4457 1764 4540 capite
1813 4459 2134 4540 nudisque
2184 4460 2362 4541 pedi-

865 4555 986 4618 bus
1026 4557 1259 4638 legitur
1298 4557 1652 4619 incessisse.
1687 4557 2017 4620 Probabile
2055 4565 2150 4620 est
2189 4560 2359 4641 quod

868 4663 1265 4736 unguentum
1309 4656 1430 4719 hoc
1473 4653 1596 4717 fuit
1639 4655 1895 4731 subtile,
1933 4658 2105 4719 velut
2152 4658 2362 4739 liquor

867 4755 967 4818 vel
1010 4755 1268 4817 lacrima
1305 4756 1381 4816 de
1421 4773 1488 4817 re
1526 4756 1868 4818 aromatica
1905 4755 2118 4818 fluens
2155 4775 2168 4818 :
2203 4775 2361 4838 quo-

865 4853 1036 4915 niam
1067 4853 1367 4916 indecens
1400 4853 1723 4916 videretur
1752 4862 2148 4935 unguentum
2184 4872 2362 4935 gros-

867 4971 950 5014 sae
997 4953 1276 5015 materiae
1323 4970 1515 5034 super
1563 4960 1753 5034 caput
1809 4945 2088 5016 hominis
2137 4953 2363 5016 funde-

869 5069 958 5112 re.
1015 5053 1098 5112 Et
1153 5053 1414 5111 eoetersic
1465 5053 1726 5130 capillis
1781 5055 1918 5112 suis
1961 5055 2149 5129 pedes
2194 5054 2355 5129 ejus,

866 5148 1154 5211 Creditur
1200 5149 1267 5210 in
1326 5149 1533 5231 primo
1591 5151 1781 5232 pedes
1842 5149 2073 5213 Christi
2132 5150 2361 5212 lavisse

865 5254 932 5308 et
975 5247 1330 5323 extersisse,
1381 5265 1456 5309 ac
1502 5256 1720 5330 postea
1771 5257 2095 5329 unguento
2143 5247 2361 5331 perfu-

2472 4265 2599 4326 tiva
2628 4264 2904 4326 caritatis
2944 4263 3195 4325 fervore
3235 4263 3453 4344 ignita,
3484 4283 3559 4326 ac
3588 4273 3819 4327 sanctae
3854 4267 3959 4326 de-

2470 4362 2741 4426 votionis
2792 4361 3126 4424 dulcedine
3182 4361 3523 4442 liquefacta
3568 4371 3629 4424 et
3671 4363 3961 4426 lacrimo-

2468 4480 2557 4533 sa,
2599 4461 2833 4543 accipit
2878 4459 3105 4521 libram
3157 4461 3462 4542 unguenti
3514 4461 3797 4542 pretiosi,
3841 4462 3959 4525 hoc

2467 4566 2562 4621 est
2612 4559 2793 4621 bonae
2829 4566 2892 4620 et
2932 4558 3313 4641 exemplaris
3354 4559 3499 4623 vitae
3545 4559 3779 4621 famam
3826 4561 3959 4621 sive

2468 4659 2745 4733 odorem,
2800 4675 3043 4739 ungens
3100 4665 3291 4739 caput
3338 4665 3400 4719 et
3457 4659 3648 4739 pedes
3705 4658 3957 4733 Christi,

2473 4757 2588 4820 hoc
2630 4764 2746 4832 est,
2792 4757 3111 4820 Christum
3155 4757 3504 4819 secundum
3550 4757 3832 4819 divinam
3871 4769 3959 4818 at-

2470 4873 2597 4937 que
2627 4856 2966 4919 humanam
3008 4863 3297 4918 naturam
3336 4855 3654 4937 sapienter
3684 4865 3957 4919 contem-

2472 4955 2675 5036 planS,
2710 4955 3027 5017 honorans
3055 4972 3129 5015 ac
3158 4953 3449 5034 diligenS,
3474 4954 3741 5034 ejusque
3770 4971 3955 5015 mem-

2470 5053 2583 5115 bra
2628 5052 2972 5126 aedificanS,
3026 5059 3094 5114 ut
3142 5052 3225 5114 sit
3271 5051 3500 5115 Christi
3549 5052 3757 5114 bonus
3805 5053 3953 5115 odor
4010 5069 4039 5111 ιι
4056 5067 4186 5110 com.
4245 5127 4246 5134 ἵ

2473 5150 2538 5212 in
2579 5151 2751 5214 omni
2791 5152 2949 5226 loco,
2984 5160 3046 5214 et
3084 5151 3295 5213 dicere
3336 5151 3535 5232 possit
3572 5169 3719 5212 cum
3759 5149 3953 5232 Spon-
3978 5133 4109 5180 '⁵¹¹⁸'
4245 5231 4246 5236 ἵ

2472 5268 2541 5312 sa
2573 5267 2587 5312 ε
2621 5249 2826 5322 Quum
2864 5258 3029 5313 esset
3058 5268 3171 5312 rex
3207 5249 3275 5312 in
3312 5247 3611 5311 accubitu
3649 5267 3786 5323 suo,
3822 5267 3951 5311 nar-
3976 5261 4187 5309 cmm.
4245 5241 4246 5252 *
