4300 6259
75 1805 342 1851 Jmmnv,
377 1804 627 1860 meum,
668 1787 784 1867 qui
831 1807 975 1849 sum
1024 1787 1256 1850 veritas
1307 1795 1370 1849 et
1417 1786 1728 1868 sapientia
1773 1785 1884 1846 Pa-

303 1881 335 1913 ¹·
377 1884 524 1946 tris,
561 1883 724 1947 Dicit
761 1886 932 1947 enim
975 1886 1310 1968 Apostolus
1343 1887 1420 1947 de
1459 1884 1699 1967 Spiritu
1738 1882 1883 1946 San·
1918 1883 1964 1945 B
1991 1885 2183 1947 stolos
2218 1903 2231 1948 :
2266 1883 2424 1956 Quid
2468 1883 2799 1959 faciemuS,
2848 1884 2967 1945 viri
3013 1882 3292 1946 fratres?

67 1869 104 1910 6:
129 1867 142 1910 l
167 1867 282 1910 Cor.

66 1932 116 1970 οὗ

65 1997 190 2040 Rom.
204 2001 340 2048 mm).

81 4564 179 4606 Act.
199 4578 260 4614 iv,
279 4567 346 4606 ¹3.

1090 529 1443 578 ENARRATIO
1485 528 1552 576 IN
1591 527 1730 576 CAP-
1776 529 1858 574 XV
1899 527 2176 575 JoANMS.
2222 548 2303 558 —
2344 528 2485 574 ΛΒΤ.
2534 527 2769 575 xxxvm

3363 505 3485 571 553

367 711 730 766 emanaret..
763 704 940 777 Quod
983 721 1133 766 vero
1176 702 1429 783 adjecit,
1464 724 1505 763 a
1535 705 1755 769 Patre,
1786 718 1888 762 ac·
1913 699 1962 760 A
1991 699 2283 774 oderunt,
2340 706 2499 781 post,
2554 699 2689 763 viso
2748 698 3049 782 praedicto
3106 716 3298 780 opere
3348 696 3487 779 Spi-

365 800 508 882 cipi
562 809 770 883 potest
819 803 1184 885 dupliciter.
1236 802 1445 864 Primo
1492 800 1584 862 sic
1627 818 1641 862 :
1684 799 1880 872 Quem

363 899 630 962 mittam
683 901 864 964 vobis
921 920 958 963 a
1007 901 1204 976 Patre,
1258 901 1440 983 quasi
1493 919 1530 961 a
1579 898 1754 962 fonte
1804 899 1880 960 de

361 1016 506 1079 quo
558 998 827 1080 profluit
873 999 1147 1082 Spiritus
1196 999 1483 1074 SanctuS‚
1536 997 1637 1062 vel
1686 1014 1879 1078 quem

363 1098 830 1177 procedentem
861 1118 898 1160 a
929 1099 1104 1161 Patre
1134 1099 1382 1161 mittam
1415 1097 1617 1160 vobis.
1652 1095 1881 1158 Secun-

364 1195 453 1257 do
507 1195 602 1258 sic
635 1214 649 1258 ε
685 1196 882 1269 Quem
930 1198 1179 1260 mittam
1220 1196 1400 1260 vobis
1449 1215 1486 1258 a
1528 1196 1726 1268 Patre,
1761 1194 1880 1256 hoc

365 1302 470 1355 est
514 1295 752 1358 virtute
800 1297 1018 1359 divina
1065 1315 1260 1378 quam
1300 1295 1552 1376 suscepi
1593 1314 1628 1356 a
1676 1293 1874 1366 Patre,

365 1411 408 1454 a
451 1410 589 1473 quo
637 1392 840 1456 habeo
889 1395 1060 1475 quod
1100 1393 1373 1476 Spiritus
1423 1393 1686 1455 Sanctus
1737 1410 1879 1474 pro—

367 1490 550 1552 cedit
595 1509 632 1552 a
671 1509 773 1553 me
822 1492 1228 1573 processione
1273 1499 1528 1567 aeterna,
1571 1496 1634 1552 ct
1682 1489 1880 1552 mitti-

372 1596 486 1650 tur
530 1609 568 1650 a
613 1607 715 1650 me
760 1590 1062 1654 missione
1109 1589 1466 1671 temporali.

477 1690 812 1765 Spiritum
871 1691 1186 1760 veritatis,
1243 1689 1361 1752 hoc
1419 1696 1514 1750 est
1571 1687 1878 1769 Spiritum

380 1991 486 2045 cto
525 1984 604 2063 ad
633 1982 946 2047 Romanos
983 2003 996 2047 :
1031 1983 1091 2046 Si
1125 1984 1271 2066 quis
1311 1983 1618 2065 Spiritum
1650 1982 1879 2045 Christi

379 2098 513 2143 non
547 2080 758 2150 habet,
794 2081 900 2144 hic
945 2100 1070 2144 non
1103 2090 1200 2144 est
1237 2081 1397 2162 ejus,
1422 2080 1532 2143 Vel
1571 2080 1878 2162 Spiritum

377 2179 497 2260 qui
551 2187 648 2244 est
704 2197 970 2241 examen
1029 2188 1092 2241 et
1146 2181 1362 2243 doctor
1410 2179 1602 2242 totius
1655 2178 1880 2240 verita-

377 2277 488 2339 tis.
529 2280 658 2346 Qui
699 2299 741 2338 a
781 2283 984 2341 Patre
1018 2281 1332 2356 procedit.
1367 2277 1496 2341 Hoc
1533 2277 1707 2339 addit
1749 2277 1880 2339 Sal-

377 2383 582 2450 vator,
617 2395 698 2438 ne
742 2384 1111 2459 putaremus
1151 2378 1322 2458 quod
1359 2397 1396 2439 a
1435 2377 1592 2440 Filio
1635 2377 1880 2438 dumta-

373 2483 484 2536 xat
529 2477 902 2557 procederet
945 2474 1218 2558 Spiritus
1262 2474 1549 2549 Sanctus,
1585 2493 1659 2537 eo
1706 2476 1875 2556 quod

373 2573 540 2635 dixit
583 2592 596 2635 :
639 2572 844 2650 Quem,
887 2591 1004 2654 ego
1052 2573 1298 2636 mittam
1348 2572 1552 2637 vobis.
1594 2573 1878 2637 Procedit

374 2690 530 2753 ergo
569 2691 606 2734 a
654 2673 832 2735 Patre
871 2681 934 2734 et
971 2673 1150 2748 Filio,
1188 2692 1312 2736 non
1359 2673 1542 2755 quasi
1582 2691 1619 2733 a
1656 2667 1878 2734 distin-

375 2771 498 2834 ctis
543 2771 855 2853 personiS,
891 2773 1000 2833 sed
1040 2771 1104 2833 in
1144 2779 1456 2852 quantum
1488 2779 1637 2834 sunt
1679 2789 1874 2833 unum

377 2871 444 2932 in
493 2877 721 2931 natura
768 2876 831 2931 et
876 2869 1220 2933 voluntate.
1259 2869 1367 2932 Est
1415 2888 1691 2951 namque
1739 2869 1878 2951 Spi-

375 2971 540 3033 ritus
591 2969 856 3032 Sanctus
905 2989 1104 3033 amor.
1156 2970 1348 3032 Amor
1398 2988 1545 3033 vero
1597 2977 1692 3031 est
1736 2988 1878 3051 ger-

1992 797 2152 859 ritus
2215 798 2448 872 Sancti,
2511 798 2875 880 compuncti
2939 805 3089 859 sunt
3154 798 3363 870 corde,
3422 803 3486 856 et

1989 899 2279 962 conversi
2327 899 2403 960 ad
2444 899 2785 972 Christum,
2828 898 3367 980 quemadmodum
3416 895 3482 958 in

1989 996 2250 1059 Actibus
2280 997 2722 1079 Apostolorum
2758 997 3010 1080 plenius
3043 997 3355 1070 recitatur,
3373 994 3481 1056 ubi

1990 1094 2222 1175 legitur
2274 1114 2289 1158 :
2342 1095 2685 1177 Coeperunt
2742 1095 2915 1177 loqui
2973 1095 3165 1157 variis
3223 1094 3479 1174 linguiS,
3512 1112 3774 1162 musta,

1991 1201 2182 1275 prout
2223 1193 2497 1276 Spiritus
2536 1194 2801 1257 Sanctus
2846 1194 3034 1256 dabat
3072 1193 3285 1274 eloqui
3330 1193 3480 1254 illis.
3515 1175 3579 1217 ¹²·

1990 1292 2175 1354 Facta
2210 1302 2423 1354 autem
2473 1294 2591 1355 hac
2631 1311 2805 1367 voce,
2850 1293 3147 1357 convenit
3195 1291 3487 1354 multitu-

1990 1393 2090 1466 do,
2115 1399 2181 1453 et
2210 1399 2421 1454 mente
2452 1391 2715 1455 confusa
2744 1385 2858 1476 e'st.
2894 1391 3245 1473 Stupebant
3274 1397 3485 1452 autem

1989 1508 2233 1563 omnes,
2277 1498 2338 1552 et
2387 1490 2784 1552 mirabantur
2824 1491 2902 1552 ad
2947 1490 3222 1552 invicem
3273 1489 3488 1551 dicen-

1989 1595 2083 1649 tes
2119 1608 2130 1650 :
2168 1587 2475 1660 Quidnam
2508 1589 2645 1652 vult
2684 1589 2803 1652 hoc
2840 1591 3019 1650 esse?
3052 1587 3126 1648 Et
3163 1595 3304 1669 post
3334 1605 3488 1669 pau-

1991 1705 2062 1749 ca
2095 1705 2108 1748 :
2141 1686 2251 1748 His
2289 1687 2542 1761 auditiS‚
2577 1687 2944 1768 compuncti
2983 1694 3132 1749 sunt
3171 1686 3379 1759 corde,
3424 1693 3486 1747 et
3544 1695 3746 1740 thid-³⁷.

1989 1785 2288 1848 dixerunt
2328 1787 2407 1848 ad
2457 1784 2705 1848 Petrum
2756 1793 2818 1847 et
2865 1786 2943 1847 ad
2993 1784 3271 1866 reliquos
3321 1783 3487 1866 Apo-

2071 1986 2156 2044 Et
2184 2003 2291 2043 vos
2324 1985 2761 2044 testimonium
2780 1983 3195 2059 perhibebitis
3236 1982 3313 2043 de
3356 1999 3479 2054 me,
3618 1983 3689 2039 27

1991 2080 2223 2143 virtute
2269 2079 2543 2162 Spiritus
2600 2079 2810 2142 Sancti
2860 2079 3209 2142 efficaciter
3259 2079 3485 2161 praedi-

1990 2181 2211 2243 cando.
2244 2180 2420 2242 Unde
2463 2181 2528 2241 in
2574 2179 2836 2242 Actibus
2883 2179 3107 2260 probat
3150 2178 3368 2240 Petrus
3417 2179 3481 2240 in
3509 2187 3775 2239 [bid-1⁶³⁷-

1989 2278 2106 2341 hac
2145 2278 2449 2340 missione
2478 2277 2749 2360 Spiritus
2781 2277 2991 2340 Sancti
3033 2277 3361 2359 impletam
3396 2295 3485 2339 es-

1989 2395 2056 2438 se
2095 2376 2495 2458 prophetiam
2538 2375 2749 2450 Joelis,
2786 2393 2899 2457 per
2941 2394 3136 2457 quem
3177 2375 3483 2438 Dominus

1986 2475 2074 2537 ait
2109 2495 2122 2538 :
2168 2474 2504 2537 Effundam
2546 2476 2625 2536 de
2664 2475 2893 2557 spiritu
2938 2493 3080 2538 meo
3118 2492 3311 2556 super
3349 2492 3484 2537 om-
3523 2483 3761 2531 hela-2⁸-

1989 2592 2134 2636 nem
2175 2591 2451 2636 carnem.
2485 2572 2644 2636 Hinc
2686 2573 2902 2636 Petrus
2944 2581 3007 2635 et
3040 2572 3331 2647 JoanneS,
3368 2571 3480 2654 qui

1989 2671 2054 2733 in
2096 2673 2391 2754 passione
2426 2671 2749 2753 fugerunt,
2782 2671 3032 2734 accensi
3065 2671 3305 2753 Spiritu
3337 2670 3484 2733 San·
3563 2678 3729 2722 Matth-

1987 2779 2108 2844 cto,
2170 2769 2573 2852 principibus
2633 2771 3029 2832 sacerdotum
3094 2769 3324 2833 Christi
3391 2778 3485 2831 te·
3510 2758 3622 2794 ’ω’
3656 2744 3725 2784 ⁵⁶·

1987 2869 2439 2931 stificationem
2489 2868 2997 2950 perhibentibuS,
3043 2887 3189 2931 cum
3241 2867 3481 2949 ingenti

1985 2967 2361 3030 auctoritate
2391 2967 2687 3028 dixerunt
2721 2986 2735 3029 :
2771 2966 3040 3028 Obedire
3079 2973 3327 3048 oportet
3360 2965 3485 3030 Deo
3527 2976 3775 3027 Aet-nw-

373 3087 528 3132 men
568 3077 761 3151 atque
808 3069 1131 3151 processio
1169 3069 1534 3132 voluntatiS.
1572 3068 1878 3141 Quemad-
1914 3065 1957 3129 C
1987 3065 2186 3145 magis
2235 3084 2427 3147 quam
2477 3065 2891 3146 hominibus3
2943 3084 3068 3128 non
3120 3065 3293 3127 enim
3345 3084 3485 3147 pos-
3516 3075 3776 3126 thid-wat>-

375 3169 641 3230 modum
674 3185 824 3249 ergo
864 3168 1143 3229 mundus
1185 3175 1433 3229 creatus
1471 3174 1567 3229 est
1603 3187 1640 3229 a
1671 3167 1874 3229 tribus

373 3266 691 3340 Personis,
727 3285 852 3329 non
905 3265 971 3328 in
1021 3275 1332 3348 quantum
1381 3275 1532 3328 sunt
1579 3267 1876 3328 distincta

373 3364 733 3447 supposita,
767 3366 877 3428 sed
928 3373 998 3427 ut
1045 3373 1195 3427 sunt
1245 3384 1410 3426 unus
1447 3365 1631 3439 DeuS,
1666 3366 1731 3426 in
1780 3383 1876 3427 es-

373 3463 584 3526 sentia
611 3471 804 3545 atque
835 3464 1116 3545 potentia
1147 3463 1551 3539 indistinctae,
1585 3464 1672 3525 ita
1703 3465 1874 3545 quod

372 3570 504 3624 tres
554 3562 841 3626 Personae
878 3569 1030 3624 sunt
1078 3581 1245 3624 unus
1285 3563 1571 3641 Creator;
1605 3552 1698 3624 s'ic
1735 3562 1876 3645 Spi-

374 3661 542 3723 ritus
573 3659 840 3722 Sanctus
881 3661 1168 3743 procedit
1203 3680 1240 3722 a
1272 3660 1449 3722 Patre
1481 3669 1544 3723 et
1574 3661 1730 3724 Filio
1763 3679 1876 3743 per

374 3759 441 3821 id
490 3758 556 3820 in
609 3777 740 3840 quo
779 3758 950 3819 idem
999 3766 1168 3830 sunt,
1203 3758 1448 3822 scilicet
1495 3777 1609 3841 per
1653 3760 1878 3823 volun-

369 3865 590 3920 tatem.
635 3856 898 3938 Propter
942 3858 1113 3938 quod
1164 3865 1312 3920 sunt
1362 3877 1527 3919 unus
1577 3859 1869 3940 spirator,

373 3975 545 4017 unus
595 3953 740 4018 fons
787 3944 1120 4037 unumque
1166 3956 1556 4038 principium
1598 3955 1872 4038 Spiritus

373 4053 614 4117 Sancti.

457 4155 583 4214 Ille
629 4153 1070 4213 testimonium
1104 4154 1463 4231 perhibebit
1499 4157 1579 4214 de
1619 4174 1717 4213 me
1760 4171 1874 4235 per

1986 3182 2209 3226 sumus
2266 3182 2409 3245 quae
2468 3162 2832 3227 audivimus
2890 3171 2954 3224 et
3011 3163 3292 3225 vidimus
3358 3181 3484 3226 non

1985 3261 2185 3343 loqui.
2226 3265 2393 3331 Quia
2425 3265 2505 3323 ab
2536 3263 2731 3322 initio
2772 3281 3017 3322 mecum
3054 3263 3229 3330 estiS,
3262 3261 3325 3322 id
3366 3269 3482 3336 est,

1985 3362 2063 3425 ab
2095 3361 2354 3425 exordio
2396 3360 2861 3443 praedicationis
2904 3377 3061 3422 meae
3092 3360 3189 3423 vel
3229 3377 3491 3422 conver-

1987 3461 2183 3524 sionis
2226 3468 2450 3524 vestrae
2490 3460 2566 3521 ad
2612 3477 2728 3534 me,
2775 3459 2933 3521 mihi
2981 3457 3491 3540 inseparabiliter

1983 3558 2337 3622 adhaesistis
2382 3575 2395 3620 :
2442 3565 2700 3639 propter
2740 3557 2913 3638 quod
2955 3557 3107 3618 estis
3149 3556 3357 3619 idonei
3402 3563 3489 3617 te-

1985 3665 2126 3733 stes
2162 3656 2344 3738 quasi
2386 3655 2726 3726 certissimi
2765 3656 2841 3716 de
2873 3673 2940 3716 re
2977 3661 3174 3734 gesta,
3212 3662 3274 3716 et
3309 3653 3483 3734 digni

1985 3757 2138 3819 estis
2166 3755 2449 3837 recipere
2489 3753 2757 3836 gratiam
2800 3753 3189 3815 testificandi
3232 3754 3309 3815 de
3356 3771 3480 3814 me.

1984 3855 2144 3918 Hinc
2182 3854 2350 3935 apud
2388 3852 2622 3915 Lucam
2663 3851 2947 3915 Christus
2986 3851 3074 3912 ait
3110 3851 3429 3933 Apostolis
3464 3870 3479 3914 :

1986 3955 2106 4017 Vos
2137 3953 2289 4015 estis
2320 3951 2434 4034 qui
2476 3951 2915 4033 permansistis
2962 3968 3214 4012 mecum
3248 3950 3315 4011 in
3345 3957 3483 4012 ten-
3550 3975 3774 4026 Lucam,

1985 4051 2332 4115 tationibus
2373 4050 2553 4112 meis.
2594 4050 2862 4112 Ioannes
2903 4067 3162 4130 quoque
3202 4048 3267 4110 in
3309 4049 3484 4131 prin·
3510 4041 3577 4080 ²⁸·

1986 4149 2156 4231 cipio
2200 4148 2423 4230 primae
2466 4166 2595 4210 suae
2639 4146 2990 4226 Canonicae,
3034 4146 3482 4209 certitudinem

375 4268 574 4332 opera
621 4269 737 4312 sua
782 4249 1181 4312 miraculosa.
1223 4249 1350 4313 Hoc
1401 4249 1464 4311 in
1510 4251 1612 4313 die
1660 4258 1876 4315 sancto
1907 4246 1957 4308 D
1985 4247 2345 4329 apos'tolicae
2377 4245 2841 4327 praedicationis
2873 4245 3229 4321 insinuanS,
3264 4246 3350 4307 ita
3379 4263 3485 4307 ex-

375 4348 780 4411 Pentecostes
849 4355 1092 4411 constat
1158 4347 1516 4430 impletum.
1578 4349 1692 4410 Per
1756 4350 1876 4413 hoc

377 4447 702 4529 siquidem
758 4447 932 4528 quod
989 4445 1262 4528 Spiritus
1318 4446 1584 4510 Sanctus
1643 4447 1880 4510 infudit

377 4544 811 4609 formidolosis
851 4545 978 4606 illis
1009 4544 1221 4607 idiotis
1257 4545 1654 4627 rudibusque
1692 4547 1880 4608 disci-

379 4644 576 4726 pulis,
630 4643 1072 4707 invincibilem
1129 4642 1672 4725 fortissimamque
1729 4664 1879 4708 con-

377 4742 699 4816 stantiam,
742 4741 1108 4805 divinarum'
1147 4739 1618 4822 Scripturarum
1668 4743 1880 4824 copio-

376 4857 510 4901 sam
554 4837 867 4912 notitiam,
899 4837 1188 4901 omnium
1221 4855 1478 4918 quoque
1516 4839 1874 4919 linguarum

377 4936 693 5010 notitiam,
745 4943 964 5017 aperte
1021 4936 1398 4999 monstravit
1453 4937 1626 5018 quod
1672 4937 1872 5013 JesuS,

379 5055 494 5118 pro
543 5034 729 5116 cujus
781 5035 1020 5098 honore
1069 5036 1188 5097 hoc
1238 5033 1475 5096 factum
1526 5033 1668 5110 fuit,
1713 5046 1878 5100 esset

379 5153 568 5198 verus
618 5133 926 5196 Christus,
977 5133 1154 5195 Unde
1214 5140 1340 5194 tam
1389 5131 1552 5196 forte
1600 5134 1879 5198 testimo-

375 5233 558 5295 nium
605 5230 934 5314 perhibuit
972 5230 1219 5294 Christo
1267 5229 1540 5314 Spiritus
1585 5231 1871 5309 SanctuS‚

375 5331 551 5413 quod
601 5328 788 5392 multi
835 5329 948 5410 qui
996 5335 1144 5392 ante
1191 5328 1677 5393 crucifixionem
1726 5348 1875 5393 eum

1985 4365 2167 4409 orsus
2218 4352 2313 4406 est
2364 4363 2378 4406 :
2431 4343 2605 4417 Quod
2663 4344 3049 4419 audivimuS,
3101 4345 3273 4424 quod
3323 4343 3484 4407 vidi·
3538 4363 3774 4412 manna,

1987 4465 2128 4507 mus
2170 4443 2371 4507 oculis
2410 4443 2665 4517 nostris,
2697 4444 2867 4525 quod
2913 4443 3381 4525 perspeximu8‚
3421 4451 3484 4506 et
3514 4432 3553 4478 ¹·
3580 4430 3619 4471 ⁸·

1987 4563 2213 4606 manus
2244 4549 2474 4606 nostrae
2512 4549 2940 4604 tractaverunt
2967 4543 3046 4604 de
3076 4541 3283 4604 Verbo
3311 4542 3477 4614 vitae,

1985 4645 2157 4725 quod
2194 4642 2471 4707 vidimus
2512 4648 2574 4702 et
2610 4640 2993 4716 audivimuS,
3026 4642 3481 4704 annuntiamus

1985 4741 2193 4805 vobis.

2069 4842 2223 4902 Hoee
2262 4839 2340 4900 de
2377 4837 2652 4900 adventu
2698 4835 2972 4918 Spiritus
3018 4835 3250 4912 Sancti,
3284 4846 3348 4901 et
3390 4856 3485 4900 ce-
3630 4846 3657 4900 1

1987 4938 2138 4999 teris
2198 4936 2440 5008 multis,
2496 4939 2743 4996 locutus
2790 4957 2936 4996 sum
2984 4937 3180 5004 vobis,
3231 4945 3303 4997 ut
3352 4957 3478 4998 non
3524 4927 3755 4982 (⁰⁸P·¹⁸'¹·)

1983 5035 2556 5102 scandalizemini,
2592 5033 2659 5094 id
2710 5040 2825 5106 est,
2874 5051 2954 5094 ne
3000 5041 3289 5116 tempore
3343 5052 3484 5116 per-

1986 5132 2329 5196 secutionis
2388 5131 2622 5193 cadatis
2687 5149 2800 5212 per
2860 5131 3322 5212 impatientiam
3382 5132 3483 5194 vel

1984 5231 2449 5305 infirmitatem,
2485 5230 2764 5293 cedendo
2796 5231 3146 5293 tormentis.
3184 5230 3298 5292 Per
3326 5250 3484 5313 prae-

1985 5331 2153 5394 dicta
2207 5329 2381 5392 enim
2439 5326 2846 5392 confirmavit
2894 5345 3001 5392 eos
3051 5328 3117 5391 in
3176 5328 3329 5404 fide,
3383 5329 3483 5392 fu-
