4300 6259
1148 523 1501 572 mammo
1544 523 1607 569 m
1648 523 1786 570 cu.
1833 519 1986 570 xvm
2026 521 2217 570 LUCAE.
2260 541 2343 554 ·-·-
2382 523 2525 570 Am.
2571 523 2671 570 xm

3342 501 3463 568 155

349 707 580 762 nerent
629 713 942 781 pauperes
993 701 1480 776 conquerenteS,
1521 701 1586 755 et
1633 709 1859 756 vocare
1887 690 1937 752 A
1967 701 2032 756 et
2078 693 2453 757 delectabile
2497 694 2699 758 oculis
2736 694 2951 758 videre
2998 694 3221 757 solem.
3256 697 3339 756 Et
3364 697 3465 755 Je-
3597 693 3670 749 42

349 798 496 860 illos
525 798 602 860 ad
647 815 738 871 se,
769 797 850 859 ad
889 795 1280 858 audiendum
1315 811 1537 855 eorum
1566 791 1858 873 querelas
1963 813 2073 854 sus
2118 795 2297 855 dimit
2348 795 2455 854 illi
2494 814 2517 854 .·
2554 795 2818 872 Respice
2866 793 3009 856 visu
3057 793 3353 856 exteriori
3402 800 3465 856 et

346 915 424 959 ac
475 896 956 978 postulationes,
1003 901 1072 955 ut
1117 892 1404 956 facerent
1446 892 1538 954 eis
1586 891 1860 954 subven-

345 995 592 1058 tionem
620 1003 816 1076 atque
843 993 1156 1075 justitiam
1189 991 1506 1074 expedite.
1531 991 1674 1065 Sed,
1699 991 1854 1052 heu!

113 1123 134 1152 a
169 1125 180 1152 ι
275 1142 288 1152 .
346 1095 483 1174 jam
521 1095 651 1156 dici
694 1101 903 1177 potest
939 1094 1019 1154 de
1055 1091 1184 1154 illis
1223 1091 1384 1153 illud
1425 1090 1618 1164 lsaiae,
1652 1089 1860 1171 Pupil-

349 1193 414 1256 lo
465 1212 592 1256 non
640 1193 952 1272 judicant,
992 1198 1054 1252 et
1098 1209 1288 1253 causa
1329 1190 1539 1251 viduae
1586 1206 1712 1250 non
1765 1188 1860 1250 in-

344 1292 642 1374 greditur
698 1293 778 1354 ad
841 1309 950 1354 eos
1013 1307 1028 1353 :
1090 1289 1242 1364 im0,
1305 1287 1358 1350 si
1419 1303 1858 1369 saepenumero

347 1391 734 1471 ingreditur,
769 1389 914 1471 plus
957 1390 1332 1471 expendunt
1379 1404 1690 1468 pauperes
1738 1385 1859 1448 for-

344 1497 414 1552 te
463 1478 658 1571 qnam
707 1496 838 1552 tota
887 1505 1112 1550 eorum
1161 1486 1366 1548 valeat
1419 1503 1627 1558 causa,
1679 1491 1857 1546 ante-

344 1607 552 1669 quam
595 1587 994 1649 terminetur.

431 1689 520 1748 Et
576 1705 782 1768 quum
839 1684 1417 1763 appropinquasset
1476 1700 1680 1745 caecus
1740 1681 1858 1743 iste

343 1785 602 1849 Christo
649 1782 1066 1866 corporaliter
1112 1801 1125 1844 :
1178 1782 1278 1844 cui
1334 1789 1396 1842 et
1441 1779 1860 1861 spiritualiter

1968 891 2279 955 interiori.
2320 892 2519 964 Quem
2568 892 2741 954 enim
2789 891 3222 973 corporaliter,
3272 892 3463 955 etiam

1969 991 2387 1075 spiritualiter
2437 991 2797 1056 illustravit.
2834 993 3027 1054 Fides
3074 1001 3187 1052 tua
3236 1001 3292 1052 te
3336 995 3467 1053 sal-

1971 1113 2126 1153 vum
2172 1093 2352 1168 fecit,
2402 1109 2515 1173 per
2564 1091 2823 1154 modum
2874 1109 3080 1153 causae
3127 1091 3469 1154 meritoriae

1967 1198 2030 1254 et
2060 1191 2466 1272 dispositiva
2488 1209 2613 1252 non
2647 1188 3087 1272 principaliter
3114 1187 3463 1254 effectivae:

1969 1289 2088 1352 hoc
2135 1297 2251 1364 est,
2284 1289 2513 1352 merito
2560 1287 2713 1350 fidei
2761 1296 2887 1352 tuoe
2934 1287 3467 1352 illuminationem

1970 1389 2132 1450 hanc
2174 1387 2547 1470 procurasti.
2583 1386 2778 1449 Tanta
2824 1405 2973 1468 crgo
3018 1395 3115 1450 est
3147 1385 3301 1449 fidei
3344 1388 3470 1451 vir-

1969 1495 2095 1561 tus,
2149 1493 2221 1548 ut
2270 1504 2385 1569 per
2431 1505 2569 1549 eam
2616 1485 2978 1550 obtineatur
3024 1485 3197 1548 salus
3247 1504 3469 1569 corpo-

1971 1586 2144 1656 ralis,
2183 1592 2251 1646 ut
2281 1584 2420 1664 hic3
2450 1584 2619 1646 salus
2660 1584 3035 1666 spiritualiS,
3070 1592 3141 1647 ut
3178 1585 3243 1646 in
3276 1584 3465 1648 Maria

1968 1684 2349 1766 magdalena,
2378 1683 2480 1746 cui
2512 1691 2575 1745 et
2604 1682 2739 1745 haec
2769 1683 2963 1747 verba
2990 1683 3158 1746 dicta
3186 1691 3370 1763 sunt3
3402 1691 3467 1746 et
3492 1703 3759 1754 aarum).

1969 1783 2140 1847 salus
2172 1783 2509 1856 aeternaliS‚
2544 1784 2897 1845 secundum
2926 1782 3085 1844 illud
3112 1783 3322 1857 Marci,
3345 1783 3461 1856 Qui
3513 1805 3757 1852 umam.

347 1882 813 1966 propinquavit
843 1900 957 1964 per
987 1879 1142 1943 fidei
1173 1899 1246 1943 ac
1275 1878 1632 1943 devotionis
1661 1885 1724 1940 et
1753 1877 1860 1941 bo·
1895 1879 1943 1942 B
1971 1881 2314 1946 crediderit
2342 1888 2406 1943 et
2434 1880 2788 1962 baptizatus
2821 1879 3037 1954 fuerit,
3072 1881 3285 1944 salvus
3318 1881 3458 1943 erit.
3496 1871 3561 1912 ¹⁶·

343 2002 452 2045 nae
499 1981 862 2044 affectionis
913 1987 1326 2061 augmentum
1365 1999 1380 2056 3
1431 1978 1859 2054 interroyavic

137 2083 199 2138 n
345 2083 551 2141 illum
576 2080 757 2142 Jesus
787 2077 1006 2142 omnia
1033 2077 1264 2154 scienS,
1289 2078 1510 2137 dicens
1531 2097 1554 2135 .·
1577 2077 1753 2144 Quid
1783 2077 1862 2136 ti-

343 2183 416 2241 ba·
447 2182 548 2241 vis
574 2181 868 2258 faciam?
887 2177 1153 2259 Propter
1183 2174 1386 2239 varias
1427 2193 1646 2238 causas
1694 2193 1858 2236 unus

341 2279 700 2360 interrogat
736 2277 958 2339 alium.
1001 2275 1234 2349 Primo,
1271 2282 1340 2336 ut
1377 2272 1621 2355 aliquid
1662 2273 1861 2335 discat

339 2384 460 2440 aut
497 2376 676 2438 sciat.
711 2373 816 2436 Sic
855 2372 1214 2455 discipulus
1253 2370 1626 2452 magistrum
1670 2370 1863 2432 inter-

341 2483 564 2556 rogat3
595 2473 898 2554 magister
944 2487 1206 2553 quoque
1253 2468 1665 2550 discipulum,
1708 2469 1862 2550 quia

337 2573 468 2636 etsi
501 2573 662 2635 sciat
689 2572 858 2653 quod
889 2569 1134 2651 quaerit,
1159 2567 1422 2631 forsitan
1453 2573 1664 2628 tamen
1697 2566 1861 2647 igno-

341 2681 448 2735 rat
495 2691 576 2733 an
619 2669 978 2752 discipulus
1021 2668 1182 2730 illud
1224 2666 1401 2729 sciat.
1444 2665 1755 2739 Secundo,
1793 2672 1862 2727 ut

343 2772 650 2834 instruat.
704 2769 934 2842 Tertio,
993 2775 1062 2829 ut
1115 2765 1378 2828 alterius
1439 2765 1860 2846 ignorantiam

343 2873 768 2934 demonstret.
812 2866 1064 2941 Quarto,
1109 2874 1180 2928 ut
1229 2865 1483 2946 culpam
1533 2864 1675 2944 ejus
1723 2872 1861 2927 tan-

73 2980 310 3032 cmmm.
339 2977 458 3052 gat
499 2975 564 3032 et
605 2968 917 3049 increpet,
951 2965 1117 3028 sicut
1163 2964 1328 3026 Deus
1377 2963 1538 3026 dixit
1576 2981 1590 3025 τ
1633 2963 1854 3038 Adam,

2062 1984 2150 2042 Et
2199 1981 2534 2059 confestim
2584 1981 2775 2040 vidit.
2826 1979 2892 2041 ln
2944 1998 3073 2060 quo
3130 1987 3301 2062 patet
3354 1999 3465 2062 po-
3598 1991 3671 2048 43

1969 2087 2161 2142 testas
2218 2086 2281 2141 et
2337 2076 2811 2159 magnificentia
2866 2077 3228 2151 SalvatoriS,
3282 2079 3467 2160 cujus

1971 2177 2323 2257 jussionem
2364 2196 2509 2240 mox
2550 2176 2935 2257 sequebatur
2969 2177 3470 2259 supernaturalis

1971 2276 2265 2349 effectuS,
2304 2283 2603 2358 tanquam
2637 2275 3013 2357 potestative
3046 2276 3355 2339 miracula
3382 2275 3473 2339 fa-

1971 2375 2249 2439 cientis:
2286 2374 2387 2437 cui
2438 2374 2793 2436 secundum
2841 2376 3012 2456 quod
3061 2373 3225 2437 Deus
3274 2382 3369 2437 est
3412 2382 3475 2437 et

1971 2473 2247 2536 infinitae
2296 2471 2613 2555 potentiae,
2668 2473 2973 2555 competit
3024 2491 3209 2554 agere
3259 2473 3324 2536 in
3380 2473 3475 2535 in-

1971 2572 2162 2635 stanti
2193 2572 2450 2654 quando
2478 2571 2785 2650 voluerit3
2820 2571 3041 2653 sicque
3072 2572 3238 2634 inter
3270 2571 3471 2654 ipsius

1971 2671 2213 2733 dictum
2274 2676 2337 2732 et
2382 2669 2621 2731 factum
2676 2688 2803 2732 non
2862 2669 3105 2732 exstitit
3161 2671 3466 2745 medium,

1970 2770 2325 2832 secundum
2364 2767 2695 2830 Hilarium.
2730 2771 2817 2830 Εἰ
2843 2771 3224 2848 sequebatur
3250 2772 3470 2841 illum,

1970 2867 2216 2930 scilicet
2260 2867 2471 2929 Jesum
2521 2885 2706 2928 suum
2760 2865 3278 2943 illuminatorem,
3332 2887 3471 2931 cor-

1972 2983 2124 3048 pore
2174 2983 2325 3028 sano
2364 2972 2428 3026 et
2465 2965 2653 3028 corde
2691 2965 2917 3028 devoto
2956 2973 3147 3046 atque
3188 2967 3470 3047 gratissi-

344 3069 464 3132 ubi
523 3070 638 3130 esi
683 3065 936 3139 Quinto,
992 3071 1062 3126 ut
1110 3062 1476 3142 interrogati
1527 3061 1857 3125 scientiam
1895 3061 1939 3125 C
1970 3085 2096 3139 mo,
2149 3066 2582 3142 maqnificans
2627 3065 2859 3135 Deum,
2904 3064 2967 3126 id
3018 3072 3133 3138 est,
3180 3065 3469 3147 omnipo-

339 3169 426 3230 ad
475 3166 750 3229 aliorum
803 3162 1140 3226 utilitatem
1191 3161 1602 3223 demonstret.
1646 3159 1854 3236 Sext0,

339 3273 614 3348 propter
641 3263 972 3345 mysticam
1015 3260 1324 3323 rationem
1360 3277 1374 3322 :
1409 3266 1473 3321 et
1511 3259 1632 3322 hoc
1671 3260 1858 3323 modo

331 3365 524 3427 Jesus
567 3360 982 3441 interrogavit
1011 3361 1182 3422 hunc
1221 3376 1482 3433 caecum,
1515 3359 1688 3440 quod
1729 3377 1853 3421 non

335 3462 558 3526 solum
597 3461 738 3542 ipse
779 3458 1066 3522 Christus
1109 3464 1172 3518 et
1213 3475 1438 3530 caecuS‚
1475 3457 1584 3518 sed
1624 3464 1686 3518 et
1725 3475 1858 3518 om-

335 3579 460 3624 nes
491 3559 605 3641 qui
638 3559 916 3632 aderant,
943 3561 1398 3636 cognoverunt.
1423 3554 1638 3636 Itaque
1669 3555 1854 3616 inter-

335 3657 592 3740 rogavit
638 3663 708 3718 ut
753 3673 831 3718 ex
877 3653 1026 3718 caeci
1073 3652 1486 3735 responsione
1522 3652 1857 3734 gloriosior

332 3763 686 3840 appareret
733 3771 850 3816 sua
898 3751 1162 3827 curatio,
1205 3759 1278 3813 ut
1327 3750 1520 3813 verba
1569 3753 1858 3833 pandunt

335 3853 718 3937 sequentia:
760 3859 954 3934 atque
991 3852 1070 3913 ad
1115 3850 1578 3914 ostendendum
1618 3859 1856 3931 quanta

335 3956 429 4018 sit
476 3953 576 4016 vis
629 3952 752 4035 pise
792 3949 1096 4014 orationis
1143 3968 1216 4010 ac
1264 3948 1448 4012 bonae
1493 3947 1853 4012 affectionis

337 4051 676 4116 multoties
729 4048 1054 4130 repetitae3
1107 4066 1352 4121 rursuS,
1407 4046 1487 4108 ad
1535 4047 1858 4110 instruen-

333 4152 500 4214 dum
540 4149 716 4230 quod
754 4148 834 4209 ad
874 4146 1140 4208 salutem
1191 4144 1546 4207 necessaria
1589 4145 1690 4218 sit,
1727 4165 1850 4209 non

1968 3163 2230 3226 tentiam
2275 3169 2467 3243 atque
2516 3161 2919 3224 clementiam
2959 3161 3067 3224 Dei
3112 3163 3178 3225 in
3221 3182 3289 3226 se
3329 3164 3467 3246 ipso

1966 3260 2380 3325 materialiter
2419 3267 2879 3343 repraesentans
2930 3260 2993 3322 in
3046 3281 3159 3324 sua
3198 3263 3469 3326 curatio-

1969 3379 2071 3434 ne,
2104 3367 2170 3422 et
2210 3361 2397 3422 eorde
2445 3378 2520 3421 ac
2557 3377 2667 3423 ore
2705 3359 3207 3439 magnitudinem
3247 3360 3356 3424 Dei
3398 3361 3463 3425 in

1966 3460 2142 3523 omni
2197 3457 2586 3540 perfectione
2634 3464 2695 3519 et
2740 3457 2941 3539 gloria
2988 3458 3276 3521 hilariter
3326 3480 3468 3542 pro—

1966 3557 2181 3632 fimus,
2216 3557 2373 3620 alios
2412 3575 2671 3638 quoque
2708 3558 2785 3620 ad
2826 3557 2994 3619 idem
3033 3557 3463 3628 inflammans.

1967 3657 2321 3720 secundum
2365 3656 2537 3736 quod
2580 3653 2897 3718 subditur.

2066 3758 2154 3816 Εἰ
2201 3755 2411 3814 omnis
2451 3755 2632 3830 plebs
2683 3771 2828 3834 quae
2884 3754 3119 3824 aderat,
3176 3764 3247 3815 uc
3297 3756 3465 3815 vidit

1967 3852 2347 3916 miraculum
2400 3852 2568 3914 istud
2613 3870 2627 3914 τ
2672 3852 2736 3914 in
2787 3870 2917 3932 quo
2966 3852 3191 3915 modus
3237 3852 3463 3934 agendi

1966 3951 2323 4014 mirabilior
2353 3950 2479 4013 fuit
2504 3969 2695 4032 quam
2730 3950 3082 4032 opus,quia
3108 3959 3237 4014 tam
3269 3952 3463 4034 impe·

1967 4050 2207 4112 rialiter
2253 4049 2407 4111 fecit
2454 4047 2573 4112 hoc
2615 4048 2937 4120 Christus:
2970 4050 3152 4110 dedit
3200 4053 3461 4111 laudem

1962 4151 2146 4211 Deo:
2176 4149 2252 4210 ad
2297 4148 2469 4228 quod
2517 4146 2871 4209 tenebatur.
2907 4147 3035 4212 Hoc
3084 4148 3258 4211 enim
3294 4148 3459 4211 Deus

331 4247 554 4312 solum
585 4245 798 4309 cordis
830 4245 1117 4319 creditio‚
1151 4245 1262 4307 sed
1302 4243 1491 4306 etiam
1532 4242 1850 4306 interdum
1882 4249 1934 4314 D
1961 4267 1998 4309 a
2047 4246 2230 4310 nobis
2280 4245 2573 4327 requirit,
2614 4254 2678 4308 et
2724 4245 2967 4326 justum
3017 4254 3131 4320 est,
3168 4253 3237 4309 ut
3283 4247 3341 4309 ei
3392 4247 3457 4310 in

333 4347 474 4411 oris
518 4343 860 4408 confessio.

411 4447 502 4506 At
533 4445 652 4504 ille
679 4444 858 4502 dimit
879 4461 902 4501 .·
923 4441 1218 4508 Domine,
1242 4449 1311 4500 ut
1343 4440 1596 4501 videam
1630 4458 1854 4522 corpo-

339 4543 592 4617 raliter,
628 4541 759 4603 imo
789 4547 851 4601 et
881 4539 1322 4622 spiritualiter.
1348 4537 1582 4600 Sensus
1614 4539 1850 4601 etenim

340 4642 527 4705 visus
596 4657 730 4722 prae
786 4636 1013 4700 ceteris
1072 4636 1494 4700 exterioribus
1557 4636 1852 4700 sensibus

343 4739 592 4812 utilior,
627 4735 972 4819 appetitior
1017 4735 1490 4816 jucundiorque
1539 4735 1848 4811 consistit,

339 4837 502 4920 quia
553 4833 622 4897 in
673 4832 970 4917 pluribus
1020 4832 1298 4895 deservit
1343 4851 1416 4894 ac
1458 4832 1852 4895 necessarius

340 4943 442 4997 est
491 4931 892 5005 hominibus,
943 4938 1008 4993 et
1061 4930 1348 5012 plurium
1407 4948 1618 4992 rerum
1669 4930 1856 4993 diffe-

340 5032 585 5097 rentias
618 5030 806 5094 nobis
845 5029 1142 5092 ostendit.
1177 5027 1354 5091 Unde
1384 5028 1610 5092 Tobias
1642 5029 1804 5092 dixit
1835 5049 1848 5092 :

77 5139 310 5194 raama.
339 5131 540 5205 Quale
581 5128 742 5191 mihi
781 5127 1087 5209 gaudium
1129 5134 1244 5202 est,
1279 5127 1390 5208 qui
1433 5127 1538 5189 hic
1579 5126 1642 5188 in
1681 5135 1855 5189 tene-

339 5229 478 5292 bris
529 5228 744 5300 sedeo‚
779 5233 842 5288 et
889 5225 1106 5286 lumen
1153 5224 1298 5288 coeli
1349 5244 1474 5288 non
1519 5225 1748 5288 video?
1779 5225 1856 5287 Et

67 5343 314 5402 εωιωμ-ι.
343 5327 414 5390 in
445 5323 830 5388 Ecclesiaste
857 5323 1169 5404 scriptum
1209 5329 1306 5384 est
1338 5340 1352 5384 ε
1387 5321 1579 5385 Dulce
1611 5322 1850 5399 lumen,

1961 4345 2262 4409 omnibus
2310 4343 2657 4408 offeramus
2702 4343 2967 4425 gloriam
3020 4353 3082 4407 et
3128 4344 3456 4422 honorem,

1963 4452 2265 4525 tanquam
2316 4442 2603 4506 omnium
2654 4443 3208 4524 principalissimae
3256 4465 3461 4508 causae

1963 4540 2418 4624 independenti
2449 4547 2512 4602 et
2542 4540 2719 4604 nullo
2748 4541 2973 4622 egenti.
2999 4540 3259 4624 Propter
3288 4545 3457 4625 quod

1964 4658 2078 4724 per
2125 4639 2349 4702 lsaiam
2398 4646 2663 4701 testatur
2715 4657 2729 4701 ε
2782 4638 2908 4720 Ego
2960 4640 3286 4715 DominuS‚
3339 4641 3460 4704 hoc
3510 4667 3739 4718 taxans.

1961 4745 2060 4802 est
2109 4755 2339 4800 nomen
2394 4755 2655 4816 meum;
2704 4736 2972 4818 gloriam
3021 4757 3229 4800 meam
3278 4739 3457 4804 alteri

1963 4855 2090 4900 non
2142 4835 2326 4911 dabo,
2359 4844 2421 4898 et
2468 4835 2719 4898 laudem
2770 4855 2977 4898 meam
3025 4837 3455 4919 sculptilibus.

1963 4932 2294 4995 Psalmista
2321 4950 2580 5013 quoque
2618 4932 2752 4995 zelo
2781 4932 2983 4996 divini
3023 4932 3283 4996 honoris
3322 4954 3463 4998 suc-

1964 5049 2193 5093 census
2226 5036 2519 5112 precatur
2554 5047 2567 5092 :
2602 5029 2735 5093 Non
2774 5030 2979 5104 nobiS,
3014 5031 3298 5107 Domine,
3332 5053 3458 5096 non
3491 5059 3752 5110 p„02.‚.‚1‚

1964 5128 2173 5202 nobiS‚
2227 5128 2335 5188 sed
2396 5126 2639 5189 nomini
2699 5135 2809 5190 tuo
2858 5129 2935 5188 da
2981 5128 3271 5208 gloriam.
3324 5119 3733 5193 N011“⁶·*¹⁰¹’‘·

1964 5225 2159 5306 igitur
2200 5225 2383 5288 nobis
2424 5225 2662 5306 injuste
2697 5233 2807 5287 aut
2845 5226 3189 5288 vanissime
3228 5227 3459 5291 horum

1963 5323 2207 5406 aliquid
2258 5341 2642 5406 usurpemus
2691 5341 2835 5405 quae
2884 5324 3000 5387 soli
3050 5323 3175 5390 Deo
3223 5326 3461 5389 deben-
