4300 6259
1258 496 1609 545 munti-1⁸10
1652 497 1717 543 m
1758 498 1895 545 car.
1944 499 1966 543 1
2004 498 2282 545 JOANNIS.
2326 518 2407 529 —
2449 500 2592 547 Aur.
2639 500 2700 545 iv
3409 481 3532 547 283

410 686 565 729 mus
616 667 819 731 Deum
870 687 1009 731 esse
1059 670 1300 753 ubique
1345 690 1459 754 per
1500 672 1925 754 praesentiam,
1957 668 2008 729 A
2120 672 2202 730 In
2225 673 2500 749 propria
2529 673 2728 741 venit,
2761 672 2880 735 hoc
2909 679 3024 748 est,
3051 673 3114 735 in
3147 674 3319 736 hunc
3347 694 3534 736 mun·
3669 683 3731 739 Η

100 776 261 820 Hebr-
292 794 369 831 w.
414 766 510 828 ita
538 768 716 848 quod
746 769 962 832 omnia
992 778 1141 833 sunt
1171 780 1389 853 aperta
1417 779 1479 834 et
1520 772 1689 833 nuda
1724 772 1926 835 oculis

58 841 127 879 '³'
408 866 584 947 ejus.
635 867 887 930 Tertius
937 867 1061 931 fuit
1109 888 1287 933 error
1334 871 1707 946 dicentium,
1754 873 1925 953 quod

406 964 585 1028 Deus
616 966 984 1030 immediate
1015 989 1140 1032 non
1173 970 1456 1032 condidit
1486 970 1608 1033 nisi
1650 970 1924 1052 primam

406 1065 934 1148 intelligentiam,
987 1078 1051 1131 et
1110 1069 1217 1131 illa
1268 1070 1506 1133 creavit
1553 1072 1918 1146 secundam,

404 1168 701 1229 secunda
766 1187 1025 1250 quoque
1090 1169 1370 1231 tertiam.
1432 1169 1626 1249 Cujus
1690 1170 1922 1232 erroris

402 1265 617 1345 origo,
662 1268 1017 1329 secundum
1064 1266 1392 1343 Thomam‚
1435 1267 1560 1330 fuit
1597 1277 1817 1332 auctor
1855 1269 1926 1330 li-

402 1363 515 1427 bri
558 1366 638 1426 de
670 1364 911 1427 Causis.
946 1364 1141 1437 Quem
1183 1384 1463 1430 errorem
1504 1368 1827 1431 Avicenna
1863 1376 1925 1429 et

402 1463 669 1544 Algazel
702 1471 853 1525 sunt
882 1464 1107 1527 secuti.
1137 1465 1366 1528 Contra
1396 1466 1548 1529 istos
1579 1467 1923 1529 asserimus

406 1561 623 1624 Deum
674 1581 813 1625 esse
858 1563 1101 1645 ubique
1147 1581 1262 1646 per
1304 1565 1670 1628 essentiam.
1704 1602 1784 1611 —
1815 1564 1923 1627 Se-

408 1662 633 1724 cundo
682 1662 1027 1744 exponitur
1065 1663 1157 1725 sic
1202 1681 1215 1726 ε
1260 1663 1327 1725 In
1372 1666 1613 1727 mundo
1662 1672 1816 1738 erat,
1860 1664 1925 1727 id

408 1766 537 1831 est,
574 1758 687 1821 lux
727 1760 847 1822 ista
884 1778 998 1822 seu
1039 1760 1327 1823 Christus
1367 1769 1511 1844 post
1549 1762 1926 1825 incarnatio-

70 1868 367 1921 Baracum
412 1876 569 1919 nem
605 1858 672 1919 in
705 1860 891 1921 terris
922 1866 1019 1921 est
1049 1860 1249 1935 visuS,
1282 1868 1345 1922 et
1376 1880 1521 1923 cum
1554 1861 1922 1924 hominibus

54 1934 125 1975 ³⁸·
409 1963 858 2031 conversatuS,
914 1956 1000 2018 ita
1046 1957 1219 2038 quod
1280 1957 1461 2019 illum
1514 1976 1707 2039 quem
1755 1964 1923 2021 totus

404 2072 545 2117 non
599 2054 771 2135 capit
818 2054 993 2117 orbis
1042 2056 1395 2118 secundum
1450 2076 1629 2118 suam
1689 2057 1923 2120 divini-

400 2160 635 2227 tatem,
691 2172 885 2235 parva
934 2173 1081 2236 pars
1129 2162 1315 2217 terrae
1366 2155 1535 2236 cepit
1588 2163 1651 2217 et
1698 2156 1925 2218 clausit

400 2252 774 2313 secundum
818 2252 1281 2316 humanitatem
1324 2261 1741 2335 assumptam.

508 2351 591 2409 Mc
640 2353 950 2421 mundus,
992 2350 1287 2415 videlicet
1336 2353 1571 2416 coelum
1620 2361 1684 2415 et
1729 2360 1917 2427 terra,

394 2454 471 2509 et
525 2448 849 2530 quidquid
900 2450 1043 2513 coeli
1093 2452 1339 2514 ambitu
1390 2452 1773 2525 continetur,
1803 2472 1923 2531 per

394 2549 633 2625 ipsum
680 2547 959 2610 Verbum
1010 2552 1227 2627 factus
1267 2559 1385 2619 est,
1428 2568 1503 2613 eo
1551 2568 1741 2612 sensu
1792 2570 1921 2632 quo

386 2645 539 2725 jam
588 2646 832 2709 dictum
880 2655 1072 2729 atque
1112 2648 1473 2730 expositum
1515 2656 1611 2711 est
1646 2668 1658 2712 :
1698 2648 1921 2711 Omnia

394 2762 529 2827 per
580 2745 793 2827 ipsum
846 2746 1008 2808 facta
1053 2755 1223 2809 sunt.
1270 2746 1345 2809 Et
1386 2748 1689 2830 quoniam
1737 2767 1923 2809 mun-

388 2844 529 2905 dus
562 2860 675 2904 seu
714 2844 926 2906 omnis
969 2853 1255 2906 creatura
1293 2864 1406 2927 per
1436 2846 1713 2907 Verbum
1755 2845 1920 2907 facta

386 2948 525 3013 est,
563 2941 705 3003 ideo
744 2942 822 3002 ad
863 2942 1051 3003 Verbi
1094 2942 1521 3023 cognitionem
1564 2944 1915 3006 naturalem

2038 768 2190 829 dum
2236 768 2605 832 inferiorem
2643 789 2680 831 a
2723 789 2790 833 se
2835 780 3140 853 creatum,
3177 774 3273 835 vel
3321 773 3385 835 in
3425 773 3533 836 Ju-

2037 867 2234 929 daeam
2287 876 2348 929 et
2398 868 2708 950 populum
2751 869 3167 933 israeliticum
3213 872 3334 933 sibi
3376 872 3530 935 olim

2039 966 2450 1046 peculiarem,
2494 987 2606 1050 per
2647 968 3144 1032 incarnationem
3183 971 3527 1044 descendit,

2038 1067 2573 1145 quemadmodum
2602 1068 2792 1129 Isaias
2821 1068 3038 1141 oravit,
3065 1069 3332 1131 dicendo
3366 1088 3379 1132 :
3413 1069 3533 1131 Uti·
3560 1084 3624 1127 ιε.
3651 1098 3761 1135 mv.
3783 1087 3824 1127 ι.

2038 1182 2184 1225 nam
2226 1164 2623 1246 dirumperes
2665 1167 2878 1241 θωίοε,
2913 1175 2975 1229 et
3013 1168 3448 1231 descenderes.
3482 1169 3532 1229 A
3559 1183 3824 1235 amun.

2036 1282 2288 1325 summo
2319 1265 2553 1326 etenim
2587 1266 2748 1329 coelo
2778 1267 3056 1347 egressio
3091 1267 3253 1347 ejus.
3287 1271 3374 1328 Et
3401 1272 3531 1337 sui,

2036 1360 2156 1423 hoc
2205 1368 2300 1423 est
2345 1363 2538 1426 Judaei
2591 1366 2668 1427 ad
2719 1365 2960 1427 cultum
3016 1364 3122 1426 Dei
3174 1366 3536 1448 specialiter

2036 1460 2342 1541 deputati,
2406 1463 2482 1523 de
2536 1482 2809 1544 quorum
2880 1464 3124 1527 semine
3191 1473 3375 1527 natus
3440 1473 3536 1528 est

2037 1558 2344 1631 ChristuS‚
2379 1582 2524 1621 eum
2565 1582 2694 1625 non
2735 1574 3106 1641 receperunt
3151 1583 3266 1647 per
3307 1565 3528 1629 fidem.

2035 1656 2406 1720 Paucissimi
2439 1661 2608 1722 enim
2638 1660 2996 1725 Judaeorum
3029 1662 3436 1726 crediderunt
3467 1665 3530 1727 in

2035 1754 2372 1829 Christum,
2395 1760 2862 1840 comparatione
2895 1760 3383 1825 incredulorum.
3407 1763 3532 1826 Hoc

1962 1855 2206 1935 Bapud
2245 1854 2463 1917 isaiam
2503 1858 2900 1938 apertissime
2941 1860 3268 1923 invenitur
3308 1861 3532 1944 praedi-

2035 1961 2231 2025 ctum,
2275 1952 2574 2035 loquente
2622 1955 2867 2019 Christo
2915 1958 2993 2019 ad
3039 1958 3280 2021 Patrem
3327 1977 3341 2022 ε
3388 1959 3530 2022 Haec
3557 1976 3819 2027 1s.mx.5.

2035 2051 2191 2113 dicit
2231 2050 2536 2114 Dominus
2579 2052 2862 2116 formans
2910 2074 3010 2117 me
3053 2075 3130 2119 ex
3176 2066 3354 2121 utero
3398 2077 3530 2121 ser-

2034 2168 2184 2213 vum
2238 2149 2385 2226 sibi,
2435 2160 2504 2214 ut
2551 2153 2845 2215 reducam
2890 2153 3078 2217 Jacob
3124 2156 3202 2216 ad
3249 2174 3418 2229 eum,
3466 2163 3529 2218 et

2032 2248 2221 2311 Israel
2277 2269 2402 2312 non
2457 2252 2963 2332 congregabitur.
3014 2253 3174 2316 Hinc
3223 2253 3524 2317 Dominus

2031 2348 2117 2409 ait
2159 2367 2272 2430 per
2308 2349 2644 2412 Jeremiam
2680 2369 2693 2412 :
2730 2351 3246 2415 Praevaricatione
3291 2372 3527 2435 praeva-
3579 2370 3816 2423 Jer.v‚¹1,

2032 2447 2229 2509 ricata
2286 2456 2381 2511 est
2439 2446 2504 2511 in
2565 2468 2668 2511 me
2714 2452 2939 2514 domus
2985 2453 3142 2515 Juda
3187 2461 3250 2515 et
3299 2455 3523 2517 domus
3558 2436 3622 2477 ¹²·

2029 2546 2218 2609 Israel
2247 2568 2262 2627 ;
2297 2556 2688 2629 negaverunt
2718 2549 3075 2625 Dominum,
3110 2558 3173 2613 et
3201 2552 3520 2625 dixerunt,

2030 2644 2164 2708 Non
2198 2654 2293 2708 est
2325 2645 2480 2728 ipse.
2511 2646 2707 2709 Judaei
2746 2648 2939 2727 igitur
2977 2649 3079 2711 isti
3120 2650 3524 2732 appellantur

2031 2745 2310 2825 populus
2355 2744 2608 2818 Christi,
2655 2764 2779 2809 non
2829 2746 3068 2809 ratione
3113 2750 3520 2830 praedestina·

2032 2841 2243 2915 tioniS,
2280 2844 2388 2903 sed
2429 2844 2788 2919 creationiS,
2823 2852 2884 2905 et
2914 2848 3279 2928 temporalis
3309 2848 3524 2910 electi-

2028 2941 2170 3003 onis
2216 2949 2406 3021 atque
2456 2942 2826 3005 vocationis.
2871 2943 2955 3005 De
2994 2944 3232 3026 quibus
3272 2946 3360 3008 ait
3408 2965 3523 3028 per

388 3040 676 3114 inducit,
714 3039 1014 3102 videlicet
1055 3041 1131 3103 ad
1177 3043 1686 3122 cognoscendum
1726 3063 1914 3105 suum
1954 3038 1997 3103 C
2028 3038 2248 3101 lsaiam
2304 3058 2316 3101 :
2371 3040 2561 3103 Filios
2609 3041 2884 3103 enutrivi
2946 3050 3008 3105 et
3053 3044 3345 3120 exaltavi,
3396 3045 3518 3127 ipsi
3590 3060 3654 3103 ιε.
3687 3063 3777 3113 με.

385 3139 793 3213 Creatorem,
867 3148 1182 3221 quantum
1250 3142 1327 3203 ad
1404 3150 1715 3215 naturam,
1787 3162 1912 3205 non

382 3247 720 3321 quantum
770 3240 849 3301 ad
901 3256 1238 3320 personam
1300 3241 1649 3302 secundum
1698 3242 1915 3304 relati-

384 3356 553 3401 vam
600 3337 1079 3420 proprietatem.
1129 3336 1413 3401 Effectus
1456 3339 1627 3401 enim
1680 3358 1913 3423 reprae-

380 3442 616 3499 sentat
656 3455 839 3498 suam
882 3455 1161 3499 causam.

486 3538 575 3598 E'c
618 3539 905 3597 mundus
946 3556 1095 3597 eum
1140 3556 1272 3597 non
1314 3538 1631 3613 coynovit.
1672 3536 1741 3598 ln
1792 3537 1912 3600 hoc

374 3642 623 3699 sancto
660 3634 919 3698 Joannis
956 3635 1306 3715 evangelio,
1341 3635 1613 3697 mundus
1645 3635 1911 3698 diversis

378 3734 613 3799 modis
642 3734 959 3816 accipitur
993 3752 1007 3795 :
1042 3734 1429 3815 quandoque
1471 3752 1585 3816 pro
1621 3739 1751 3797 tota
1781 3753 1913 3797 cre-

378 3842 627 3913 atura;
674 3833 1063 3914 quandoque
1105 3832 1552 3895 indifferenter
1582 3852 1697 3915 pro
1728 3833 1911 3897 bonis

381 3952 473 3997 ac
508 3931 694 3993 malis
728 3931 1097 3994 hominibus
1131 3931 1195 3992 in
1228 3934 1467 3995 mundo
1498 3932 1907 4013 degentibus;

386 4029 731 4094 interdum
774 4028 1137 4110 specialiter
1178 4047 1294 4110 pro
1333 4028 1573 4103 electiS‚
1608 4036 1677 4091 ut
1706 4049 1908 4111 quum

80 4152 346 4201 amm...
388 4127 667 4201 dicitur,
700 4125 803 4188 Sic
834 4126 997 4187 Deus
1038 4125 1259 4187 dilexit
1300 4127 1633 4200 mundum,
1669 4135 1738 4189 ut
1765 4128 1911 4190 Uni-

2024 3144 2237 3199 autem
2286 3147 2666 3220 spreverunt
2709 3158 2831 3202 me.
2874 3140 3077 3204 Potest
3120 3161 3378 3225 quoque
3415 3162 3522 3225 ge-

2026 3236 2325 3298 neraliter
2373 3238 2450 3298 de
2495 3237 2812 3300 universis
2855 3239 3228 3303 infidelibus
3275 3250 3338 3303 et
3379 3261 3522 3325 per-

2027 3334 2226 3397 versis
2265 3336 2495 3417 exponi
2541 3354 2554 3399 :
2598 3336 2708 3417 qui
2757 3337 3056 3399 dicuntur
3093 3338 3215 3413 sui,
3248 3340 3401 3421 quia
3439 3341 3519 3403 ab

2026 3432 2166 3516 ipso
2207 3434 2441 3515 creati3
2484 3442 2547 3497 et
2585 3455 2710 3498 non
2751 3445 3128 3519 receperunt
3165 3456 3334 3507 eum,
3368 3439 3520 3521 quia

2026 3552 2149 3595 non
2196 3534 2483 3596 omnium
2524 3543 2620 3596 est
2669 3533 2850 3609 sides,
2893 3542 2956 3596 et
3001 3536 3177 3599 novit
3215 3537 3518 3600 Dominus
3549 3558 3806 3611 numm,

2024 3631 2135 3712 qui
2181 3639 2329 3693 sunt
2371 3632 2510 3711 ejus
2555 3651 2668 3714 per
2715 3633 3352 3714 praedestinationem.
3547 3624 3610 3727 ἦ,
3637 3684 3808 3735 rma.

2103 3730 2357 3796 Verum.
2411 3738 2480 3793 ut
2525 3731 2724 3794 Lucas
2771 3732 2858 3794 ait
2907 3734 2972 3794 in
3021 3733 3331 3798 Actibus:
3376 3736 3612 3799 Cre-1⁹.

2021 3829 2319 3891 diderunt
2376 3838 2689 3911 quotquot
2744 3832 3146 3913 praeordinati
3203 3842 3384 3897 erant
3437 3836 3515 3897 ad
3545 3812 3805 3862 A⁶⁸‘¹¹'¹'⁴⁸'

2022 3928 2213 3990 vitam
2255 3936 2576 3991 aeternam.
2621 3929 2704 3991 De
2740 3929 2977 4010 quibus
3006 3932 3134 4012 jam
3169 3932 3463 3995 subditur
3497 3952 3510 3997 :

2022 4028 2336 4105 Quotquot
2359 4037 2574 4087 autem
2597 4039 2972 4106 receperunt
2997 4051 3144 4091 eum
3176 4050 3288 4113 per
3317 4032 3513 4095 fidem
3654 4045 3721 4101 12

2018 4121 2373 4185 formatam.
2410 4124 2857 4188 Universaliter
2892 4128 3195 4209 loquitur,
3223 4131 3511 4209 dicendo,

58 4218 123 4259 ¹⁶·
382 4225 693 4309 genitum
744 4243 935 4286 suum
993 4224 1211 4303 daret:
1264 4224 1585 4286 interdum
1645 4243 1761 4306 pro
1813 4246 1907 4288 re-
1940 4226 1987 4287 D
2018 4220 2355 4303 Quotquot,
2405 4223 2707 4304 quoniam
2761 4244 2886 4287 non
2946 4234 3039 4289 est
3089 4248 3512 4311 ,personarum
3543 4252 3806 4303 mamas.

54 4348 343 4399 maana.
388 4322 651 4409 probiS,
704 4322 870 4385 sicut
916 4322 1007 4383 ait
1053 4321 1359 4401 Salvator,
1404 4322 1497 4385 Me
1545 4323 1677 4385 odit
1726 4344 1907 4387 mun-

384 4426 549 4487 dus.
610 4422 791 4484 Nunc
854 4439 1003 4502 ergo
1069 4422 1384 4504 accipitur
1446 4423 1725 4484 mundus
1791 4443 1907 4505 pro

382 4521 725 4607 perversis
773 4538 847 4582 ac
894 4520 1078 4583 caecis
1122 4519 1513 4593 hominibuS,
1568 4520 1679 4602 qui
1730 4520 1907 4583 Chri-

382 4631 573 4685 stum
626 4638 751 4683 non
803 4626 1238 4699 cognoverunt
1282 4638 1397 4701 per
1434 4619 1632 4681 fidem
1673 4618 1907 4682 forma-

378 4730 555 4785 tam.
600 4717 674 4780 Et
720 4718 871 4780 licet
918 4717 1121 4799 aliqui
1173 4718 1327 4779 tales
1371 4724 1715 4798 agnoscant
1756 4736 1899 4780 eum

74 4844 161 4887 rie.
186 4857 217 4895 ι,
244 4846 319 4886 tc..
381 4838 519 4904 per
558 4816 757 4880 fidem
797 4810 1161 4889 informem,
1198 4815 1381 4878 factis
1422 4824 1632 4879 tamen
1673 4825 1905 4897 negant

378 4917 721 4983 eumdem.
786 4914 1073 4997 Denique
1129 4914 1325 4977 Judaei
1389 4914 1724 4990 increduli,
1788 4915 1901 4996 qui

376 5035 547 5081 eum
598 5021 1035 5095 cognoverunt
1092 5012 1405 5095 corporali
1462 5012 1719 5087 intuitu,
1774 5033 1900 5077 non

374 5120 835 5194 cognoverunt
864 5129 1013 5173 eum
1056 5110 1343 5173 interiori
1380 5111 1542 5172 visu.
1578 5110 1899 5193 Numquid

78 5232 241 5277 sm...
262 5248 337 5283 ιι.
376 5212 567 5276 enim
600 5216 1039 5291 cognoverunt
1066 5226 1238 5282 eum,
1272 5208 1385 5290 qui
1426 5208 1743 5283 dixerunt,
1776 5208 1897 5273 Nos

56 5297 117 5337 ²⁴·
377 5310 639 5374 scimus
676 5308 832 5390 quia
873 5306 979 5369 hic
1019 5306 1212 5369 homo
1257 5314 1547 5388 peccator
1589 5308 1725 5367 est?

2017 4328 2312 4402 acceptor
2360 4321 2543 4383 Deus.
2591 4324 2786 4384 Dedit
2828 4327 2920 4385 eis
2955 4336 3352 4403 potestatem,
3395 4329 3516 4393 hoc

2019 4426 2115 4480 est
2175 4417 2603 4493 idoneitatem,
2666 4439 2778 4483 seu
2835 4423 3100 4503 gratiam
3158 4424 3510 4501 efficacem,

2014 4521 2190 4595 filios
2237 4520 2361 4578 Dei
2404 4522 2579 4595 fieri,
2630 4519 2750 4583 hoc
2801 4529 2896 4583 est
2948 4540 3060 4603 per
3106 4542 3298 4603 quam
3345 4525 3518 4588 fiunt

2017 4617 2137 4680 filii
2182 4618 2290 4680 Dei
2335 4618 2641 4700 adoptivi.

2094 4716 2216 4778 Sed
2253 4717 2583 4798 quaeritur,
2619 4736 2820 4799 quum
2863 4718 3151 4782 homines
3190 4721 3350 4784 fiant
3387 4723 3511 4786 filii

2015 4814 2121 4877 Dei
2173 4834 2248 4878 eo
2299 4816 2438 4897 ipso
2496 4816 2667 4896 quod
2726 4818 2994 4879 credunt
3051 4818 3113 4879 in
3165 4818 3508 4897 Christum,

2013 4913 2552 4995 quemadmodum
2603 4914 2690 4975 ait
2732 4915 3068 4996 Apostolus
3117 4919 3194 4980 ad
3242 4918 3506 4997 GalataS,

2012 5011 2242 5073 Omnes
2294 5030 2402 5074 vos
2463 5010 2585 5072 filii
2649 5011 2753 5073 Dei
2806 5014 2956 5075 estis
3018 5032 3130 5096 per
3185 5016 3383 5080 fidem
3443 5020 3506 5082 in
3567 5046 3801 5097 cazat....,

2011 5108 2258 5173 Christo
2284 5109 2429 5171 Jesu
2457 5129 2471 5173 :
2499 5112 2815 5192 quomodo
2847 5112 3304 5194 recipientibus
3336 5117 3510 5179 Chri·
3539 5110 3605 5150 ²⁶·

2009 5216 2175 5270 stum
2226 5227 2340 5291 per
2377 5208 2596 5283 fidem,
2639 5210 2824 5271 datur
2865 5218 3138 5291 potestas
3185 5211 3355 5276 filios
3399 5216 3504 5278 Dei

2006 5305 2175 5382 fieri,
2210 5314 2272 5369 et
2311 5326 2436 5371 non
2479 5308 2688 5390 potius
2729 5308 2868 5390 ipsa
2907 5308 3132 5374 filiatio
3167 5312 3506 5395 adoptiva?
