<?xml version="1.0" encoding="UTF-8"?>
<!DOCTYPE html PUBLIC "-//W3C//DTD XHTML 1.0 Transitional//EN"
    "http://www.w3.org/TR/xhtml1/DTD/xhtml1-transitional.dtd">
<html xmlns="http://www.w3.org/1999/xhtml" xml:lang="en" lang="en">
 <head>
  <title>
</title>
<meta http-equiv="Content-Type" content="text/html;charset=utf-8" />
  <meta name='ocr-system' content='tesseract 3.04.00' />
  <meta name='ocr-capabilities' content='ocr_page ocr_carea ocr_par ocr_line ocrx_word'/>
</head>
<body>
  <div class='ocr_page' id='page_1' title='image "./doctorisecstati09unkngoog_0520.png"; bbox 0 0 4300 6259; ppageno 0'>
   <div class='ocr_carea' id='block_1_1' title="bbox 615 772 867 823">
    <p class='ocr_par' dir='ltr' id='par_1_1' title="bbox 615 772 867 823">
     <span class='ocr_line' id='line_1_1' title="bbox 615 772 867 823; baseline -0.008 -8"><span class='ocrx_word' id='word_1_1' title='bbox 615 772 700 817; x_wconf 75' lang='grc' dir='ltr'><strong>«1οὸ</strong></span> <span class='ocrx_word' id='word_1_2' title='bbox 713 786 867 823; x_wconf 76' lang='lat' dir='ltr'><strong>xxxvii,</strong></span> 
     </span>
    </p>
   </div>
   <div class='ocr_carea' id='block_1_2' title="bbox 899 466 1019 532">
    <p class='ocr_par' dir='ltr' id='par_1_2' title="bbox 899 466 1019 532">
     <span class='ocr_line' id='line_1_2' title="bbox 899 466 1019 532; baseline 0 0"><span class='ocrx_word' id='word_1_3' title='bbox 899 466 1019 532; x_wconf 78' lang='lat'><strong>430</strong></span> 
     </span>
    </p>
   </div>
   <div class='ocr_carea' id='block_1_3' title="bbox 1657 484 3247 532">
    <p class='ocr_par' dir='ltr' id='par_1_3' title="bbox 1657 484 3247 532">
     <span class='ocr_line' id='line_1_3' title="bbox 1657 484 3247 532; baseline 0.001 -1"><span class='ocrx_word' id='word_1_4' title='bbox 1657 484 2009 531; x_wconf 66' lang='lat' dir='ltr'><strong>munnio</strong></span> <span class='ocrx_word' id='word_1_5' title='bbox 2051 484 2114 529; x_wconf 76' lang='lat' dir='ltr'><strong>m</strong></span> <span class='ocrx_word' id='word_1_6' title='bbox 2157 484 2296 531; x_wconf 72' lang='lat' dir='ltr'><strong>CAP.</strong></span> <span class='ocrx_word' id='word_1_7' title='bbox 2340 484 2451 529; x_wconf 84' lang='lat' dir='ltr'><strong>vm</strong></span> <span class='ocrx_word' id='word_1_8' title='bbox 2492 484 2766 531; x_wconf 72' lang='lat' dir='ltr'><strong>JoANMs.</strong></span> <span class='ocrx_word' id='word_1_9' title='bbox 2810 503 2890 514; x_wconf 88' lang='lat'>—</span> <span class='ocrx_word' id='word_1_10' title='bbox 2930 486 3071 531; x_wconf 68' lang='grc' dir='ltr'><strong>ΛΒΤ.</strong></span> <span class='ocrx_word' id='word_1_11' title='bbox 3116 485 3247 532; x_wconf 71' lang='lat' dir='ltr'><strong>xxti</strong></span> 
     </span>
    </p>
   </div>
   <div class='ocr_carea' id='block_1_4' title="bbox 903 654 3993 739">
    <p class='ocr_par' dir='ltr' id='par_1_4' title="bbox 903 654 3993 739">
     <span class='ocr_line' id='line_1_4' title="bbox 903 654 3993 739; baseline 0 -22"><span class='ocrx_word' id='word_1_12' title='bbox 903 657 990 718; x_wconf 88' lang='lat' dir='ltr'><strong>ris</strong></span> <span class='ocrx_word' id='word_1_13' title='bbox 1029 656 1440 739; x_wconf 87' lang='lat' dir='ltr'><strong>increpative,</strong></span> <span class='ocrx_word' id='word_1_14' title='bbox 1476 674 1602 720; x_wconf 91' lang='lat' dir='ltr'><strong>non</strong></span> <span class='ocrx_word' id='word_1_15' title='bbox 1641 656 1993 719; x_wconf 81' lang='lat' dir='ltr'>dubitative</span> <span class='ocrx_word' id='word_1_16' title='bbox 2027 674 2041 718; x_wconf 91' lang='lat'>:</span> <span class='ocrx_word' id='word_1_17' title='bbox 2077 662 2148 717; x_wconf 90' lang='lat' dir='ltr'><strong>ut</strong></span> <span class='ocrx_word' id='word_1_18' title='bbox 2181 674 2386 737; x_wconf 90' lang='lat' dir='ltr'><strong>quum</strong></span> <span class='ocrx_word' id='word_1_19' title='bbox 2418 654 2465 717; x_wconf 85' lang='lat' dir='ltr'><strong>A</strong></span> <span class='ocrx_word' id='word_1_20' title='bbox 2500 674 2641 718; x_wconf 90' lang='lat' dir='ltr'><strong>rum</strong></span> <span class='ocrx_word' id='word_1_21' title='bbox 2674 656 2899 739; x_wconf 89' lang='lat' dir='ltr'><strong>templi</strong></span> <span class='ocrx_word' id='word_1_22' title='bbox 2929 657 3383 721; x_wconf 80' lang='lat' dir='ltr'><strong>sustentatione</strong></span> <span class='ocrx_word' id='word_1_23' title='bbox 3418 676 3491 719; x_wconf 86' lang='lat' dir='ltr'><strong>ac</strong></span> <span class='ocrx_word' id='word_1_24' title='bbox 3528 656 3757 739; x_wconf 89' lang='lat' dir='ltr'><strong>templi</strong></span> <span class='ocrx_word' id='word_1_25' title='bbox 3796 656 3993 719; x_wconf 75' lang='lat' dir='ltr'><strong>refor-</strong></span> 
     </span>
    </p>
   </div>
   <div class='ocr_carea' id='block_1_5' title="bbox 894 752 2392 1426">
    <p class='ocr_par' dir='ltr' id='par_1_5' title="bbox 894 752 2392 1426">
     <span class='ocr_line' id='line_1_5' title="bbox 901 752 2389 829; baseline -0.002 -11"><span class='ocrx_word' id='word_1_26' title='bbox 901 756 1138 818; x_wconf 87' lang='lat' dir='ltr'><strong>dicitur</strong></span> <span class='ocrx_word' id='word_1_27' title='bbox 1181 756 1246 818; x_wconf 92' lang='lat' dir='ltr'><strong>in</strong></span> <span class='ocrx_word' id='word_1_28' title='bbox 1290 756 1428 829; x_wconf 77' lang='lat' dir='ltr'><strong>lob,</strong></span> <span class='ocrx_word' id='word_1_29' title='bbox 1472 755 1565 817; x_wconf 90' lang='lat' dir='ltr'><strong>Tu</strong></span> <span class='ocrx_word' id='word_1_30' title='bbox 1608 754 1873 818; x_wconf 81' lang='lat' dir='ltr'><strong>forsitan</strong></span> <span class='ocrx_word' id='word_1_31' title='bbox 1921 773 2066 816; x_wconf 89' lang='lat' dir='ltr'><strong>cum</strong></span> <span class='ocrx_word' id='word_1_32' title='bbox 2113 754 2241 817; x_wconf 91' lang='lat' dir='ltr'><strong>Deo</strong></span> <span class='ocrx_word' id='word_1_33' title='bbox 2296 752 2389 815; x_wconf 81' lang='lat' dir='ltr'><strong>fa-</strong></span> 
     </span>
     <span class='ocr_line' id='line_1_6' title="bbox 896 852 2385 935; baseline -0.001 -20"><span class='ocrx_word' id='word_1_34' title='bbox 896 854 1182 917; x_wconf 87' lang='lat' dir='ltr'><strong>bricatus</strong></span> <span class='ocrx_word' id='word_1_35' title='bbox 1219 872 1286 915; x_wconf 92' lang='lat' dir='ltr'><strong>es</strong></span> <span class='ocrx_word' id='word_1_36' title='bbox 1333 854 1548 918; x_wconf 89' lang='lat' dir='ltr'><strong>coelos.</strong></span> <span class='ocrx_word' id='word_1_37' title='bbox 1583 854 1658 915; x_wconf 83' lang='lat' dir='ltr'><strong>Hi</strong></span> <span class='ocrx_word' id='word_1_38' title='bbox 1707 872 1857 935; x_wconf 82' lang='lat' dir='ltr'><strong>ergo</strong></span> <span class='ocrx_word' id='word_1_39' title='bbox 1899 852 2093 915; x_wconf 82' lang='lat' dir='ltr'><strong>Judaei</strong></span> <span class='ocrx_word' id='word_1_40' title='bbox 2145 852 2385 915; x_wconf 87' lang='lat' dir='ltr'><strong>nullam</strong></span> 
     </span>
     <span class='ocr_line' id='line_1_7' title="bbox 894 949 2387 1015; baseline -0.003 -1"><span class='ocrx_word' id='word_1_41' title='bbox 894 952 1181 1015; x_wconf 82' lang='lat' dir='ltr'><strong>divinam</strong></span> <span class='ocrx_word' id='word_1_42' title='bbox 1243 950 1580 1015; x_wconf 78' lang='lat' dir='ltr'><strong>Personam</strong></span> <span class='ocrx_word' id='word_1_43' title='bbox 1647 958 1964 1015; x_wconf 84' lang='lat' dir='ltr'><strong>noverunt</strong></span> <span class='ocrx_word' id='word_1_44' title='bbox 2031 949 2387 1013; x_wconf 90' lang='lat' dir='ltr'><strong>secundum</strong></span> 
     </span>
     <span class='ocr_line' id='line_1_8' title="bbox 896 1047 2391 1125; baseline -0.001 -14"><span class='ocrx_word' id='word_1_45' title='bbox 896 1068 1037 1112; x_wconf 90' lang='lat' dir='ltr'><strong>esse</strong></span> <span class='ocrx_word' id='word_1_46' title='bbox 1079 1049 1438 1125; x_wconf 87' lang='lat' dir='ltr'><strong>relativum,</strong></span> <span class='ocrx_word' id='word_1_47' title='bbox 1483 1050 1593 1112; x_wconf 89' lang='lat' dir='ltr'><strong>sed</strong></span> <span class='ocrx_word' id='word_1_48' title='bbox 1635 1050 1987 1113; x_wconf 88' lang='lat' dir='ltr'><strong>seeundum</strong></span> <span class='ocrx_word' id='word_1_49' title='bbox 2027 1065 2167 1111; x_wconf 91' lang='lat' dir='ltr'><strong>esse</strong></span> <span class='ocrx_word' id='word_1_50' title='bbox 2208 1047 2391 1110; x_wconf 89' lang='lat' dir='ltr'><strong>abso-</strong></span> 
     </span>
     <span class='ocr_line' id='line_1_9' title="bbox 895 1144 2391 1229; baseline -0.003 -19"><span class='ocrx_word' id='word_1_51' title='bbox 895 1147 1127 1223; x_wconf 89' lang='lat' dir='ltr'><strong>lutum,</strong></span> <span class='ocrx_word' id='word_1_52' title='bbox 1178 1150 1481 1229; x_wconf 89' lang='lat' dir='ltr'><strong>quoniam</strong></span> <span class='ocrx_word' id='word_1_53' title='bbox 1531 1155 1848 1212; x_wconf 85' lang='lat' dir='ltr'><strong>noverunt</strong></span> <span class='ocrx_word' id='word_1_54' title='bbox 1899 1146 2094 1209; x_wconf 91' lang='lat' dir='ltr'><strong>Deum</strong></span> <span class='ocrx_word' id='word_1_55' title='bbox 2148 1164 2265 1228; x_wconf 90' lang='lat' dir='ltr'><strong>per</strong></span> <span class='ocrx_word' id='word_1_56' title='bbox 2312 1144 2391 1207; x_wconf 83' lang='lat' dir='ltr'><strong>ri-</strong></span> 
     </span>
     <span class='ocr_line' id='line_1_10' title="bbox 895 1246 2392 1329; baseline -0.001 -20"><span class='ocrx_word' id='word_1_57' title='bbox 895 1248 1063 1322; x_wconf 86' lang='lat' dir='ltr'><strong>dem,</strong></span> <span class='ocrx_word' id='word_1_58' title='bbox 1104 1248 1217 1329; x_wconf 89' lang='lat' dir='ltr'><strong>qui</strong></span> <span class='ocrx_word' id='word_1_59' title='bbox 1263 1256 1359 1311; x_wconf 93' lang='lat' dir='ltr'><strong>est</strong></span> <span class='ocrx_word' id='word_1_60' title='bbox 1397 1247 1898 1310; x_wconf 87' lang='lat' dir='ltr'><strong>substantialiter</strong></span> <span class='ocrx_word' id='word_1_61' title='bbox 1944 1246 2249 1327; x_wconf 83' lang='lat' dir='ltr'><strong>quaelibet</strong></span> <span class='ocrx_word' id='word_1_62' title='bbox 2297 1246 2392 1308; x_wconf 91' lang='lat' dir='ltr'><strong>di-</strong></span> 
     </span>
     <span class='ocr_line' id='line_1_11' title="bbox 895 1343 2391 1426; baseline -0.003 -17"><span class='ocrx_word' id='word_1_63' title='bbox 895 1346 1045 1409; x_wconf 80' lang='lat' dir='ltr'><strong>vina</strong></span> <span class='ocrx_word' id='word_1_64' title='bbox 1105 1345 1396 1421; x_wconf 78' lang='lat' dir='ltr'><strong>Persona,</strong></span> <span class='ocrx_word' id='word_1_65' title='bbox 1454 1365 1528 1408; x_wconf 88' lang='lat' dir='ltr'><strong>ac</strong></span> <span class='ocrx_word' id='word_1_66' title='bbox 1583 1346 1858 1409; x_wconf 82' lang='lat' dir='ltr'><strong>Trinitas</strong></span> <span class='ocrx_word' id='word_1_67' title='bbox 1915 1352 2064 1407; x_wconf 88' lang='lat' dir='ltr'><strong>tota.</strong></span> <span class='ocrx_word' id='word_1_68' title='bbox 2130 1343 2391 1426; x_wconf 85' lang='lat' dir='ltr'><strong>Propter</strong></span> 
     </span>
    </p>
   </div>
   <div class='ocr_carea' id='block_1_6' title="bbox 597 1443 2391 1526">
    <p class='ocr_par' dir='ltr' id='par_1_6' title="bbox 597 1443 2391 1526">
     <span class='ocr_line' id='line_1_12' title="bbox 597 1443 2391 1526; baseline -0.001 -19"><span class='ocrx_word' id='word_1_69' title='bbox 597 1464 864 1516; x_wconf 48' lang='lat' dir='ltr'><strong>eamve.</strong></span> <span class='ocrx_word' id='word_1_70' title='bbox 893 1445 1065 1526; x_wconf 89' lang='lat' dir='ltr'><strong>quod</strong></span> <span class='ocrx_word' id='word_1_71' title='bbox 1108 1444 1312 1508; x_wconf 87' lang='lat' dir='ltr'><strong>fertur</strong></span> <span class='ocrx_word' id='word_1_72' title='bbox 1353 1445 1419 1507; x_wconf 88' lang='lat' dir='ltr'><strong>in</strong></span> <span class='ocrx_word' id='word_1_73' title='bbox 1468 1444 1718 1508; x_wconf 89' lang='lat' dir='ltr'><strong>Psalmo</strong></span> <span class='ocrx_word' id='word_1_74' title='bbox 1764 1462 1778 1507; x_wconf 74' lang='grc' dir='ltr'><strong><em>ε</em></strong></span> <span class='ocrx_word' id='word_1_75' title='bbox 1824 1443 2020 1507; x_wconf 88' lang='lat' dir='ltr'><strong>Notus</strong></span> <span class='ocrx_word' id='word_1_76' title='bbox 2070 1443 2137 1504; x_wconf 91' lang='lat' dir='ltr'><strong>in</strong></span> <span class='ocrx_word' id='word_1_77' title='bbox 2179 1443 2391 1505; x_wconf 83' lang='lat' dir='ltr'><strong>Judaea</strong></span> 
     </span>
    </p>
   </div>
   <div class='ocr_carea' id='block_1_7' title="bbox 685 1648 760 1705">
    <p class='ocr_par' dir='ltr' id='par_1_7' title="bbox 685 1648 760 1705">
     <span class='ocr_line' id='line_1_13' title="bbox 685 1648 760 1705; baseline 0 -2"><span class='ocrx_word' id='word_1_78' title='bbox 685 1648 760 1705; x_wconf 80' lang='lat'><strong>20</strong></span> 
     </span>
    </p>
   </div>
   <div class='ocr_carea' id='block_1_8' title="bbox 683 2932 751 2989">
    <p class='ocr_par' dir='ltr' id='par_1_8' title="bbox 683 2932 751 2989">
     <span class='ocr_line' id='line_1_14' title="bbox 683 2932 751 2989; baseline 0.029 -2"><span class='ocrx_word' id='word_1_79' title='bbox 683 2932 751 2989; x_wconf 76' lang='lat'><strong>21</strong></span> 
     </span>
    </p>
   </div>
   <div class='ocr_carea' id='block_1_9' title="bbox 593 3920 854 3973">
    <p class='ocr_par' dir='ltr' id='par_1_9' title="bbox 593 3920 854 3973">
     <span class='ocr_line' id='line_1_15' title="bbox 593 3920 854 3973; baseline 0.008 -9"><span class='ocrx_word' id='word_1_80' title='bbox 593 3920 682 3965; x_wconf 81' lang='lat' dir='ltr'><strong>Jer.</strong></span> <span class='ocrx_word' id='word_1_81' title='bbox 707 3935 765 3973; x_wconf 75' lang='lat' dir='ltr'><strong>xi,</strong></span> <span class='ocrx_word' id='word_1_82' title='bbox 790 3924 854 3967; x_wconf 77' lang='lat'><strong>¹⁹.</strong></span> 
     </span>
    </p>
   </div>
   <div class='ocr_carea' id='block_1_10' title="bbox 611 4522 844 4573">
    <p class='ocr_par' dir='ltr' id='par_1_10' title="bbox 611 4522 844 4573">
     <span class='ocr_line' id='line_1_16' title="bbox 611 4522 844 4573; baseline 0.004 -9"><span class='ocrx_word' id='word_1_83' title='bbox 611 4522 712 4565; x_wconf 75' lang='lat' dir='ltr'><strong>Act.</strong></span> <span class='ocrx_word' id='word_1_84' title='bbox 735 4535 791 4573; x_wconf 78' lang='lat' dir='ltr'><strong>tx,</strong></span> <span class='ocrx_word' id='word_1_85' title='bbox 805 4523 844 4565; x_wconf 70' lang='lat' dir='ltr'><strong>t.</strong></span> 
     </span>
    </p>
   </div>
   <div class='ocr_carea' id='block_1_11' title="bbox 894 1544 2391 1719">
    <p class='ocr_par' dir='ltr' id='par_1_11' title="bbox 894 1544 2391 1719">
     <span class='ocr_line' id='line_1_17' title="bbox 894 1544 1080 1607; baseline 0 0"><span class='ocrx_word' id='word_1_86' title='bbox 894 1544 1080 1607; x_wconf 77' lang='lat' dir='ltr'><strong>Deus·</strong></span> 
     </span>
     <span class='ocr_line' id='line_1_18' title="bbox 974 1644 2391 1719; baseline -0.002 -13"><span class='ocrx_word' id='word_1_87' title='bbox 974 1646 1128 1707; x_wconf 84' lang='lat' dir='ltr'><strong>Hoec</strong></span> <span class='ocrx_word' id='word_1_88' title='bbox 1158 1647 1346 1706; x_wconf 85' lang='lat' dir='ltr'><strong>verba</strong></span> <span class='ocrx_word' id='word_1_89' title='bbox 1377 1649 1624 1705; x_wconf 79' lang='lat' dir='ltr'><strong>locutus</strong></span> <span class='ocrx_word' id='word_1_90' title='bbox 1648 1652 1738 1705; x_wconf 77' lang='lat' dir='ltr'><strong>esc</strong></span> <span class='ocrx_word' id='word_1_91' title='bbox 1764 1647 1944 1705; x_wconf 78' lang='lat' dir='ltr'><strong>Jesus</strong></span> <span class='ocrx_word' id='word_1_92' title='bbox 1971 1645 2043 1704; x_wconf 81' lang='lat' dir='ltr'><strong>in</strong></span> <span class='ocrx_word' id='word_1_93' title='bbox 2067 1644 2391 1719; x_wconf 73' lang='lat' dir='ltr'><strong>yazoplzy·</strong></span> 
     </span>
    </p>
   </div>
   <div class='ocr_carea' id='block_1_12' title="bbox 895 1740 2391 1925">
    <p class='ocr_par' dir='ltr' id='par_1_12' title="bbox 895 1740 2391 1925">
     <span class='ocr_line' id='line_1_19' title="bbox 895 1740 2391 1826; baseline 0.001 -25"><span class='ocrx_word' id='word_1_94' title='bbox 895 1746 1079 1804; x_wconf 69' lang='lat' dir='ltr'><strong>lac-io·</strong></span> <span class='ocrx_word' id='word_1_95' title='bbox 1131 1742 1656 1826; x_wconf 82' lang='lat' dir='ltr'><strong>Gazophylacium</strong></span> <span class='ocrx_word' id='word_1_96' title='bbox 1715 1741 2060 1824; x_wconf 85' lang='lat' dir='ltr'><strong>aliquando</strong></span> <span class='ocrx_word' id='word_1_97' title='bbox 2115 1740 2391 1803; x_wconf 88' lang='lat' dir='ltr'><strong>sumitur</strong></span> 
     </span>
     <span class='ocr_line' id='line_1_20' title="bbox 895 1839 2391 1925; baseline 0 -21"><span class='ocrx_word' id='word_1_98' title='bbox 895 1859 1008 1922; x_wconf 89' lang='lat' dir='ltr'><strong>pro</strong></span> <span class='ocrx_word' id='word_1_99' title='bbox 1049 1861 1194 1905; x_wconf 87' lang='lat' dir='ltr'><strong>arca</strong></span> <span class='ocrx_word' id='word_1_100' title='bbox 1232 1843 1296 1906; x_wconf 89' lang='lat' dir='ltr'><strong>in</strong></span> <span class='ocrx_word' id='word_1_101' title='bbox 1343 1861 1472 1925; x_wconf 88' lang='lat' dir='ltr'><strong>qua</strong></span> <span class='ocrx_word' id='word_1_102' title='bbox 1517 1841 1870 1905; x_wconf 87' lang='lat' dir='ltr'><strong>oblationes</strong></span> <span class='ocrx_word' id='word_1_103' title='bbox 1921 1859 2037 1923; x_wconf 90' lang='lat' dir='ltr'><strong>pro</strong></span> <span class='ocrx_word' id='word_1_104' title='bbox 2066 1839 2391 1904; x_wconf 89' lang='lat' dir='ltr'><strong>ministro-</strong></span> 
     </span>
    </p>
   </div>
   <div class='ocr_carea' id='block_1_13' title="bbox 2498 754 3993 1921">
    <p class='ocr_par' dir='ltr' id='par_1_13' title="bbox 2498 754 3993 1921">
     <span class='ocr_line' id='line_1_21' title="bbox 2500 754 3991 837; baseline 0.002 -22"><span class='ocrx_word' id='word_1_105' title='bbox 2500 754 2777 817; x_wconf 84' lang='lat' dir='ltr'><strong>matione</strong></span> <span class='ocrx_word' id='word_1_106' title='bbox 2815 754 3249 837; x_wconf 70' lang='lat' dir='ltr'><strong>ponebanturg</strong></span> <span class='ocrx_word' id='word_1_107' title='bbox 3280 756 3622 837; x_wconf 89' lang='lat' dir='ltr'><strong>aliquando</strong></span> <span class='ocrx_word' id='word_1_108' title='bbox 3661 773 3831 829; x_wconf 76' lang='lat' dir='ltr'><strong>vei-0,</strong></span> <span class='ocrx_word' id='word_1_109' title='bbox 3873 774 3991 837; x_wconf 85' lang='lat' dir='ltr'><strong>pro</strong></span> 
     </span>
     <span class='ocr_line' id='line_1_22' title="bbox 2500 853 3991 937; baseline 0 -22"><span class='ocrx_word' id='word_1_110' title='bbox 2500 853 2638 917; x_wconf 94' lang='lat' dir='ltr'><strong>loco</strong></span> <span class='ocrx_word' id='word_1_111' title='bbox 2689 854 2789 917; x_wconf 88' lang='lat' dir='ltr'><strong>vel</strong></span> <span class='ocrx_word' id='word_1_112' title='bbox 2836 854 3111 917; x_wconf 81' lang='lat' dir='ltr'><strong>aedil&#39;icio</strong></span> <span class='ocrx_word' id='word_1_113' title='bbox 3156 854 3221 916; x_wconf 89' lang='lat' dir='ltr'><strong>in</strong></span> <span class='ocrx_word' id='word_1_114' title='bbox 3272 873 3403 935; x_wconf 89' lang='lat' dir='ltr'><strong>quo</strong></span> <span class='ocrx_word' id='word_1_115' title='bbox 3450 854 3577 916; x_wconf 83' lang='lat' dir='ltr'><strong>fuit</strong></span> <span class='ocrx_word' id='word_1_116' title='bbox 3632 854 3991 937; x_wconf 84' lang='lat' dir='ltr'><strong>repositori-</strong></span> 
     </span>
     <span class='ocr_line' id='line_1_23' title="bbox 2500 952 3987 1035; baseline 0 -22"><span class='ocrx_word' id='word_1_117' title='bbox 2500 971 2608 1014; x_wconf 90' lang='lat' dir='ltr'><strong>um</strong></span> <span class='ocrx_word' id='word_1_118' title='bbox 2652 952 2775 1014; x_wconf 89' lang='lat' dir='ltr'><strong>tale</strong></span> <span class='ocrx_word' id='word_1_119' title='bbox 2817 970 2833 1016; x_wconf 77' lang='grc' dir='ltr'>ε</span> <span class='ocrx_word' id='word_1_120' title='bbox 2882 952 2974 1014; x_wconf 86' lang='lat' dir='ltr'><strong>sic</strong></span> <span class='ocrx_word' id='word_1_121' title='bbox 3024 954 3211 1016; x_wconf 91' lang='lat' dir='ltr'><strong>modo</strong></span> <span class='ocrx_word' id='word_1_122' title='bbox 3256 953 3591 1035; x_wconf 87' lang='lat' dir='ltr'><strong>accipitur.</strong></span> <span class='ocrx_word' id='word_1_123' title='bbox 3635 957 3877 1015; x_wconf 82' lang='lat' dir='ltr'><strong>Docens</strong></span> <span class='ocrx_word' id='word_1_124' title='bbox 3916 956 3987 1013; x_wconf 83' lang='lat' dir='ltr'><strong>in</strong></span> 
     </span>
     <span class='ocr_line' id='line_1_24' title="bbox 2502 1050 3989 1134; baseline -0.001 -22"><span class='ocrx_word' id='word_1_125' title='bbox 2502 1054 2733 1128; x_wconf 78' lang='lat' dir='ltr'><strong>templo</strong></span> <span class='ocrx_word' id='word_1_126' title='bbox 2776 1071 2800 1110; x_wconf 90' lang='lat'><strong>.·</strong></span> <span class='ocrx_word' id='word_1_127' title='bbox 2842 1052 3015 1132; x_wconf 91' lang='lat' dir='ltr'><strong>quod</strong></span> <span class='ocrx_word' id='word_1_128' title='bbox 3056 1058 3153 1113; x_wconf 90' lang='lat' dir='ltr'><strong>est</strong></span> <span class='ocrx_word' id='word_1_129' title='bbox 3193 1060 3379 1133; x_wconf 86' lang='lat' dir='ltr'><strong>aptus</strong></span> <span class='ocrx_word' id='word_1_130' title='bbox 3427 1052 3605 1115; x_wconf 87' lang='lat' dir='ltr'><strong>locus</strong></span> <span class='ocrx_word' id='word_1_131' title='bbox 3652 1071 3771 1134; x_wconf 85' lang='lat' dir='ltr'><strong>pro</strong></span> <span class='ocrx_word' id='word_1_132' title='bbox 3808 1050 3989 1114; x_wconf 88' lang='lat' dir='ltr'><strong>cultu</strong></span> 
     </span>
     <span class='ocr_line' id='line_1_25' title="bbox 2498 1149 3987 1232; baseline 0 -21"><span class='ocrx_word' id='word_1_133' title='bbox 2498 1167 2821 1232; x_wconf 85' lang='lat' dir='ltr'><strong>opereque</strong></span> <span class='ocrx_word' id='word_1_134' title='bbox 2865 1149 3103 1213; x_wconf 89' lang='lat' dir='ltr'><strong>divino.</strong></span> <span class='ocrx_word' id='word_1_135' title='bbox 3138 1154 3223 1213; x_wconf 76' lang='lat' dir='ltr'><strong>E&#39;c</strong></span> <span class='ocrx_word' id='word_1_136' title='bbox 3260 1170 3442 1212; x_wconf 78' lang='lat' dir='ltr'><strong>nemo</strong></span> <span class='ocrx_word' id='word_1_137' title='bbox 3484 1151 3987 1213; x_wconf 81' lang='lat' dir='ltr'><strong>adversariorum</strong></span> 
     </span>
     <span class='ocr_line' id='line_1_26' title="bbox 2498 1248 3991 1331; baseline 0.003 -24"><span class='ocrx_word' id='word_1_138' title='bbox 2498 1248 2925 1325; x_wconf 72' lang='lat' dir='ltr'><strong>apprehendit</strong></span> <span class='ocrx_word' id='word_1_139' title='bbox 2964 1269 3139 1319; x_wconf 83' lang='lat' dir='ltr'><strong>eum,</strong></span> <span class='ocrx_word' id='word_1_140' title='bbox 3166 1249 3459 1330; x_wconf 84' lang='lat' dir='ltr'><strong>quamvis</strong></span> <span class='ocrx_word' id='word_1_141' title='bbox 3500 1249 3619 1315; x_wconf 83' lang='lat' dir='ltr'><strong>hoc</strong></span> <span class='ocrx_word' id='word_1_142' title='bbox 3648 1266 3813 1331; x_wconf 77' lang='lat' dir='ltr'><strong>saepe</strong></span> <span class='ocrx_word' id='word_1_143' title='bbox 3850 1267 3991 1329; x_wconf 83' lang='lat' dir='ltr'><strong>pro-</strong></span> 
     </span>
     <span class='ocr_line' id='line_1_27' title="bbox 2502 1346 3990 1427; baseline 0 -20"><span class='ocrx_word' id='word_1_144' title='bbox 2502 1346 2885 1427; x_wconf 81' lang='lat' dir='ltr'><strong>posuissent,</strong></span> <span class='ocrx_word' id='word_1_145' title='bbox 2944 1350 3105 1427; x_wconf 75' lang='lat' dir='ltr'><strong>quia</strong></span> <span class='ocrx_word' id='word_1_146' title='bbox 3162 1350 3435 1409; x_wconf 77' lang='lat' dir='ltr'><strong>necdum</strong></span> <span class='ocrx_word' id='word_1_147' title='bbox 3504 1357 3765 1409; x_wconf 79' lang='lat' dir='ltr'><strong>venerat</strong></span> <span class='ocrx_word' id='word_1_148' title='bbox 3828 1350 3990 1408; x_wconf 75' lang='lat' dir='ltr'><strong>hora</strong></span> 
     </span>
     <span class='ocr_line' id='line_1_28' title="bbox 2498 1444 3989 1527; baseline 0.001 -22"><span class='ocrx_word' id='word_1_149' title='bbox 2498 1447 2663 1523; x_wconf 80' lang='lat' dir='ltr'><strong>ejus,</strong></span> <span class='ocrx_word' id='word_1_150' title='bbox 2723 1445 2787 1507; x_wconf 92' lang='lat' dir='ltr'><strong>id</strong></span> <span class='ocrx_word' id='word_1_151' title='bbox 2844 1452 2940 1507; x_wconf 88' lang='lat' dir='ltr'><strong>est</strong></span> <span class='ocrx_word' id='word_1_152' title='bbox 3004 1453 3253 1526; x_wconf 81' lang='lat' dir='ltr'><strong>tempus</strong></span> <span class='ocrx_word' id='word_1_153' title='bbox 3312 1445 3591 1527; x_wconf 85' lang='lat' dir='ltr'><strong>passioni</strong></span> <span class='ocrx_word' id='word_1_154' title='bbox 3655 1444 3989 1508; x_wconf 65' lang='lat' dir='ltr'><strong>dominica</strong></span> 
     </span>
     <span class='ocr_line' id='line_1_29' title="bbox 2500 1544 3993 1627; baseline 0 -22"><span class='ocrx_word' id='word_1_155' title='bbox 2500 1544 3007 1627; x_wconf 60' lang='lat' dir='ltr'><strong>praeordinatum,</strong></span> <span class='ocrx_word' id='word_1_156' title='bbox 3020 1551 3165 1605; x_wconf 86' lang='lat' dir='ltr'><strong>ante</strong></span> <span class='ocrx_word' id='word_1_157' title='bbox 3192 1544 3365 1626; x_wconf 90' lang='lat' dir='ltr'><strong>quod</strong></span> <span class='ocrx_word' id='word_1_158' title='bbox 3390 1544 3567 1605; x_wconf 87' lang='lat' dir='ltr'><strong>Jesus</strong></span> <span class='ocrx_word' id='word_1_159' title='bbox 3599 1544 3805 1607; x_wconf 88' lang='lat' dir='ltr'><strong>noluit</strong></span> <span class='ocrx_word' id='word_1_160' title='bbox 3830 1562 3993 1607; x_wconf 87' lang='lat' dir='ltr'><strong>com-</strong></span> 
     </span>
     <span class='ocr_line' id='line_1_30' title="bbox 2501 1640 3991 1724; baseline 0 -20"><span class='ocrx_word' id='word_1_161' title='bbox 2501 1642 2831 1724; x_wconf 89' lang='lat' dir='ltr'><strong>prehendi.</strong></span> <span class='ocrx_word' id='word_1_162' title='bbox 2864 1640 3039 1703; x_wconf 90' lang='lat' dir='ltr'><strong>Sicut</strong></span> <span class='ocrx_word' id='word_1_163' title='bbox 3068 1642 3239 1705; x_wconf 91' lang='lat' dir='ltr'><strong>enim</strong></span> <span class='ocrx_word' id='word_1_164' title='bbox 3284 1642 3531 1705; x_wconf 87' lang='lat' dir='ltr'><strong>oblatus</strong></span> <span class='ocrx_word' id='word_1_165' title='bbox 3572 1649 3670 1703; x_wconf 90' lang='lat' dir='ltr'><strong>est</strong></span> <span class='ocrx_word' id='word_1_166' title='bbox 3709 1642 3865 1723; x_wconf 88' lang='lat' dir='ltr'><strong>quia</strong></span> <span class='ocrx_word' id='word_1_167' title='bbox 3892 1660 3991 1704; x_wconf 83' lang='lat' dir='ltr'><strong>vo-</strong></span> 
     </span>
     <span class='ocr_line' id='line_1_31' title="bbox 2499 1741 3990 1825; baseline 0 -22"><span class='ocrx_word' id='word_1_168' title='bbox 2499 1741 2639 1816; x_wconf 91' lang='lat' dir='ltr'><strong>luit,</strong></span> <span class='ocrx_word' id='word_1_169' title='bbox 2692 1741 2784 1804; x_wconf 88' lang='lat' dir='ltr'><strong>sic</strong></span> <span class='ocrx_word' id='word_1_170' title='bbox 2829 1750 2974 1803; x_wconf 90' lang='lat' dir='ltr'><strong>ante</strong></span> <span class='ocrx_word' id='word_1_171' title='bbox 3033 1743 3402 1824; x_wconf 59' lang='lat' dir='ltr'><strong>praedictum</strong></span> <span class='ocrx_word' id='word_1_172' title='bbox 3458 1749 3711 1824; x_wconf 87' lang='lat' dir='ltr'><strong>tempus</strong></span> <span class='ocrx_word' id='word_1_173' title='bbox 3768 1750 3990 1825; x_wconf 85' lang='lat' dir='ltr'><strong>captus</strong></span> 
     </span>
     <span class='ocr_line' id='line_1_32' title="bbox 2500 1840 3406 1921; baseline -0.002 -18"><span class='ocrx_word' id='word_1_174' title='bbox 2500 1858 2626 1903; x_wconf 91' lang='lat' dir='ltr'><strong>non</strong></span> <span class='ocrx_word' id='word_1_175' title='bbox 2670 1847 2787 1914; x_wconf 91' lang='lat' dir='ltr'><strong>est,</strong></span> <span class='ocrx_word' id='word_1_176' title='bbox 2834 1840 3137 1921; x_wconf 85' lang='lat' dir='ltr'><strong>quoniam</strong></span> <span class='ocrx_word' id='word_1_177' title='bbox 3181 1840 3406 1904; x_wconf 86' lang='lat' dir='ltr'><strong>noluit.</strong></span> 
     </span>
    </p>
   </div>
   <div class='ocr_carea' id='block_1_14' title="bbox 1949 2269 2941 2357">
    <p class='ocr_par' dir='ltr' id='par_1_14' title="bbox 1949 2269 2941 2357">
     <span class='ocr_line' id='line_1_33' title="bbox 1949 2269 2941 2357; baseline -0.001 -1"><span class='ocrx_word' id='word_1_178' title='bbox 1949 2269 2606 2357; x_wconf 85' lang='lat' dir='ltr'><strong>ARTIGULUS</strong></span> <span class='ocrx_word' id='word_1_179' title='bbox 2685 2272 2941 2356; x_wconf 87' lang='lat' dir='ltr'>XXII</span> 
     </span>
    </p>
   </div>
   <div class='ocr_carea' id='block_1_15' title="bbox 1053 2544 3811 2703">
    <p class='ocr_par' dir='ltr' id='par_1_15' title="bbox 1053 2544 3811 2703">
     <span class='ocr_line' id='line_1_34' title="bbox 1053 2544 3811 2605; baseline 0 -13"><span class='ocrx_word' id='word_1_180' title='bbox 1053 2546 1371 2593; x_wconf 66' lang='lat' dir='ltr'><strong>Expostrlo</strong></span> <span class='ocrx_word' id='word_1_181' title='bbox 1413 2545 1738 2601; x_wconf 69' lang='lat' dir='ltr'><strong>anuENrts</strong></span> <span class='ocrx_word' id='word_1_182' title='bbox 1779 2546 1997 2593; x_wconf 72' lang='lat' dir='ltr'><strong>PAR‘rls</strong></span> <span class='ocrx_word' id='word_1_183' title='bbox 2041 2545 2230 2592; x_wconf 71' lang='lat' dir='ltr'><strong>nulus</strong></span> <span class='ocrx_word' id='word_1_184' title='bbox 2272 2544 2550 2591; x_wconf 63' lang='lat' dir='ltr'><strong>currum</strong></span> <span class='ocrx_word' id='word_1_185' title='bbox 2594 2545 2837 2605; x_wconf 69' lang='lat' dir='ltr'><strong>ocTAw,</strong></span> <span class='ocrx_word' id='word_1_186' title='bbox 2880 2547 2961 2592; x_wconf 78' lang='lat' dir='ltr'><strong>AB</strong></span> <span class='ocrx_word' id='word_1_187' title='bbox 3006 2547 3080 2592; x_wconf 78' lang='grc' dir='ltr'><strong>ΕΟ</strong></span> <span class='ocrx_word' id='word_1_188' title='bbox 3122 2546 3269 2594; x_wconf 82' lang='lat' dir='ltr'><strong>mco</strong></span> <span class='ocrx_word' id='word_1_189' title='bbox 3312 2547 3430 2602; x_wconf 85' lang='lat' dir='ltr'><strong>Quo</strong></span> <span class='ocrx_word' id='word_1_190' title='bbox 3468 2548 3751 2595; x_wconf 70' lang='lat' dir='ltr'><strong>uABssTun</strong></span> <span class='ocrx_word' id='word_1_191' title='bbox 3796 2548 3811 2592; x_wconf 75' lang='grc' dir='ltr'><strong><em>Ζ</em></strong></span> 
     </span>
     <span class='ocr_line' id='line_1_35' title="bbox 1961 2644 2927 2703; baseline 0 -12"><span class='ocrx_word' id='word_1_192' title='bbox 1961 2644 2078 2691; x_wconf 70' lang='lat' dir='ltr'><strong>EGO</strong></span> <span class='ocrx_word' id='word_1_193' title='bbox 2120 2645 2310 2703; x_wconf 73' lang='lat' dir='ltr'><strong>VADO,</strong></span> <span class='ocrx_word' id='word_1_194' title='bbox 2351 2645 2427 2691; x_wconf 72' lang='lat' dir='ltr'><strong>m</strong></span> <span class='ocrx_word' id='word_1_195' title='bbox 2467 2645 2781 2700; x_wconf 63' lang='lat' dir='ltr'><strong>Quatenus</strong></span> <span class='ocrx_word' id='word_1_196' title='bbox 2822 2647 2927 2692; x_wconf 72' lang='grc' dir='ltr'><strong>ΠΕ.</strong></span> 
     </span>
    </p>
   </div>
   <div class='ocr_carea' id='block_1_16' title="bbox 1037 2920 3991 3009">
    <p class='ocr_par' dir='ltr' id='par_1_16' title="bbox 1037 2920 3991 3009">
     <span class='ocr_line' id='line_1_36' title="bbox 1037 2920 3991 3009; baseline 0.001 -22"><span class='ocrx_word' id='word_1_197' title='bbox 1037 2928 1236 2987; x_wconf 84' lang='grc' dir='ltr'><em>ῙΧῙΤ</em></span> <span class='ocrx_word' id='word_1_198' title='bbox 1253 2945 1402 3002; x_wconf 70' lang='lat' dir='ltr'><strong>erqo</strong></span> <span class='ocrx_word' id='word_1_199' title='bbox 1436 2927 1676 2985; x_wconf 78' lang='lat' dir='ltr'><strong>iterum</strong></span> <span class='ocrx_word' id='word_1_200' title='bbox 1713 2925 1806 2985; x_wconf 79' lang='lat' dir='ltr'><strong>eis</strong></span> <span class='ocrx_word' id='word_1_201' title='bbox 1847 2926 2027 2985; x_wconf 80' lang='lat' dir='ltr'><strong>Jesus</strong></span> <span class='ocrx_word' id='word_1_202' title='bbox 2056 2942 2080 2985; x_wconf 91' lang='lat'><strong>.·</strong></span> <span class='ocrx_word' id='word_1_203' title='bbox 2109 2926 2247 3001; x_wconf 73' lang='lat' dir='ltr'><strong>Eyo</strong></span> <span class='ocrx_word' id='word_1_204' title='bbox 2278 2944 2387 2983; x_wconf 86' lang='lat' dir='ltr'><strong>va·</strong></span> <span class='ocrx_word' id='word_1_205' title='bbox 2422 2920 2469 2983; x_wconf 91' lang='lat' dir='ltr'>B</span> <span class='ocrx_word' id='word_1_206' title='bbox 2495 2922 2559 2985; x_wconf 90' lang='lat' dir='ltr'><strong>id</strong></span> <span class='ocrx_word' id='word_1_207' title='bbox 2597 2930 2713 2998; x_wconf 91' lang='lat' dir='ltr'><strong>est,</strong></span> <span class='ocrx_word' id='word_1_208' title='bbox 2749 2931 3008 3006; x_wconf 90' lang='lat' dir='ltr'><strong>propter</strong></span> <span class='ocrx_word' id='word_1_209' title='bbox 3045 2933 3302 3007; x_wconf 86' lang='lat' dir='ltr'><strong>peccata</strong></span> <span class='ocrx_word' id='word_1_210' title='bbox 3338 2934 3563 2989; x_wconf 82' lang='lat' dir='ltr'><strong>vestrae</strong></span> <span class='ocrx_word' id='word_1_211' title='bbox 3601 2926 3891 3009; x_wconf 79' lang='lat' dir='ltr'><strong>perfidiae</strong></span> <span class='ocrx_word' id='word_1_212' title='bbox 3928 2937 3991 2990; x_wconf 90' lang='lat' dir='ltr'><strong>et</strong></span> 
     </span>
    </p>
   </div>
   <div class='ocr_carea' id='block_1_17' title="bbox 887 3022 2390 4087">
    <p class='ocr_par' dir='ltr' id='par_1_17' title="bbox 887 3022 2390 4087">
     <span class='ocr_line' id='line_1_37' title="bbox 1051 3022 2386 3105; baseline -0.001 -20"><span class='ocrx_word' id='word_1_213' title='bbox 1051 3027 1154 3096; x_wconf 85' lang='lat' dir='ltr'><strong>do,</strong></span> <span class='ocrx_word' id='word_1_214' title='bbox 1207 3024 1271 3086; x_wconf 92' lang='lat' dir='ltr'><strong>id</strong></span> <span class='ocrx_word' id='word_1_215' title='bbox 1328 3031 1444 3098; x_wconf 90' lang='lat' dir='ltr'><strong>est,</strong></span> <span class='ocrx_word' id='word_1_216' title='bbox 1497 3040 1610 3105; x_wconf 89' lang='lat' dir='ltr'><strong>per</strong></span> <span class='ocrx_word' id='word_1_217' title='bbox 1659 3022 2040 3105; x_wconf 87' lang='lat' dir='ltr'><strong>passionem,</strong></span> <span class='ocrx_word' id='word_1_218' title='bbox 2105 3039 2386 3084; x_wconf 88' lang='lat' dir='ltr'><strong>resurre-</strong></span> 
     </span>
     <span class='ocr_line' id='line_1_38' title="bbox 891 3120 2383 3187; baseline -0.001 -2"><span class='ocrx_word' id='word_1_219' title='bbox 891 3124 1166 3187; x_wconf 87' lang='lat' dir='ltr'><strong>ctionem</strong></span> <span class='ocrx_word' id='word_1_220' title='bbox 1213 3132 1276 3185; x_wconf 84' lang='lat' dir='ltr'><strong>et</strong></span> <span class='ocrx_word' id='word_1_221' title='bbox 1321 3122 1758 3186; x_wconf 84' lang='lat' dir='ltr'><strong>ascensionem</strong></span> <span class='ocrx_word' id='word_1_222' title='bbox 1809 3130 2090 3185; x_wconf 89' lang='lat' dir='ltr'><strong>revertor</strong></span> <span class='ocrx_word' id='word_1_223' title='bbox 2137 3123 2214 3184; x_wconf 88' lang='lat' dir='ltr'><strong>ad</strong></span> <span class='ocrx_word' id='word_1_224' title='bbox 2274 3120 2383 3183; x_wconf 90' lang='lat' dir='ltr'><strong>Pa-</strong></span> 
     </span>
     <span class='ocr_line' id='line_1_39' title="bbox 890 3219 2381 3303; baseline -0.001 -20"><span class='ocrx_word' id='word_1_225' title='bbox 890 3229 1076 3295; x_wconf 89' lang='lat' dir='ltr'><strong>trem,</strong></span> <span class='ocrx_word' id='word_1_226' title='bbox 1112 3222 1465 3283; x_wconf 90' lang='lat' dir='ltr'><strong>secundum</strong></span> <span class='ocrx_word' id='word_1_227' title='bbox 1500 3228 1787 3282; x_wconf 89' lang='lat' dir='ltr'><strong>naturam</strong></span> <span class='ocrx_word' id='word_1_228' title='bbox 1817 3227 2236 3303; x_wconf 78' lang='lat' dir='ltr'><strong>assumptam,</strong></span> <span class='ocrx_word' id='word_1_229' title='bbox 2279 3219 2381 3282; x_wconf 90' lang='lat' dir='ltr'><strong>cui</strong></span> 
     </span>
     <span class='ocr_line' id='line_1_40' title="bbox 891 3319 2379 3403; baseline -0.003 -20"><span class='ocrx_word' id='word_1_230' title='bbox 891 3320 1196 3403; x_wconf 89' lang='lat' dir='ltr'><strong>competit</strong></span> <span class='ocrx_word' id='word_1_231' title='bbox 1227 3320 1318 3382; x_wconf 92' lang='lat' dir='ltr'><strong>ire</strong></span> <span class='ocrx_word' id='word_1_232' title='bbox 1347 3327 1538 3401; x_wconf 89' lang='lat' dir='ltr'><strong>atque</strong></span> <span class='ocrx_word' id='word_1_233' title='bbox 1571 3319 1810 3399; x_wconf 88' lang='lat' dir='ltr'><strong>redire;</strong></span> <span class='ocrx_word' id='word_1_234' title='bbox 1841 3328 1901 3379; x_wconf 78' lang='lat' dir='ltr'><strong>et</strong></span> <span class='ocrx_word' id='word_1_235' title='bbox 1929 3321 2229 3400; x_wconf 78' lang='lat' dir='ltr'><strong>quoeretis</strong></span> <span class='ocrx_word' id='word_1_236' title='bbox 2260 3339 2379 3391; x_wconf 85' lang='lat' dir='ltr'><strong>me,</strong></span> 
     </span>
     <span class='ocr_line' id='line_1_41' title="bbox 891 3416 2387 3501; baseline -0.001 -20"><span class='ocrx_word' id='word_1_237' title='bbox 891 3419 956 3481; x_wconf 91' lang='lat' dir='ltr'><strong>id</strong></span> <span class='ocrx_word' id='word_1_238' title='bbox 997 3426 1112 3494; x_wconf 90' lang='lat' dir='ltr'><strong>est,</strong></span> <span class='ocrx_word' id='word_1_239' title='bbox 1147 3436 1314 3501; x_wconf 83' lang='lat' dir='ltr'><strong>saepe</strong></span> <span class='ocrx_word' id='word_1_240' title='bbox 1359 3426 1506 3480; x_wconf 90' lang='lat' dir='ltr'><strong>ante</strong></span> <span class='ocrx_word' id='word_1_241' title='bbox 1553 3426 1806 3499; x_wconf 90' lang='lat' dir='ltr'><strong>tempus</strong></span> <span class='ocrx_word' id='word_1_242' title='bbox 1857 3416 2134 3499; x_wconf 88' lang='lat' dir='ltr'><strong>passioni</strong></span> <span class='ocrx_word' id='word_1_243' title='bbox 2177 3416 2387 3498; x_wconf 78' lang='lat' dir='ltr'><strong>praefi-</strong></span> 
     </span>
     <span class='ocr_line' id='line_1_42' title="bbox 893 3515 2380 3598; baseline -0.001 -20"><span class='ocrx_word' id='word_1_244' title='bbox 893 3536 1044 3580; x_wconf 88' lang='lat' dir='ltr'><strong>xum</strong></span> <span class='ocrx_word' id='word_1_245' title='bbox 1074 3516 1372 3598; x_wconf 71' lang='lat' dir='ltr'><strong>quaere‘tis</strong></span> <span class='ocrx_word' id='word_1_246' title='bbox 1404 3534 1506 3578; x_wconf 92' lang='lat' dir='ltr'><strong>me</strong></span> <span class='ocrx_word' id='word_1_247' title='bbox 1535 3533 1760 3598; x_wconf 85' lang='lat' dir='ltr'><strong>capere</strong></span> <span class='ocrx_word' id='word_1_248' title='bbox 1802 3523 1865 3577; x_wconf 90' lang='lat' dir='ltr'><strong>et</strong></span> <span class='ocrx_word' id='word_1_249' title='bbox 1900 3515 2211 3578; x_wconf 86' lang='lat' dir='ltr'><strong>occidere.</strong></span> <span class='ocrx_word' id='word_1_250' title='bbox 2246 3515 2380 3591; x_wconf 88' lang='lat' dir='ltr'><strong>Vel,</strong></span> 
     </span>
     <span class='ocr_line' id='line_1_43' title="bbox 887 3610 2383 3688; baseline 0 -14"><span class='ocrx_word' id='word_1_251' title='bbox 887 3611 1188 3686; x_wconf 78' lang='lat' dir='ltr'><strong>Quaeretis</strong></span> <span class='ocrx_word' id='word_1_252' title='bbox 1221 3612 1424 3688; x_wconf 82' lang='lat' dir='ltr'><strong>me,id</strong></span> <span class='ocrx_word' id='word_1_253' title='bbox 1454 3620 1562 3685; x_wconf 82' lang='lat' dir='ltr'><strong>est,</strong></span> <span class='ocrx_word' id='word_1_254' title='bbox 1584 3629 1814 3675; x_wconf 90' lang='lat' dir='ltr'><strong>nomen</strong></span> <span class='ocrx_word' id='word_1_255' title='bbox 1848 3629 2061 3673; x_wconf 90' lang='lat' dir='ltr'><strong>meum</strong></span> <span class='ocrx_word' id='word_1_256' title='bbox 2094 3620 2156 3673; x_wconf 89' lang='lat' dir='ltr'><strong>et</strong></span> <span class='ocrx_word' id='word_1_257' title='bbox 2189 3610 2383 3675; x_wconf 80' lang='lat' dir='ltr'><strong>fidem</strong></span> 
     </span>
     <span class='ocr_line' id='line_1_44' title="bbox 888 3711 2387 3794; baseline -0.001 -19"><span class='ocrx_word' id='word_1_258' title='bbox 888 3712 1296 3775; x_wconf 88' lang='lat' dir='ltr'><strong>christianam</strong></span> <span class='ocrx_word' id='word_1_259' title='bbox 1345 3712 1644 3794; x_wconf 68' lang='lat' dir='ltr'><strong>quaeretis</strong></span> <span class='ocrx_word' id='word_1_260' title='bbox 1687 3711 2112 3791; x_wconf 83' lang='lat' dir='ltr'><strong>exstinguere,</strong></span> <span class='ocrx_word' id='word_1_261' title='bbox 2166 3728 2387 3773; x_wconf 89' lang='lat' dir='ltr'><strong>secun-</strong></span> 
     </span>
     <span class='ocr_line' id='line_1_45' title="bbox 889 3809 2388 3893; baseline -0.002 -20"><span class='ocrx_word' id='word_1_262' title='bbox 889 3812 1042 3873; x_wconf 90' lang='lat' dir='ltr'><strong>dum</strong></span> <span class='ocrx_word' id='word_1_263' title='bbox 1093 3813 1261 3893; x_wconf 92' lang='lat' dir='ltr'><strong>quod</strong></span> <span class='ocrx_word' id='word_1_264' title='bbox 1313 3812 1555 3877; x_wconf 87' lang='lat' dir='ltr'><strong>dictum</strong></span> <span class='ocrx_word' id='word_1_265' title='bbox 1601 3818 1697 3872; x_wconf 90' lang='lat' dir='ltr'><strong>est</strong></span> <span class='ocrx_word' id='word_1_266' title='bbox 1739 3828 1774 3871; x_wconf 89' lang='lat' dir='ltr'><strong>a</strong></span> <span class='ocrx_word' id='word_1_267' title='bbox 1811 3809 2080 3871; x_wconf 85' lang='lat' dir='ltr'><strong>Jeremia</strong></span> <span class='ocrx_word' id='word_1_268' title='bbox 2131 3810 2194 3871; x_wconf 92' lang='lat' dir='ltr'><strong>in</strong></span> <span class='ocrx_word' id='word_1_269' title='bbox 2250 3828 2388 3892; x_wconf 89' lang='lat' dir='ltr'><strong>per·</strong></span> 
     </span>
     <span class='ocr_line' id='line_1_46' title="bbox 889 3907 2388 3972; baseline 0 -2"><span class='ocrx_word' id='word_1_270' title='bbox 889 3927 1043 3972; x_wconf 90' lang='lat' dir='ltr'><strong>sona</strong></span> <span class='ocrx_word' id='word_1_271' title='bbox 1087 3917 1341 3972; x_wconf 88' lang='lat' dir='ltr'><strong>vestra:</strong></span> <span class='ocrx_word' id='word_1_272' title='bbox 1375 3907 1721 3971; x_wconf 86' lang='lat' dir='ltr'><strong>Eradamus</strong></span> <span class='ocrx_word' id='word_1_273' title='bbox 1769 3924 1914 3969; x_wconf 91' lang='lat' dir='ltr'><strong>eum</strong></span> <span class='ocrx_word' id='word_1_274' title='bbox 1967 3908 2044 3970; x_wconf 92' lang='lat' dir='ltr'><strong>de</strong></span> <span class='ocrx_word' id='word_1_275' title='bbox 2087 3915 2251 3970; x_wconf 89' lang='lat' dir='ltr'><strong>terra</strong></span> <span class='ocrx_word' id='word_1_276' title='bbox 2296 3907 2388 3970; x_wconf 88' lang='lat' dir='ltr'><strong>vi-</strong></span> 
     </span>
     <span class='ocr_line' id='line_1_47' title="bbox 891 4005 2390 4087; baseline -0.002 -16"><span class='ocrx_word' id='word_1_277' title='bbox 891 4007 1200 4081; x_wconf 86' lang='lat' dir='ltr'><strong>ventium,</strong></span> <span class='ocrx_word' id='word_1_278' title='bbox 1243 4015 1306 4070; x_wconf 90' lang='lat' dir='ltr'><strong>et</strong></span> <span class='ocrx_word' id='word_1_279' title='bbox 1353 4025 1583 4069; x_wconf 91' lang='lat' dir='ltr'><strong>nomen</strong></span> <span class='ocrx_word' id='word_1_280' title='bbox 1633 4005 1774 4087; x_wconf 89' lang='lat' dir='ltr'><strong>ejus</strong></span> <span class='ocrx_word' id='word_1_281' title='bbox 1825 4024 1948 4069; x_wconf 92' lang='lat' dir='ltr'><strong>non</strong></span> <span class='ocrx_word' id='word_1_282' title='bbox 1999 4013 2390 4069; x_wconf 87' lang='lat' dir='ltr'><strong>memoretur</strong></span> 
     </span>
    </p>
   </div>
   <div class='ocr_carea' id='block_1_18' title="bbox 2489 3022 3993 3600">
    <p class='ocr_par' dir='ltr' id='par_1_18' title="bbox 2489 3022 3993 3600">
     <span class='ocr_line' id='line_1_48' title="bbox 2496 3022 3993 3103; baseline 0.004 -20"><span class='ocrx_word' id='word_1_283' title='bbox 2496 3022 2956 3103; x_wconf 88' lang='lat' dir='ltr'><strong>persecutionis</strong></span> <span class='ocrx_word' id='word_1_284' title='bbox 3000 3023 3066 3085; x_wconf 89' lang='lat' dir='ltr'><strong>iu</strong></span> <span class='ocrx_word' id='word_1_285' title='bbox 3114 3042 3238 3099; x_wconf 92' lang='lat' dir='ltr'><strong>me,</strong></span> <span class='ocrx_word' id='word_1_286' title='bbox 3272 3024 3649 3088; x_wconf 87' lang='lat' dir='ltr'><strong>occidemini</strong></span> <span class='ocrx_word' id='word_1_287' title='bbox 3690 3046 3727 3087; x_wconf 89' lang='lat' dir='ltr'><strong>a</strong></span> <span class='ocrx_word' id='word_1_288' title='bbox 3766 3026 3993 3089; x_wconf 85' lang='lat' dir='ltr'><strong>Roma-</strong></span> 
     </span>
     <span class='ocr_line' id='line_1_49' title="bbox 2494 3120 3991 3206; baseline 0.004 -26"><span class='ocrx_word' id='word_1_289' title='bbox 2494 3120 2591 3181; x_wconf 89' lang='lat' dir='ltr'><strong>nis</strong></span> <span class='ocrx_word' id='word_1_290' title='bbox 2629 3138 2642 3183; x_wconf 93' lang='lat'>:</span> <span class='ocrx_word' id='word_1_291' title='bbox 2690 3122 3225 3201; x_wconf 87' lang='lat' dir='ltr'><strong>quemadmodum</strong></span> <span class='ocrx_word' id='word_1_292' title='bbox 3273 3122 3512 3185; x_wconf 81' lang='lat' dir='ltr'><strong>factum</strong></span> <span class='ocrx_word' id='word_1_293' title='bbox 3558 3130 3655 3185; x_wconf 88' lang='lat' dir='ltr'><strong>est</strong></span> <span class='ocrx_word' id='word_1_294' title='bbox 3698 3132 3991 3206; x_wconf 80' lang='lat' dir='ltr'><strong>tempore</strong></span> 
     </span>
     <span class='ocr_line' id='line_1_50' title="bbox 2492 3218 3989 3306; baseline 0.003 -26"><span class='ocrx_word' id='word_1_295' title='bbox 2492 3218 2613 3281; x_wconf 83' lang='lat' dir='ltr'><strong>Titi</strong></span> <span class='ocrx_word' id='word_1_296' title='bbox 2652 3228 2716 3281; x_wconf 90' lang='lat' dir='ltr'><strong>et</strong></span> <span class='ocrx_word' id='word_1_297' title='bbox 2743 3219 3133 3302; x_wconf 83' lang='lat' dir='ltr'><strong>Vespasiani.</strong></span> <span class='ocrx_word' id='word_1_298' title='bbox 3170 3224 3304 3291; x_wconf 81' lang='lat' dir='ltr'><strong>Quo</strong></span> <span class='ocrx_word' id='word_1_299' title='bbox 3344 3242 3452 3300; x_wconf 71' lang='lat' dir='ltr'><strong>eqo</strong></span> <span class='ocrx_word' id='word_1_300' title='bbox 3492 3226 3684 3293; x_wconf 83' lang='lat' dir='ltr'><strong>vado,</strong></span> <span class='ocrx_word' id='word_1_301' title='bbox 3714 3231 3869 3306; x_wconf 89' lang='lat' dir='ltr'><strong>puta</strong></span> <span class='ocrx_word' id='word_1_302' title='bbox 3908 3225 3989 3285; x_wconf 86' lang='lat' dir='ltr'><strong>ad</strong></span> 
     </span>
     <span class='ocr_line' id='line_1_51' title="bbox 2493 3308 3988 3401; baseline 0.003 -22"><span class='ocrx_word' id='word_1_303' title='bbox 2493 3318 2760 3399; x_wconf 89' lang='lat' dir='ltr'><strong>patriam</strong></span> <span class='ocrx_word' id='word_1_304' title='bbox 2809 3308 3132 3401; x_wconf 72' lang='lat' dir='ltr'><strong>Patrisque</strong></span> <span class='ocrx_word' id='word_1_305' title='bbox 3180 3320 3524 3395; x_wconf 85' lang='lat' dir='ltr'><strong>dexteram,</strong></span> <span class='ocrx_word' id='word_1_306' title='bbox 3579 3340 3869 3384; x_wconf 88' lang='lat' dir='ltr'><strong>sessurus</strong></span> <span class='ocrx_word' id='word_1_307' title='bbox 3921 3323 3988 3385; x_wconf 93' lang='lat' dir='ltr'><strong>in</strong></span> 
     </span>
     <span class='ocr_line' id='line_1_52' title="bbox 2489 3417 3989 3499; baseline 0.004 -22"><span class='ocrx_word' id='word_1_308' title='bbox 2489 3418 2719 3481; x_wconf 86' lang='lat' dir='ltr'><strong>throno</strong></span> <span class='ocrx_word' id='word_1_309' title='bbox 2744 3417 2964 3499; x_wconf 66' lang='lat' dir='ltr'><strong>gloria</strong></span> <span class='ocrx_word' id='word_1_310' title='bbox 3001 3418 3160 3499; x_wconf 81' lang='lat' dir='ltr'><strong>ejuS,</strong></span> <span class='ocrx_word' id='word_1_311' title='bbox 3204 3440 3309 3480; x_wconf 78' lang='lat' dir='ltr'><strong>vos</strong></span> <span class='ocrx_word' id='word_1_312' title='bbox 3348 3440 3477 3481; x_wconf 81' lang='lat' dir='ltr'><strong>non</strong></span> <span class='ocrx_word' id='word_1_313' title='bbox 3507 3423 3769 3497; x_wconf 73' lang='lat' dir='ltr'><strong>potestis</strong></span> <span class='ocrx_word' id='word_1_314' title='bbox 3806 3425 3989 3483; x_wconf 79' lang='lat' dir='ltr'><strong>veni-</strong></span> 
     </span>
     <span class='ocr_line' id='line_1_53' title="bbox 2490 3518 3982 3600; baseline 0.003 -24"><span class='ocrx_word' id='word_1_315' title='bbox 2490 3536 2581 3588; x_wconf 87' lang='lat' dir='ltr'><strong>re,</strong></span> <span class='ocrx_word' id='word_1_316' title='bbox 2613 3518 2919 3598; x_wconf 89' lang='lat' dir='ltr'><strong>quamdiu</strong></span> <span class='ocrx_word' id='word_1_317' title='bbox 2950 3518 3101 3579; x_wconf 89' lang='lat' dir='ltr'><strong>estis</strong></span> <span class='ocrx_word' id='word_1_318' title='bbox 3142 3518 3297 3580; x_wconf 87' lang='lat' dir='ltr'><strong>tales</strong></span> <span class='ocrx_word' id='word_1_319' title='bbox 3334 3518 3555 3600; x_wconf 86' lang='lat' dir='ltr'><strong>quales</strong></span> <span class='ocrx_word' id='word_1_320' title='bbox 3596 3538 3765 3582; x_wconf 89' lang='lat' dir='ltr'><strong>nunc</strong></span> <span class='ocrx_word' id='word_1_321' title='bbox 3802 3520 3982 3583; x_wconf 82' lang='lat' dir='ltr'><strong>estis,</strong></span> 
     </span>
    </p>
   </div>
   <div class='ocr_carea' id='block_1_19' title="bbox 4028 1657 4215 1700">
    <p class='ocr_par' dir='ltr' id='par_1_19' title="bbox 4028 1657 4215 1700">
     <span class='ocr_line' id='line_1_54' title="bbox 4028 1657 4215 1700; baseline 0 -1"><span class='ocrx_word' id='word_1_322' title='bbox 4028 1657 4085 1699; x_wconf 71' lang='lat' dir='ltr'><strong>Is.</strong></span> <span class='ocrx_word' id='word_1_323' title='bbox 4106 1672 4173 1700; x_wconf 76' lang='lat' dir='ltr'><strong>uu.</strong></span> <span class='ocrx_word' id='word_1_324' title='bbox 4186 1661 4215 1699; x_wconf 68' lang='grc' dir='ltr'><strong>Τ.</strong></span> 
     </span>
    </p>
   </div>
   <div class='ocr_carea' id='block_1_20' title="bbox 2490 3615 4222 3699">
    <p class='ocr_par' dir='ltr' id='par_1_20' title="bbox 2490 3615 4222 3699">
     <span class='ocr_line' id='line_1_55' title="bbox 2490 3615 4222 3699; baseline -0.001 -23"><span class='ocrx_word' id='word_1_325' title='bbox 2490 3615 2747 3677; x_wconf 86' lang='lat' dir='ltr'><strong>Peccata</strong></span> <span class='ocrx_word' id='word_1_326' title='bbox 2786 3616 2960 3677; x_wconf 91' lang='lat' dir='ltr'><strong>enim</strong></span> <span class='ocrx_word' id='word_1_327' title='bbox 3009 3624 3216 3679; x_wconf 88' lang='lat' dir='ltr'><strong>vestra</strong></span> <span class='ocrx_word' id='word_1_328' title='bbox 3262 3625 3553 3699; x_wconf 86' lang='lat' dir='ltr'><strong>separant</strong></span> <span class='ocrx_word' id='word_1_329' title='bbox 3598 3618 3761 3680; x_wconf 89' lang='lat' dir='ltr'><strong>inter</strong></span> <span class='ocrx_word' id='word_1_330' title='bbox 3790 3619 3983 3680; x_wconf 88' lang='lat' dir='ltr'><strong>Deum</strong></span> <span class='ocrx_word' id='word_1_331' title='bbox 4054 3636 4105 3678; x_wconf 70' lang='grc' dir='ltr'><strong>ι..</strong></span> <span class='ocrx_word' id='word_1_332' title='bbox 4122 3636 4222 3677; x_wconf 57' lang='lat' dir='ltr'><strong>212.ae</strong></span> 
     </span>
    </p>
   </div>
   <div class='ocr_carea' id='block_1_21' title="bbox 2491 3714 3989 4089">
    <p class='ocr_par' dir='ltr' id='par_1_21' title="bbox 2491 3714 3981 3796">
     <span class='ocr_line' id='line_1_56' title="bbox 2491 3714 3981 3796; baseline 0.002 -21"><span class='ocrx_word' id='word_1_333' title='bbox 2491 3722 2555 3775; x_wconf 91' lang='lat' dir='ltr'><strong>et</strong></span> <span class='ocrx_word' id='word_1_334' title='bbox 2584 3733 2717 3789; x_wconf 83' lang='lat' dir='ltr'><strong>VOS,</strong></span> <span class='ocrx_word' id='word_1_335' title='bbox 2750 3722 2813 3776; x_wconf 86' lang='lat' dir='ltr'><strong>et</strong></span> <span class='ocrx_word' id='word_1_336' title='bbox 2851 3714 2989 3796; x_wconf 93' lang='lat' dir='ltr'><strong>ipsa</strong></span> <span class='ocrx_word' id='word_1_337' title='bbox 3034 3714 3377 3796; x_wconf 89' lang='lat' dir='ltr'><strong>prohibent</strong></span> <span class='ocrx_word' id='word_1_338' title='bbox 3413 3716 3655 3779; x_wconf 90' lang='lat' dir='ltr'><strong>bonum</strong></span> <span class='ocrx_word' id='word_1_339' title='bbox 3692 3736 3729 3778; x_wconf 94' lang='lat' dir='ltr'><strong>a</strong></span> <span class='ocrx_word' id='word_1_340' title='bbox 3772 3717 3981 3780; x_wconf 73' lang='lat' dir='ltr'><strong>vobiS.</strong></span> 
     </span>
    </p>

    <p class='ocr_par' dir='ltr' id='par_1_22' title="bbox 2492 3814 3989 4089">
     <span class='ocr_line' id='line_1_57' title="bbox 2573 3814 3987 3895; baseline 0.002 -21"><span class='ocrx_word' id='word_1_341' title='bbox 2573 3814 2884 3874; x_wconf 75' lang='lat' dir='ltr'><strong>Dicebant</strong></span> <span class='ocrx_word' id='word_1_342' title='bbox 2928 3833 3076 3891; x_wconf 70' lang='lat' dir='ltr'><strong>erqo</strong></span> <span class='ocrx_word' id='word_1_343' title='bbox 3104 3814 3323 3875; x_wconf 77' lang='lat' dir='ltr'><strong>Judoei</strong></span> <span class='ocrx_word' id='word_1_344' title='bbox 3350 3834 3373 3873; x_wconf 90' lang='lat'><strong>.·</strong></span> <span class='ocrx_word' id='word_1_345' title='bbox 3404 3816 3748 3895; x_wconf 80' lang='lat' dir='ltr'><strong>Numquid</strong></span> <span class='ocrx_word' id='word_1_346' title='bbox 3786 3818 3987 3877; x_wconf 79' lang='lat' dir='ltr'><strong>incer-</strong></span> 
     </span>
     <span class='ocr_line' id='line_1_58' title="bbox 2492 3914 3989 3993; baseline 0.004 -22"><span class='ocrx_word' id='word_1_347' title='bbox 2492 3914 2664 3989; x_wconf 76' lang='lat' dir='ltr'><strong>ficiet</strong></span> <span class='ocrx_word' id='word_1_348' title='bbox 2692 3914 3121 3989; x_wconf 71' lang='lat' dir='ltr'><strong>semetipsum,</strong></span> <span class='ocrx_word' id='word_1_349' title='bbox 3159 3914 3320 3993; x_wconf 79' lang='lat' dir='ltr'><strong>quia</strong></span> <span class='ocrx_word' id='word_1_350' title='bbox 3346 3915 3532 3985; x_wconf 77' lang='lat' dir='ltr'><strong>dicit,</strong></span> <span class='ocrx_word' id='word_1_351' title='bbox 3576 3917 3709 3983; x_wconf 82' lang='lat' dir='ltr'><strong>Quo</strong></span> <span class='ocrx_word' id='word_1_352' title='bbox 3735 3934 3845 3991; x_wconf 73' lang='lat' dir='ltr'><strong>eqo</strong></span> <span class='ocrx_word' id='word_1_353' title='bbox 3880 3938 3989 3977; x_wconf 83' lang='lat' dir='ltr'><strong>va-</strong></span> 
     </span>
     <span class='ocr_line' id='line_1_59' title="bbox 2494 4012 3987 4089; baseline 0.003 -18"><span class='ocrx_word' id='word_1_354' title='bbox 2494 4014 2598 4081; x_wconf 77' lang='lat' dir='ltr'><strong>de,</strong></span> <span class='ocrx_word' id='word_1_355' title='bbox 2650 4031 2777 4071; x_wconf 81' lang='lat' dir='ltr'><strong>vos·</strong></span> <span class='ocrx_word' id='word_1_356' title='bbox 2806 4031 2937 4073; x_wconf 79' lang='lat' dir='ltr'><strong>non</strong></span> <span class='ocrx_word' id='word_1_357' title='bbox 2979 4013 3239 4089; x_wconf 78' lang='lat' dir='ltr'><strong>potestis</strong></span> <span class='ocrx_word' id='word_1_358' title='bbox 3290 4014 3511 4073; x_wconf 81' lang='lat' dir='ltr'><strong>venire</strong></span> <span class='ocrx_word' id='word_1_359' title='bbox 3530 4015 3561 4073; x_wconf 84' lang='lat'><em>?</em></span> <span class='ocrx_word' id='word_1_360' title='bbox 3608 4012 3671 4075; x_wconf 86' lang='lat' dir='ltr'><strong>id</strong></span> <span class='ocrx_word' id='word_1_361' title='bbox 3714 4020 3830 4088; x_wconf 85' lang='lat' dir='ltr'><strong>est,</strong></span> <span class='ocrx_word' id='word_1_362' title='bbox 3856 4022 3987 4076; x_wconf 86' lang='lat' dir='ltr'><strong>tam</strong></span> 
     </span>
    </p>
   </div>
   <div class='ocr_carea' id='block_1_22' title="bbox 893 4104 3991 4193">
    <p class='ocr_par' dir='ltr' id='par_1_23' title="bbox 893 4104 3991 4193">
     <span class='ocr_line' id='line_1_60' title="bbox 893 4104 3991 4193; baseline 0.002 -26"><span class='ocrx_word' id='word_1_363' title='bbox 893 4107 1077 4167; x_wconf 89' lang='lat' dir='ltr'><strong>ultra.</strong></span> <span class='ocrx_word' id='word_1_364' title='bbox 1133 4105 1266 4179; x_wconf 87' lang='lat' dir='ltr'><strong>Vel,</strong></span> <span class='ocrx_word' id='word_1_365' title='bbox 1327 4104 1630 4179; x_wconf 76' lang='lat' dir='ltr'><strong>Quaeretis</strong></span> <span class='ocrx_word' id='word_1_366' title='bbox 1688 4122 1812 4177; x_wconf 89' lang='lat' dir='ltr'><strong>me,</strong></span> <span class='ocrx_word' id='word_1_367' title='bbox 1868 4104 1931 4167; x_wconf 91' lang='lat' dir='ltr'><strong>id</strong></span> <span class='ocrx_word' id='word_1_368' title='bbox 1991 4112 2106 4179; x_wconf 90' lang='lat' dir='ltr'><strong>est,</strong></span> <span class='ocrx_word' id='word_1_369' title='bbox 2162 4123 2263 4167; x_wconf 91' lang='lat' dir='ltr'><strong>me</strong></span> <span class='ocrx_word' id='word_1_370' title='bbox 2322 4106 2385 4167; x_wconf 91' lang='lat' dir='ltr'><strong>in</strong></span> <span class='ocrx_word' id='word_1_371' title='bbox 2423 4110 2467 4173; x_wconf 92' lang='lat' dir='ltr'>C</span> <span class='ocrx_word' id='word_1_372' title='bbox 2494 4109 2688 4171; x_wconf 88' lang='lat' dir='ltr'><strong>stulte</strong></span> <span class='ocrx_word' id='word_1_373' title='bbox 2728 4109 3033 4191; x_wconf 88' lang='lat' dir='ltr'><strong>loquitur,</strong></span> <span class='ocrx_word' id='word_1_374' title='bbox 3067 4116 3136 4171; x_wconf 91' lang='lat' dir='ltr'><strong>ut</strong></span> <span class='ocrx_word' id='word_1_375' title='bbox 3170 4109 3518 4172; x_wconf 85' lang='lat' dir='ltr'><strong>verisimile</strong></span> <span class='ocrx_word' id='word_1_376' title='bbox 3556 4112 3639 4173; x_wconf 83' lang='lat' dir='ltr'><strong>sit</strong></span> <span class='ocrx_word' id='word_1_377' title='bbox 3674 4113 3845 4193; x_wconf 91' lang='lat' dir='ltr'><strong>quod</strong></span> <span class='ocrx_word' id='word_1_378' title='bbox 3886 4132 3991 4176; x_wconf 88' lang='lat' dir='ltr'><strong>oc-</strong></span> 
     </span>
    </p>
   </div>
   <div class='ocr_carea' id='block_1_23' title="bbox 886 4202 2390 5275">
    <p class='ocr_par' dir='ltr' id='par_1_24' title="bbox 886 4202 2390 5275">
     <span class='ocr_line' id='line_1_61' title="bbox 890 4202 2389 4287; baseline 0 -21"><span class='ocrx_word' id='word_1_379' title='bbox 890 4204 1197 4267; x_wconf 87' lang='lat' dir='ltr'><strong>membris</strong></span> <span class='ocrx_word' id='word_1_380' title='bbox 1229 4206 1388 4267; x_wconf 89' lang='lat' dir='ltr'><strong>meis</strong></span> <span class='ocrx_word' id='word_1_381' title='bbox 1434 4204 1828 4287; x_wconf 85' lang='lat' dir='ltr'><strong>persecuturi</strong></span> <span class='ocrx_word' id='word_1_382' title='bbox 1871 4202 2023 4265; x_wconf 86' lang='lat' dir='ltr'><strong>estis</strong></span> <span class='ocrx_word' id='word_1_383' title='bbox 2061 4211 2204 4285; x_wconf 92' lang='lat' dir='ltr'><strong>post</strong></span> <span class='ocrx_word' id='word_1_384' title='bbox 2246 4223 2389 4285; x_wconf 90' lang='lat' dir='ltr'><strong>pas-</strong></span> 
     </span>
     <span class='ocr_line' id='line_1_62' title="bbox 893 4302 2387 4385; baseline 0 -20"><span class='ocrx_word' id='word_1_385' title='bbox 893 4303 1160 4379; x_wconf 91' lang='lat' dir='ltr'><strong>sionem,</strong></span> <span class='ocrx_word' id='word_1_386' title='bbox 1210 4303 1576 4366; x_wconf 89' lang='lat' dir='ltr'><strong>tribulando</strong></span> <span class='ocrx_word' id='word_1_387' title='bbox 1626 4302 1959 4385; x_wconf 88' lang='lat' dir='ltr'><strong>Apostolos</strong></span> <span class='ocrx_word' id='word_1_388' title='bbox 2016 4309 2387 4384; x_wconf 88' lang='lat' dir='ltr'><strong>ceterosque</strong></span> 
     </span>
     <span class='ocr_line' id='line_1_63' title="bbox 895 4400 2389 4485; baseline 0.001 -21"><span class='ocrx_word' id='word_1_389' title='bbox 895 4402 1236 4485; x_wconf 62' lang='lat' dir='ltr'><strong>primitiva)</strong></span> <span class='ocrx_word' id='word_1_390' title='bbox 1282 4401 1578 4464; x_wconf 81' lang='lat' dir='ltr'><strong>Ecclesiae</strong></span> <span class='ocrx_word' id='word_1_391' title='bbox 1624 4400 1822 4465; x_wconf 88' lang='lat' dir='ltr'><strong>filios.</strong></span> <span class='ocrx_word' id='word_1_392' title='bbox 1863 4400 2036 4463; x_wconf 90' lang='lat' dir='ltr'><strong>Unde</strong></span> <span class='ocrx_word' id='word_1_393' title='bbox 2085 4408 2147 4464; x_wconf 93' lang='lat' dir='ltr'><strong>et</strong></span> <span class='ocrx_word' id='word_1_394' title='bbox 2196 4400 2389 4465; x_wconf 86' lang='lat' dir='ltr'><strong>Paulo</strong></span> 
     </span>
     <span class='ocr_line' id='line_1_64' title="bbox 894 4498 2388 4584; baseline 0 -20"><span class='ocrx_word' id='word_1_395' title='bbox 894 4502 1300 4584; x_wconf 88' lang='lat' dir='ltr'><strong>persequenti</strong></span> <span class='ocrx_word' id='word_1_396' title='bbox 1349 4501 1596 4564; x_wconf 89' lang='lat' dir='ltr'><strong>locutus</strong></span> <span class='ocrx_word' id='word_1_397' title='bbox 1640 4508 1736 4563; x_wconf 91' lang='lat' dir='ltr'><strong>est</strong></span> <span class='ocrx_word' id='word_1_398' title='bbox 1775 4499 1953 4562; x_wconf 89' lang='lat' dir='ltr'><strong>Jesus</strong></span> <span class='ocrx_word' id='word_1_399' title='bbox 2008 4517 2021 4561; x_wconf 94' lang='lat'><strong>:</strong></span> <span class='ocrx_word' id='word_1_400' title='bbox 2075 4498 2235 4573; x_wconf 88' lang='lat' dir='ltr'><strong>Quid</strong></span> <span class='ocrx_word' id='word_1_401' title='bbox 2286 4520 2388 4564; x_wconf 91' lang='lat' dir='ltr'><strong>me</strong></span> 
     </span>
     <span class='ocr_line' id='line_1_65' title="bbox 891 4601 2389 4683; baseline -0.003 -20"><span class='ocrx_word' id='word_1_402' title='bbox 891 4601 1333 4683; x_wconf 68' lang='lat' dir='ltr'><strong>persequeris?</strong></span> <span class='ocrx_word' id='word_1_403' title='bbox 1376 4604 1458 4663; x_wconf 79' lang='lat' dir='ltr'><strong>Et</strong></span> <span class='ocrx_word' id='word_1_404' title='bbox 1499 4602 1570 4661; x_wconf 82' lang='lat' dir='ltr'><strong>in</strong></span> <span class='ocrx_word' id='word_1_405' title='bbox 1612 4609 1871 4677; x_wconf 76' lang='lat' dir='ltr'><strong>peccato</strong></span> <span class='ocrx_word' id='word_1_406' title='bbox 1917 4609 2121 4661; x_wconf 77' lang='lat' dir='ltr'><strong>vestro</strong></span> <span class='ocrx_word' id='word_1_407' title='bbox 2161 4602 2389 4661; x_wconf 83' lang='lat' dir='ltr'><strong>morie·</strong></span> 
     </span>
     <span class='ocr_line' id='line_1_66' title="bbox 889 4699 2387 4780; baseline -0.001 -18"><span class='ocrx_word' id='word_1_408' title='bbox 889 4702 1058 4762; x_wconf 77' lang='lat' dir='ltr'><strong>mini</strong></span> <span class='ocrx_word' id='word_1_409' title='bbox 1088 4699 1459 4773; x_wconf 77' lang='lat' dir='ltr'><strong>formaliter,</strong></span> <span class='ocrx_word' id='word_1_410' title='bbox 1491 4699 1556 4761; x_wconf 92' lang='lat' dir='ltr'><strong>id</strong></span> <span class='ocrx_word' id='word_1_411' title='bbox 1587 4705 1702 4773; x_wconf 90' lang='lat' dir='ltr'><strong>est,</strong></span> <span class='ocrx_word' id='word_1_412' title='bbox 1742 4706 2072 4780; x_wconf 87' lang='lat' dir='ltr'><strong>peccatum</strong></span> <span class='ocrx_word' id='word_1_413' title='bbox 2103 4706 2387 4762; x_wconf 84' lang='lat' dir='ltr'><strong>vestrum</strong></span> 
     </span>
     <span class='ocr_line' id='line_1_67' title="bbox 886 4797 2390 4879; baseline -0.001 -17"><span class='ocrx_word' id='word_1_414' title='bbox 886 4807 1105 4863; x_wconf 86' lang='lat' dir='ltr'><strong>contra</strong></span> <span class='ocrx_word' id='word_1_415' title='bbox 1143 4817 1245 4861; x_wconf 89' lang='lat' dir='ltr'><strong>me</strong></span> <span class='ocrx_word' id='word_1_416' title='bbox 1293 4798 1414 4861; x_wconf 87' lang='lat' dir='ltr'><strong>erit</strong></span> <span class='ocrx_word' id='word_1_417' title='bbox 1462 4817 1630 4862; x_wconf 89' lang='lat' dir='ltr'><strong>mors</strong></span> <span class='ocrx_word' id='word_1_418' title='bbox 1679 4797 1908 4860; x_wconf 83' lang='lat' dir='ltr'><strong>animae</strong></span> <span class='ocrx_word' id='word_1_419' title='bbox 1957 4804 2201 4872; x_wconf 82' lang='lat' dir='ltr'><strong>vestrae,</strong></span> <span class='ocrx_word' id='word_1_420' title='bbox 2235 4798 2390 4879; x_wconf 82' lang='lat' dir='ltr'><strong>quia</strong></span> 
     </span>
     <span class='ocr_line' id='line_1_68' title="bbox 886 4896 2381 4971; baseline -0.001 -10"><span class='ocrx_word' id='word_1_421' title='bbox 886 4898 1149 4962; x_wconf 84' lang='lat' dir='ltr'><strong>mortale</strong></span> <span class='ocrx_word' id='word_1_422' title='bbox 1180 4897 1315 4971; x_wconf 84' lang='lat' dir='ltr'><strong>ruit,</strong></span> <span class='ocrx_word' id='word_1_423' title='bbox 1349 4905 1410 4959; x_wconf 89' lang='lat' dir='ltr'><strong>et</strong></span> <span class='ocrx_word' id='word_1_424' title='bbox 1441 4916 1628 4959; x_wconf 85' lang='lat' dir='ltr'><strong>causa</strong></span> <span class='ocrx_word' id='word_1_425' title='bbox 1670 4896 2094 4959; x_wconf 85' lang='lat' dir='ltr'><strong>damnationis</strong></span> <span class='ocrx_word' id='word_1_426' title='bbox 2136 4904 2381 4960; x_wconf 83' lang='lat' dir='ltr'><strong>vestrae.</strong></span> 
     </span>
     <span class='ocr_line' id='line_1_69' title="bbox 886 4994 2386 5078; baseline -0.001 -19"><span class='ocrx_word' id='word_1_427' title='bbox 886 4997 1021 5071; x_wconf 88' lang='lat' dir='ltr'><strong>Vel,</strong></span> <span class='ocrx_word' id='word_1_428' title='bbox 1071 4997 1141 5059; x_wconf 90' lang='lat' dir='ltr'><strong>ln</strong></span> <span class='ocrx_word' id='word_1_429' title='bbox 1200 5003 1457 5078; x_wconf 88' lang='lat' dir='ltr'><strong>peccato</strong></span> <span class='ocrx_word' id='word_1_430' title='bbox 1505 5002 1714 5059; x_wconf 87' lang='lat' dir='ltr'><strong>vestro</strong></span> <span class='ocrx_word' id='word_1_431' title='bbox 1758 4994 2124 5057; x_wconf 89' lang='lat' dir='ltr'><strong>moriemini</strong></span> <span class='ocrx_word' id='word_1_432' title='bbox 2184 5004 2386 5059; x_wconf 91' lang='lat' dir='ltr'><strong>morte</strong></span> 
     </span>
     <span class='ocr_line' id='line_1_70' title="bbox 887 5092 2387 5177; baseline -0.001 -18"><span class='ocrx_word' id='word_1_433' title='bbox 887 5095 1222 5177; x_wconf 89' lang='lat' dir='ltr'><strong>corporali,</strong></span> <span class='ocrx_word' id='word_1_434' title='bbox 1257 5095 1320 5157; x_wconf 93' lang='lat' dir='ltr'><strong>id</strong></span> <span class='ocrx_word' id='word_1_435' title='bbox 1359 5103 1475 5168; x_wconf 90' lang='lat' dir='ltr'><strong>est,</strong></span> <span class='ocrx_word' id='word_1_436' title='bbox 1511 5112 1714 5175; x_wconf 91' lang='lat' dir='ltr'><strong>usque</strong></span> <span class='ocrx_word' id='word_1_437' title='bbox 1755 5094 1820 5155; x_wconf 92' lang='lat' dir='ltr'><strong>in</strong></span> <span class='ocrx_word' id='word_1_438' title='bbox 1852 5092 2052 5155; x_wconf 85' lang='lat' dir='ltr'><strong>finem</strong></span> <span class='ocrx_word' id='word_1_439' title='bbox 2095 5112 2387 5175; x_wconf 88' lang='lat' dir='ltr'><strong>perseve-</strong></span> 
     </span>
     <span class='ocr_line' id='line_1_71' title="bbox 890 5192 2382 5275; baseline -0.001 -20"><span class='ocrx_word' id='word_1_440' title='bbox 890 5193 1110 5257; x_wconf 83' lang='lat' dir='ltr'><strong>rabitis</strong></span> <span class='ocrx_word' id='word_1_441' title='bbox 1163 5194 1228 5255; x_wconf 91' lang='lat' dir='ltr'><strong>in</strong></span> <span class='ocrx_word' id='word_1_442' title='bbox 1284 5192 1556 5275; x_wconf 84' lang='lat' dir='ltr'><strong>peccatis</strong></span> <span class='ocrx_word' id='word_1_443' title='bbox 1614 5199 1917 5273; x_wconf 88' lang='lat' dir='ltr'><strong>tanquam</strong></span> <span class='ocrx_word' id='word_1_444' title='bbox 1977 5192 2256 5253; x_wconf 90' lang='lat' dir='ltr'><strong>indurati</strong></span> <span class='ocrx_word' id='word_1_445' title='bbox 2316 5192 2382 5254; x_wconf 92' lang='lat' dir='ltr'><strong>in</strong></span> 
     </span>
    </p>
   </div>
   <div class='ocr_carea' id='block_1_24' title="bbox 2495 4206 3991 5272">
    <p class='ocr_par' dir='ltr' id='par_1_25' title="bbox 2495 4206 3991 4883">
     <span class='ocr_line' id='line_1_72' title="bbox 2495 4206 3987 4292; baseline 0.002 -22"><span class='ocrx_word' id='word_1_446' title='bbox 2495 4208 2662 4271; x_wconf 90' lang='lat' dir='ltr'><strong>cidet</strong></span> <span class='ocrx_word' id='word_1_447' title='bbox 2710 4225 2777 4270; x_wconf 90' lang='lat' dir='ltr'><strong>se</strong></span> <span class='ocrx_word' id='word_1_448' title='bbox 2822 4208 3055 4289; x_wconf 89' lang='lat' dir='ltr'><strong>ipsum.</strong></span> <span class='ocrx_word' id='word_1_449' title='bbox 3112 4206 3267 4271; x_wconf 83' lang='lat' dir='ltr'><strong>Ecce</strong></span> <span class='ocrx_word' id='word_1_450' title='bbox 3315 4216 3551 4290; x_wconf 88' lang='lat' dir='ltr'><strong>quanta</strong></span> <span class='ocrx_word' id='word_1_451' title='bbox 3606 4212 3987 4292; x_wconf 84' lang='lat' dir='ltr'><strong>perversitas</strong></span> 
     </span>
     <span class='ocr_line' id='line_1_73' title="bbox 2496 4304 3991 4391; baseline 0.003 -24"><span class='ocrx_word' id='word_1_452' title='bbox 2496 4315 2685 4386; x_wconf 90' lang='lat' dir='ltr'><strong>atque</strong></span> <span class='ocrx_word' id='word_1_453' title='bbox 2745 4306 3008 4368; x_wconf 89' lang='lat' dir='ltr'><strong>insania.</strong></span> <span class='ocrx_word' id='word_1_454' title='bbox 3069 4304 3231 4379; x_wconf 88' lang='lat' dir='ltr'><strong>Quid</strong></span> <span class='ocrx_word' id='word_1_455' title='bbox 3286 4306 3461 4370; x_wconf 89' lang='lat' dir='ltr'><strong>enim</strong></span> <span class='ocrx_word' id='word_1_456' title='bbox 3521 4310 3991 4391; x_wconf 66' lang='lat' dir='ltr'><strong>consequentiae</strong></span> 
     </span>
     <span class='ocr_line' id='line_1_74' title="bbox 2498 4404 3987 4489; baseline 0.002 -23"><span class='ocrx_word' id='word_1_457' title='bbox 2498 4404 2706 4478; x_wconf 87' lang='lat' dir='ltr'><strong>habet,</strong></span> <span class='ocrx_word' id='word_1_458' title='bbox 2746 4404 2923 4467; x_wconf 89' lang='lat' dir='ltr'><strong>Vadit</strong></span> <span class='ocrx_word' id='word_1_459' title='bbox 2960 4423 3090 4487; x_wconf 94' lang='lat' dir='ltr'><strong>quo</strong></span> <span class='ocrx_word' id='word_1_460' title='bbox 3130 4424 3245 4469; x_wconf 90' lang='lat' dir='ltr'><strong>nos</strong></span> <span class='ocrx_word' id='word_1_461' title='bbox 3288 4425 3413 4468; x_wconf 91' lang='lat' dir='ltr'><strong>non</strong></span> <span class='ocrx_word' id='word_1_462' title='bbox 3461 4424 3800 4489; x_wconf 88' lang='lat' dir='ltr'><strong>possumus</strong></span> <span class='ocrx_word' id='word_1_463' title='bbox 3837 4425 3987 4470; x_wconf 88' lang='lat' dir='ltr'><strong>eum</strong></span> 
     </span>
     <span class='ocr_line' id='line_1_75' title="bbox 2497 4502 3987 4584; baseline 0.003 -20"><span class='ocrx_word' id='word_1_464' title='bbox 2497 4503 2702 4584; x_wconf 90' lang='lat' dir='ltr'><strong>sequi,</strong></span> <span class='ocrx_word' id='word_1_465' title='bbox 2737 4521 2885 4584; x_wconf 85' lang='lat' dir='ltr'><strong>ergo</strong></span> <span class='ocrx_word' id='word_1_466' title='bbox 2919 4502 3263 4566; x_wconf 85' lang='lat' dir='ltr'><strong>interficiet</strong></span> <span class='ocrx_word' id='word_1_467' title='bbox 3294 4507 3393 4565; x_wconf 70' lang='lat' dir='ltr'><strong>se?</strong></span> <span class='ocrx_word' id='word_1_468' title='bbox 3430 4505 3560 4568; x_wconf 93' lang='lat' dir='ltr'><strong>lmo</strong></span> <span class='ocrx_word' id='word_1_469' title='bbox 3600 4505 3987 4569; x_wconf 82' lang='lat' dir='ltr'><strong>interficien-</strong></span> 
     </span>
     <span class='ocr_line' id='line_1_76' title="bbox 2497 4602 3982 4688; baseline 0.002 -24"><span class='ocrx_word' id='word_1_470' title='bbox 2497 4609 2623 4664; x_wconf 91' lang='lat' dir='ltr'><strong>tem</strong></span> <span class='ocrx_word' id='word_1_471' title='bbox 2656 4620 2723 4665; x_wconf 92' lang='lat' dir='ltr'><strong>se</strong></span> <span class='ocrx_word' id='word_1_472' title='bbox 2760 4610 3049 4684; x_wconf 86' lang='lat' dir='ltr'><strong>poterant</strong></span> <span class='ocrx_word' id='word_1_473' title='bbox 3079 4604 3283 4685; x_wconf 89' lang='lat' dir='ltr'><strong>sequi,</strong></span> <span class='ocrx_word' id='word_1_474' title='bbox 3309 4602 3641 4667; x_wconf 86' lang='lat' dir='ltr'><strong>inferendo</strong></span> <span class='ocrx_word' id='word_1_475' title='bbox 3670 4604 3794 4667; x_wconf 87' lang='lat' dir='ltr'><strong>sibi</strong></span> <span class='ocrx_word' id='word_1_476' title='bbox 3824 4606 3982 4688; x_wconf 89' lang='lat' dir='ltr'><strong>ipsis</strong></span> 
     </span>
     <span class='ocr_line' id='line_1_77' title="bbox 2496 4699 3980 4767; baseline 0.003 -5"><span class='ocrx_word' id='word_1_477' title='bbox 2496 4709 2763 4763; x_wconf 89' lang='lat' dir='ltr'><strong>mortem</strong></span> <span class='ocrx_word' id='word_1_478' title='bbox 2810 4699 3139 4763; x_wconf 81' lang='lat' dir='ltr'><strong>nefariam.</strong></span> <span class='ocrx_word' id='word_1_479' title='bbox 3175 4701 3515 4765; x_wconf 89' lang='lat' dir='ltr'><strong>Passionati</strong></span> <span class='ocrx_word' id='word_1_480' title='bbox 3558 4703 3731 4766; x_wconf 90' lang='lat' dir='ltr'><strong>enim</strong></span> <span class='ocrx_word' id='word_1_481' title='bbox 3770 4714 3834 4767; x_wconf 85' lang='lat' dir='ltr'><strong>et</strong></span> <span class='ocrx_word' id='word_1_482' title='bbox 3882 4705 3980 4767; x_wconf 89' lang='lat' dir='ltr'><strong>in-</strong></span> 
     </span>
     <span class='ocr_line' id='line_1_78' title="bbox 2496 4799 3777 4883; baseline -0.001 -19"><span class='ocrx_word' id='word_1_483' title='bbox 2496 4800 2624 4864; x_wconf 89' lang='lat' dir='ltr'><strong>vidi</strong></span> <span class='ocrx_word' id='word_1_484' title='bbox 2668 4799 2882 4863; x_wconf 90' lang='lat' dir='ltr'><strong>omnia</strong></span> <span class='ocrx_word' id='word_1_485' title='bbox 2923 4800 3420 4882; x_wconf 86' lang='lat' dir='ltr'><strong>interpretantur</strong></span> <span class='ocrx_word' id='word_1_486' title='bbox 3461 4801 3527 4863; x_wconf 94' lang='lat' dir='ltr'><strong>in</strong></span> <span class='ocrx_word' id='word_1_487' title='bbox 3570 4802 3777 4883; x_wconf 82' lang='lat' dir='ltr'><strong>pejus,</strong></span> 
     </span>
    </p>

    <p class='ocr_par' dir='ltr' id='par_1_26' title="bbox 2495 4901 3983 5272">
     <span class='ocr_line' id='line_1_79' title="bbox 2574 4901 3979 4982; baseline 0.004 -23"><span class='ocrx_word' id='word_1_488' title='bbox 2574 4902 2659 4959; x_wconf 77' lang='lat' dir='ltr'><strong>Ec</strong></span> <span class='ocrx_word' id='word_1_489' title='bbox 2699 4901 2949 4959; x_wconf 80' lang='lat' dir='ltr'><strong>dicebat</strong></span> <span class='ocrx_word' id='word_1_490' title='bbox 2998 4901 3090 4959; x_wconf 85' lang='lat' dir='ltr'><strong>eis</strong></span> <span class='ocrx_word' id='word_1_491' title='bbox 3117 4920 3144 4982; x_wconf 78' lang='lat'><strong>.·&#39;</strong></span> <span class='ocrx_word' id='word_1_492' title='bbox 3192 4901 3303 4961; x_wconf 77' lang='lat' dir='ltr'><strong>Vos</strong></span> <span class='ocrx_word' id='word_1_493' title='bbox 3348 4902 3649 4962; x_wconf 80' lang='lat' dir='ltr'><strong>deorsum</strong></span> <span class='ocrx_word' id='word_1_494' title='bbox 3695 4903 3867 4975; x_wconf 74' lang='grc' dir='ltr'><strong><em>εειίε,</em></strong></span> <span class='ocrx_word' id='word_1_495' title='bbox 3912 4902 3979 4964; x_wconf 93' lang='lat' dir='ltr'><strong>id</strong></span> 
     </span>
     <span class='ocr_line' id='line_1_80' title="bbox 2495 4997 3979 5079; baseline 0.003 -22"><span class='ocrx_word' id='word_1_496' title='bbox 2495 5004 2590 5058; x_wconf 92' lang='lat' dir='ltr'><strong>est</strong></span> <span class='ocrx_word' id='word_1_497' title='bbox 2627 4997 2704 5058; x_wconf 92' lang='lat' dir='ltr'><strong>de</strong></span> <span class='ocrx_word' id='word_1_498' title='bbox 2742 5016 2947 5058; x_wconf 87' lang='lat' dir='ltr'><strong>massa</strong></span> <span class='ocrx_word' id='word_1_499' title='bbox 2982 4997 3272 5078; x_wconf 82' lang='lat' dir='ltr'><strong>originali</strong></span> <span class='ocrx_word' id='word_1_500' title='bbox 3316 5006 3571 5079; x_wconf 88' lang='lat' dir='ltr'><strong>peccato</strong></span> <span class='ocrx_word' id='word_1_501' title='bbox 3611 4998 3865 5074; x_wconf 77' lang='lat' dir='ltr'><strong>infecta,</strong></span> <span class='ocrx_word' id='word_1_502' title='bbox 3901 5002 3979 5062; x_wconf 90' lang='lat' dir='ltr'><strong>de</strong></span> 
     </span>
     <span class='ocr_line' id='line_1_81' title="bbox 2495 5095 3983 5171; baseline 0.004 -15"><span class='ocrx_word' id='word_1_503' title='bbox 2495 5096 2737 5157; x_wconf 85' lang='lat' dir='ltr'><strong>semine</strong></span> <span class='ocrx_word' id='word_1_504' title='bbox 2767 5095 3129 5171; x_wconf 90' lang='lat' dir='ltr'><strong>libidinoso,</strong></span> <span class='ocrx_word' id='word_1_505' title='bbox 3162 5098 3240 5158; x_wconf 93' lang='lat' dir='ltr'><strong>de</strong></span> <span class='ocrx_word' id='word_1_506' title='bbox 3269 5098 3747 5161; x_wconf 87' lang='lat' dir='ltr'><strong>conversatione</strong></span> <span class='ocrx_word' id='word_1_507' title='bbox 3788 5107 3983 5161; x_wconf 90' lang='lat' dir='ltr'><strong>terre-</strong></span> 
     </span>
     <span class='ocr_line' id='line_1_82' title="bbox 2495 5192 3981 5272; baseline 0.003 -17"><span class='ocrx_word' id='word_1_508' title='bbox 2495 5213 2596 5269; x_wconf 88' lang='lat' dir='ltr'><strong>na,</strong></span> <span class='ocrx_word' id='word_1_509' title='bbox 2630 5202 2693 5257; x_wconf 87' lang='lat' dir='ltr'><strong>et</strong></span> <span class='ocrx_word' id='word_1_510' title='bbox 2733 5192 2975 5256; x_wconf 81' lang='lat' dir='ltr'><strong>infimis</strong></span> <span class='ocrx_word' id='word_1_511' title='bbox 3012 5196 3203 5257; x_wconf 91' lang='lat' dir='ltr'><strong>rebus</strong></span> <span class='ocrx_word' id='word_1_512' title='bbox 3243 5196 3585 5259; x_wconf 81' lang='lat' dir='ltr'><strong>inhaeretis.</strong></span> <span class='ocrx_word' id='word_1_513' title='bbox 3628 5196 3760 5272; x_wconf 84' lang='lat' dir='ltr'><strong>Vel,</strong></span> <span class='ocrx_word' id='word_1_514' title='bbox 3798 5198 3981 5262; x_wconf 79' lang='lat' dir='ltr'><strong>Deor-</strong></span> 
     </span>
    </p>
   </div>
   <div class='ocr_carea' id='block_1_25' title="bbox 889 5290 3980 5381">
    <p class='ocr_par' dir='ltr' id='par_1_27' title="bbox 889 5290 3980 5381">
     <span class='ocr_line' id='line_1_83' title="bbox 889 5290 3980 5381; baseline 0.002 -26"><span class='ocrx_word' id='word_1_515' title='bbox 889 5292 1076 5355; x_wconf 90' lang='lat' dir='ltr'><strong>ma10.</strong></span> <span class='ocrx_word' id='word_1_516' title='bbox 1116 5292 1250 5368; x_wconf 91' lang='lat' dir='ltr'><strong>Vel,</strong></span> <span class='ocrx_word' id='word_1_517' title='bbox 1303 5292 1370 5354; x_wconf 91' lang='lat' dir='ltr'><strong>ln</strong></span> <span class='ocrx_word' id='word_1_518' title='bbox 1419 5298 1676 5373; x_wconf 86' lang='lat' dir='ltr'><strong>peccato</strong></span> <span class='ocrx_word' id='word_1_519' title='bbox 1722 5297 1932 5354; x_wconf 87' lang='lat' dir='ltr'><strong>vestro</strong></span> <span class='ocrx_word' id='word_1_520' title='bbox 1980 5290 2380 5367; x_wconf 89' lang='lat' dir='ltr'><strong>moriemini,</strong></span> <span class='ocrx_word' id='word_1_521' title='bbox 2418 5292 2469 5354; x_wconf 92' lang='lat' dir='ltr'>D</span> <span class='ocrx_word' id='word_1_522' title='bbox 2495 5312 2635 5355; x_wconf 91' lang='lat' dir='ltr'><strong>sum</strong></span> <span class='ocrx_word' id='word_1_523' title='bbox 2676 5294 2848 5368; x_wconf 78' lang='lat' dir='ltr'><strong>estiS,</strong></span> <span class='ocrx_word' id='word_1_524' title='bbox 2882 5293 2945 5356; x_wconf 91' lang='lat' dir='ltr'><strong>id</strong></span> <span class='ocrx_word' id='word_1_525' title='bbox 2988 5301 3085 5356; x_wconf 91' lang='lat' dir='ltr'><strong>est</strong></span> <span class='ocrx_word' id='word_1_526' title='bbox 3120 5311 3197 5357; x_wconf 84' lang='lat' dir='ltr'><strong>ex</strong></span> <span class='ocrx_word' id='word_1_527' title='bbox 3236 5294 3487 5359; x_wconf 84' lang='lat' dir='ltr'><strong>diabolo</strong></span> <span class='ocrx_word' id='word_1_528' title='bbox 3516 5295 3666 5371; x_wconf 89' lang='lat' dir='ltr'><strong>nati,</strong></span> <span class='ocrx_word' id='word_1_529' title='bbox 3704 5314 3835 5361; x_wconf 91' lang='lat' dir='ltr'><strong>non</strong></span> <span class='ocrx_word' id='word_1_530' title='bbox 3864 5316 3980 5381; x_wconf 90' lang='lat' dir='ltr'><strong>per</strong></span> 
     </span>
    </p>
   </div>
   <div class='ocr_carea' id='block_1_26' title="bbox 4012 3698 4211 3742">
    <p class='ocr_par' dir='ltr' id='par_1_28' title="bbox 4012 3698 4211 3742">
     <span class='ocr_line' id='line_1_84' title="bbox 4012 3698 4211 3742; baseline 0.01 -2"><span class='ocrx_word' id='word_1_531' title='bbox 4012 3698 4097 3741; x_wconf 78' lang='lat' dir='ltr'><strong>Jer.</strong></span> <span class='ocrx_word' id='word_1_532' title='bbox 4116 3712 4149 3742; x_wconf 66' lang='lat' dir='ltr'><strong>v.</strong></span> <span class='ocrx_word' id='word_1_533' title='bbox 4164 3700 4211 3738; x_wconf 73' lang='lat'><strong>23·</strong></span> 
     </span>
    </p>
   </div>
   <div class='ocr_carea' id='block_1_27' title="bbox 4098 4910 4155 4964">
    <p class='ocr_par' dir='ltr' id='par_1_29' title="bbox 4098 4910 4155 4964">
     <span class='ocr_line' id='line_1_85' title="bbox 4098 4910 4155 4964; baseline 0 0"><span class='ocrx_word' id='word_1_534' title='bbox 4098 4910 4155 4964; x_wconf 75' lang='lat'><strong>23</strong></span> 
     </span>
    </p>
   </div>
   <div class='ocr_carea' id='block_1_28' title="bbox 4252 0 4271 6236">
    <p class='ocr_par' dir='ltr' id='par_1_30' title="bbox 4252 0 4271 6236">
     <span class='ocr_line' id='line_1_86' title="bbox 4252 0 4271 6236; baseline 0 0"><span class='ocrx_word' id='word_1_535' title='bbox 4252 0 4271 6236; x_wconf 95' lang='lat' dir='ltr'><strong> </strong></span> 
     </span>
    </p>
   </div>
  </div>
 </body>
</html>
