4300 6259
591 1787 847 1838 Genaustt.

891 497 1013 562 500

1665 513 2012 560 manuario
2055 511 2119 557 m
2160 509 2299 558 CAP-
2346 509 2431 557 xu
2474 509 2750 557 JOANMS.
2796 531 2877 541 —
2916 512 3058 559 ΛΒΤ.
3103 512 3232 558 XXX

889 687 1061 767 quod
1104 685 1614 769 proponebamus
1656 703 1668 747 :
1715 681 2379 779 proposuimuslgnim
2410 679 2461 742 A
2562 685 2658 744 Hi
2684 702 2830 760 erqo
2859 693 3253 746 accesserunt
3290 686 3379 744 ad
3404 684 3799 760 Philippum
3838 699 3989 764 apo-

887 784 1201 866 impedire
1249 785 1730 849 conversionem
1779 783 2114 846 hominum
2164 782 2242 843 ad
2286 782 2384 863 ip-

887 903 1051 956 sum,
1085 891 1147 946 et
1173 883 1540 967 oppositum
1569 882 1855 963 contigit.
1880 883 2027 945 Ideo
2056 880 2375 943 subdunt:

884 985 1044 1042 Ecce
1095 985 1380 1044 mundus
1430 992 1622 1053 totu-3,
1670 981 1736 1046 id
1791 988 1888 1042 est
1944 997 2173 1060 magna
2232 997 2378 1060 pars

882 1079 1216 1143 hominum
1255 1081 1322 1142 in
1367 1081 1606 1144 mundo
1646 1079 2024 1153 viventium,
2047 1088 2196 1157 post
2232 1094 2384 1138 eum

879 1180 1070 1248 abiit,
1101 1179 1166 1241 id
1207 1187 1323 1254 est,
1371 1179 1429 1241 ei
1470 1179 1768 1252 adhaeret,
1814 1177 2036 1252 credit,
2083 1175 2378 1257 obsequi-

878 1284 1004 1338 tur.
1037 1277 1212 1341 Unde
1245 1280 1417 1360 quod
1457 1279 1700 1353 dicunt,
1733 1276 2001 1339 Mundus
2047 1283 2238 1349 totuS,
2272 1293 2375 1336 ac-

878 1368 1246 1457 cipiendum
1296 1383 1391 1438 ost
1435 1395 1548 1458 per
1589 1374 1983 1459 hyperbolen
2029 1393 2041 1436 :
2089 1393 2235 1456 quae
2276 1380 2372 1434 est

875 1471 1084 1554 figura
1111 1474 1351 1537 habens
1382 1474 1594 1538 locum
1627 1493 1830 1556 quum
1859 1473 2105 1555 aliquid
2136 1471 2372 1534 dicitur

879 1589 994 1653 per
1033 1591 1386 1647 excessum,
1431 1573 1510 1634 ad
1555 1572 2011 1634 insinuandum
2059 1570 2373 1651 magnitu-

879 1669 1096 1732 dinem
1125 1671 1216 1732 rei
1253 1689 1266 1734 :
1299 1671 1840 1753 quemadmodum
1869 1671 1936 1732 in
1967 1668 2193 1732 Genesi
2226 1669 2373 1730 Pha-

879 1787 986 1832 rao
1029 1769 1314 1850 loquitur
1354 1770 1433 1831 ad
1472 1769 1702 1850 Joseph
1739 1787 1751 1831 :
1796 1768 2052 1850 Absque
2103 1769 2194 1830 tui
2247 1769 2373 1831 oris

2491 780 2746 856 stolum,
2804 784 2923 860 qui
2976 792 3117 844 erat
3172 781 3479 846 oriundus
3536 803 3577 842 α
3626 783 3983 842 Bethsaida

2493 878 2651 940 urbe
2703 883 2988 942 Galilaeoe
3034 901 3059 942 .·
3107 881 3185 942 de
3232 899 3362 962 qua
3408 879 3663 942 civitate
3719 878 3986 940 fuerunt

4102 693 4260 748 21Ἰ

2490 975 2707 1040 Petrus
2736 986 2800 1040 et
2827 977 3127 1040 Andreas.
3163 979 3288 1041 Cur
3328 977 3538 1060 potius
3574 984 3984 1041 accesserunt
4006 988 4225 1040 loa-aaa.
4259 985 4260 1044 3

2444 1075 2857 1159 ‘Philippum
2895 1097 3091 1159 quam
3124 1078 3323 1140 alium
3352 1077 3771 1159 Apostolum?
3802 1075 3983 1139 Forte

2491 1175 2663 1256 quod
2719 1177 3025 1257 majorem
3085 1196 3233 1240 cum
3292 1195 3366 1240 eo
3412 1175 3778 1239 habuerunt
3825 1175 3985 1239 noti·

2491 1273 2667 1349 tiam,
2718 1275 2818 1338 vel
2866 1293 2944 1339 ex
2992 1274 3469 1338 circumstantia
3519 1275 3637 1338 loci
3692 1282 3985 1357 poterant

2490 1390 2637 1434 eum
2686 1372 2936 1436 facilius
2978 1375 3261 1457 alloqui3
3305 1375 3406 1437 vel
3444 1374 3597 1456 quia
3640 1373 3981 1456 specialem

2492 1471 2790 1552 pietatem
2838 1492 2911 1535 ac
2952 1473 3507 1536 mansuetudinem
3546 1473 3983 1536 considerave-

2491 1559 2640 1631 rffifrt
2677 1571 2742 1633 in
2784 1589 2881 1647 eo,
2917 1579 3177 1654 propter
3211 1573 3384 1653 quod
3424 1570 3603 1634 affati
3644 1578 3795 1632 sunt
3833 1589 3977 1633 eum

2489 1668 2669 1748 prius
2707 1676 2900 1751 atque
2938 1669 3297 1732 audentiuS.
3332 1673 3420 1732 Et
3455 1672 3771 1747 royabant
3805 1689 3978 1737 eum,

2485 1769 2765 1829 dieentes
2776 1789 2799 1828 .·
2812 1771 3100 1830 Domine.
3119 1767 3460 1831 Dominum
3492 1774 3718 1832 vocant
3747 1766 3981 1850 Philip-

876 1868 1169 1950 imperio,
1198 1886 1382 1931 nemo
1413 1867 1693 1930 movebit
1723 1886 1984 1929 manum
2015 1867 2113 1930 vel
2147 1868 2371 1948 pedem
2412 1868 2458 1930 B
2489 1885 2639 1946 pum
2676 1875 2935 1949 propter
2973 1868 3394 1930 reverentiam
3436 1868 3533 1930 sui
3574 1867 3883 1947 magistri,
3918 1875 3980 1929 et

875 1967 943 2029 in
974 1967 1148 2030 omni
1177 1975 1345 2029 terra
1368 1967 1630 2049 AEgypti.
1657 1965 2139 2048 chrysostomus
2170 1973 2235 2027 et
2262 1965 2371 2027 alii

875 2066 1155 2147 quidam,
1196 2073 1525 2146 exponunt
1569 2065 1740 2126 hunc
1787 2065 1999 2127 locum
2040 2065 2119 2126 de
2156 2062 2373 2126 Phari-

827 2206 838 2217 ·
875 2165 1015 2227 saeis
1053 2164 1482 2238 credentibuS,
1519 2163 1806 2246 aliosque
1843 2183 1881 2226 a
1925 2163 2369 2245 persecutione

666 2857 739 2914 20

696 3377 840 3416 xxxxxx

575 4351 612 4400 11
623 4350 842 4400 Mamm,

576 4419 664 4466 233
679 4415 840 4464 xm,23.

630 4648 732 4690 Act.
754 4660 840 4697 vin,

576 4711 644 4762 27,
677 4709 744 4761 28.
774 4711 842 4752 35-

577 4775 644 4816 38.

875 2263 1104 2326 Christi
1145 2263 1465 2324 retrahere
1497 2261 1994 2344 peroptantibuS,
2019 2271 2088 2324 ut
2121 2262 2204 2324 sit
2234 2281 2370 2324 sen-

873 2380 981 2423 sus
1012 2379 1024 2424 :
1050 2360 1287 2424 Videtis
1321 2362 1476 2444 quia
1506 2361 1666 2423 nihil
1701 2359 2124 2442 proficimus?
2158 2360 2222 2424 id
2254 2369 2365 2435 est,

873 2460 1192 2542 quidquid
1242 2459 1584 2523 fecerimus
1639 2459 1740 2522 vel
1793 2459 2097 2521 molimur
2149 2468 2369 2523 contra

869 2559 1106 2632 Jesum,
1139 2559 1231 2621 nil
1263 2559 1541 2640 prodest,
1575 2575 1693 2620 nec
1727 2557 1867 2639 ejus
1908 2557 2369 2638 magnificenti-

871 2675 974 2718 am
1006 2656 1319 2738 impedire
1343 2655 1644 2728 valemuS,
1667 2663 1735 2716 ut
1765 2662 1935 2736 patet
1963 2656 2040 2716 ad
2070 2673 2361 2719 sensum:

874 2772 1020 2815 nam
1063 2771 1209 2815 ecce
1250 2753 1528 2815 mundus
1572 2759 1740 2814 totus
1791 2759 1935 2832 post
1983 2770 2129 2813 eum
2182 2752 2363 2815 abiit.

962 2855 1176 2912 Erant
1223 2861 1438 2912 autem
1478 2852 1753 2928 yentiles
1799 2852 2098 2930 quidam,
2136 2872 2218 2912 ew
2265 2854 2368 2912 lais

870 2935 990 3029 qui
1035 2952 1458 3010 ascenderant
1503 2947 1850 3010 Jerusalem
1900 2958 1972 3009 ut
2019 2952 2369 3010 adorarent

2484 1965 2637 2046 quia
2668 1965 2966 2028 videbant
3003 1967 3175 2048 quod
3213 1973 3380 2028 esset
3420 1965 3684 2028 honesta
3720 1985 3797 2028 ac
3837 1965 3978 2027 reli-

2481 2062 2657 2142 giosa
2696 2081 2985 2145 persona.
3012 2067 3313 2126 Volumus
3340 2067 3558 2126 Jesum
3598 2065 3839 2124 videre.
3872 2062 3977 2126 Se-

2484 2161 2574 2223 dit
2604 2161 2777 2223 enim
2811 2161 2991 2224 Jesus
3030 2180 3223 2244 super
3259 2161 3493 2224 animal
3534 2181 3829 2244 parvum,
3864 2181 3979 2223 un-

2482 2259 2671 2340 dique
2701 2261 2905 2324 turbis
2937 2261 3222 2336 vallatuS,
3240 2263 3328 2324 ita
3355 2263 3521 2344 quod
3550 2262 3629 2324 ab
3660 2261 3973 2324 universis

2482 2377 2609 2421 non
2668 2366 2911 2440 poterat
2967 2359 3272 2440 conspici.
3324 2359 3399 2422 Hi
3448 2377 3616 2440 ergo,
3669 2360 3969 2441 quoniam

2479 2455 2711 2518 famam
2760 2471 3026 2539 operum
3074 2457 3305 2521 Christi
3356 2457 3715 2532 audierunt,
3761 2458 3969 2540 ipsum

2478 2574 2739 2637 quoque
2776 2564 3050 2618 actorem
3088 2556 3391 2638 optabant
3432 2557 3667 2631 videre,
3702 2556 3968 2638 ejusque

2479 2654 2799 2736 colloquio
2855 2655 3008 2730 frui,
3072 2655 3170 2718 vel
3232 2655 3443 2719 verbis
3502 2655 3736 2718 doceri.
3794 2657 3967 2718 Venit

2477 2755 2857 2831 Philippu-3,
2913 2764 2973 2815 et
3024 2755 3187 2814 dicit
3243 2757 3523 2816 Andreae
3580 2755 3963 2817 desiderium

2475 2851 2835 2932 gentilium.
2877 2852 2945 2914 In
2994 2870 3123 2934 quo
3172 2859 3343 2934 patet
3389 2852 3665 2935 Philippi
3710 2853 3967 2916 humili-

2477 2956 2593 3025 tas,
2654 2951 2827 3031 quod
2886 2968 3000 3032 per
3057 2968 3125 3017 se
3181 2969 3309 3014 non
3371 2952 3781 3033 praesumpsit
3837 2951 3967 3015 haec

869 3046 1070 3109 Deum
1116 3047 1304 3110 Israel
1360 3047 1425 3109 in
1475 3047 1748 3128 quodam
1810 3045 1950 3109 loco
2005 3047 2230 3128 templi
2290 3047 2367 3109 ad
2406 3043 2449 3106 C
2480 3047 2725 3111 Christo
2764 3048 3091 3129 intimare3
3124 3067 3352 3130 magna
3388 3067 3645 3131 quoque
3678 3068 3969 3113 reveren-

871 3143 992 3208 hoc
1033 3146 1354 3227 deputato.
1387 3143 1524 3207 Non
1566 3144 1740 3206 enim
1783 3143 2029 3224 ingredi
2079 3152 2370 3225 poterant

870 3243 1086 3326 ipsum
1136 3243 1468 3325 templum.
1520 3243 1695 3305 Unde
1747 3243 1811 3304 in
1860 3243 2122 3304 Actibus
2169 3243 2365 3306 Judaei

871 3344 1173 3424 leguntur
1220 3342 1411 3406 Paulo
1468 3342 1872 3424 imposuisse,
1923 3343 2092 3422 quod
2154 3343 2368 3406 locum

872 3450 1162 3504 sanctum
1211 3441 1528 3516 violasset,
1571 3440 1839 3521 gentiles
1888 3440 2249 3504 inducendo
2300 3442 2365 3504 in

875 3540 1208 3622 templum.
1251 3544 1333 3601 In
1371 3541 1480 3601 die
1515 3541 1674 3616 festo
1716 3538 1963 3602 Paschae
1997 3558 2010 3602 :
2044 3539 2199 3621 quia
2238 3559 2364 3603 non

873 3639 1081 3702 solum
1118 3638 1430 3720 templum
1468 3657 1506 3700 a
1535 3635 1867 3701 Salomone
1905 3646 2361 3716 constructum,

873 3737 982 3800 sed
1041 3745 1103 3800 et
1157 3737 1319 3800 illud
1375 3738 1548 3819 quod
1603 3735 1945 3799 aedificavit
1994 3736 2360 3814 Zorobabel,

872 3843 1058 3899 tantae
1095 3835 1220 3897 fuit
1256 3835 1442 3898 famae
1476 3841 1539 3896 et
1576 3834 1996 3914 excellentiae,
2020 3837 2194 3917 quod
2222 3855 2367 3917 gen·

873 3935 1015 3998 tiles
1063 3952 1140 3996 ex
1189 3934 1458 3996 diversis
1506 3933 1728 3995 mundi
1780 3933 2066 4015 partibus
2117 3935 2366 3998 conflu-

873 4040 1102 4095 xerunt
1141 4031 1207 4093 in
1242 4031 1610 4106 Jerusalem,
1649 4039 1716 4092 ut
1757 4031 1951 4093 Deum
1991 4032 2178 4094 Israel
2218 4035 2366 4098 ado—

873 4138 1087 4193 rarent
1133 4131 1198 4191 in
1247 4130 1386 4192 loco
1431 4131 1509 4191 ad
1557 4130 1773 4192 divina
1816 4129 2132 4193 sacrificia
2174 4141 2367 4214 atque

2479 3145 2565 3207 tia
2610 3165 2804 3228 quam
2856 3145 3128 3208 habebat
3174 3147 3252 3209 ad
3302 3146 3643 3210 Christum.
3697 3146 3774 3210 Et
3821 3149 3969 3230 quia

2478 3243 2811 3327 Philippus
2856 3244 3123 3309 inferior
3167 3246 3635 3326 quodammodo
3677 3255 3814 3309 erat
3851 3247 3971 3310 An·

2480 3343 2650 3417 drea,
2705 3351 3090 3406 monstratur
3137 3345 3308 3424 quod
3356 3343 3660 3408 inferiora
3705 3363 3823 3429 per
3869 3367 3971 3408 su-

2480 3442 2727 3523 periora
2772 3443 2851 3504 ad
2900 3441 3096 3504 Deum
3155 3442 3284 3504 sint
3342 3443 3719 3521 reducenda,
3774 3453 3845 3506 ut
3890 3445 3971 3508 sit

2477 3541 2803 3603 ordinatus
2854 3559 3207 3622 processuS,
3250 3540 3551 3604 inferiora
3592 3561 3851 3624 quoque
3891 3546 3967 3607 ad

2478 3639 2805 3721 superiora
2856 3657 2968 3721 per
3010 3639 3237 3701 media.
3270 3642 3569 3701 Andreas
3603 3661 3873 3704 rursum
3910 3653 3967 3704 et

2476 3739 2831 3816 Philippus
2878 3739 3191 3799 dixer-unt
3236 3740 3409 3800 Iesu.
3470 3738 3642 3801 Unus
3700 3741 3967 3822 protulit

2479 3836 2692 3912 verba,
2724 3843 2787 3898 et
2822 3837 2985 3898 alius
3024 3835 3427 3899 confirmavit
3464 3855 3576 3898 seu
3614 3839 3862 3913 annuit,
3897 3847 3965 3900 ut

2480 3934 2543 3996 in
2584 3953 2691 3998 ore
2734 3935 3003 3998 duorum
3049 3941 3241 3996 staret
3281 3933 3543 3996 firmum
3589 3935 3881 3999 verbum.

2547 4036 2727 4094 Jesus
2756 4043 2972 4094 autem
3002 4033 3331 4112 respondit
3359 4035 3473 4104 eis,
3498 4035 3717 4094 dicens
3736 4055 3761 4094 .·
3782 4037 3965 4098 Venit
3991 4017 4003 4054 ¹

2475 4133 2658 4200 hora,
2710 4131 2774 4193 id
2830 4139 2945 4206 est,
2996 4131 3126 4212 jam
3188 4131 3418 4212 partim
3473 4132 3670 4206 adest,
3722 4141 3785 4195 et
3838 4134 3965 4198 cito

872 4228 1182 4310 obsequia
1223 4227 1577 4308 praeelecto,
1621 4229 1970 4308 praesertim
2014 4229 2078 4291 in
2123 4228 2369 4293 festivi·
2396 4230 2445 4292 D
2479 4230 2729 4312 plenius
2786 4230 2908 4291 erit
2964 4230 3029 4291 in
3080 4231 3371 4311 passione
3426 4237 3489 4292 et
3542 4239 3685 4312 post
3731 4233 3969 4313 passio—

871 4335 998 4389 tate
1038 4325 1340 4408 paschali.
1371 4325 1500 4388 Hoc
1542 4325 1606 4387 in
1649 4325 1831 4387 libris
1869 4326 2365 4392 Machabaeorum

873 4425 1128 4506 plenius
1177 4423 1500 4485 recitatur.
1553 4423 1725 4486 Unde
1775 4425 1840 4487 in
1889 4424 2149 4488 Actibus
2197 4429 2366 4510 Apo-

873 4524 1180 4587 stolorum
1229 4522 1541 4605 scriptum
1589 4533 1686 4585 est
1731 4526 2052 4605 quomodo
2099 4526 2362 4607 quidam

870 4623 1206 4686 eunuchus
1255 4629 1479 4704 potens
1519 4621 1820 4685 Candacis
1868 4623 2101 4704 reginae
2136 4625 2367 4690 AEthio-

873 4741 1048 4804 pum‚
1091 4721 1376 4784 ascendit
1414 4721 1674 4783 adorare
1715 4721 1780 4782 in
1817 4720 2164 4784 Jerusalem
2199 4741 2215 4786 ε
2248 4725 2362 4806 qui

870 4841 1068 4902 quum
1115 4819 1369 4894 rediret,
1405 4820 1629 4880 sedens
1673 4819 1739 4880 in
1783 4838 1975 4881 curru
2019 4820 2365 4903 legensque

868 4919 1112 4994 Isaiam,
1146 4940 1183 4981 a
1222 4919 1516 5000 Philippo
1556 4919 1816 4981 diacono
1856 4926 1950 4980 est
1988 4938 2357 4985 conversuS.

868 5014 1130 5088 Quidam
1179 5035 1328 5098 ergo
1368 5017 1636 5097 gentiles
1683 5017 1870 5078 unius
1909 5017 2019 5078 Dei
2061 5019 2358 5097 cultoreS,

868 5115 1105 5197 quibus
1137 5117 1328 5178 etiam
1365 5117 1444 5178 ad
1481 5116 1748 5178 salutem
1790 5115 2159 5179 sufficiebat
2201 5117 2361 5182 fides

869 5212 1098 5276 Christi
1140 5213 1389 5276 venturi
1436 5233 1583 5277 cum
1627 5215 1764 5295 lege
1807 5215 2103 5290 naturali,
2146 5234 2365 5279 ascen-

868 5311 1100 5374 derunt
1139 5329 1287 5374 cum
1326 5311 1555 5376 Judaeis
1595 5312 1946 5376 Jerusalem
1989 5331 2234 5378 versus.

2478 4347 2647 4403 nem,
2680 4338 2754 4389 ut
2782 4331 3199 4405 clarificetur,
3232 4328 3297 4389 id
3334 4337 3451 4402 est,
3494 4329 3701 4391 clarus
3738 4339 3804 4392 et
3840 4351 3971 4394 ma-

2476 4445 2661 4508 gnuS,
2706 4443 3023 4507 verusque
3063 4425 3348 4489 Christus
3396 4421 3534 4488 esse
3580 4437 3969 4491 monstretur

2478 4545 2590 4588 seu
2638 4534 3029 4606 agnoscatur,
3062 4545 3136 4588 ac
3184 4544 3299 4608 per
3345 4526 3465 4589 hoc
3512 4527 3579 4589 in
3630 4528 3967 4592 hominum

2476 4624 2774 4688 cordibus
2814 4623 3222 4698 clarificetur,
3257 4624 3587 4700 exaltetur,
3622 4644 3732 4688 seu
3770 4627 3970 4692 hono-

2475 4733 2672 4802 retur,
2702 4727 2921 4786 Fitius
2949 4727 3251 4785 hominis.
3286 4724 3362 4787 Ut
3390 4724 3564 4787 enim
3596 4733 3737 4807 post
3768 4746 3967 4809 pauca

2474 4823 2907 4904 subjungitur,
2932 4823 3151 4884 eadem
3179 4822 3334 4886 hora
3359 4842 3488 4905 qua
3516 4824 3801 4888 Christus
3832 4826 3964 4890 haec

2473 4921 2652 4995 dixit,
2690 4921 2863 5007 venit
2913 4939 3033 4984 vox
3082 4922 3159 4983 de
3208 4921 3368 4984 coelo
3409 4922 3626 4984 dicens
3668 4941 3682 4986 :
3730 4923 3806 4986 Et
3842 4925 3965 4987 cla-

2473 5019 2741 5092 rificavi,
2788 5027 2851 5081 et
2895 5018 3127 5080 iterum
3172 5018 3560 5084 clarificabo.
3600 5019 3734 5093 Quo
3773 5021 3957 5096 factu,

2472 5116 2631 5180 dixit
2660 5117 2867 5192 turba,
2895 5117 2961 5180 in
2992 5116 3177 5198 cujus
3208 5125 3419 5180 mente
3446 5118 3577 5200 jam
3607 5119 3963 5201 aliqualiter

2472 5215 2859 5278 clarificatus
2905 5215 3030 5278 fuit
3073 5216 3252 5278 Jesus
3300 5235 3315 5279 :
3362 5217 3639 5298 Angelus
3687 5219 3745 5280 ei
3798 5219 3962 5282 locu-

2473 5323 2575 5378 tus
2614 5323 2729 5378 est.
2772 5315 2961 5379 Porro
3004 5315 3069 5377 in
3110 5315 3402 5397 passione
3448 5315 3834 5382 clarificatus
3871 5326 3961 5382 est

4016 3949 4133 3992 Dent.
4146 3963 4209 3995 m.

4012 4017 4049 4056 5.
4259 4015 4260 4042 ¹

4080 4069 4260 4148 233
