4300 6259
1116 525 1470 573 manna-no
1510 526 1574 572 m
1614 525 1752 598 car.
1798 526 1867 573 m
1908 525 2186 574 somnis.
2233 545 2309 556 -
2351 527 2493 574 aar.
2537 525 2646 572 vm
3309 503 3444 568 325ι

313 694 571 770 vinum,
605 697 779 778 quod
817 696 970 760 facit
1012 705 1240 759 natura
1284 697 1589 780 paulatim
1633 697 1699 760 in
1738 697 1832 761 vi·
1858 697 1909 759 A
1936 699 2196 762 modum
2234 707 2447 761 autem
2489 699 2717 762 dicitur
2751 699 2941 762 homo
2981 699 3189 781 primo
3229 697 3424 773 nasci,

34 803 197 848 letth-
212 817 277 854 rx.
308 792 535 874 tibus3
577 802 641 856 et
688 794 1111 860 illuminando
1157 815 1377 871 caecOS,
1411 798 1582 879 quod
1632 797 1827 859 inter·
1936 799 2192 879 quando
2223 815 2336 880 per
2363 799 2833 878 generationem
2864 797 3180 859 carnalem
3217 814 3294 857 ac
3321 814 3430 858 na-

18 869 279 980 {2³32ss
312 893 477 955 dum
524 892 604 955 fit
640 902 774 956 arte
821 895 1179 958 medicinae.
1218 894 1294 957 Et
1333 895 1453 958 ista
1500 915 1627 958 non
1677 902 1826 958 sunt
1933 896 2207 958 turalem
2246 904 2580 978 parentum
2620 895 2994 979 producitur
3032 895 3098 958 in
3138 912 3277 957 esse
3316 913 3427 956 na-

18 1005 91 1042 πη·
117 993 275 1042 ²³·252
310 990 715 1055 sufficientia
768 1001 1143 1076 argumenta
1198 994 1353 1056 fidei
1412 1001 1476 1056 et
1532 1012 1827 1076 coopera-
1934 993 2123 1056 turali
2165 993 2490 1076 specifico,
2525 995 2952 1058 contrahendo
2989 1012 3025 1056 a
3058 991 3429 1076 parentibus

18 1054 165 1168 ἔξω
212 1068 277 1106 ‘¹’
308 1089 514 1154 tionis
557 1091 814 1166 divinae,
856 1111 1061 1174 quum
1105 1093 1237 1155 sint
1280 1093 1465 1157 bonis
1510 1093 1825 1174 malisque
1935 1109 2075 1155 esse
2114 1102 2393 1172 naturae3
2435 1093 2528 1156 sic
2576 1093 2811 1156 dicitur
2858 1092 3032 1155 nasci
3076 1093 3285 1155 denuo
3327 1091 3429 1155 vel

310 1189 709 1252 communia.
756 1189 1207 1253 Verumtamen
1258 1209 1332 1254 eo
1380 1192 1567 1255 modo
1614 1209 1743 1272 quo
1788 1209 1825 1252 a
1936 1191 2202 1264 renasci,
2236 1193 2490 1272 quando
2530 1210 2644 1274 per
2675 1191 3107 1275 operationem
3148 1189 3428 1253 divinam

311 1285 571 1350 Christo
631 1295 697 1349 et
755 1288 897 1369 ejus
962 1288 1274 1350 ministris
1337 1297 1590 1370 peracta
1646 1295 1819 1364 sunt,
1932 1289 2210 1370 acquirit
2258 1308 2396 1352 esse
2442 1290 2678 1371 gratian,
2719 1291 2890 1372 quod
2939 1296 3035 1351 est
3082 1306 3220 1351 esse
3268 1287 3431 1352 divi-

310 1394 471 1447 sunt
520 1387 745 1468 utique
792 1385 1187 1450 sufficientia
1234 1386 1387 1450 fidei
1427 1394 1819 1468 argumenta.
1934 1407 2113 1462 num,
2167 1388 2648 1471 supernaturale
2695 1396 2757 1450 et
2802 1387 3194 1452 meritorium
3228 1406 3243 1451 :
3277 1386 3430 1469 quia

312 1482 609 1546 Christus
648 1484 825 1547 enim
861 1484 1017 1548 fecit
1056 1503 1130 1548 ea
1172 1485 1611 1569 imperialiter,
1654 1493 1718 1548 et
1754 1485 1822 1547 in
1936 1494 2007 1548 ut
2036 1486 2190 1549 dicit
2219 1486 2573 1569 Dionysius,
2607 1485 2784 1550 Sicut
2823 1485 3267 1549 intellectualis
3298 1503 3432 1548 cre-

310 1581 608 1646 instanti.
657 1582 903 1646 Fideles
961 1603 1220 1666 quoque
1278 1584 1524 1648 faciunt
1580 1603 1651 1647 ea
1710 1603 1826 1666 per
1934 1592 2108 1647 atura
2166 1584 2426 1667 ponitur
2472 1585 2538 1647 in
2598 1602 2736 1647 esse
2791 1582 3097 1666 specifico
3153 1601 3268 1666 per
3324 1602 3433 1644 na-

310 1681 791 1746 invocationem
840 1683 1119 1746 nominis
1166 1683 1299 1760 Dei,
1346 1703 1494 1748 cum
1542 1701 1827 1747 exsecra·
1936 1689 2167 1758 turam,
2220 1700 2335 1764 per
2381 1701 2575 1765 quam
2623 1690 2719 1745 est
2763 1689 2910 1764 apta
2955 1701 3028 1745 ac
3078 1687 3300 1763 potens
3350 1681 3429 1743 ad

308 1781 493 1844 tione
524 1782 734 1844 omnis
770 1782 1239 1847 communionis
1272 1783 1532 1847 diaboli.
1554 1819 1635 1830 --
1653 1783 1825 1846 Facit
1934 1781 2332 1863 operationes
2363 1781 2678 1844 naturales
2704 1802 2719 1862 ;
2761 1781 2852 1844 sic
2882 1799 2996 1863 per
3023 1779 3291 1861 gratiam
3322 1798 3433 1862 po—

312 1887 629 1962 praeterea
684 1879 848 1942 Deus
896 1882 1283 1962 quandoque
1331 1882 1511 1962 signa
1569 1899 1684 1964 per
1732 1899 1828 1944 re—
1860 1881 1907 1944 B
1937 1880 2111 1941 nitur
2150 1880 2216 1941 in
2256 1897 2394 1942 esse
2432 1880 2670 1954 divine,
2705 1897 2821 1962 per
2857 1881 3028 1960 quod
3068 1884 3165 1941 est
3205 1878 3432 1941 idonea

312 1977 556 2060 probos
600 1995 715 2040 seu
759 1978 1033 2059 injustos
1076 1997 1089 2042 ε
1134 1999 1279 2062 quae
1315 1980 1465 2042 licet
1511 1999 1637 2042 non
1684 1998 1827 2063 pro-
1933 1979 2010 2040 ad
2053 1979 2448 2061 operandum
2491 1997 2682 2060 opera
2724 1977 3067 2041 meritoria.

310 2076 475 2138 bent
502 2077 677 2158 quod
707 2083 1071 2160 operatores
1103 2077 1473 2158 hujusmodi
1505 2079 1637 2141 sint
1671 2079 1823 2142 boni
2013 2076 2077 2138 Si
2110 2077 2204 2138 sic
2234 2075 2607 2159 accipimus,
2633 2075 2814 2139 Nasci
2846 2077 3069 2151 denuo,
3094 2082 3247 2138 tunc
3277 2093 3434 2138 nun-

310 2183 380 2237 et
430 2173 557 2237 Deo
595 2175 884 2258 accepti3
926 2175 1201 2258 probant
1246 2184 1457 2239 tamen
1506 2178 1677 2258 quod
1719 2195 1825 2240 ve-
1934 2194 2129 2257 quam
2179 2175 2384 2256 potuit
2438 2175 2672 2256 aliquis
2732 2174 2983 2250 salvari,
3037 2173 3162 2236 nisi
3211 2193 3432 2237 rursus

314 2292 387 2334 ra
438 2272 524 2334 sit
564 2272 730 2335 fides
777 2292 907 2355 qua
954 2275 1255 2338 invocant
1302 2275 1523 2350 Deum,
1566 2282 1630 2338 et
1677 2294 1825 2338 vcra
1935 2274 2271 2336 nascendo.
2323 2271 2552 2335 Omnes
2609 2291 2886 2354 namque
2935 2273 3064 2334 nati
3114 2279 3264 2335 sunt
3306 2272 3431 2335 filii
3460 2293 3719 2350 aptum-m.

314 2371 611 2436 doctrina
657 2373 734 2434 ad
784 2371 971 2453 cujus
1019 2371 1573 2436 confirmationem
1622 2373 1827 2437 efficit
1934 2372 2067 2446 irae,
2118 2372 2548 2435 contrahendo
2597 2378 2928 2454 peccatum
2986 2371 3293 2453 originale
3341 2390 3436 2434 se-

312 2470 485 2532 Deus
534 2470 687 2532 talia
732 2470 933 2552 signa.
976 2469 1238 2553 Propter
1276 2472 1449 2553 quod
1496 2472 1652 2535 dicit
1696 2471 1827 2535 Sal·
1936 2471 2220 2533 cundum
2261 2487 2666 2533 communem
2707 2470 2911 2550 legem
2947 2488 2961 2533 ε
2996 2470 3218 2552 sicque
3254 2488 3440 2552 opor-

19 2579 283 2670 ·faegth-vu.
312 2576 501 2632 vator
537 2570 710 2651 apud
747 2567 1110 2632 Matthaeum
1149 2588 1163 2632 :
1195 2569 1371 2632 Multi
1411 2569 1623 2632 dicent
1666 2570 1826 2634 mihi
1937 2568 2109 2630 tebat
2137 2585 2246 2631 eos
2276 2567 2450 2630 intus
2480 2567 2747 2642 renasci,
2777 2566 3142 2650 recipiendo
3170 2567 3436 2648 gratiam

19 2669 79 2690 ”¹
108 2646 157 2684 ‘³
312 2667 383 2728 in
436 2667 543 2729 die
591 2666 702 2729 illa
752 2685 767 2729 τ
820 2667 1106 2742 Domine,
1158 2666 1445 2742 Domine,
1500 2687 1712 2732 nonne
1759 2670 1825 2733 in
1939 2665 2417 2742 reformantem,
2478 2673 2541 2728 et
2597 2665 3028 2729 conferentem
3086 2684 3224 2728 esse
3283 2666 3438 2730 divi-

310 2765 584 2830 nomine
622 2773 736 2828 tuo
772 2765 1321 2848 prophetavimuS,
1358 2773 1420 2828 et
1457 2767 1524 2829 in
1568 2768 1827 2831 nomine
1940 2783 2120 2826 num.
2175 2763 2432 2839 Verum,
2489 2763 2642 2846 quia
2697 2763 2981 2827 Salvator
3025 2765 3104 2826 ad
3163 2763 3437 2827 litteram

308 2872 431 2927 tuo
470 2864 785 2927 daemonia
823 2864 1155 2945 ejecimus»,
1190 2871 1255 2926 et
1292 2864 1559 2928 virtutes
1594 2867 1825 2928 multas
1940 2863 2225 2944 loquitur
2269 2863 2346 2924 de
2390 2863 2862 2944 regeneratione
2909 2862 3330 2945 Baptismatis,
3371 2870 3442 2925 ut

310 2961 643 3024 fecimus?
693 2961 768 3024 Et
811 2970 967 3025 tunc
1015 2962 1373 3026 confitebor
1420 2963 1549 3025 illis
1602 2983 1616 3026 :
1672 2963 1828 3036 Quia
1939 2968 2113 3042 patet
2163 2961 2228 3022 in
2281 2960 2576 3036 subditiS,
2629 2961 2886 3036 idcirco,
2940 2961 3112 3042 quod
3160 2960 3316 3024 dicit
3361 2961 3440 3023 de

312 3079 657 3142 nunquam
700 3061 849 3125 novi
895 3079 1029 3124 vos.
1540 3055 1549 3070 '
1864 3061 1907 3124 C
1937 3059 2418 3140 regeneratione
2464 3059 2605 3134 ista,
2649 3058 3134 3140 intelligendum
3180 3066 3276 3121 est
3323 3077 3440 3141 pro

397 3159 479 3222 Et
516 3161 824 3241 quoniam
866 3159 1153 3223 Christus
1192 3159 1369 3223 novit
1406 3160 1827 3224 intentionem
1934 3167 2224 3241 tempore
2265 3157 2414 3222 novi
2447 3157 2850 3221 Testamenti.
2887 3157 3304 3240 Temporibus
3337 3177 3442 3221 ve-

308 3277 391 3320 ae
430 3257 825 3320 desiderium
862 3255 1210 3332 Nicodemi,
1254 3257 1369 3339 qui
1410 3257 1586 3322 venit
1629 3267 1700 3320 ut
1738 3259 1829 3320 in·
1936 3277 2007 3322 ro
2058 3257 2215 3338 legis
2259 3265 2500 3320 naturae
2547 3264 2611 3320 et
2656 3257 2813 3338 legis
2863 3257 3134 3339 scriptae,
3175 3255 3440 3320 fuerunt

310 3363 697 3430 strueretur,
750 3355 989 3418 idcirco
1047 3355 1277 3437 incipit
1334 3374 1482 3417 eum
1542 3356 1825 3420 Christus
1933 3357 2057 3419 alia
2114 3362 2333 3419 contra
2388 3355 2694 3437 originale
2750 3363 3078 3437 peccatum
3133 3355 3432 3432 remedia,

310 3455 664 3518 instruere.
697 3452 774 3514 Et
803 3453 1012 3535 primo
1041 3453 1302 3516 instruit
1329 3471 1477 3516 eum
1510 3455 1585 3516 de
1617 3455 1825 3537 primo
1940 3455 2183 3518 scilicet
2224 3455 2649 3530 circumcisio,
2696 3461 2759 3516 et
2799 3453 2961 3517 fides
3004 3461 3362 3536 parentum.

310 3555 721 3614 sacramento
768 3569 949 3614 novae
998 3549 1155 3632 legis
1211 3551 1489 3614 maxime
1538 3570 1826 3615 necessa-
2019 3555 2198 3614 Dicit
2235 3555 2325 3613 ad
2361 3573 2507 3614 eum
2539 3553 2950 3620 Nicodemus,
2981 3570 3252 3633 arguens
3287 3572 3435 3616 con·
3576 3558 3614 3615 4

309 3651 438 3723 rio,
484 3647 786 3713 videlicet
835 3649 913 3711 de
953 3648 1294 3731 Baptismo‚
1338 3651 1509 3730 quod
1554 3657 1652 3712 est
1696 3651 1826 3734 spi-
1942 3659 2036 3713 tra
2072 3651 2266 3714 verba
2308 3649 2561 3723 Christi,
2603 3667 2746 3730 quae
2782 3649 2946 3711 male
2983 3659 3175 3732 atque
3216 3669 3435 3714 carna-

126 3757 161 3812 3
308 3748 571 3812 ritualis
615 3747 1029 3829 regeneratio,
1063 3754 1244 3830 porta
1285 3748 1448 3811 vitae.
1471 3751 1826 3828 Respondit
1939 3751 2083 3813 liter
2129 3748 2463 3822 intellexit,
2498 3747 2650 3829 quia
2687 3747 2755 3809 in
2798 3747 2935 3828 lege
2971 3757 3260 3811 assuetus
3304 3769 3433 3813 non

304 3851 524 3915 Jesus,
554 3855 617 3908 et
653 3847 833 3907 dimit
869 3848 933 3906 ei
961 3866 985 3906 .·
1006 3848 1237 3918 Amen,
1272 3865 1457 3907 amen
1496 3849 1638 3907 dico
1680 3849 1820 3908 tibi.
1935 3849 2059 3912 fuit
2108 3844 2548 3929 spiritualibus
2600 3844 2806 3908 modis
2857 3845 3161 3927 loquendi
3209 3864 3224 3909 z
3275 3850 3438 3916 Quo-

304 3945 657 4028 Repetitio‚
700 3942 1205 4007 confirmationis
1258 3943 1569 4006 indicium
1619 3952 1717 4007 est
1762 3953 1826 4007 et
1937 3949 2120 4008 modo
2153 3953 2355 4022 potest
2394 3946 2579 4005 homo
2617 3945 2800 4005 nasci
2829 3963 3032 4022 quum
3068 3947 3179 4015 sit,
3212 3945 3278 4009 id
3317 3955 3433 4023 est,

305 4043 687 4128 provocatio
716 4041 1126 4106 advertentiae
1157 4041 1491 4122 diligentis
1510 4043 1661 4106 Nisi
1679 4044 1826 4122 quis
1935 4044 2193 4127 quando
2221 4049 2336 4116 est,
2359 4044 2594 4102 senem?
2621 4041 2908 4105 Christus
2947 4060 3074 4106 non
3105 4043 3266 4106 dixit
3296 4043 3443 4106 sim-

304 4153 513 4204 nacus
540 4141 753 4220 suerit
780 4143 1011 4210 denuo,
1048 4139 1111 4202 id
1149 4147 1246 4202 est
1286 4147 1711 4221 regeneratuS‚
1742 4141 1829 4204 vi·
1938 4141 2210 4226 pliciter,
2261 4139 2393 4202 Nisi
2443 4139 2588 4221 quis
2637 4147 2821 4201 natus
2880 4138 3097 4215 fuerit,
3151 4160 3278 4206 non
3330 4162 3442 4224 po-

304 4241 552 4304 delicet
590 4254 708 4320 per
736 4237 1134 4320 spiritualem
1174 4238 1647 4318 generationem
1688 4255 1827 4301 esse
1857 4245 1907 4308 D
1938 4247 2058 4302 test
2106 4238 2324 4301 videre
2384 4255 2652 4318 regnum
2713 4236 2862 4319 Dei;
2917 4239 3050 4313 sed,
3101 4238 3234 4302 Nisi
3294 4240 3440 4322 quis

301 4337 559 4420 gratim,
604 4335 882 4398 caritatis
926 4343 991 4397 et
1028 4333 1205 4410 fidei,
1241 4342 1394 4417 puta
1431 4353 1569 4398 esse
1606 4355 1828 4418 super·
1940 4345 2123 4400 natus
2168 4336 2365 4398 fuerit
2414 4337 2644 4399 denuo.
2688 4335 2810 4400 Sed
2858 4337 3012 4419 quia
3060 4339 3305 4402 renasci
3349 4339 3442 4400 in-

306 4434 611 4499 naturale
650 4451 726 4495 ac
767 4431 1079 4496 deiforme
1124 4433 1415 4515 adeptus,
1458 4454 1587 4495 non
1624 4444 1830 4513 potest
1942 4435 2142 4499 cludit
2181 4435 2376 4510 nasci,
2412 4442 2474 4497 et
2510 4433 2889 4498 Nicodemus
2930 4455 3056 4498 non
3099 4437 3278 4501 novit
3315 4436 3437 4500 nisi

310 4537 545 4596 videre
591 4531 795 4595 oculis
845 4531 1075 4606 cordiS,
1121 4531 1310 4606 clare,
1359 4549 1475 4612 per
1522 4531 1824 4614 speciem,
1943 4554 2136 4597 unam
2178 4533 2594 4615 nativitatem,
2627 4533 2769 4597 ideo
2807 4533 2898 4596 sic
2935 4535 3201 4597 resumit
3234 4553 3249 4598 ε
3282 4534 3442 4607 Quo-

305 4651 601 4710 reynum
628 4631 779 4700 Dei,
810 4627 874 4690 id
905 4635 1002 4692 est
1031 4629 1299 4711 patriam
1328 4629 1680 4704 Beatorum,
1716 4648 1828 4692 seu
1944 4634 2132 4696 modo
2173 4639 2379 4714 potest
2417 4632 2607 4695 homo
2647 4631 2820 4693 nasci
2851 4650 3054 4713 quum
3095 4632 3178 4695 sit
3203 4636 3439 4696 senex?

306 4731 525 4794 Deum
587 4735 956 4809 regnantem
1015 4728 1083 4790 in
1140 4728 1341 4792 coelis.
1393 4728 1597 4801 Quum
1655 4728 1829 4791 enim
1942 4730 2116 4804 Quod
2159 4750 2286 4794 non
2325 4736 2420 4792 est
2456 4729 2549 4792 sic
2587 4729 3090 4811 intelligendum,
3123 4731 3306 4812 quasi
3346 4750 3442 4795 se—

308 4827 595 4893 ultimus
638 4825 793 4889 finis
839 4825 1139 4902 hominia,
1186 4845 1301 4889 seu
1346 4827 1482 4910 ipsa
1532 4826 1825 4900 felicitas,
1944 4830 2226 4894 cundum
2267 4828 2684 4891 intentionem
2722 4827 3048 4891 Nicodemi
3092 4827 3301 4891 infans
3339 4830 3443 4893 vel

306 4945 469 5012 quae
510 4934 609 4989 est
646 4926 811 4990 visio
850 4925 959 4988 Dei
998 4943 1115 5009 per
1152 4925 1454 5008 speciem,
1488 4927 1572 4990 sit
1614 4945 1835 5009 super·
1942 4929 2201 5010 juvenis
2252 4927 2455 5011 possit
2511 4927 2797 5007 renasci3
2851 4927 2962 4988 sed
3012 4927 3316 5009 quoniam
3363 4928 3442 4990 de

309 5025 659 5101 naturalis,
694 5025 913 5110 nullus
953 5033 1161 5107 potest
1188 5027 1265 5088 ad
1296 5043 1437 5088 eam
1475 5026 1835 5108 pertingere
1946 5045 2014 5090 se
2053 5026 2196 5110 ipso
2235 5025 2544 5090 sollicitus
2583 5023 2726 5101 fuit,
2761 5033 2823 5088 et
2856 5025 2995 5107 ipse
3028 5024 3161 5106 jam
3191 5026 3443 5090 vetulus

312 5145 437 5210 per
494 5141 659 5206 pura
707 5123 1038 5198 naturalia,
1092 5125 1201 5187 sed
1250 5132 1498 5206 oportet
1546 5132 1831 5186 naturam
1947 5125 2210 5200 exstitit,
2263 5125 2499 5188 idcirco
2548 5124 2640 5186 sic
2690 5123 2858 5186 fatur
2906 5142 2920 5186 :
2968 5124 3289 5197 Quomodo
3335 5144 3446 5208 po-

312 5221 625 5306 adjuvari
669 5239 743 5284 ac
788 5221 1013 5303 perfici
1059 5240 1172 5304 per
1209 5221 1408 5284 fidem
1445 5229 1507 5284 et
1544 5222 1832 5303 gratiam,
1948 5231 2071 5286 test
2108 5224 2299 5286 homo
2345 5223 2516 5286 nasci
2556 5240 2756 5303 quum
2798 5221 2879 5284 sit
2918 5226 3155 5285 senex?
3185 5221 3261 5285 Et
3298 5242 3444 5306 pro-

316 5331 677 5402 ceteraque
724 5320 887 5383 dona
933 5318 1207 5402 Spiritus
1256 5319 1487 5383 Sancti.
1536 5320 1841 5393 Quemad-
1954 5322 2064 5385 bat
2101 5322 2274 5404 quod
2319 5339 2446 5385 non
2492 5320 2713 5403 possit.
2755 5322 3099 5400 Numquid
3125 5332 3330 5400 potest
3368 5324 3442 5384 in
