4300 6259
844 474 965 541 310
1676 492 2025 541 mannum
2066 492 2131 539 m
2173 490 2312 539 car.
2359 490 2382 535 1
2420 488 2700 537 scamus.
2745 508 2828 520 —
2867 488 3011 537 aar.
3057 487 3121 534 v1

846 667 1197 731 vocabitur.
1232 666 1347 731 Ubi
1392 668 1565 729 enim
1616 674 1828 730 nostra
1870 664 2196 727 translatio
2239 663 2348 725 ha-
2377 661 2424 721 A
2535 660 2840 742 Denique,
2875 660 3040 724 sicut
3075 661 3256 742 juxta
3288 658 3639 723 doctrinam
3669 654 3948 739 Apostoli

584 784 648 826 ιι.
674 796 731 835 ¹1,
754 784 792 826 ι.
846 767 957 829 bet
1012 767 1078 829 in
1136 767 1314 841 lsaia‚
1365 765 1736 847 Egredietur
1783 764 1959 845 virga
2005 764 2081 825 de
2134 762 2344 824 radice
2455 759 2532 821 ad
2571 758 2882 823 Romanos
2934 768 2996 821 et
3033 758 3297 834 GalataS,
3331 758 3590 840 quidam
3631 763 3783 817 sunt
3827 754 3950 816 filii
4007 770 4198 813 anu:

558 1470 703 1515 Micio.
723 1473 817 1523 v,2.

844 867 1016 929 16336
1055 873 1117 927 et
1152 864 1274 929 flos
1313 866 1392 928 de
1432 866 1641 927 radice
1680 864 1818 946 ejus
1851 863 2189 941 ascendet3
2231 859 2347 921 He-
3977 832 4116 875 ⁶⁴²¹“·
4139 846 4186 875 ¹¹¹·

846 962 1059 1025 braica
1100 963 1329 1025 veritas
1380 962 1660 1025 continet
1702 980 1714 1023 ε
1757 960 2129 1041 Egredietur
2169 957 2346 1037 virga

847 1064 925 1125 de
983 1063 1192 1124 radice
1246 1062 1439 1135 16336,
1501 1068 1563 1123 et
1618 1058 1945 1122 Nazaraeus
2005 1058 2083 1120 de
2136 1056 2345 1119 radice

847 1162 986 1242 ejus
1044 1161 1362 1223 ascendet.
1425 1159 1905 1241 Chrysostomus
1966 1175 2116 1219 vero
2177 1161 2348 1216 tenet

847 1259 1233 1342 oppositum,
1286 1258 1525 1331 dicenS,
1577 1257 1746 1338 quod
1796 1254 2137 1317 Nathanael
2188 1252 2347 1315 dixit

849 1358 983 1421 haec
1024 1356 1332 1438 negative,
1368 1354 1669 1437 quoniam
1708 1353 1897 1416 scivit
1936 1352 2243 1433 scriptum
2279 1349 2344 1411 in

847 1456 1122 1532 Michaea,
1176 1455 1347 1537 quod
1408 1461 1771 1516 nasceretur
1830 1452 1893 1513 in
1951 1450 2340 1514 Bethlehem.

848 1556 971 1617 Alii
1017 1555 1256 1627 dicunt,
1300 1555 1471 1635 quod
1523 1551 1787 1634 protulit
1830 1550 2023 1613 verba
2072 1548 2192 1610 ista
2235 1549 2348 1610 du-

850 1654 1134 1727 bitative,
1160 1653 1400 1716 habens
1430 1658 1801 1731 argumenta
1834 1668 1947 1731 pro
1982 1656 2157 1730 parte
2189 1655 2348 1709 utra-

849 1770 997 1834 que.
1058 1752 1213 1815 Puto
1270 1757 1481 1813 autem
1544 1750 1714 1830 quod
1779 1748 1938 1810 dixit
2003 1747 2138 1809 haec
2199 1764 2346 1808 cum

2456 856 2723 919 Abrahae
2771 858 3148 949 secundum‘
3178 875 3456 931 carnem,
3506 855 3621 937 qui
3669 872 3794 917 non
3855 872 3952 915 re—

2458 962 2763 1038 putantur
2802 956 2868 1017 in
2919 956 3182 1031 semine,
3217 957 3368 1036 quia
3415 974 3540 1017 non
3581 959 3732 1016 sunt
3778 952 3952 1033 digni

2459 1054 2667 1117 vocari
2720 1053 2840 1115 filii
2891 1054 3159 1117 Abrahae
3202 1055 3402 1136 (quod
3451 1072 3672 1116 verum
3725 1060 3820 1113 est
3877 1052 3952 1113 de

2457 1152 2612 1215 filiis
2645 1154 2995 1215 secundum
3029 1171 3282 1215 carnem
3315 1153 3660 1223 dumtaxat,
3683 1157 3834 1232 puta
3857 1150 3954 1212 Ju-

2458 1252 2608 1314 daeis
2667 1252 3012 1314 incredulis
3071 1260 3134 1314 et
3192 1250 3575 1333 perversis);
3633 1250 3746 1310 alii
3806 1268 3953 1311 vero

2458 1360 2608 1412 sunt
2665 1350 2786 1412 filii
2846 1350 3113 1413 Abrahae
3176 1350 3561 1432 spiritualeS,
3629 1368 3745 1430 per
3801 1348 3951 1409 l'idei

2458 1448 2898 1519 imitationem,
2931 1448 3043 1530 qui
3084 1449 3383 1511 dicuntur
3424 1466 3570 1511 vere
3605 1446 3730 1509 filii
3763 1446 3954 1509 Abra-

2458 1548 2556 1610 hae
2615 1566 2726 1609 seu
2785 1547 3178 1623 Abrahaeitae‚
3246 1547 3466 1628 quales
3526 1553 3678 1608 sunt
3731 1563 3952 1608 omnes

2455 1648 2720 1729 gentiles
2752 1648 2936 1710 electi
2967 1655 3252 1730 tempore
3280 1647 3535 1729 gratiae:
3569 1646 3662 1709 sic
3692 1646 3952 1727 quidam

2457 1754 2606 1809 sunt
2663 1746 2783 1808 filii
2839 1746 3028 1809 Israel
3088 1747 3440 1808 secundum
3499 1763 3755 1807 carnem
3817 1754 3951 1806 tan·

849 1851 1123 1933 quadam
1152 1849 1588 1923 admiratione,
1623 1848 1889 1929 cupiens
1933 1845 2183 1927 plenius
2215 1862 2348 1907 cer·
2383 1847 2428 1909 B
2459 1846 2805 1919 tummodO,
2856 1845 2970 1926 qui
3028 1863 3154 1908 non
3213 1852 3364 1907 sunt
3414 1862 3560 1907 vere
3605 1843 3902 1906 Israelitae
3933 1863 3950 1913 ς

850 1949 1083 2011 tifieari
1134 1967 1147 2011 :
1200 1958 1502 2029 tanquam
1552 1948 1811 2020 diceret,
1864 1944 2090 2007 Mirum
2140 1952 2236 2005 est
2292 1943 2345 2005 si

850 2049 928 2111 de
972 2047 1225 2110 civitate
1274 2047 1383 2109 illa
1424 2053 1551 2108 tam
1594 2045 1706 2109 vili
1749 2052 1813 2108 et
1860 2044 2128 2116 modica,
2172 2049 2346 2106 ortus

850 2146 933 2208 sit
972 2145 1256 2208 Christus
1298 2163 1407 2207 rex
1434 2144 1647 2207 Israel.
1680 2144 1824 2207 ldeo
1862 2142 2155 2205 subditur
2189 2159 2202 2203 :
2236 2142 2348 2203 Di-

849 2245 939 2305 cit
986 2245 1049 2303 ei
1094 2245 1451 2321 Philippus
1480 2260 1503 2304 .·
1532 2244 1712 2314 Veni,
1753 2251 1813 2301 et
1862 2244 2011 2302 vide
2048 2261 2073 2304 .·
2114 2241 2179 2302 id
2227 2246 2342 2312 est,

852 2343 1000 2405 nolo
1040 2350 1109 2404 ut
1136 2341 1295 2404 meis
1328 2340 1539 2405 verbis
1578 2340 1767 2403 nudis
1805 2338 2002 2401 fidem
2045 2337 2348 2401 adhibeas

850 2440 1179 2520 absolute3
1232 2440 1340 2503 sed
1398 2440 1625 2502 accede
1672 2440 1750 2501 ad
1796 2439 2032 2513 Jesum,
2084 2445 2147 2499 et
2195 2444 2348 2497 tunc

851 2539 1197 2621 experieris
1240 2537 1447 2620 qualis
1488 2545 1550 2600 et
1587 2544 1863 2619 quantus
1908 2538 2011 2610 sit,
2056 2536 2347 2617 sciesque

851 2657 954 2702 me
998 2656 1146 2701 vera
1187 2636 1445 2700 dixisse.

2455 1944 2562 2006 alii
2613 1952 2846 2018 autem,
2898 1945 3250 2007 secundum
3298 1943 3495 2006 fidem
3553 1951 3615 2005 et
3661 1944 3950 2024 gratiam,

2457 2044 2567 2126 qui
2628 2051 2778 2105 sunt
2828 2062 2974 2105 vere
3021 2043 3337 2118 Israelitae,
3389 2042 3688 2106 videlicet
3734 2061 3954 2106 omnes

2456 2143 2665 2217 electi,
2701 2142 2897 2205 Deum
2941 2142 3070 2204 fide
3108 2141 3375 2205 formata
3415 2161 3488 2204 ac
3527 2142 3738 2204 lucida
3787 2142 3956 2203 intu-

2458 2249 2654 2304 entes.
2691 2241 2886 2303 Electi
2917 2259 3175 2322 quoque
3202 2240 3398 2303 Judaei
3427 2247 3578 2302 sunt
3601 2239 3730 2301 filii
3763 2238 3955 2302 Abra-

2461 2340 2556 2403 hae
2604 2347 2666 2401 et
2710 2339 2898 2403 Jacob
2947 2357 3058 2401 seu
3109 2339 3376 2410 Israelis,
3421 2339 3774 2401 secundum
3823 2357 3956 2400 car-

2459 2456 2602 2501 nem
2635 2446 2696 2499 et
2726 2437 3118 2519 spiritualem
3151 2437 3580 2500 imitationem.
3601 2436 3770 2498 Inter
3799 2455 3954 2517 quos

2459 2556 2625 2599 unus
2674 2538 2750 2599 de
2801 2536 3140 2617 praecipuis
3189 2535 3313 2598 fuit
3360 2535 3512 2598 felix
3564 2535 3682 2597 iste
3729 2534 3958 2598 Natha-

2458 2636 2621 2710 nael,
2657 2635 2758 2698 cui
2791 2644 2917 2697 tam
2959 2636 3278 2716 singulare
3307 2641 3498 2716 atque
3536 2634 3954 2715 magnificum

646 2739 717 2795 47
952 2738 1126 2798 Vidit
1153 2740 1335 2797 Jesus
1367 2735 1742 2797 Nathanael
1774 2734 2128 2793 venientem
2169 2735 2257 2793 ad
2282 2752 2348 2791 se
2455 2734 2890 2797 testimonium
2951 2734 3278 2816 perhibuit
3331 2733 3526 2796 Filius
3585 2732 3716 2795 Dei.
3779 2732 3956 2795 Unde

850 2854 995 2899 cum
1054 2834 1371 2915 Philippo,
1423 2833 1535 2914 qui
1589 2850 1736 2893 eum
1790 2831 2091 2911 adduxit3
2139 2840 2200 2891 et
2245 2832 2347 2890 di·
2455 2843 2519 2896 et
2559 2834 2902 2897 subditur:

846 2936 935 2995 cic
983 2933 1381 2995 adstantibus
1428 2935 1508 2992 de
1552 2952 1649 3000 eo,
1697 2931 1994 2993 audiente
2043 2930 2184 3011 ipso
2229 2928 2348 2991 Na-
2535 2937 2617 2995 In
2647 2954 2770 3013 quo
2809 2936 2996 2993 dolus
3024 2952 3149 2993 non
3185 2942 3296 2993 esc.
3333 2930 3416 2993 De
3459 2930 3706 2995 Christo
3742 2932 3951 2993 testati

845 3032 1098 3094 thanael
1135 3049 1149 3093 :
1184 3030 1295 3112 qui
1328 3036 1517 3092 tantae
1549 3028 1955 3111 perfectionis
1998 3028 2140 3103 fuit,
2175 3028 2344 3108 quod
2383 3026 2426 3089 C
2456 3039 2606 3093 sunt
2640 3031 2828 3093 Isaias
2859 3038 2922 3092 et
2950 3029 3191 3103 Petrus,
3227 3031 3396 3112 quod
3437 3048 3560 3093 non
3602 3037 3700 3091 est
3732 3030 3956 3093 iuven·
4017 3054 4206 3099 1,‚„,.,.·.;

848 3131 1132 3195 Christus
1179 3130 1357 3193 novit
1396 3129 1517 3192 sibi
1560 3147 1687 3192 non
1731 3128 1953 3192 obesse
1996 3128 2168 3209 quod
2214 3127 2348 3191 lau·
2457 3137 2558 3191 tus
2599 3130 2781 3193 dolus
2830 3129 2894 3191 in
2939 3148 3048 3192 ore
3085 3128 3224 3209 ejus
3260 3137 3583 3210 :quantus
3631 3146 3782 3208 ergo
3827 3127 3956 3190 fuit
3983 3119 4147 3209 2⁹³·
4177 3127 4208 3157 ⁸*

849 3232 1025 3293 daret
1064 3229 1275 3312 ipsum
1308 3228 1371 3291 in
1404 3216 1518 3290 sua
1557 3228 1911 3309 praesentia.
1947 3226 2166 3290 Pronis
2200 3244 2347 3290 vero
2458 3228 2577 3291 istc
2606 3227 2967 3301 Nathanael,
3002 3244 3194 3309 quem
3228 3226 3510 3290 Christus
3543 3226 3784 3289 eisdem
3815 3245 3957 3289 ver·
3985 3212 4048 3225 .-.

848 3330 927 3393 ad
973 3329 1338 3406 vanitatem,
1382 3345 1509 3391 non
1552 3325 1811 3408 expedit
1855 3325 2013 3387 laus.
2049 3328 2211 3386 Ecce
2249 3344 2349 3385 ve·
2459 3327 2558 3390 bis
2607 3326 2907 3399 laudavit,
2942 3326 3178 3407 quibus
3229 3325 3366 3407 ipse
3411 3325 3784 3408 prophetico
3831 3324 3956 3387 fuit

848 3448 919 3489 re
957 3430 1285 3497 Israelita,
1324 3426 1443 3490 hoc
1492 3432 1587 3487 est
1634 3443 1759 3487 non
1810 3424 2016 3487 solum
2067 3424 2343 3500 nomine,
2459 3444 2569 3489 ore
2633 3426 2943 3499 laudatus,
3005 3424 3478 3506 apostolicoque
3538 3424 3894 3487 laudandus
3935 3429 3958 3486 Ζ

853 3527 962 3588 sed
1000 3534 1065 3588 et
1109 3543 1199 3600 re,
1234 3544 1347 3587 scu
1391 3523 1779 3606 proprietate
1816 3530 1879 3584 et
1916 3523 2137 3603 gratia,
2173 3522 2348 3585 filius
2457 3523 2592 3587 Non
2633 3524 2847 3605 itaque
2894 3522 3014 3585 ruit
3061 3522 3258 3597 fraus,
3291 3522 3633 3597 simulatio,
3669 3523 3962 3605 hypocri-

2461 3623 2570 3698 313,
2605 3623 3085 3697 circumventiO,
3121 3623 3186 3684 in
3236 3622 3356 3686 isto
3397 3620 3759 3697 Nathanael‚
3793 3623 3964 3686 sicut

2461 3722 2882 3785 communiter
2914 3721 2976 3783 in
3007 3721 3149 3783 aliis
3180 3720 3440 3784 Scribis,
3471 3719 3740 3783 Noverat
3767 3721 3962 3803 quip-

2465 3840 2542 3903 pe
2584 3820 2646 3882 S.
2677 3819 3042 3892 Nathanael,
3075 3820 3246 3900 quod
3294 3818 3692 3882 simulatores
3731 3827 3796 3881 et
3831 3820 3964 3881 cal-
4011 3840 4210 3883 name..

2460 3920 2573 3982 lidi
2636 3927 2977 4001 provocant
3037 3918 3193 3979 iram
3241 3918 3385 3995 Dei3
3437 3925 3500 3979 et
3553 3919 3746 3998 quod,
3797 3926 3962 3981 teste
3989 3907 4052 3946 ¹³·

853 4019 1042 4082 etiam
1076 4017 1425 4079 secundum
1456 4015 1672 4090 fidem,
1702 4016 2101 4098 sapientiam,
2135 4023 2198 4077 et
2228 4017 2354 4079 vir·
2461 4018 2637 4092 lsaia‚
2674 4016 3057 4079 fraudulenti
3093 4036 3240 4079 vasa
3269 4023 3418 4077 sunt
3458 4016 3769 4098 pessima3
3802 4016 3956 4089 imo,
3989 4039 4045 4081 1..
4065 4034 4210 4077 mus.

856 4124 1062 4179 tutum
1112 4114 1590 4177 sublimitatem.
1634 4114 1821 4177 lsrael
1874 4115 2347 4196 interpretatur,
2462 4117 2632 4198 quod
2680 4116 2858 4196 juxta
2904 4114 3268 4177 Malachiam
3319 4116 3714 4197 prophetam,
3763 4116 3960 4177 male-
4005 4132 4245 4201 maen:

856 4215 954 4277 vir
986 4214 1207 4277 videns
1240 4212 1459 4275 Deum.
1493 4211 1797 4285 Quoniam
1834 4232 1983 4294 ergo
2010 4211 2352 4275 Nathanael
2383 4219 2432 4280 D
2463 4214 2668 4277 dictus
2727 4214 3004 4277 dolosus.
3057 4212 3384 4295 Siquidem
3439 4213 3644 4275 virum
3705 4216 3960 4296 sangui-
3989 4203 4050 4242 ¹⁴·
4149 4260 4168 4271 .
4244 4246 4245 4291 l

855 4314 1136 4376 imitatus
1178 4319 1274 4375 est
1316 4311 1754 4374 beatissimum
1801 4313 2221 4394 patriarcham
2259 4312 2355 4374 Ja-
2463 4331 2618 4374 num
2669 4321 2731 4374 et
2773 4312 3059 4375 dolosum
3107 4296 3578 4375 abominabitur
3625 4312 3953 4375 Dominus.
4011 4264 4182 4306 PU*

855 4412 995 4486 cob,
1055 4411 1254 4475 Deum
1312 4410 1592 4473 fideliter
1650 4411 2159 4493 contemplando,
2223 4432 2355 4494 my—

2549 4413 2719 4473 Dicic
2767 4414 2830 4471 ei
2878 4413 3252 4475 Nathanael
3299 4432 3322 4470 .·
3385 4414 3560 4473 Unde
3617 4432 3714 4473 me
3761 4415 3956 4483 nosti,
4081 4420 4142 4477 48
4244 4422 4245 4471 i

855 4510 1045 4575 steria
1110 4510 1339 4574 Christi
1410 4510 1730 4591 sapienter
1796 4509 2231 4589 intelligendO,
2293 4517 2355 4571 et
2463 4529 2590 4573 non
2622 4510 2828 4574 solum
2869 4510 3219 4572 secundum
3259 4508 3510 4583 faciem,
3543 4511 3652 4572 sed
3696 4511 3960 4592 insuper
4244 4480 4245 4534 ¹

754 4650 756 4653 ⁴
857 4610 1401 4674 conversationem
1434 4608 1781 4671 virtuosam
1820 4609 2131 4683 ducendo,
2169 4609 2356 4671 meri-

2465 4609 2814 4671 secundum
2847 4608 3148 4672 interiora
3176 4626 3337 4683 mea,
3356 4616 3419 4669 et
3449 4608 3799 4671 secundum
3831 4628 3962 4672 cor-

858 4718 921 4773 to
960 4708 1194 4771 dicitur
1236 4726 1383 4771 vere
1428 4714 1491 4769 et
1530 4724 1719 4770 verus
1759 4707 2058 4770 Israelita.
2104 4707 2214 4771 Est
2251 4727 2357 4770 au·
2466 4708 2562 4770 dis
2603 4707 2726 4769 mei
2768 4707 3240 4789 simplicitatem
3285 4714 3474 4789 atque
3518 4706 3961 4789 propositum?

858 4816 989 4870 tem
1044 4814 1109 4869 et
1164 4806 1329 4869 alius
1389 4805 1670 4867 Israelita
1732 4807 2085 4868 secundum
2146 4808 2356 4870 carnis

2467 4806 2648 4869 Forte
2695 4804 3035 4869 Nathanael
3086 4806 3332 4888 putavit
3379 4824 3448 4869 se
3491 4825 3820 4888 nunquam
3871 4808 3966 4869 vi-

592 4929 832 4981 ncon-an,
861 4906 1172 4988 originem
1230 4904 1459 4979 solum,
1515 4903 1615 4968 vel
1670 4905 2021 4966 secundum
2083 4905 2356 4968 litteram

2469 4924 2609 4967 sum
2659 4924 2696 4965 a
2743 4905 2892 4967 Jesu
2949 4905 3258 4986 corporali
3319 4904 3577 4981 intuitu,
3629 4912 3691 4967 et
3745 4904 3962 4968 forsan

572 4996 1007 5108 lbor.x‚1s.q¹¹ae
1044 5003 1277 5066 occidit
1310 5020 1323 5066 :
1360 5003 1437 5064 de
1482 5020 1612 5083 quo
1657 5002 1813 5064 dicit
1857 5002 2218 5085 ApostoluS‚
2261 5004 2362 5066 Vi-
2469 5003 2561 5065 sic
2600 5010 2752 5064 erat.
2787 5003 3042 5077 Verum,
3076 5004 3340 5066 audiens
3370 5003 3690 5066 Christum
3729 5005 3808 5066 de
3847 5023 3964 5067 sua

864 5103 1006 5164 dete
1033 5101 1221 5163 Israel
1253 5101 1605 5163 secundum
1646 5119 1923 5163 carnem.
1958 5100 2043 5163 De
2074 5120 2225 5164 vero
2253 5121 2362 5163 au-

2470 5102 2756 5165 interiori
2806 5102 3221 5183 dispositione
3263 5120 3334 5163 ea
3369 5120 3650 5164 asserere
3694 5103 3772 5165 de
3818 5104 3964 5184 qui-

2470 5199 2588 5261 bus
2639 5199 2776 5281 ipse
2828 5200 3120 5263 conscius
3168 5199 3288 5261 sibi
3339 5198 3482 5275 fuit,
3525 5200 3791 5263 miratus
3837 5210 3955 5277 est,

2470 5297 2686 5361 dicens
2721 5297 2942 5360 :Unde
2986 5315 3087 5359 me
3129 5297 3335 5360 nosti?
3377 5297 3437 5360 id
3483 5305 3599 5374 est,
3641 5299 3790 5380 quis
3837 5299 3957 5362 tibi

853 3624 1123 3699 IsraeliS‚
1167 3624 1230 3686 id
1269 3630 1364 3685 est
1400 3622 1589 3685 Jacob
1633 3621 2027 3704 patriarchae,
2070 3622 2182 3703 qui
2225 3622 2350 3685 alio

580 3738 830 3791 Gemma,
858 3723 1117 3786 nomine
1148 3721 1503 3805 appellatus
1534 3728 1629 3783 est
1658 3721 1868 3783 Israel.
1902 3720 2031 3783 Hoc
2060 3728 2156 3782 est
2190 3739 2203 3783 ε
2236 3719 2353 3782 Ν6-

565 3804 634 3846 ²⁸·
858 3821 1107 3884 thanael
1168 3821 1286 3884 iste
1344 3839 1469 3884 non
1527 3820 1735 3883 solum
1784 3827 1881 3883 est
1927 3819 2105 3882 filius
2162 3820 2349 3883 Jacob

855 3920 1207 3983 secundum
1247 3937 1501 3981 carnem
1540 3926 1603 3980 et
1642 3920 2206 4000 nuncupationem,
2243 3921 2351 3981 sed

608 5252 835 5303 catana,
862 5206 992 5261 tem
1035 5207 1096 5261 et
1138 5198 1455 5281 spirituali
1498 5198 1795 5275 Israelita,
1838 5200 2141 5262 disseruit
2183 5219 2196 5263 ε
2240 5200 2361 5262 Pax

575 5318 641 5359 ιο.
866 5315 1059 5379 super
1101 5297 1263 5373 illos,
1309 5306 1373 5359 et
1415 5315 1609 5379 super
1648 5298 1835 5359 Israel
1884 5298 2013 5359 Dei.
