4300 6259
528 1491 545 1534 l
568 1491 677 1546 1109.

484 1556 551 1596 30.

527 2077 603 2120 Pe.
622 2093 669 2119 ιι

576 1081 643 1136 16

579 2897 591 2908 .
608 2881 663 2918 τι,
680 2870 745 2910 36.

580 4043 645 4098 17

1562 515 1913 562 mammo
1956 515 2019 560 nt
2059 513 2200 560 GAP.
2245 513 2334 560 ¹11
2373 513 2566 560 LUCAE.
2610 533 2692 544 --
2731 515 2876 561 am.
2919 515 3098 561 mu

774 687 963 750 corda
1000 687 1405 769 particularia
1432 687 1725 769 exempla
1751 705 1943 768 quam
1982 703 2268 748 commu-
2293 683 2344 743 A
2374 684 2673 765 colligere
2705 686 3036 768 potuisset.
3061 687 3206 750 Ideo
3233 686 3524 750 Rabanus
3551 685 3638 748 ait
3659 704 3674 747 :
3695 685 3861 746 Men·-

776 787 881 846 nia
936 787 1219 859 monita;
1269 787 1504 849 idcirco
1559 785 1841 848 Salvator
1896 784 2266 865 exemplum

778 903 1040 965 ponenS,
1064 886 1549 947 similitudinem
1582 885 1923 947 introducit
1958 903 1971 945 :
2004 902 2149 964 quae
2179 891 2269 943 ta-

776 1001 921 1045 men
966 985 1169 1065 potuit
1198 1003 1337 1046 esse
1368 1003 1465 1045 res
1500 992 1695 1064 gesta,
1730 985 1859 1046 imo
1897 982 2268 1062 frequenter

780 1082 841 1143 id
890 1083 1217 1162 contingit.
1250 1085 1443 1144 Dixit
1492 1093 1708 1143 autem
1754 1083 2262 1142 similitudinem

776 1184 865 1240 ad
902 1183 1071 1248 illos,
1112 1183 1350 1240 dicem.
1396 1181 1561 1242 Talis
1612 1180 2022 1261 ingeminatio
2072 1179 2137 1239 in
2183 1177 2269 1240 lo-

776 1279 1049 1358 quendo,
1094 1278 1395 1359 frequens
1434 1287 1528 1340 est
1568 1279 1631 1340 in
1675 1279 1869 1342 veteri
1912 1277 2270 1338 Testamen-

778 1386 861 1450 to,
897 1385 965 1438 ut
994 1397 1191 1459 quum
1234 1378 1297 1440 in
1340 1378 1519 1440 libris
1560 1377 1797 1458 Regum
1840 1377 2141 1440 Dominus
2181 1375 2268 1436 ait

702 1505 745 1538 ιι.
776 1477 853 1537 ad
894 1477 1026 1537 Heli
1069 1495 1083 1539 :
1124 1477 1417 1558 Loquens
1466 1477 1713 1540 locutus
1760 1495 1927 1550 sum,
1970 1482 2089 1536 etc.
2135 1477 2269 1536 Ho-

674 2091 745 2128 xu.

777 1577 975 1635 minis
1014 1577 1359 1654 cujusdam
1396 1578 1651 1646 divitis,
1694 1576 1758 1636 in
1803 1573 2266 1656 temporalibus

776 1674 987 1746 rebuS,
1040 1675 1149 1735 sed
1204 1675 1268 1736 in
1328 1673 1768 1755 spiritualibus
1828 1672 2060 1754 inopis,
2114 1673 2266 1731 ube-

774 1793 895 1840 res,
936 1772 998 1833 id
1040 1781 1135 1834 est
1174 1772 1483 1854 copiOSOS,
1525 1774 1783 1851 fructus
1820 1793 1975 1849 aqer
2014 1774 2264 1836 attulit,

2374 785 2571 864 titur3
2615 804 2760 846 nam
2794 786 3020 848 horrea
3059 795 3294 867 parata,
3327 794 3476 848 sunt
3515 803 3858 867 pauperum

2376 885 2795 946 esurientium
2857 893 3132 947 ventres,
3194 885 3313 946 Sed
3373 884 3690 946 nesciebat
3744 884 3862 944 iste

2376 983 2554 1046 dives
2598 984 2874 1063 cogitare
2915 984 3040 1044 nisi
3081 984 3158 1046 de
3201 984 3674 1064 congregatione
3717 991 3866 1043 tem·

2378 1082 2602 1164 poi-ali,
2646 1101 2772 1144 non
2814 1083 2892 1144 de
2933 1082 3198 1156 coelesti,
3231 1083 3416 1162 cujus
3458 1082 3678 1144 horrea
3719 1089 3866 1141 sunt

2380 1197 2714 1260 pauperes.

2436 1282 2522 1339 Et
2551 1281 2730 1338 dixit
2751 1298 2774 1340 .·
2798 1282 2936 1340 Hoc
2961 1280 3210 1356 faciam
3233 1299 3255 1336 .·
3279 1282 3610 1338 destruam
3637 1279 3862 1338 horrea

2377 1398 2540 1448 mea,
2585 1389 2646 1438 ec
2685 1379 2934 1456 faciam
2977 1380 3230 1454 majora
3245 1402 3273 1448 ,·
3311 1385 3369 1436 et
3411 1379 3573 1436 illuc
3611 1395 3865 1452 conyre-

2369 1479 2536 1553 yabo
2571 1479 2792 1537 omnia
2827 1498 2972 1556 quoe
3005 1488 3162 1537 nata
3197 1487 3350 1537 sunt
3385 1477 3552 1535 mihi
3589 1476 3654 1536 in
3699 1492 3865 1536 anno

2380 1575 2702 1655 praesenti,
2753 1586 2813 1636 et
2861 1577 3024 1636 bona
3077 1597 3214 1635 mea
3271 1593 3348 1636 ex
3405 1575 3587 1635 annis
3644 1572 3868 1654 priori-

2378 1673 2499 1735 bus
2539 1673 2754 1735 habita
2791 1681 2984 1754 atque
3023 1674 3294 1735 residua.
3331 1673 3454 1737 Hoc
3483 1681 3577 1734 est
3605 1681 3866 1734 terrente

2379 1773 2708 1854 sapientiae
2757 1772 3122 1844 consilium,
3176 1773 3254 1835 de
3300 1791 3428 1853 qua
3476 1772 3564 1833 ait
3607 1772 3866 1852 Aposto-

4019 1285 4100 1340 ¹8

775 1869 837 1930 id
884 1877 981 1931 est
1029 1871 1347 1952 produxit.
1389 1870 1649 1933 Occulto
1698 1889 1929 1952 nempe
1976 1889 2051 1930 ac
2096 1869 2269 1949 justo
2306 1865 2348 1925 B
2377 1871 2477 1932 lus
2510 1889 2525 1932 :
2558 1870 2898 1932 Prudentia
2925 1870 3150 1943 carniS,
3187 1889 3357 1932 mors
3385 1877 3495 1931 est.
3522 1868 3868 1942 Quocontra
3894 1889 4212 1936 flans-ue

776 1967 881 2028 Dei
921 1969 1184 2049 judicio,
1219 1968 1366 2030 mali
1406 1977 1467 2056 et
1508 1969 1759 2050 reprobi
1806 1969 1870 2029 in
1912 1967 2029 2030 hoc
2075 1986 2270 2028 saecu-

776 2065 837 2128 lo
888 2074 1357 2148 prosperantur,
1397 2067 1577 2147 juxta
1618 2067 1777 2128 illud
1824 2066 2047 2128 Psalmi
2094 2085 2108 2127 :
2150 2065 2266 2126 Mei

774 2172 983 2225 autem
1036 2183 1196 2246 pene
1233 2166 1383 2227 moti
1426 2172 1573 2226 sunt
1617 2167 1831 2246 pedeS,
1874 2166 2028 2246 quia
2068 2164 2266 2226 zelavi

776 2281 969 2343 super
1007 2263 1284 2344 iniquoS,
1322 2282 1539 2345 pacem
1575 2271 1977 2345 peccatorum
2017 2262 2262 2325 videns.

774 2360 1241 2435 Verumtamen,
1278 2361 1437 2423 Deus
1480 2362 1847 2424 naturaliter
1888 2360 2270 2441 infiniteque

776 2458 979 2521 bonus
1036 2478 1109 2522 ac
1174 2461 1341 2542 piuS‚
1402 2461 1773 2542 temporalia
1830 2461 1949 2522 ista
2003 2460 2269 2540 largitur

776 2557 1037 2640 iniquis,
1074 2567 1143 2620 ut
1179 2567 1490 2640 quantum
1534 2559 1599 2620 in
1645 2577 1713 2620 se
1751 2567 1867 2632 est,
1912 2577 2027 2640 per
2064 2559 2272 2620 muni·

774 2655 1097 2719 licentiam
1142 2676 1321 2718 suam
1362 2658 1565 2719 trahat
1603 2676 1709 2720 eos
1750 2659 1830 2719 ad
1874 2658 1972 2718 sui
2014 2657 2272 2719 imitati-

774 2773 984 2829 onem,
1016 2757 1094 2817 ad
1119 2756 1465 2835 gratiarum
1506 2757 1842 2830 actionem,
1876 2756 1955 2818 ad
1997 2755 2273 2817 liberali-

776 2861 984 2926 tatem,
1011 2862 1080 2914 ut
1109 2854 1237 2915 sint
1267 2854 1705 2917 misericordes
1736 2855 2085 2934 egentibus,
2106 2853 2273 2916 sicut

776 2950 953 3013 Pater
998 2953 1272 3014 coelestis
1332 2953 1488 3034 ipsis
1540 2953 1899 3014 misericors
1949 2961 2064 3025 est,
2118 2951 2272 3014 sint-

2378 1968 2720 2032 consilium
2777 1977 3028 2030 aeternae
3091 1969 3418 2051 sapientiae
3475 1968 3740 2029 habetur
3798 1968 3864 2029 in

2377 2068 2662 2130 Matthaeo
2695 2085 2709 2129 :
2744 2065 2948 2128 Nolite
2987 2067 3411 2128 thesaurizare
3446 2066 3510 2127 in
3541 2073 3726 2127 terra.
3759 2065 3872 2126 De-
3921 2079 4212 2121 Menan.

2379 2165 2578 2246 nique
2627 2165 2744 2226 iste
2789 2183 3017 2226 avarus
3063 2171 3128 2225 et
3172 2182 3392 2226 omnes
3441 2163 3668 2245 iniqui,
3718 2183 3872 2244 quo-

2380 2264 2552 2325 niam
2583 2282 2834 2324 summo
2865 2271 2928 2324 et
2958 2262 3463 2324 incommutabili
3497 2262 3681 2333 bono,
3707 2261 3875 2322 vide-

2381 2361 2529 2423 licet
2579 2360 3231 2441 supergloriosissimo
3275 2360 3564 2431 Creatori,
3609 2359 3874 2440 ejusque

2381 2458 2825 2541 spiritualibus
2858 2459 3039 2522 donis
3067 2479 3142 2521 ac
3169 2459 3388 2539 gratiis
3419 2458 3761 2540 praeferunt
3787 2466 3876 2519 at-

2383 2577 2510 2640 que
2561 2557 2940 2638 praeeligunt
2990 2557 3106 2619 ista
3155 2565 3426 2631 terrena,
3471 2557 3745 2620 carnalia
3787 2563 3880 2618 at·-

2383 2674 2510 2738 que
2552 2657 2820 2732 caduca3
2864 2655 3102 2718 idcirco
3145 2655 3296 2717 talia
3331 2663 3555 2718 vocant
3592 2664 3652 2717 et
3695 2673 3880 2736 repu-

2384 2762 2520 2817 tant
2556 2754 2723 2817 bona
2763 2773 2876 2815 sua
2927 2754 3138 2835 potius
3181 2772 3374 2834 quam
3423 2753 3775 2835 spiritualia
3813 2759 3878 2814 et

2385 2853 2602 2916 divina
2635 2870 2648 2914 :
2685 2871 2886 2932 quum
2916 2859 3127 2913 tamen
3160 2851 3324 2914 bona
3354 2851 3629 2914 hominis
3659 2868 3882 2912 secun-

2385 2952 2536 3012 dum
2579 2951 2750 3030 quod
2794 2950 2984 3013 homo
3021 2957 3140 3024 est,
3169 2950 3296 3011 sint
3326 2949 3490 3012 bona
3529 2948 3880 3030 spiritualia

774 3069 902 3130 que
958 3050 1252 3112 liberales
1313 3052 1376 3112 in
1438 3053 1662 3124 dando,
1716 3071 1841 3113 non
1902 3059 2154 3113 tenaces
2205 3052 2269 3112 in
2311 3045 2357 3112 G
2385 3057 2448 3110 et
2477 3049 2748 3118 interna,
2785 3067 2910 3110 non
2943 3047 3220 3109 carnalia
3249 3055 3311 3108 et
3341 3055 3608 3120 terrena,
3633 3046 3880 3108 dicente

776 3150 1160 3229 reponendo,
1194 3149 1415 3230 sicque
1453 3151 1529 3210 ad
1572 3149 1805 3211 summi
1844 3147 2270 3211 benefactoris

776 3246 1255 3309 inflammentur
1283 3265 1586 3320 amorem,
1620 3253 1681 3307 et
1713 3247 1768 3307 ei
1799 3247 2143 3327 gratiarum
2177 3267 2274 3309 ac—

773 3344 1007 3406 tionem
1060 3345 1409 3425 rependant
1458 3351 1851 3425 perpetuam.
1896 3343 2039 3416 Sed,
2092 3344 2265 3405 heu!

774 3443 957 3506 multi
1006 3441 1341 3504 beneficiis
1386 3442 1493 3502 Dei
1541 3460 1799 3523 prorsus
1850 3442 2076 3521 ingrati
2122 3461 2276 3504 con-

776 3541 1039 3602 trarium
1092 3548 1309 3620 agunt,
1359 3547 1421 3600 et
1468 3558 1596 3621 quo
1654 3539 1837 3620 plura
1885 3538 2119 3600 habent
2165 3547 2274 3600 aut

774 3639 1235 3720 adipiscuntur,
1300 3655 1375 3700 eo
1430 3637 1791 3719 cupidiores
1850 3639 2203 3700 redduntur
2255 3657 2268 3700 z

776 3738 1013 3820 quibus
1063 3738 1261 3799 instar
1310 3736 1803 3818 hydropicorum
1852 3737 1990 3798 sitis
2037 3754 2114 3797 ex
2166 3755 2276 3818 po-

780 3846 845 3899 tu
891 3834 1137 3908 crescit,
1173 3835 1523 3896 secundum
1567 3832 1961 3913 Gregorium.
1995 3833 2274 3906 Quorum

781 3953 945 3995 unus
985 3932 1109 3994 fuit
1150 3932 1257 3993 hic
1300 3933 1498 3994 dives.
1540 3931 1693 3993 Nam
1738 3931 2033 3993 subditur
2067 3951 2081 3994 ε

864 4034 945 4093 Ec
976 4031 1294 4107 cogitabat
1336 4032 1513 4090 intra
1545 4050 1629 4096 se.
1663 4033 1883 4090 dicens
1911 4052 1934 4089 .·
1968 4031 2141 4098 Quid
2175 4033 2277 4109 fa-

778 4132 991 4189 ciam?
1018 4127 1150 4200 Quo
1181 4126 1376 4190 verbo
1410 4127 1790 4208 exprimitur
1817 4127 2005 4188 anxia
2037 4128 2177 4206 ejus
2211 4127 2274 4189 in

2385 3147 2719 3210 Ambrosio
2761 3166 2775 3209 ε
2820 3145 2955 3208 Non
2999 3153 3148 3207 sunt
3185 3145 3352 3209 bona
3399 3145 3695 3218 hominis,
3737 3163 3881 3224 quae

2387 3265 2602 3308 secum
2655 3245 2820 3307 ferre
2865 3264 2991 3309 non
3035 3245 3220 3307 valet.
3254 3243 3588 3324 Gregorius
3625 3262 3881 3324 quoque

2388 3352 2651 3406 testatur
2685 3363 2698 3406 z
2732 3342 2865 3406 Non
2899 3352 2994 3405 est
3035 3343 3311 3406 hominis
3353 3351 3599 3404 terrena
3638 3359 3884 3423 posses-

2387 3442 2502 3512 sio,
2545 3443 2654 3502 sed
2697 3441 2997 3504 coelestiS.
3031 3439 3246 3503 Refert
3283 3440 3567 3502 Valerius
3611 3441 3688 3501 de
3727 3459 3884 3520 quo-

2387 3541 2530 3602 dam
2581 3538 2985 3621 philosopho,
3034 3539 3147 3620 qui
3196 3557 3400 3619 quum
3441 3538 3742 3600 evasisset
3789 3538 3884 3599 in-

2387 3638 2707 3711 cendium,
2742 3637 2831 3698 ait
2865 3655 2878 3698 :
2913 3636 3041 3717 Ego
3081 3636 3170 3697 nil
3215 3636 3503 3718 perdidi3
3544 3636 3706 3698 bona
3745 3654 3884 3698 mea

2389 3755 2639 3798 mecum
2681 3743 2832 3797 sunt
2866 3754 2880 3797 ε
2914 3735 3128 3796 animo
3159 3735 3330 3796 enim
3371 3735 3481 3796 illa
3519 3742 3720 3815 porto,
3753 3753 3879 3796 uon

2387 3835 2692 3897 humeris.
2739 3834 2955 3915 ltaque
3003 3833 3355 3914 corporalia
3404 3850 3527 3895 non
3575 3840 3723 3894 sunt
3771 3833 3883 3894 ho-

2386 3932 2579 3994 minis
2630 3932 2817 4004 bona,
2871 3931 2992 3992 nisi
3046 3932 3398 3992 secundum
3449 3932 3618 4011 quod
3664 3931 3722 3992 ei
3773 3949 3882 3992 ne-

2387 4032 2658 4094 cessaria
2695 4051 2768 4092 ac
2805 4029 3359 4093 adminiculatoria
3395 4037 3544 4091 sunt
3579 4031 3656 4092 ad
3697 4029 3884 4110 spiri-

2387 4130 2581 4191 tualia
2622 4130 2790 4192 bona
2832 4149 2846 4192 :
2892 4129 3033 4191 ideo
3071 4136 3314 4190 tantum
3361 4127 3574 4209 appeti
3619 4135 3882 4209 possunt

781 4226 1237 4308 temporalibus
1277 4224 1657 4287 sollicitudo.
1692 4224 2066 4286 Divitiarum
2102 4245 2277 4286 nam·
2309 4227 2358 4288 D
2385 4235 2449 4289 et
2480 4227 2806 4308 possideri,
2827 4236 3138 4308 quantum
3171 4226 3524 4287 necessaria
3551 4234 3740 4307 atque
3771 4225 3880 4286 uti-

778 4345 905 4406 que
964 4323 1278 4405 possessio
1336 4321 1831 4384 sollicitudinem
1887 4322 2090 4402 gignit
2144 4341 2276 4403 poe-

782 4422 1011 4494 nalem,
1059 4420 1613 4501 multiplicemque
1662 4419 1974 4482 timorem.
2019 4421 2276 4503 Propter

780 4520 952 4602 quod
980 4518 1204 4580 asserit
1234 4517 1622 4598 Augustinus
1649 4537 1662 4580 :
1690 4517 1871 4581 Dives
1899 4538 2123 4582 avarus
2157 4519 2277 4582 for-

780 4618 979 4679 midat
1016 4634 1273 4679 omnem
1312 4615 1635 4678 hominem
1670 4634 1685 4677 ε
1720 4634 1867 4678 nam
1907 4617 2077 4679 videt
2116 4619 2277 4680 divi-

782 4725 933 4789 tem,
968 4722 1031 4776 et
1061 4721 1238 4796 putat
1273 4715 1665 4794 praedonem:‚
1701 4714 1871 4777 videt
1913 4734 2276 4797 pauperem,

781 4823 844 4876 et
893 4812 1255 4893 suspicatur
1304 4809 1535 4872 furem.
1590 4814 1791 4883 Quod,
1845 4813 1908 4874 id
1956 4821 2051 4874 est
2098 4814 2273 4895 quia,

782 4911 1027 4974 scilicet
1064 4928 1140 4972 ex
1179 4910 1297 4971 hoc
1336 4910 1527 4990 quod,
1572 4929 1700 4970 non
1740 4913 1931 4971 liabeo
1968 4931 2091 4990 quo
2130 4933 2280 4973 con-

775 5030 1035 5088 yreyem
1096 5012 1354 5088 fructus
1415 5027 1599 5066 meo-3.
1667 5005 2031 5070 Secundum
2099 5030 2280 5072 suam

784 5106 1264 5169 excaeeationem
1298 5123 1373 5165 ex
1404 5104 1665 5166 avaritia
1702 5115 1901 5169 ortam
1945 5107 2063 5170 hoc
2102 5108 2276 5170 dixit.

788 5207 849 5267 Si
892 5205 1065 5266 enim
1106 5203 1476 5265 illuminatae
1513 5205 1743 5266 mentis
1784 5205 2027 5280 fuisset,
2064 5208 2285 5270 scivis-

792 5310 891 5366 set
940 5302 1161 5384 utique
1212 5301 1319 5363 ubi
1368 5299 1613 5364 fructus
1664 5323 1811 5366 suos
1868 5305 2285 5368 saluberrime

2389 4326 2472 4388 lia
2511 4333 2660 4388 sunt
2701 4327 2779 4387 ad
2825 4325 3182 4407 spiritualia
3227 4324 3592 4387 obtinenda.
3626 4324 3882 4405 Propter

2388 4425 2556 4505 quod
2602 4422 2692 4485 ait
2737 4422 3076 4504 Apostolus
3119 4441 3133 4484 :

2387 4522 2626 4604 quibus
2675 4530 2982 4602 tegamur,
3027 4521 3126 4583 his
3170 4521 3450 4583 contenti
3494 4520 3714 4582 simuS.

2469 4624 2556 4682 Ec
2583 4622 2802 4681 dicam
2830 4621 3072 4680 animoe
3101 4639 3277 4688 meoe,
3311 4618 3375 4680 id
3405 4626 3500 4680 est
3533 4618 3692 4680 mihi
3729 4617 3874 4700 ipsi.

2387 4719 2616 4781 Anima
2667 4735 2944 4799 namque
2987 4724 3082 4778 est
3130 4715 3545 4798 principalior
3588 4735 3729 4798 pars
3772 4717 3882 4778 ho-

2390 4817 2582 4879 minis
2619 4835 2633 4880 :
2670 4817 2812 4878 ideo
2854 4834 2970 4896 pro
3011 4823 3142 4879 toto
3182 4815 3440 4878 homine
3491 4815 3765 4896 ponitur.
3807 4813 3881 4876 Et

2389 4914 2592 4996 aliqui
2644 4915 2866 4977 dicunt
2924 4913 3254 4975 materiam
3303 4932 3427 4975 non
3476 4931 3613 4975 esse
3664 4914 3740 4975 de
3785 4931 3884 4974 es-

2393 5014 2596 5076 sentia
2639 5012 3066 5075 materialium
3108 5031 3182 5072 ac
3224 5010 3608 5072 naturalium
3651 5029 3876 5072 rerum.

2393 5113 2664 5182 Anima,
2695 5112 2882 5170 habes
2915 5113 3123 5171 multa
3155 5112 3316 5169 bona
3341 5111 3550 5186 posita
3583 5112 3654 5170 in
3685 5129 3884 5170 annos

2387 5212 2734 5286 plurimos,
2768 5209 2830 5269 id
2865 5216 2962 5268 est
3001 5207 3286 5288 copiosas
3327 5207 3598 5280 divitiaS,
3634 5207 3710 5269 de
3747 5208 3888 5287 qui-

2395 5308 2515 5369 bus
2558 5325 2672 5389 per
2712 5306 2945 5369 multos
2984 5323 3184 5368 annos
3225 5305 3392 5366 laute
3433 5305 3646 5367 vivere
3685 5314 3884 5387 potes

3901 2145 3979 2185 te.

3176 4421 3486 4483 Habentes
3537 4422 3772 4484 victum
3818 4429 3882 4483 et
3913 4441 4224 4494 iriam-..a
4286 4409 4288 4442 ⁵

4033 4623 4114 4677 ¹9
