4300 6259
73 1095 148 1137 Ha
149 1093 312 1146 881¹va

1144 523 1492 573 amanum
1537 526 1596 570 m
1639 526 1776 571 car.
1823 527 1865 572 x
1906 526 2179 574 Joaums.
2226 548 2305 559 —
2345 531 2489 579 ΛΒΤ.
2536 533 2682 578 xxvi
3341 513 3460 579 467

342 686 512 767 quia
565 690 865 770 gentibus
925 693 1193 756 missum
1253 703 1350 757 est
1407 695 1528 757 hoc
1590 696 1861 757 salutare
1891 696 1941 756 A
1971 696 2079 771 ait,
2134 698 2273 779 lpse
2330 700 2541 776 stabit,
2590 710 2654 763 et
2702 710 2915 783 pascet
2965 702 3030 763 in
3086 700 3461 765 fortitudine
3490 724 3755 778 meam.

343 783 492 859 Dei,
536 796 600 849 et
643 788 769 870 ipsi
816 792 1098 854 audient.
1141 792 1270 855 Hoc
1308 792 1592 855 Christus
1639 792 1862 873 praein-
1975 795 2245 859 Domini.
2281 798 2565 861 Christus
2609 808 2817 862 autem
2866 808 2961 863 est
3004 800 3173 863 solus
3218 808 3280 861 et
3322 799 3464 861 uni-

345 884 568 947 ductis
608 888 821 951 verbis
866 890 1119 971 adjecit,
1163 908 1243 953 ne
1289 911 1402 974 pro
1443 892 1592 955 solis
1629 891 1858 953 Judaeis

345 984 726 1047 crederetur
774 1006 1078 1069 passurus
1122 990 1220 1053 vel
1271 990 1526 1062 missuS,
1571 1008 1645 1051 eo
1688 990 1859 1070 quod

344 1080 514 1143 alibi
548 1084 817 1147 dixerit:
843 1086 976 1149 Non
1009 1106 1148 1149 sum
1184 1088 1415 1149 missus
1448 1087 1569 1148 nisi
1601 1088 1676 1149 ad
1708 1106 1787 1151 ov
1791 1106 1859 1149 es

347 1198 506 1260 quae
552 1182 882 1262 perierunt
924 1187 1148 1249 domus
1191 1186 1403 1248 lsrael.

1973 993 2100 1055 cari
2130 994 2329 1057 Rabbi
2356 1016 2372 1071 ;
2406 1016 2573 1059 unus
2604 1004 2697 1059 est
2726 998 2899 1060 enim
2931 998 3229 1079 magister
3260 1004 3465 1060 vester

1973 1092 2279 1155 Christus.
2322 1094 2477 1157 Nam
2519 1096 2625 1157 alii
2674 1115 2799 1159 non
2844 1105 2992 1158 sunt
3036 1104 3315 1178 pastores
3365 1096 3461 1158 vel

1971 1191 2254 1271 magistri
2306 1193 2429 1255 nisi
2471 1194 2589 1255 sub
2630 1194 2899 1271 Christo,
2943 1203 3003 1256 et
3042 1194 3180 1275 ejus
3221 1193 3463 1256 vicarii.

441 1282 530 1340 Ει
557 1286 670 1357 fiee
709 1302 920 1343 unum
957 1286 1149 1354 ovile,
1183 1284 1243 1347 id
1281 1294 1376 1347 est
1417 1304 1542 1347 una
1577 1284 1860 1347 Ecclesia
1973 1288 2183 1365 Porro,
2218 1292 2388 1372 quod
2429 1292 2536 1365 ait,
2573 1292 2704 1354 Fiet
2745 1312 2909 1355 unus
2950 1303 3181 1374 pastor,
3217 1311 3343 1356 non
3374 1299 3470 1353 est

350 1394 473 1437 seu
529 1396 653 1440 una
699 1379 993 1443 fidelium
1044 1383 1463 1464 congregatio,
1518 1402 1594 1445 ex
1642 1382 1860 1445 electis
1972 1386 2210 1451 factum
2253 1406 2367 1451 nec
2398 1390 2477 1452 fit
2516 1408 2629 1472 per
2668 1391 3082 1455 mutationem
3124 1392 3189 1453 in
3222 1390 3470 1454 Christo

347 1474 590 1539 Judaeis
659 1486 852 1560 atque
914 1482 1237 1545 conversis
1298 1482 1646 1563 gentilibus
1713 1502 1860 1546 con-
1972 1486 2225 1563 factam,
2274 1491 2384 1551 sed
2434 1490 2497 1551 in
2548 1490 2798 1565 ovibuS,
2849 1509 2993 1572 quae
3040 1490 3313 1552 feliciter
3361 1489 3473 1551 im-

353 1584 534 1637 stans
561 1594 576 1638 :
602 1596 748 1658 quae
779 1578 1012 1641 dicitur
1043 1600 1191 1655 una,
1221 1589 1480 1663 propter
1509 1582 1688 1662 fidei,
1722 1582 1857 1663 spei
1975 1593 2251 1661 mutatae,
2284 1588 2361 1648 ad
2411 1587 2728 1650 Christum
2784 1606 3104 1651 conversae
3152 1595 3321 1649 sunt.
3367 1585 3471 1649 Sic

353 1675 772 1758 caritatisque
806 1678 1302 1761 unitatem.lpsa
1330 1680 1500 1742 enim
1533 1688 1628 1742 est
1659 1700 1860 1742 unum
1975 1683 2146 1745 enim
2204 1684 2365 1747 Deus
2424 1686 2656 1748 dicitur
2702 1686 2929 1759 factuS,
2984 1705 3109 1749 non
3160 1685 3341 1767 quasi
3400 1685 3468 1746 in

355 1773 702 1855 mysticum
764 1794 996 1859 corpus
1055 1776 1309 1852 Christi,
1366 1778 1537 1859 quod
1595 1778 1674 1840 ab
1735 1797 1860 1842 uno
1976 1800 2044 1843 se
2091 1781 2232 1864 ipso
2277 1792 2579 1858 mutatuS,
2623 1785 2731 1846 sed
2782 1792 3044 1866 propter
3085 1803 3311 1848 novam
3360 1783 3470 1845 ha-

355 1873 592 1953 capite,
646 1873 892 1936 scilicet
948 1874 1217 1950 Christo,
1266 1876 1680 1956 gubernatur,
1735 1894 1860 1939 uno
1901 1877 1946 1943 B
1976 1880 2331 1943 bitudinem
2382 1883 2578 1945 nostri
2628 1883 2705 1944 ad
2756 1900 2925 1957 eum,
2967 1882 3149 1963 juxta
3198 1882 3354 1944 illud
3401 1881 3467 1943 in

357 1970 606 2052 Spiritu
643 1970 870 2035 Sancto
909 1972 1296 2049 vivificatur,
1340 1994 1465 2036 una
1503 1974 1640 2056 lege
1681 1993 1863 2055 regu-

358 2167 603 2243 ficitur,
627 2168 708 2231 ah
741 2188 868 2233 uno
897 2170 1078 2233 Patre
1106 2180 1534 2252 regeneratur,
1559 2173 1636 2233 ad
1668 2190 1860 2233 unam

361 2267 635 2349 patriam
685 2266 1138 2349 proficiscitur.
1194 2270 1350 2331 Huic
1408 2270 1558 2333 ovili
1621 2270 1862 2352 praelati

362 2366 749 2448 praesident;
797 2367 918 2431 hoc
954 2368 1270 2431 daemones
1310 2368 1622 2443 obsident,
1656 2368 1864 2449 angeli

363 2472 728 2547 protegunt,
795 2466 1081 2529 Christus
1145 2467 1517 2549 triumphat.
1580 2467 1865 2530 Christus

361 2584 514 2647 ergo
553 2582 632 2627 ex
672 2565 921 2628 duobus
967 2567 1222 2649 populis
1267 2586 1438 2629 nunc
1479 2568 1630 2630 fecit
1675 2586 1865 2629 unam

183 2688 238 2717 xx
283 2688 332 2724 n.
363 2664 737 2727 Ecclesiam.
773 2664 1035 2746 Propter
1071 2666 1241 2747 quod
1282 2666 1516 2728 dicitur
1555 2666 1715 2747 lapis
1757 2686 1866 2727 an-

29 2782 31 2785 ,
71 2688 332 2792 16?Ephes.

69 3078 234 3133 Ephcu.

75 3144 135 3183 Η.

105 3276 244 3321 Zaeh.

75 3343 137 3383 1³.

99 3673 264 3729 Ephee.

79 3739 140 3781 19.

77 3871 334 3915 midan-22.

93 5256 228 5302 Zaelt.
243 5272 331 5310 xm,

81 5323 122 5363 7.

358 2765 626 2846 gulariS,
679 2765 983 2846 quoniam
1044 2765 1207 2828 sicut
1266 2765 1331 2827 in
1381 2766 1592 2848 lapide
1647 2766 1864 2847 anguli

364 2864 680 2926 uniuntur
709 2866 835 2926 duo
878 2863 1174 2945 parieteS,
1209 2864 1301 2926 sic
1341 2865 1406 2926 in
1446 2864 1694 2928 Christo
1734 2873 1868 2926 tan-

362 2982 558 3044 quam
593 2963 658 3025 in
701 2963 930 3045 capite,
965 2963 1292 3044 conjuncti
1333 2971 1481 3025 sunt
1512 2965 1636 3027 du‘o
1667 2983 1870 3046 popu-

368 3171 606 3235 nostra‚
639 3162 752 3244 qui
797 3162 951 3224 fecit
1000 3169 1268 3243 utraque
1318 3182 1542 3224 unum.
1589 3161 1660 3224 Et
1698 3162 1868 3244 apud

274 3291 334 3327 vn,
367 3260 732 3323 Zachariam
773 3261 1144 3343 praedictum
1179 3269 1274 3323 est
1309 3280 1322 3323 :
1356 3262 1496 3342 lpse
1525 3261 1869 3324 aedificabit

366 3359 684 3442 templum
728 3358 1015 3433 Domin0,
1049 3366 1111 3421 et
1149 3358 1485 3422 consilium
1536 3360 1708 3441 pacis
1749 3360 1870 3422 erit

367 3458 536 3520 inter
586 3459 744 3522 duos
799 3458 964 3532 ἱΙΙοε,
1019 3466 1174 3539 puta
1215 3458 1460 3519 Judaeos
1515 3466 1578 3520 et
1621 3466 1863 3539 gentes.

364 3556 527 3619 Hinc
563 3556 863 3638 gentibus
904 3556 1227 3619 conversis
1266 3555 1550 3637 loquitur
1587 3556 1814 3619 Paulus
1849 3575 1863 3620 ε

289 3690 334 3726 n,
363 3656 500 3719 Jam
560 3675 690 3719 non
749 3656 900 3718 estis
957 3655 1237 3737 hospites
1295 3663 1356 3716 et
1414 3656 1694 3730 advenae,
1757 3657 1868 3718 sed

365 3756 520 3818 estis
562 3756 734 3818 cives
763 3754 1137 3817 Sanctorum
1171 3760 1233 3815 et
1262 3752 1591 3815 domestici
1628 3753 1758 3815 Dei.
1793 3753 1868 3815 Et

368 3862 514 3937 post
563 3872 764 3935 pauca
813 3872 827 3916 ε
877 3853 1018 3934 Ipso
1063 3851 1332 3933 (inquit)
1374 3870 1625 3915 summo
1671 3871 1867 3933 angu-

368 3954 484 4016 lari
542 3953 756 4034 lapide
818 3952 1066 4015 Christo
1120 3951 1288 4026 Jesu,
1352 3952 1417 4013 in
1475 3970 1604 4032 quo
1660 3952 1866 4014 omnis

364 4051 706 4117 aedil’icatio
750 4057 1132 4124 constructa,
1173 4050 1402 4112 crescit
1445 4050 1512 4111 in
1555 4050 1864 4132 templum

363 4159 658 4215 sanctum
700 4151 764 4212 in
806 4149 1094 4224 Domino,
1130 4149 1195 4212 in
1237 4168 1365 4231 quo
1403 4156 1463 4211 et
1497 4168 1605 4212 vos
1647 4149 1868 4212 coaedi-

1980 2275 2044 2337 in
2075 2275 2210 2337 fine
2236 2277 2450 2339 soeculi
2486 2278 2737 2358 plenius
2778 2276 3241 2359 implebuntur,
3276 2295 3475 2358 quan-

1979 2375 2056 2436 do
2087 2375 2331 2437 detecta
2358 2376 2725 2438 Antichristi
2768 2375 3060 2457 perfidia,
3094 2382 3261 2438 totus
3291 2394 3478 2437 mun-

1979 2473 2114 2545 duS,
2150 2473 2555 2554 paucissimis
2600 2474 2971 2536 Antichristi
3017 2473 3327 2536 ministris
3372 2491 3478 2535 ex-

1980 2572 2203 2653 ceptiS,
2271 2579 2677 2634 convertetur
2744 2574 2821 2634 ad
2891 2571 3234 2633 Christum.
3300 2571 3476 2634 Tunc

1979 2668 2148 2731 enim
2219 2669 2571 2733 idololatria
2635 2670 2889 2751 penitus
2959 2670 3340 2742 destruetur,
3413 2677 3477 2731 et

1977 2787 2199 2830 omnes
2252 2768 2447 2830 Judaei
2506 2767 2704 2829 fidem
2763 2767 3168 2829 christianam
3228 2767 3473 2849 ample-

1981 2873 2251 2928 ctentur.

2057 2968 2408 3041 Propterea
2456 2985 2555 3024 me
2600 2967 2801 3027 Pater
2846 2967 3095 3042 diliqit,
3147 2966 3305 3044 quia
3361 2984 3471 3043 eqo

287 3093 332 3130 u.
365 3063 434 3124 li.
471 3062 733 3144 Propter
773 3063 945 3144 quod
984 3062 1214 3124 Paulus
1251 3064 1339 3125 ait
1375 3081 1388 3125 ε
1421 3063 1562 3145 lpse
1610 3070 1704 3125 est
1745 3082 1866 3145 pax
1904 3066 1948 3129 C
1971 3082 2138 3140 pono
2170 3066 2465 3124 animam
2496 3083 2703 3125 meam
2735 3081 2849 3145 pro
2887 3062 3115 3126 ovibus
3158 3063 3338 3125 meiS.
3371 3063 3474 3125 Pa-

1978 3161 2102 3223 lam
2161 3162 2333 3242 quod
2393 3160 2647 3223 dilectio
2703 3160 2899 3223 Patris
2955 3162 3030 3223 ad
3090 3161 3320 3224 Filium
3379 3180 3475 3223 se—

1979 3260 2260 3322 cundum
2299 3258 2437 3339 ejus
2480 3258 2901 3333 divinitatem,
2945 3259 3028 3320 sit
3062 3266 3315 3333 aeterna,
3358 3278 3475 3322 nec

1977 3358 2223 3439 aliquid
2260 3357 2401 3438 ejus
2431 3377 2620 3421 causa
2658 3364 2775 3433 est,
2813 3358 2910 3421 vel
2944 3376 3083 3420 eam
3127 3360 3470 3440 praecessit.

1978 3456 2283 3518 Similiter
2328 3456 2582 3519 dilectio
2622 3456 2818 3518 Patris
2861 3457 2939 3518 ad
2983 3455 3212 3517 Filium
3254 3474 3477 3519 secun-

1978 3556 2129 3617 dum
2179 3555 2319 3636 ejus
2376 3554 2861 3629 humanitatem,
2916 3556 3241 3637 praecessit
3287 3574 3476 3619 omne

1976 3674 2136 3736 opus
2178 3673 2250 3716 ac
2290 3654 2590 3715 meritum
2641 3653 2872 3717 Christi
2926 3653 3227 3717 hominis.
3270 3652 3359 3715 Ob
3410 3655 3473 3717 id

1977 3770 2124 3833 ergo
2155 3753 2325 3833 quod
2357 3752 2642 3815 Christus
2672 3751 2949 3813 animam
2984 3770 3163 3813 suam
3197 3771 3312 3833 pro
3341 3752 3475 3817 ovi—

1977 3851 2096 3913 bus
2147 3851 2318 3913 dedit
2374 3850 2441 3911 in
2493 3850 2807 3932 passione,
2856 3849 3035 3912 Pater
3083 3869 3209 3913 non
3266 3850 3476 3931 diligit

1977 3968 2146 4020 eum,
2180 3949 2364 4031 quasi
2405 3948 2515 4010 illa
2542 3947 2777 4011 oblatio
2817 3964 2930 4009 seu
2962 3948 3171 4029 passio
3209 3949 3293 4010 sit
3329 3968 3475 4011 cau-

1978 4068 2046 4111 sa
2073 4047 2397 4111 meritoria
2427 4047 2508 4111 ob
2537 4066 2731 4129 quam
2766 4046 2994 4107 Filium
3028 4046 3236 4127 diligit
3267 4047 3474 4128 primo

1977 4147 2155 4209 Pater
2190 4165 2203 4209 :
2242 4147 2391 4221 im0,
2427 4165 2543 4209 nec
2594 4164 2707 4209 nos
2751 4144 2960 4225 diligit
3004 4144 3165 4205 Deus
3215 4152 3476 4227 propter

363 4250 652 4313 sicamini
715 4250 780 4310 in
841 4248 1273 4311 habitaculum
1334 4247 1440 4309 Dei
1503 4248 1568 4309 in
1626 4247 1866 4329 Spiritu
1901 4245 2204 4311 Dmerita
2262 4252 2497 4318 nostra,
2548 4243 2733 4325 quasi
2793 4242 3020 4305 merita
3069 4242 3475 4306 dilectionem

363 4350 615 4413 Sancto.

447 4451 533 4510 Ec
563 4447 682 4509 fiet
709 4468 883 4508 unus
905 4455 1152 4523 pastor„
1184 4446 1247 4506 id
1279 4452 1394 4519 est,
1429 4443 1714 4506 Christus
1752 4443 1865 4525 qui

365 4546 491 4609 fuit
540 4554 754 4627 pastor
798 4544 1160 4608 Judaeorum
1210 4543 1440 4617 solum,
1491 4542 1607 4604 fiet
1654 4550 1868 4624 pastor

361 4646 726 4709 Judaeorum
770 4663 843 4706 ac
879 4643 1189 4723 gentium.
1235 4641 1310 4703 Et
1345 4642 1458 4723 qui
1503 4642 1736 4705 multos
1777 4650 1868 4704 at-

364 4763 494 4827 que
539 4744 824 4806 diversos
864 4741 1228 4804 habuerunt
1271 4748 1575 4822 pastoreS,
1612 4740 1710 4802 vel
1756 4759 1869 4821 po-

368 4844 494 4907 tius
531 4844 964 4925 dissipatoreS,
998 4848 1310 4923 quantum
1341 4841 1419 4901 ad
1447 4847 1690 4918 gentes,
1724 4858 1867 4920 quae

365 4944 729 5007 servierunt
788 4940 1206 5015 doemonibuS,
1269 4945 1740 5012 convertentur,
1795 4957 1867 5001 ac

365 5043 716 5107 sortientur
760 5059 960 5102 unum
1005 5058 1226 5102 verum
1270 5057 1342 5100 ac
1386 5056 1710 5100 summum
1761 5056 1870 5118 pa-

365 5150 626 5213 storem,
678 5138 976 5203 videlicet
1021 5138 1339 5201 Christum
1384 5156 1398 5199 :
1451 5138 1529 5198 de
1577 5154 1707 5217 quo
1755 5153 1868 5217 per

369 5239 732 5303 Zachariam
779 5235 1080 5300 Dominus
1129 5235 1304 5310 dicit,
1347 5234 1628 5307 Framea,
1672 5234 1870 5295 susci-

369 5349 504 5403 tare
554 5353 750 5419 super
797 5342 1114 5418 pastorem
1161 5352 1420 5415 meum3
1472 5340 1536 5396 et
1582 5331 1870 5394 Michaeas

1979 4342 2459 4425 praecesserint3
2502 4342 2611 4403 sed
2656 4340 2911 4403 dilectio
2958 4340 3068 4402 Dei
3112 4359 3239 4421 qua
3276 4359 3313 4403 a
3352 4340 3475 4405 Deo

1979 4443 2284 4524 praeventi
2328 4459 2572 4514 sumuS,
2607 4447 2703 4501 est
2742 4457 2931 4501 causa
2968 4439 3177 4501 omnis
3214 4438 3365 4502 boni
3405 4439 3471 4502 in

1977 4541 2184 4604 nobis.
2216 4539 2455 4620 ltaque,
2490 4538 2659 4619 quod
2710 4536 2994 4600 Christus
3042 4536 3321 4598 animam
3370 4556 3475 4599 su-

1975 4658 2075 4701 am
2129 4638 2361 4720 posuit,
2402 4642 2497 4699 est
2546 4653 2735 4697 causa
2780 4654 2817 4696 a
2865 4633 3221 4716 posteriori,
3264 4633 3331 4696 id
3377 4642 3473 4697 est

1977 4737 2231 4817 signum
2274 4734 2689 4807 ostensivum,
2741 4731 3098 4795 dilectionis
3146 4730 3344 4794 Patris
3394 4733 3472 4795 ad

1977 4836 2206 4897 Filium
2244 4834 2595 4896 secundum
2626 4831 2765 4912 ejus
2806 4830 3287 4905 humanitatem,
3320 4831 3474 4912 quia

1975 4942 2036 4998 et
2067 4934 2245 4996 Pater
2273 4951 2348 4995 ex
2380 4951 2493 4993 sua
2531 4930 2870 4994 dilectione
2910 4928 3201 5011 praestitit
3230 4928 3473 4993 Christo

1977 5031 2221 5097 homini
2270 5029 2572 5093 affectum
2630 5035 2821 5109 atque
2869 5026 3284 5089 constantiam
3339 5046 3473 5091 mo-

1978 5131 2184 5193 riendi
2226 5148 2342 5212 pro
2372 5127 2576 5191 nobis.
2611 5127 2971 5190 Secundum
3010 5125 3180 5187 hunc
3210 5144 3465 5188 sensum

1974 914 2084 955 cus
2137 905 2351 977 pastor
2392 916 2467 961 eo
2516 900 2701 962 modo
2748 918 2877 981 quo
2918 900 3061 962 ait-z
3107 898 3310 961 Nolite
3358 917 3464 961 vo·
3545 921 3711 965 mua

3492 997 3605 1034 xxm,
3631 987 3673 1028 8.

1975 1978 2268 2043 Psalmo:
2302 1980 2585 2056 Domine,
2629 1981 2948 2061 refugium
2993 1981 3196 2043 factus
3241 1998 3309 2042 es
3359 1998 3471 2042 no-
3516 1991 3715 2036 Part-xxx
3702 2003 3759 2042 ιι,

359 2067 551 2143 latur,
587 2089 716 2133 uno
755 2069 930 2134 fonte
971 2071 1375 2153 purificatur,
1409 2091 1536 2135 uno
1577 2091 1740 2155 pane
1769 2091 1864 2135 re-
1976 2077 2098 2139 bis.
2129 2114 2211 2123 ——
2238 2078 2314 2141 Et
2351 2079 2645 2160 quamvis
2689 2079 3034 2161 praehabita
3063 2079 3256 2142 verba
3295 2078 3472 2141 Chri·
3500 2056 3540 2097 ¹·

1949 2176 2056 2237 ·sti
2107 2195 2279 2239 nunc
2324 2178 2687 2259 aliqualiter
2736 2178 2865 2240 sint
2922 2178 3205 2259 impleta,
3259 2187 3471 2240 tamen

3608 2962 3677 3017 17

1979 5229 2144 5292 infra
2189 5229 2279 5290 ait
2323 5226 2659 5290 Salvator.
2702 5226 2841 5307 Ipse
2888 5223 3067 5285 Pater
3112 5232 3283 5286 amat
3330 5243 3463 5300 νοε,
3508 5236 3731 5283 Joamn
3679 5251 3759 5293 m,

1981 5328 2132 5411 quia
2164 5345 2275 5390 vos
2314 5344 2417 5388 me
2454 5324 2731 5388 amastis.
2768 5321 2900 5403 [Est
2934 5320 3127 5403 igitur
3163 5340 3387 5386 sensus
3420 5302 3547 5404 :1²⁷
