4300 6259
1155 536 1506 585 mannum
1546 536 1612 583 m
1651 535 1790 582 car.
1835 534 1900 580 xl
1942 533 2130 582 nuez.
2177 556 2257 567 —
2299 536 2439 583 Aur.
2486 538 2611 585 xxx
3352 519 3429 583 37

87 722 290 773 icona,
319 705 714 788 Apostolus:
749 708 891 771 Haec
929 708 1144 771 omnia
1192 716 1493 791 operatur
1537 726 1703 769 unus
1743 714 1831 768 at·
1861 705 1908 766 A
1941 726 2084 785 quoe
2111 710 2417 785 possidet,
2460 710 2581 774 hoc
2623 718 2737 784 est,
2769 711 2949 790 juxta
2988 728 3167 771 suam
3208 708 3432 771 volun-

63 788 116 826 ¹¹
320 822 449 885 que
482 805 654 867 idem
685 806 982 889 SpirituS,
1018 808 1309 869 dividens
1341 805 1610 887 singulis
1643 812 1830 887 prout

320 904 484 966 vult.
519 903 588 965 In
619 905 816 968 nullis
845 913 1056 967 autem
1101 905 1406 967 membris
1439 904 1668 967 nostris
1699 922 1828 964 ma-

315 1002 413 1082 gis
467 1011 734 1085 apparet
782 1004 1060 1086 partitio,
1095 1023 1289 1086 quam
1338 1006 1404 1065 in
1455 1002 1668 1083 digitis
1718 1020 1829 1065 no·-

319 1101 497 1162 striS.
549 1100 812 1177 Rursus,
863 1104 1404 1184 quemadmodum
1463 1101 1660 1185 Filius
1718 1100 1828 1161 Dei

319 1200 561 1261 dicitur
599 1220 826 1264 manus
872 1210 933 1264 et
975 1202 1312 1264 brachium
1351 1201 1570 1275 Patris,
1603 1200 1831 1282 quoni-

318 1318 420 1359 am
468 1298 649 1361 Pater
691 1318 806 1383 per
835 1301 1065 1363 Filium
1108 1302 1325 1363 omnia
1363 1309 1702 1383 operatur3
1737 1298 1828 1359 sic

321 1396 604 1479 Spiritus
635 1397 901 1461 Sanctus
943 1400 1179 1481 digitus
1219 1399 1327 1461 Dei
1361 1406 1643 1472 vocatur,
1676 1397 1830 1479 quia

325 1513 438 1576 per
486 1514 634 1558 eum
679 1498 911 1559 veritas
956 1498 1296 1561 indicatur.

400 1593 730 1658 Postremo
779 1597 1201 1678 pensandum,
1253 1596 1426 1677 quod
1472 1595 1669 1656 Filius
1717 1593 1826 1655 Dei

321 1692 426 1753 hic
488 1693 716 1755 asserit
773 1712 840 1755 se
897 1692 1140 1776 Spiritu
1203 1693 1431 1757 Sancto
1489 1694 1824 1767 minorem,

319 1792 536 1872 quoad
582 1810 762 1853 suam
812 1792 1294 1867 humanitatem,
1337 1792 1642 1874 quoniam
1685 1790 1832 1852 San-

1939 812 2130 866 tatem
2173 807 2454 887 possidet
2494 807 2703 870 tales:
2742 809 2893 918 quia
2936 815 3005 869 ut
3045 808 3132 870 ait
3170 808 3483 926 Aposto-
3494 820 3530 865 11
3550 822 3703 867 Tm

1940 902 2061 975 luS,
2095 904 2173 965 ad
2214 905 2602 967 voluntatem
2649 906 2851 988 ipsius
2896 906 3130 988 captivi
3172 905 3253 967 ab
3293 886 3510 986 ipso²⁶

1942 1009 2277 1083 tenentur-3
2328 1012 2391 1065 et
2436 1005 2549 1086 qui
2598 1004 2691 1067 sic
2729 1005 2981 1068 diabolo
3028 1011 3177 1065 sunt
3224 1000 3437 1083 subje-

1941 1099 2047 1173 cti,
2083 1102 2400 1163 carnalem
2436 1102 2791 1184 falsamque
2824 1121 3041 1184 pacem
3084 1102 3340 1175 habent,
3374 1108 3437 1162 et

1940 1199 2209 1262 daemoni
2270 1200 2612 1263 infeliciter
2660 1202 3231 1282 damnabiliterque
3289 1218 3439 1262 con-

1939 1299 2201 1360 cordant
2243 1317 2255 1360 :
2300 1319 2492 1381 quam
2534 1317 2753 1381 pacem
2795 1300 2970 1361 venit
3008 1299 3292 1363 Christus
3332 1299 3438 1360 de-

1938 1403 2205 1471 struere,
2238 1399 2775 1479 quemadmodum
2823 1398 2930 1472 ait,
2963 1397 3097 1461 Non
3137 1396 3284 1460 veni
3328 1415 3437 1479 pa·
3490 1418 3723 1471 Manna.

1940 1512 2077 1557 cem
2137 1496 2388 1559 mittere
2446 1496 2510 1558 in
2571 1504 2825 1559 terram.
2883 1496 2991 1559 Est
3047 1495 3263 1577 itaque
3312 1514 3433 1577 pax
3462 1484 3530 1525 ³⁴·

1941 1612 2109 1670 vera,
2142 1613 2287 1675 quae
2324 1603 2421 1657 est
2458 1595 2883 1677 tranquillitas
2931 1594 3163 1657 mentis
3203 1594 3269 1655 in
3309 1593 3433 1657 Deo

1940 1700 2002 1753 et
2031 1693 2367 1755 concordia
2394 1694 2458 1755 in
2493 1694 2711 1774 bonis3
2744 1693 2903 1756 falsa
2933 1710 3082 1757 vero
3114 1710 3257 1774 pax,
3289 1710 3436 1755 con-

1941 1791 2154 1854 cordia
2204 1799 2297 1853 est
2358 1793 2423 1855 in
2483 1792 2687 1869 malis,
2740 1792 2906 1854 sicut
2962 1793 3112 1854 dum
3172 1791 3435 1873 spiritus

320 1889 403 1950 cti
452 1888 732 1971 Spiritus
777 1898 1085 1972 potestate
1124 1910 1238 1952 sua
1280 1890 1640 1952 humanitas
1683 1908 1832 1970 ope—
1867 1887 1913 1951 B
1942 1908 2052 1952 seu
2094 1890 2253 1953 ratio
2283 1891 2643 1953 carnalibus
2685 1890 3014 1953 desideriis
3053 1890 3430 1971 acquiescit:

319 1996 500 2049 ratur
538 1988 870 2050 miracula.
906 1988 1020 2050 Per
1057 1990 1229 2071 quod
1270 1988 1454 2070 impii
1491 1988 1622 2049 Arii
1663 1987 1832 2049 falsi-

316 2094 410 2147 tas
453 2087 836 2163 declaratur,
873 2088 1142 2150 dicentis
1182 2086 1491 2169 Spiritum
1531 2086 1830 2148 Sanctum

318 2204 552 2267 puram
596 2192 973 2259 creaturam,
1019 2184 1296 2267 Filiique
1338 2184 1728 2259 ministrum,
1771 2192 1834 2245 et

317 2292 607 2345 creatum
652 2302 692 2344 a
730 2282 914 2363 Filio,
955 2302 1157 2364 quum
1207 2292 1420 2345 tamen
1470 2284 1537 2344 in
1586 2281 1832 2345 Christo

321 2398 450 2443 non
509 2387 779 2463 poneret
827 2398 1040 2443 veram
1097 2380 1378 2441 animam
1435 2379 1828 2453 rationalem,

319 2482 430 2543 sed
479 2480 690 2543 solum
733 2479 1012 2541 Verbum
1053 2487 1116 2541 et
1159 2497 1416 2541 carnem
1450 2497 1464 2541 :
1499 2497 1628 2559 quo
1673 2486 1835 2539 stan-

319 2588 404 2652 te,
441 2576 734 2641 Christus
775 2596 812 2638 a
842 2576 1082 2659 Spiritu
1122 2576 1350 2640 Sancto
1389 2577 1632 2639 nullam
1670 2584 1836 2638 esset

320 2678 588 2741 sortitus
633 2676 960 2739 virtutem.

402 2775 720 2857 Deinceps
779 2773 1063 2837 Salvator
1113 2792 1229 2856 per
1277 2773 1465 2835 aliam
1525 2774 1832 2836 rationem

319 2894 390 2937 ac
433 2874 932 2937 similitudinem
985 2872 1210 2955 probat
1259 2891 1326 2935 se
1366 2873 1635 2935 daemoni
1688 2891 1838 2935 con-

131 2972 187 3025 21
321 2973 618 3047 trarium,
655 2991 782 3034 non
828 2970 1352 3034 confoederatum.
1389 2974 1603 3040 Quum
1641 2974 1835 3049 fortis

1942 1990 2019 2050 de
2076 2008 2205 2070 qua
2268 2008 2421 2071 pace
2482 1990 2570 2051 ait
2620 1989 2969 2063 Psalmista,
3021 1989 3177 2062 Quia
3242 1988 3438 2050 zelavi
3466 2006 3711 2051 Fatuus

1943 2106 2137 2169 super
2176 2087 2452 2169 iniquOS,
2488 2106 2708 2171 pacem
2748 2096 3149 2170 peccatorum
3190 2089 3433 2152 videns,

1942 2185 2130 2247 isaias
2174 2204 2325 2249 vero
2364 2187 2441 2248 de
2482 2205 2631 2250 vera
2671 2187 3119 2297 spiritualique
3157 2203 3311 2268 pace
3347 2191 3441 2246 te-

1945 2291 2192 2347 statur:
2226 2284 2361 2348 Non
2400 2292 2497 2347 est
2534 2304 2655 2367 pax
2694 2284 3715 2367 impiiS.1.mm,

2023 2385 2104 2444 Si
2150 2393 2365 2444 autem
2414 2386 2652 2461 fortior
2699 2386 2841 2453 illc,
2891 2383 2955 2444 id
3010 2390 3106 2445 est
3154 2381 3440 2446 Christus
3468 2366 3535 2407 ²²·
3572 2418 3643 2473 22

1946 2482 2264 2563 potentior
2294 2482 2565 2544 diabolo.
2591 2482 2877 2545 Christus
2909 2499 3187 2563 namque
3217 2498 3444 2543 secun-

1945 2580 2098 2641 dum
2139 2587 2428 2641 naturam
2469 2599 2649 2641 suam
2688 2579 2995 2655 divinam,
3040 2578 3296 2641 infinite
3337 2596 3446 2660 po-

1944 2677 2179 2741 tentior
2223 2685 2426 2741 exstat
2472 2678 2745 2752 diabolo,
2791 2684 3050 2759 totoque
3100 2677 3441 2757 univers03

1946 2776 2299 2837 secundum
2331 2776 2788 2838 humanitatem
2822 2793 3079 2857 quoque
3110 2794 3309 2851 suam,
3327 2773 3446 2837 for-

1944 2873 2068 2935 tior
2125 2871 2249 2933 fuit
2298 2881 2361 2935 et
2418 2881 2515 2935 est
2571 2871 2845 2947 diabolo,
2898 2890 3014 2954 per
3070 2878 3445 2953 potestatem

1945 2979 2218 3033 creatam
2268 2990 2398 3033 suae
2447 2970 2826 3032 humanitati
2880 2968 3446 3052 supernaturaliter

319 3081 646 3139 armatus,
681 3078 802 3132 etc.
846 3068 1212 3132 Similitudo
1256 3087 1367 3131 seu
1413 3068 1711 3151 parabola
1754 3069 1836 3130 is-
1871 3072 1916 3137 G
1947 3071 2176 3131 datam.
2232 3071 2728 3147 Superveniens,
2782 3069 3068 3132 Christus
3116 3068 3289 3130 enim
3338 3068 3447 3129 de-

319 3179 402 3243 ta,
457 3175 778 3251 quantum
827 3169 904 3230 ad
961 3166 1300 3229 litteralem
1350 3167 1834 3247 intelligentiam

319 3266 826 3349 superficialiter
883 3272 1229 3347 sumptam,
1286 3264 1658 3347 planissima
1715 3274 1830 3339 est,

319 3368 432 3429 sed
473 3365 855 3448 exponenda
883 3371 981 3426 est
1008 3364 1306 3446 mystice3
1342 3371 1412 3425 ut
1442 3364 1524 3425 sit
1567 3382 1791 3425 sensus
1817 3384 1830 3426 :

322 3468 540 3535 Quum
592 3464 792 3541 fortis
835 3471 1157 3531 armatus,
1206 3461 1326 3525 hoc
1374 3470 1472 3524 est
1518 3461 1830 3535 diaboluS,

321 3562 508 3625 fortis
559 3560 938 3624 fortitudine
989 3560 1281 3633 naturali,
1329 3560 1482 3642 quia
1530 3559 1695 3621 sicut
1742 3566 1837 3621 est

322 3661 628 3723 sublimis
670 3667 933 3733 natum,
969 3658 1054 3720 ita
1093 3664 1157 3719 et
1193 3676 1438 3737 magnae
1477 3658 1776 3739 potentiae
1817 3676 1830 3720 :

57 3778 292 3833 mmm.
324 3766 592 3842 propter
629 3758 803 3839 quod
843 3756 912 3817 in
939 3755 1052 3818 Job
1093 3755 1382 3830 habetur,
1415 3755 1550 3819 Non
1592 3764 1687 3818 est
1726 3775 1837 3838 po-

322 3866 520 3919 testas
571 3872 769 3937 super
817 3862 1054 3916 terram
1102 3873 1248 3935 quae
1298 3861 1701 3936 comparetur
1749 3854 1829 3915 ei.

321 3956 572 4019 Dicitur
611 3971 872 4035 quoque
910 3960 1213 4027 armatuS,
1248 3952 1626 4015 multiformi
1667 3960 1833 4013 astu-

319 4054 432 4127 tia,
489 4053 682 4132 longa
729 4050 1144 4133 experientia,
1199 4050 1470 4112 naturali
1523 4050 1836 4113 industria

320 4161 520 4235 atque
552 4149 820 4213 scientia
847 4149 1190 4230 (naturalia
1223 4149 1393 4211 enim
1436 4150 1502 4211 in
1537 4150 1837 4212 daemoni-

1945 3186 2139 3249 super
2181 3168 2376 3242 venit,
2417 3167 2596 3247 juxta
2645 3167 2803 3229 illud
2842 3167 3097 3231 loannis
3142 3186 3156 3230 :
3200 3165 3315 3239 Qui
3367 3167 3445 3228 de
3501 3186 3735 3239 mmm,

1946 3266 2106 3329 coelo
2154 3265 2349 3339 venit,
2404 3284 2597 3348 super
2652 3284 2872 3329 omnes
2924 3273 3040 3327 est.
3082 3266 3319 3327 Vicerit
3363 3266 3445 3325 il·
3473 3252 3541 3293 ³¹·

1947 3370 2093 3426 lum.
2121 3364 2406 3427 Christus
2436 3364 2682 3447 quippe
2712 3364 2777 3426 in
2810 3364 3109 3427 omnibus
3140 3364 3295 3425 vicit
3322 3362 3447 3425 dia-

1946 3464 2187 3538 bolum,
2225 3471 2377 3545 puta
2410 3482 2423 3526 :
2460 3464 2525 3525 in
2564 3463 2931 3538 tentatione,
2967 3462 3143 3524 illam
3176 3461 3447 3524 viriliter

1948 3561 2329 3641 refellendo:
2371 3562 2437 3624 in
2478 3562 2791 3644 passione,
2838 3560 3013 3622 illam
3064 3560 3445 3642 patientissi-

1949 3678 2050 3722 me
2091 3659 2469 3739 tolerand03
2522 3659 2588 3721 in
2639 3660 2945 3721 descensu
2996 3676 3111 3720 suo
3158 3658 3235 3719 ad
3284 3656 3447 3719 infe-

1951 3777 2075 3831 rOS‚
2119 3757 2444 3819 infernum
2490 3756 2842 3839 spoliando.
2884 3755 3045 3817 Hinc
3084 3755 3161 3817 de
3198 3754 3445 3819 Christo

1949 3856 2110 3918 dixit
2146 3855 2477 3918 Psalmista
2510 3874 2523 3917 ε
2558 3853 2707 3927 Quis
2746 3862 2841 3916 est
2871 3854 2990 3915 iste
3020 3852 3148 3915 Rex
3184 3852 3443 3934 glories?
3474 3875 3735 3925 eamme.

1947 3954 2253 4018 Dominus
2314 3952 2496 4016 fortis
2554 3962 2619 4014 et
2676 3959 2922 4034 potenS,
2975 3951 3277 4014 Dominus
3337 3970 3447 4034 po-

1946 4062 2086 4115 tens
2136 4052 2203 4114 in
2256 4052 2496 4133 praelio.
2550 4051 2636 4113 De
2683 4051 2823 4133 ipso
2869 4068 3127 4132 quoque
3175 4050 3240 4111 in
3282 4049 3447 4133 Apo-

1949 4151 2187 4234 calypsi
2237 4150 2506 4212 habetur
2548 4168 2561 4211 ε
2608 4148 2763 4211 Eece
2807 4148 2961 4212 vicit
3008 4149 3107 4211 leo
3150 4149 3228 4211 de
3270 4149 3443 4211 tribu
3474 4176 3736 4232 AW,.‚5.

323 4252 448 4314 bus
503 4255 1016 4333 permanserunt,
1066 4249 1418 4309 secundum
1466 4248 1831 4330 Dionysium
1869 4251 2120 4314 DJuda.

321 4355 558 4432 quarto
595 4347 804 4429 capite
841 4348 918 4407 de
953 4344 1192 4409 Divinis
1232 4346 1650 4424 nominibus),
1679 4345 1838 4408 mul-

321 4447 538 4531 tiplici
578 4463 840 4528 quoque
877 4444 1185 4526 nequitia,
1220 4464 1330 4506 seu
1371 4445 1506 4507 acie
1536 4444 1835 4507 vitiorum

321 4566 396 4609 ac
427 4545 867 4625 malignorum
899 4542 1240 4624 spirituum
1279 4542 1400 4604 sibi
1435 4542 1840 4605 subservien—

323 4646 518 4707 tium.
569 4644 862 4705 Custodit
909 4643 1159 4701 atrium
1203 4661 1420 4713 suum,
1467 4640 1529 4701 id
1581 4650 1675 4703 est
1723 4642 1841 4703 im-

81 4750 280 4796 υοω
285 4744 590 4827 piorum
643 4738 1168 4803 conventiculum
1226 4757 1338 4801 seu
1399 4741 1711 4801 mundum
1773 4740 1838 4801 in

73 4816 124 4855 ¹⁹
327 4843 616 4923 maligno
661 4838 964 4921 positum,
1009 4855 1088 4899 ne
1128 4837 1418 4900 homines
1467 4838 1836 4919 poeniteant‚

327 4945 812 5011 convertantur,
876 4935 1222 4999 salventur.
1288 4935 1392 4997 Sic
1458 4936 1630 4997 enim
1698 4944 1843 4998 ante

331 5038 568 5103 Christi
611 5038 955 5098 adventum
999 5034 1288 5097 diabolus
1329 5033 1619 5097 homines
1660 5034 1848 5117 impi-

2043 4350 2352 4409 Um‘versa
2399 4367 2587 4407 arma
2635 4346 2777 4424 ejus
2823 4347 3103 4422 auferet,
3154 4345 3273 4408 hoc
3326 4354 3441 4420 est,

1949 4453 2233 4509 versutas
2263 4444 2403 4524 ejus
2433 4443 2729 4519 fallaciaS,
2748 4442 3297 4526 tentationumque
3328 4463 3449 4505 ma-

1951 4546 2356 4607 chinamenta
2383 4541 2832 4604 fraudulentiis
2864 4541 3053 4623 plena
3080 4541 3317 4623 quibus
3348 4543 3449 4604 de-

1950 4644 2107 4726 cipit
2156 4642 2469 4715 homineS,
2517 4647 2896 4722 compescet,
2943 4640 3209 4721 deteget,
3261 4659 3448 4723 supe—

1955 4742 2207 4823 rarique
2263 4739 2454 4801 faciet
2508 4738 2587 4800 ab
2641 4737 2878 4811 electiS,
2930 4737 3095 4800 sicut
3152 4738 3445 4821 superius

1952 4840 2114 4903 dixit
2158 4836 2490 4919 discipulis
2527 4855 2539 4899 :
2575 4836 2734 4899 Ecce
2774 4835 2915 4898 dedi
2957 4836 3136 4899 vobis
3179 4844 3449 4917 potesta-
3491 4857 3739 4911 Lucam.

1953 4947 2082 5001 tem
2131 4935 2413 4999 calcandi
2464 4953 2658 5017 super
2704 4942 3027 5016 serpentes
3073 4941 3133 4996 et
3173 4936 3451 5017 scorpio-

1955 5055 2089 5111 neS‚
2142 5042 2204 5096 et
2264 5051 2457 5115 super
2511 5051 2767 5095 omnem
2821 5032 3119 5095 virtutem
3179 5032 3445 5096 inimici.

331 5156 400 5200 os
435 5131 809 5205 custodivit,
845 5149 926 5192 ne
957 5131 1080 5193 sibi
1113 5132 1660 5206 subtraherentur,
1695 5135 1848 5215 quia
1959 5138 2040 5197 In
2070 5136 2303 5214 quibus
2332 5134 2707 5208 confidebat.
2745 5129 3037 5192 Diabolus
3078 5150 3353 5212 namque
3384 5132 3450 5194 in

335 5241 494 5296 tunc
544 5249 711 5314 pene
758 5230 824 5291 in
883 5236 1012 5292 toto
1065 5230 1324 5303 mundo,
1379 5230 1732 5293 idololatria
1778 5251 1849 5294 ac
1960 5234 2092 5295 suis
2137 5230 2405 5293 confidit
2446 5229 2694 5290 astutiis
2735 5228 2865 5309 jam
2916 5227 3213 5311 praefatis.
3254 5229 3448 5303 Quem

348 5340 560 5395 cetera
589 5329 746 5393 vitia
787 5327 1282 5410 praevaluerunt.
1308 5332 1390 5390 In
1411 5348 1572 5407 pace
1598 5338 1750 5390 sunt
1779 5352 1855 5392 ea
1965 5330 2150 5393 multi
2186 5328 2519 5392 hominum
2560 5334 3007 5409 assequuntur,
3042 5328 3339 5391 videlicet
3372 5328 3453 5391 si-
