4300 6259
154 697 220 751 28

96 1688 219 1731 Ioue

76 1756 133 1795 15.

1190 518 1540 566 ENARRATIO
1581 520 1643 565 IN
1686 519 1823 565 ω.
1869 518 2017 565 xxlv
2060 518 2248 566 LUCAE.
2294 539 2374 549 —
2413 522 2556 567 ΛΒΤ.
2605 523 2636 567 L

3341 506 3463 571 255

438 690 527 751 Ec
556 697 1527 773 appropinquaveruntcascello
1564 694 1857 755 Emmaus
1887 691 1940 754 A
1968 691 2184 774 Magna
2231 712 2488 775 quoque
2537 702 2631 757 est
2681 696 2882 758 virtus
2943 696 3388 778 hospitalitatis
3441 716 3454 760 :

350 808 480 867 quo
530 791 736 851 ibant.
776 794 858 853 Et
908 794 1041 869 ipse
1086 814 1150 853 sc
1186 796 1389 871 finoeit
1435 795 1688 869 lon-qius
1736 794 1853 853 ire.

349 883 720 950 Secundum
760 888 1153 971 Gregorium,
1198 891 1482 972 Fingere,
1529 909 1642 972 pro
1681 890 1860 953 Com-

347 1002 595 1065 ponere
625 988 902 1051 sumitur
934 989 999 1051 in
1039 989 1161 1053 hoc
1191 989 1350 1063 loco,
1388 999 1456 1052 ut
1495 990 1575 1051 sit
1606 1007 1851 1063 sensuS‚

345 1085 524 1164 quod
558 1084 863 1149 Dominus
891 1086 1070 1149 Jesus
1106 1088 1466 1170 composuit
1506 1106 1618 1149 seu
1650 1088 1855 1169 dispo-

345 1182 479 1243 suit
528 1202 599 1246 se
637 1186 713 1247 ad
754 1186 1227 1267 procedendum
1279 1185 1605 1249 remotius,
1649 1185 1857 1249 Potest

342 1280 541 1342 etiam
592 1282 743 1353 dici,
780 1285 953 1365 quod
1000 1284 1212 1359 finxit,
1258 1285 1321 1347 id
1372 1293 1487 1358 est,
1529 1284 1855 1347 simulavit

345 1396 417 1440 se
456 1378 711 1461 longius
752 1384 845 1444 ire
880 1400 895 1445 ε
928 1384 1081 1464 quia
1120 1383 1443 1447 simulatio
1482 1382 1632 1445 facti
1683 1383 1855 1445 licita

347 1486 444 1539 est
484 1486 547 1540 et
587 1480 1135 1555 commendabiliS,
1183 1483 1439 1563 quando
1480 1480 1555 1543 l'it
1594 1500 1671 1543 ex
1712 1482 1857 1543 rati-

348 1576 594 1637 onabili
636 1596 847 1651 causa,
880 1587 944 1641 et
981 1578 1149 1642 bono
1186 1578 1343 1641 fine.
1380 1580 1551 1641 Unde
1582 1586 1644 1640 et
1669 1578 1856 1642 Josue

234 1702 319 1739 vm,
352 1694 501 1737 cum
534 1675 693 1739 liliis
722 1677 910 1739 lsrael
942 1678 1271 1741 simulavit
1298 1677 1535 1759 fugam.
1570 1677 1855 1741 Christus

350 1781 569 1837 autem
627 1776 721 1842 sic
771 1776 1097 1839 simulavit
1144 1777 1489 1859 multiplici
1545 1778 1785 1841 ratione
1836 1796 1849 1839 :

1969 792 2046 853 de
2093 811 2221 873 qua
2259 801 2321 854 et
2361 792 2425 854 in
2473 794 2666 856 veteri
2709 794 3105 857 Testamento
3144 795 3458 857 Abraham
3517 812 3752 869 amum,

1968 898 2029 952 et
2068 890 2178 954 Lot
2217 892 2576 973 specialiter
2608 896 3151 956 commendantur.
3189 894 3360 956 Unde
3399 903 3460 956 et
3492 878 3754 927 ¹'⁸⁵¹¹¹'¹'³·

1968 996 2220 1051 sanctus
2274 990 2387 1053 Job
2443 1009 2456 1052 :
2511 990 2684 1053 Foris
2729 992 2996 1074 (inquit)
3043 1012 3168 1055 non
3227 993 3461 1054 mansit
3528 1011 3612 1055 Job
3641 1027 3753 1067 xm,

1968 1088 2364 1167 peregrinuS‚
2407 1090 2640 1151 ostium
2693 1108 2907 1152 meum
2961 1091 3181 1154 viatori
3233 1092 3455 1173 patuit.
3491 1075 3559 1117 ³²·

1966 1184 2041 1245 Et
2088 1185 2373 1248 Christus
2423 1186 2488 1249 in
2538 1186 2879 1268 Evangelio
2930 1189 3224 1271 perhibet
3269 1207 3336 1251 se
3393 1190 3458 1251 in

1966 1282 2068 1345 die
2113 1284 2340 1363 judicii
2393 1302 2530 1346 esse
2569 1285 2887 1348 dicturum
2927 1288 3006 1349 ad
3055 1287 3308 1361 electOS,
3343 1287 3461 1367 Ho-
3489 1307 3753 1364 Mamm,

1966 1401 2111 1464 spes
2163 1382 2255 1443 fui
2314 1391 2376 1444 et
2423 1384 2766 1465 collegistis
2823 1404 2966 1465 me3
3019 1388 3096 1448 ad
3155 1387 3458 1468 reprobos
3489 1372 3646 1421 ³⁵⁸⁴³·

1968 1498 2136 1555 vero,
2189 1481 2426 1563 Hospes
2486 1481 2576 1543 fui
2631 1491 2694 1544 et
2749 1502 2876 1546 non
2935 1484 3276 1565 collegistis
3330 1503 3454 1546 me.

1966 1577 2124 1641 Hinc
2165 1580 2463 1661 princeps
2494 1581 2937 1662 Apostolorum
2974 1582 3258 1646 hortatur
3291 1602 3305 1645 :
3340 1583 3458 1647 Ho-
3487 1604 3750 1656 wamma.

1966 1678 2225 1758 spitales
2285 1678 2557 1742 invicem
2618 1680 2755 1742 sine
2805 1682 3330 1743 murmuratione.
3383 1681 3458 1743 Et

1966 1775 2194 1838 Paulus
2242 1796 2255 1839 :
2304 1777 2803 1859 Hospitalitatem
2854 1779 3049 1842 nolite
3096 1779 3388 1843 oblivisci
3438 1799 3452 1844 :
3512 1811 3748 1865 aaran„

352 1873 586 1953 primo,
622 1874 909 1956 mystice,
952 1876 1029 1937 ad
1081 1875 1481 1937 innuendum
1530 1877 1702 1957 quod
1750 1877 1856 1938 ad·
1896 1874 1938 1935 B
1968 1892 2081 1954 per
2129 1874 2292 1937 hanc
2349 1876 2522 1937 enim
2572 1876 2949 1957 placuerunt
2995 1877 3255 1959 quidam
3308 1877 3454 1953 Deo,
3488 1877 3529 1917 ²·

348 1970 478 2033 huc
526 1971 715 2053 longe
771 1971 896 2034 fuit
942 1972 1022 2035 ab
1074 1974 1329 2037 illorum
1392 1975 1673 2036 nondum
1723 1993 1857 2036 cre-

348 2068 641 2131 dentium
675 2079 919 2150 mente;
954 2073 1258 2146 secundo,
1286 2081 1354 2135 ut
1384 2090 1499 2154 per
1531 2073 1649 2135 hoc
1680 2074 1857 2135 daret

346 2167 441 2229 eis
482 2170 884 2232 occasionem
922 2171 1136 2253 operis
1177 2171 1649 2245 misericordiae,
1684 2172 1857 2235 vide-

348 2264 501 2329 licet
556 2268 871 2331 invitandi
928 2276 991 2331 et
1049 2270 1314 2349 cogendi
1374 2288 1441 2331 se
1499 2271 1575 2331 ad
1636 2270 1851 2351 hospi-

349 2364 555 2445 tium3
607 2365 817 2439 tertio,
872 2375 941 2430 ut
998 2385 1111 2449 per
1160 2368 1281 2432 hoe
1330 2368 1543 2450 ipsum
1603 2368 1855 2432 doceret

350 2482 467 2526 nos
514 2472 586 2525 ut
625 2473 691 2526 et
730 2484 845 2528 nos
889 2466 1099 2528 taliter
1139 2465 1469 2529 faciamus.

440 2565 519 2624 E'c
560 2574 923 2641 meyerum,
968 2564 1087 2627 hoc
1134 2573 1251 2639 θεῖ,
1295 2567 1569 2628 multum
1620 2567 1857 2629 instan-

349 2668 449 2721 ter
495 2668 560 2722 et
609 2663 1079 2742 quodammodo
1130 2662 1495 2745 importune
1548 2665 1856 2727 invitave-

352 2768 525 2833 runt,
578 2762 799 2832 illum,
847 2764 1130 2822 dicentes
1179 2779 1202 2822 .·
1252 2766 1449 2823 Mane
1500 2765 1854 2831 nobiscum,

348 2876 601 2921 coenam
638 2866 703 2920 et
740 2859 1092 2941 hospitium
1134 2860 1466 2923 nobiseum
1518 2863 1849 2935 sumendo,

344 2957 665 3033 quoniam
695 2958 1195 3033 advesperascit,
1224 2968 1304 3029 et,
1340 2977 1456 3039 pro
1500 2958 1561 3021 id
1606 2968 1721 3032 est,
1756 2962 1855 3019 in·

1964 1973 2204 2054 angelis
2250 1973 2527 2056 hospitio
2571 1975 2867 2056 receptis,

2058 2074 2143 2132 Ec
2193 2074 2473 2133 intravit
2520 2094 2668 2133 cum
2719 2074 2856 2132 illis
2903 2094 2928 2133 .·
2977 2072 3042 2135 in
3101 2093 3230 2155 quo
3289 2074 3462 2138 dedit

1964 2169 2332 2251 exemplum
2375 2170 2854 2251 obtemperandi
2901 2171 3256 2234 rationabili
3303 2172 3464 2253 peti-

1964 2268 2145 2342 tioni,
2182 2286 2261 2329 ne
2308 2268 2452 2349 quis
2493 2268 2558 2330 in
2605 2269 2864 2350 proprio
2909 2287 3097 2331 sensu
3140 2271 3222 2333 sit
3271 2271 3463 2353 perti-

1966 2385 2109 2427 nax.
2157 2369 2241 2427 Ει
2277 2368 2530 2443 factum
2579 2378 2691 2435 est,
2739 2370 2900 2427 dum
2945 2370 3352 2437 recumberet,
3394 2369 3459 2431 id
3594 2381 3665 2437 30

1964 2472 2079 2537 θεῖ,
2122 2464 2482 2545 quiesceret
2528 2473 2590 2527 et
2639 2467 3068 2540 manducaret,
3111 2487 3256 2527 cum
3296 2469 3459 2539 illis,

1962 2564 2205 2639 accepit
2243 2583 2506 2640 panem,
2557 2573 2618 2624 et
2663 2566 3018 2633 benedixit,
3069 2583 3194 2628 non
3251 2572 3459 2627 tamen

1964 2660 2029 2722 in
2070 2680 2257 2723 suum
2300 2680 2531 2742 corpus
2573 2662 2904 2737 convertit,
2945 2662 3110 2725 sicut
3149 2663 3212 2724 in
3255 2682 3456 2738 coena,

1962 2760 2073 2822 sed
2126 2768 2196 2821 ut
2243 2760 2438 2822 moris
2488 2768 2584 2821 est
2630 2759 3008 2822 benedicere
3055 2761 3270 2824 cibum
3326 2778 3340 2823 ε
3394 2762 3457 2823 in

1962 2876 2091 2938 quo
2122 2858 2424 2919 instruxit
2453 2877 2588 2931 nOS,
2627 2866 2695 2919 ut
2732 2866 2876 2920 ante
2913 2858 3321 2923 resectionem
3352 2860 3461 2923 be-

1963 2957 2293 3018 nedicatur
2352 2954 2534 3018 cibus
2593 2963 2655 3017 et
2713 2964 2948 3038 potus;
2999 2978 3077 3017 ac
3123 2959 3348 3038 freqic,
3397 2970 3458 3021 et

344 3056 601 3115 clinata
656 3065 747 3115 esc
788 3056 946 3130 jam
1003 3056 1163 3123 dies,
1224 3056 1356 3119 sole
1414 3058 1493 3118 ad
1556 3076 1850 3120 occasum
1889 3060 1932 3123 C
1956 3056 2327 3133 porriyebat
2376 3056 2514 3115 illis
2575 3073 2803 3136 panem
2858 3055 2986 3136 jam
3047 3055 3319 3119 fractum
3377 3059 3455 3121 ad

348 3152 672 3215 tendente.
736 3153 840 3215 Sic
898 3160 959 3215 et
1018 3172 1133 3217 nos
1190 3155 1477 3235 quotidie
1530 3156 1852 3220 Christum

349 3268 649 3331 rogemus
674 3270 749 3313 ac
786 3252 1156 3327 invitemu3‚
1194 3261 1263 3315 ut
1300 3254 1367 3315 in
1406 3255 1614 3318 cordis
1654 3256 1851 3318 nostri

348 3349 653 3412 cubiculo
713 3368 973 3412 manere
1035 3350 1352 3432 dignetur.
1416 3352 1557 3434 Ipse
1615 3354 1851 3417 etenim

188 3472 317 3511 mv,
345 3448 521 3529 apud
574 3447 883 3511 Ioannem
940 3448 1227 3531 loquitur
1279 3468 1293 3512 :
1346 3450 1461 3523 Qui
1516 3461 1729 3515 manet
1785 3454 1851 3516 in

348 3563 477 3619 me,
512 3555 577 3608 et
623 3564 739 3627 ego
788 3546 855 3608 in
903 3565 999 3623 eo,
1035 3546 1142 3609 hic
1188 3546 1313 3609 fert
1360 3546 1642 3611 fructum
1690 3551 1854 3613 mul-

348 3652 511 3706 tum.
564 3644 773 3726 Atque
834 3654 903 3707 ut
958 3646 1025 3707 in
1080 3645 1246 3709 libro
1300 3645 1637 3728 Sapientiae
1695 3648 1851 3729 legi-

175 3766 229 3794 vn
302 3786 317 3799 .
346 3752 475 3817 tur,
506 3743 844 3805 Neminem
892 3744 1105 3825 diligit
1147 3744 1331 3819 Deus,
1368 3745 1491 3806 nisi
1540 3746 1654 3827 qui
1703 3766 1849 3809 cum

344 3842 667 3923 sapientia
716 3842 1048 3905 inhabitat.
1104 3842 1387 3925 Denique
1434 3843 1851 3925 spiritualiter

340 3940 839 4022 advesperascit,
874 3940 1178 4022 quoniam
1210 3942 1339 4003 vita
1378 3949 1593 4004 nostra
1630 3944 1709 4006 ad
1747 3964 1851 4007 oc-

338 4058 560 4101 casum
621 4039 910 4120 quotidie
969 4039 1217 4119 tendit;
1280 4048 1343 4102 et
1397 4040 1697 4102 inclinata
1753 4051 1850 4104 est

338 4139 499 4211 dies,
532 4139 793 4219 quando
834 4147 1087 4219 tempus
1128 4140 1530 4219 promerendi
1572 4139 1847 4203 deficere

1964 3154 2499 3216 manducandum.
2555 3156 2640 3215 Et
2686 3156 2899 3231 aperti
2941 3165 3098 3215 sunt
3136 3158 3309 3217 oculi
3353 3177 3454 3217 eo·
3589 3171 3655 3225 31

1960 3273 2113 3312 rum
2152 3274 2174 3311 .·
2215 3270 2340 3313 non
2391 3251 2562 3332 quod
2611 3252 2968 3333 corporales
3016 3270 3236 3317 eorum
3284 3256 3453 3318 oculi

1963 3349 2297 3430 hucusque
2345 3348 2587 3411 fuerint
2637 3348 2858 3423 clausi,
2911 3352 3022 3412 sed
3073 3352 3227 3432 quia
3285 3372 3454 3415 nunc

1962 3449 2146 3511 aliter
2177 3448 2475 3510 viderunt
2502 3447 2821 3510 Christum
2851 3468 3042 3529 quam
3078 3458 3242 3513 ante.
3274 3450 3456 3515 Nunc

1963 3547 2133 3609 enim
2197 3554 2527 3628 coeperunt
2583 3564 2731 3607 eum
2791 3546 2854 3607 in
2914 3548 3172 3629 propria
3233 3556 3296 3609 et
3350 3568 3455 3613 co-

1960 3644 2299 3726 gnoscibili
2343 3664 2417 3706 ac
2455 3644 2868 3707 determinata
2905 3644 3121 3726 effigie
3170 3664 3450 3721 cernere,

1960 3762 2154 3825 quem
2219 3751 2364 3805 ante
2425 3742 2720 3804 viderunt
2776 3743 3059 3805 confuse.
3121 3743 3224 3807 Sic
3284 3746 3452 3809 oculi

1962 3842 2316 3924 primorum
2358 3847 2692 3922 parentum
2733 3840 3033 3903 dicuntur
3070 3843 3271 3924 aperti
3313 3854 3455 3926 post
3499 3864 3746 3917 Gemma.

1961 3940 2495 4024 perpetrationem
2549 3939 2810 4019 peccati,
2851 3947 3162 4021 quantum
3209 3943 3286 4003 ad
3338 3944 3456 4005 ali-

1961 4059 2070 4102 um
2120 4040 2378 4101 modum
2433 4038 2696 4116 videre;
2749 4045 2810 4100 et
2859 4038 2922 4098 in
2979 4038 3159 4101 libris
3211 4039 3452 4121 Regum

1959 4139 2192 4219 legitur
2222 4136 2466 4198 Eliseus
2498 4135 2770 4198 dixisse:
2797 4135 3079 4211 Domine,
3104 4139 3280 4219 aperi
3310 4159 3456 4203 ocu·
3497 4160 3744 4217 lvRe9.v1.

340 4237 594 4318 incipit.
647 4235 1019 4318 Specialiter
1066 4254 1324 4318 quoque
1380 4238 1849 4320 advesperascit
1878 4241 1925 4302 D
1958 4237 2051 4300 los
2096 4237 2359 4300 istorum
2400 4237 2583 4317 (puta
2627 4232 2974 4317 Syrorum).
3019 4236 3256 4301 Idcirco
3305 4240 3456 4303 sub-
3483 4226 3550 4267 ²⁰·

340 4336 409 4397 in
448 4336 689 4409 anima,
724 4335 875 4397 dum
919 4335 1309 4416 propinquat
1346 4337 1422 4398 ad
1464 4336 1752 4419 culpam3
1786 4347 1847 4401 et
1955 4336 2290 4417 jungitur:
2323 4344 2382 4395 ει
2419 4344 2850 4411 coynoverunt
2895 4355 3042 4395 eum
3088 4334 3152 4396 in
3202 4335 3455 4401 fractio-

342 4434 695 4496 inclinatur
743 4434 900 4508 dieS‚
950 4434 1205 4515 quando
1253 4432 1583 4515 elongatur
1630 4454 1665 4497 a
1709 4455 1849 4517 gra-

340 4533 449 4607 tia,
486 4533 611 4597 hoc
640 4538 757 4605 est,
791 4533 1046 4613 quando
1075 4532 1437 4614 disponitur
1465 4534 1545 4596 ad
1574 4543 1843 4616 peccata.

410 4631 741 4708 Praeterea,
766 4632 932 4694 sicut
963 4640 1333 4713 praetactum
1364 4641 1475 4707 est,
1508 4652 1585 4695 ex
1619 4634 1737 4698 hoc
1768 4636 1849 4698 lo-

340 4750 413 4795 co
441 4740 643 4812 atque
670 4731 966 4812 exemplo
994 4730 1261 4805 elicitur,
1285 4750 1477 4812 quam
1506 4733 1843 4807 caritative,

338 4831 677 4904 instanter,
712 4828 843 4892 imo
891 4840 955 4891 et
993 4830 1357 4911 importune
1406 4832 1726 4912 peregrini
1774 4852 1846 4895 ac

340 4946 661 5011 pauperes
708 4929 787 4989 ad
845 4946 1132 4990 mensam
1190 4936 1253 4991 et
1311 4929 1659 5011 hospitium
1720 4932 1846 4992 sint

340 5026 636 5091 vocandi.
672 5025 798 5090 Hoc
840 5045 1118 5107 namque
1156 5034 1251 5087 est
1290 5046 1451 5109 opus
1488 5028 1847 5092 misericor-

340 5128 482 5189 diae.
530 5124 739 5207 Opera
782 5132 994 5187 autem
1047 5125 1497 5189 misericordia)
1542 5128 1622 5188 ad
1672 5126 1849 5189 Chri-

340 5224 581 5286 stianos
642 5222 1049 5303 potissimum
1101 5222 1442 5303 pertinent,
1492 5243 1693 5305 quum
1746 5224 1845 5287 lex

342 5320 577 5385 Christi
626 5319 710 5381 sit
758 5320 859 5381 lex
906 5320 1099 5383 totius
1140 5320 1417 5383 caritatis
1456 5330 1519 5383 et
1568 5320 1841 5403 pietatiS.

1960 4454 2039 4497 ne
2089 4434 2294 4516 paniS,
2331 4440 2401 4494 ut
2448 4433 2638 4513 paulo
2687 4439 2829 4513 post
2873 4432 3188 4495 subditur.
3222 4434 3454 4499 Habuit
3515 4459 3716 4500 ves-235.

1958 4534 2132 4595 enim
2182 4531 2463 4594 Salvator
2510 4530 3034 4593 consuetudinem
3084 4532 3176 4594 sic
3220 4533 3456 4616 accipi·-

1958 4632 2129 4706 endi‚
2178 4628 2617 4702 benedicendi,
2671 4626 3024 4708 frangendi,
3069 4628 3457 4693 distribuen-

1958 4731 2154 4813 dique
2195 4746 2446 4811 panem,
2481 4734 2551 4787 ut
2589 4745 2665 4787 ex
2708 4725 3043 4806 Evangelio
3083 4729 3455 4809 comproba-

1958 4836 2062 4891 tur
2095 4846 2109 4890 :
2145 4829 2312 4889 sicut
2349 4827 2501 4888 dum
2541 4823 2758 4886 turbas
2800 4823 3020 4886 refecit
3057 4843 3134 4886 ex
3164 4826 3451 4909 quinque
3481 4853 3744 4909 metam,

1959 4927 2234 5009 panibus
2273 4922 2657 4995 hordeaceiS,
2693 4930 2756 4983 et
2793 4923 3196 5003 postmodum
3236 4942 3312 4985 ex
3345 4944 3453 5006 pa·
3483 4918 3728 4969 wax-‚aa

1958 5026 2149 5087 nibus
2200 5029 2466 5107 septem.
2521 5020 2733 5101 Aliqui
2788 5038 2935 5083 vero
2984 5021 3224 5095 dicunt,
3279 5026 3450 5104 quod

1958 5124 2243 5188 Christus
2273 5120 2568 5183 manibus
2609 5118 2798 5200 fregit
2835 5137 3086 5200 panem,
3120 5140 3192 5182 ac
3229 5122 3283 5182 si
3318 5123 3453 5185 cul-

1958 5221 2109 5286 tello
2156 5220 2384 5282 fuisset
2431 5217 2694 5291 divisus,
2731 5225 2795 5279 et
2839 5235 2953 5298 per
2992 5217 3112 5280 hoc
3151 5236 3298 5281 eum
3343 5238 3453 5283 no-

1961 5327 2211 5385 verunt.
2262 5318 2469 5381 Potest
2523 5331 2786 5398 quoque
2837 5314 3109 5396 intelligi
3162 5317 3240 5379 de
3293 5318 3453 5380 inte-
