4300 6259
86 3285 319 3336 Manlum!
332 3317 345 3328 .

112 3383 226 3427 ma.
256 3387 325 3427 m.

84 3465 198 3509 ma.
214 3469 343 3519 ηερ.

120 3568 268 3613 Μαι-ο.

84 3759 139 3800 ‘M
146 3760 185 3800 2.
194 3725 205 3736 .

86 3820 243 3865 Matth-
254 3834 342 3873 xiv,

84 3886 121 3934 θ’,
133 3884 343 3934 Marem.

88 3948 149 3996 u.
168 3948 235 3998 25,
252 3949 321 3990 2⁶.

101 4555 346 4607 lamnam,

170 5038 240 5094 47

1164 527 1515 576 ENAmuno
1559 527 1622 574 {N
1662 527 1802 575 cAP.
1846 529 1909 575 lv
1948 527 2224 576 somme.
2271 548 2352 559 -
2392 527 2534 576 Am.
2580 528 2668 575 xu

3347 507 3466 573 357

1475 937 2128 1028 ARTICULUS
2203 940 2377 1027 XII

622 1215 994 1264 Pnosncurlo
1039 1214 1453 1262 Exposrrloms
1496 1215 1681 1262 Rums
1724 1213 2002 1260 camum
2044 1212 2294 1274 QUARTI,
2337 1213 2417 1260 AB
2461 1214 2534 1261 Eo
2577 1213 2725 1261 Loco
2767 1215 2885 1271 Quo
2926 1214 3169 1263 mertun
3211 1215 3227 1262 :

987 1315 1063 1360 ΕΤ
1104 1315 1266 1361 nnn·
1307 1313 1543 1369 Quium
1586 1312 1878 1373 REGULUS,
1920 1311 2097 1360 cums
2140 1312 2335 1359 FILIUS
2376 1313 2856 1362 mmnuABA'run.

508 1581 568 1640 T
603 1587 749 1640 erat
794 1579 1069 1657 quidam
1119 1580 1405 1656 reyulus,
1454 1577 1642 1653 cujus
1687 1576 1872 1653 filius
1904 1572 1957 1633 A
1984 1572 2376 1655 Baptismum
2430 1595 2559 1659 quo
2617 1595 2732 1660 per
2788 1597 2856 1640 se
2912 1587 2977 1641 et
3032 1596 3146 1660 per
3193 1577 3475 1660 discipu-

531 1677 1003 1754 infirmabatur
1062 1678 1547 1754 Capharnaum.
1618 1674 1686 1736 In
1754 1673 1872 1735 hac

364 1775 543 1838 enim
592 1774 870 1851 civitate,
921 1792 1066 1856 quae
1120 1774 1246 1837 fuit
1292 1773 1662 1855 metropolis
1712 1771 1875 1834 Gali-

366 1873 521 1948 latai,
558 1872 870 1936 habitavit
915 1873 1173 1953 regulus
1222 1872 1343 1934 iste
1390 1891 1539 1934 cum
1578 1870 1718 1934 filio
1756 1889 1871 1933 suo

368 1972 799 2036 febricitante.
857 1972 1161 2054 Denique,
1214 1971 1568 2034 secundum
1616 1969 1867 2044 Bedam,

370 2071 633 2153 regulus
702 2071 823 2133 iste
887 2077 1149 2134 vocatur
1215 2069 1617 2144 diminutive,
1687 2068 1869 2150 quasi

372 2189 611 2253 parvus
642 2187 775 2232 rex.
812 2169 1294 2252 chrysostomus
1326 2186 1476 2232 vero
1506 2167 1680 2244 dicit,
1699 2167 1871 2249 quod

369 2287 498 2332 non
550 2276 687 2330 erat
733 2286 969 2351 parvus
1019 2285 1151 2343 rex,
1203 2268 1314 2330 sed
1364 2265 1619 2348 regulus
1666 2264 1873 2329 nomi-

370 2374 582 2441 natur,
646 2365 950 2448 quoniam
1012 2364 1199 2447 regiae
1254 2365 1473 2446 stirpis
1529 2371 1685 2426 erat.
1745 2363 1870 2425 Alii

366 2465 615 2540 dicunt,
669 2464 842 2545 quod
890 2471 1151 2527 vocatur
1198 2463 1477 2546 reguluS‚
1528 2463 1681 2544 quia
1728 2461 1874 2525 offi-

366 2563 549 2627 cialis
610 2571 746 2626 erat
796 2562 1080 2637 CaesariS‚
1133 2563 1472 2644 deputatus
1526 2563 1606 2624 ad
1664 2568 1907 2624 custo-‘

367 2663 539 2725 diam
598 2661 778 2724 urbis
839 2661 1301 2743 capharnaum.
1358 2659 1522 2733 Quos
1581 2659 1872 2741 sequitur

1984 1671 2076 1735 los
2137 1671 2501 1755 baptizavit,
2565 1675 2848 1758 itemque
2905 1684 3165 1759 propter
3217 1675 3474 1740 Joannis

1982 1769 2276 1853 Baptistae
2319 1774 2832 1839 testificationem
2877 1795 2890 1838 :
2940 1777 3080 1840 ideo
3121 1775 3292 1838 fama
3333 1775 3473 1858 ejus

1983 1871 2410 1952 praecurrebat
2451 1891 2620 1937 eum.
2661 1874 2840 1938 Unde
2881 1875 2946 1938 in
2988 1875 3273 1939 Matthaeo
3320 1875 3476 1957 legi-

1981 1976 2106 2044 tur,
2150 1970 2305 2051 quia
2349 1971 2506 2034 abiit
2551 1973 2770 2055 opinio
2819 1974 2958 2055 ejus
3007 1974 3072 2037 in
3122 1981 3316 2037 totam
3365 1973 3476 2056 Sy·
3521 1995 3762 2049 Μαιειων,

1983 2067 2141 2146 riam
2197 2087 2210 2130 :
2262 2088 2408 2150 quae
2457 2071 2680 2152 utique
2726 2071 2851 2134 fuit
2892 2072 3132 2153 grande
3178 2090 3468 2153 regnum.
3499 2059 3568 2102 ²⁴·

1980 2167 2165 2228 Abiit
2193 2169 2281 2228 ad
2306 2188 2452 2229 eum
2483 2169 2548 2231 in
2582 2169 2746 2233 Cana
2773 2169 3061 2246 Galilaeae,
3096 2170 3208 2232 ubi
3239 2171 3477 2253 reperit

1983 2262 2326 2341 Christum,
2356 2277 2417 2328 et
2458 2271 2724 2345 royabat
2771 2271 2915 2332 eu'm
2965 2279 3041 2331 ut
3075 2272 3476 2331 descenderet

1984 2363 2048 2424 in
2090 2363 2551 2446 Capharnaum,
2593 2385 2738 2448 quae
2774 2367 2900 2431 fuit
2935 2369 3002 2431 in
3042 2369 3169 2431 situ
3206 2367 3474 2433 bassiori

1982 2481 2178 2544 quam
2220 2461 2404 2539 Cana,
2437 2475 2498 2525 et
2533 2477 2794 2528 sanaret
2829 2469 3050 2544 filium
3085 2468 3252 2546 εἰπε,
3280 2484 3474 2548 quem

1984 2561 2232 2642 putavit
2283 2580 2409 2625 non
2459 2581 2648 2646 posse
2694 2565 2902 2626 sanari
2950 2584 2988 2627 a
3034 2564 3301 2640 Christo,
3349 2565 3474 2627 nisi

1985 2660 2396 2740 corporaliter
2426 2670 2758 2743 praesente.
2776 2662 3068 2726 Nondum
3097 2663 3269 2726 enim
3299 2681 3478 2744 agno-

368 2761 658 2842 quidam,
694 2759 1044 2842 reprobans
1084 2759 1326 2822 dictum
1364 2757 1565 2834 Bedae,
1600 2777 1715 2841 per
1752 2759 1873 2822 hoc
1910 2760 1956 2821 B
1985 2757 2076 2822 vit
2110 2758 2324 2821 Jesum
2364 2777 2503 2822 esse
2543 2778 2764 2824 verum
2794 2761 2992 2824 Deum
3033 2761 3274 2844 ubique
3313 2779 3475 2845 prae-

367 2861 542 2942 quod
594 2859 860 2924 Romani
910 2859 1195 2923 volentes
1244 2857 1537 2939 frangere
1584 2856 1875 2941 superbi-

367 2978 473 3021 am
510 2959 899 3033 Judaeorum‚
930 2956 1335 3020 abstulerunt
1376 2957 1468 3018 eis
1511 2957 1749 3038 regiam
1792 2957 1879 3020 di-

366 3057 703 3140 gnitatem,
757 3057 846 3119 ita
892 3057 1064 3138 quod
1128 3075 1241 3138 pro
1298 3063 1452 3119 tunc
1498 3055 1716 3118 nullus
1766 3074 1877 3118 rex

370 3156 499 3219 fuit
546 3157 615 3219 in
653 3155 889 3219 Judaea.
933 3154 1053 3218 Sed
1103 3154 1270 3217 istud
1321 3172 1449 3217 non
1490 3154 1743 3218 videtur
1785 3171 1878 3215 re-

371 3255 681 3319 solutum.
742 3253 1019 3318 Herodes
1079 3252 1253 3315 enim
1321 3252 1442 3314 sub
1498 3271 1628 3334 quo
1692 3259 1877 3314 natus

374 3361 474 3416 est
513 3353 718 3428 Jesus‚
770 3351 885 3435 qui
942 3351 1175 3415 occidit
1223 3350 1519 3425 infanteS,
1572 3368 1681 3413 rex
1727 3349 1873 3426 fuit,

374 3458 447 3513 ut
494 3451 731 3515 dicitur
776 3449 845 3512 in
894 3449 1221 3530 Matthae03
1266 3449 1562 3511 similiter
1604 3447 1877 3511 Herodes

284 3583 343 3622 u,
374 3551 489 3634 qui
542 3548 880 3614 decollavit
925 3549 1253 3623 Joannem,
1307 3547 1427 3610 sub
1476 3567 1605 3630 quo
1655 3566 1877 3630 passus

222 3709 249 3736 ¹
331 3657 471 3746 'est
522 3647 835 3720 Christus,
869 3647 1105 3710 dicitur
1157 3664 1266 3710 rex
1308 3648 1479 3728 apud
1519 3644 1877 3710 Matthaeum

374 3754 437 3808 et
478 3745 780 3810 Marcum.
828 3743 905 3807 Et
950 3751 1163 3807 tamen
1208 3749 1633 3826 regnaverunt
1674 3744 1739 3805 in
1776 3743 1880 3805 Ju-

374 3847 531 3910 daea.
585 3844 1131 3918 Quemadmodum
1182 3861 1327 3924 ergo
1374 3843 1682 3906 nominati
1731 3850 1880 3905 sunt

1984 2863 2250 2932 sentem,
2285 2865 2350 2920 et
2387 2860 2557 2940 quod
2595 2859 2802 2940 angeli
2841 2861 3043 2924 sancti
3081 2859 3222 2942 ejus
3265 2867 3477 2923 essent
3529 2883 3765 2935 neor.=.⁷;

1982 2955 2282 3030 ministri,
2335 2974 2608 3037 quorum
2669 2958 3025 3023 ministerio
3083 2959 3290 3042 potuit
3343 2978 3477 3023 om-
3502 2947 3584 2991 ¹²⁸·
3615 2959 3698 3001 ‘²¹¹¹’
3722 2949 3766 2991 ⁴·

1984 3071 2098 3115 nes
2136 3073 2334 3135 aegros
2375 3072 2618 3118 curare.
2663 3055 2838 3129 Quod
2887 3057 3180 3139 cognovit
3218 3075 3477 3121 venera-

1982 3151 2133 3214 bilis
2182 3152 2292 3214 ille
2340 3154 2627 3218 centurio
2674 3155 2788 3237 qui
2837 3155 3088 3220 dicebat
3128 3174 3142 3220 :
3183 3155 3470 3233 Domine,
3501 3179 3768 3234 nattam,

1984 3270 2113 3314 non
2171 3271 2314 3314 sum
2372 3252 2601 3334 dignus
2660 3261 2731 3317 ut
2787 3255 2984 3317 intres
3051 3255 3171 3318 sub
3235 3262 3474 3318 tectum
3503 3255 3608 3306 Βιθ-

1985 3367 2224 3424 meum,
2259 3351 2370 3412 sed
2419 3359 2664 3414 tantum
2715 3353 2817 3416 dic
2864 3353 3081 3428 verbo,
3124 3361 3187 3416 et
3228 3353 3479 3416 sanabi-

1986 3454 2089 3509 tur
2121 3457 2513 3530 puer'mcuS,
2536 3457 2658 3513 etc.
2691 3453 3052 3529 Incipio-bac
3078 3453 3256 3514 enim
3283 3454 3473 3514 mori.

1984 3545 2111 3609 Hoc
2154 3547 2309 3610 dicit
2348 3547 2792 3628 Evangelista:
2837 3549 3066 3630 primo,
3107 3549 3186 3612 ad
3235 3549 3480 3612 insinu-

1983 3637 2223 3706 anduin
2271 3663 2386 3706 cur
2432 3645 2688 3726 regulus
2738 3652 2983 3708 tantum
3031 3646 3356 3709 festinavit
3399 3647 3478 3709 ad

1982 3743 2218 3818 lesum,
2253 3761 2531 3825 eumque
2561 3751 2686 3807 tam
2726 3745 2958 3808 obnixe
2988 3745 3475 3828 deprecabatur3

1986 3844 2287 3917 secundo,
2338 3843 2418 3905 ad
2473 3843 2935 3906 ostendendum
2995 3844 3288 3907 miraculi
3348 3863 3480 3908 ma-

374 3963 579 4026 regeS,
614 3943 708 4006 sic
748 3943 865 4005 iste
908 3942 1165 4023 regulus
1205 3941 1330 4004 dici
1376 3948 1607 4023 posset.
1651 3940 1880 4003 Abstu-
1914 3944 1958 4008 C
1984 3942 2410 4025 gnitudinem,
2467 3941 2620 4024 quia
2680 3943 2967 4024 ejusdem
3031 3944 3329 4026 potentias
3385 3954 3482 4008 est

376 4043 592 4106 lerunt
638 4049 854 4104 autem
899 4038 1164 4103 Romani
1223 4039 1459 4120 regiam
1508 4039 1876 4121 dignitatem

374 4161 413 4204 a
459 4140 714 4215 ludaeis,
760 4145 1074 4222 quantum
1122 4139 1199 4201 ad
1258 4139 1379 4202 hoc
1434 4140 1606 4220 quod
1662 4138 1877 4201 nullus

376 4240 457 4303 de
504 4237 751 4300 semine
799 4254 1018 4300 eorum
1069 4235 1375 4318 regnavit,
1423 4237 1534 4298 sed
1581 4235 1879 4317 alienige—

378 4357 499 4400 nae.
533 4335 799 4400 Romani
830 4351 1091 4418 quoque
1126 4334 1457 4416 jusserunt
1493 4340 1564 4395 ut
1600 4335 1739 4397 sine
1777 4352 1880 4399 eo-

375 4455 523 4498 rum
583 4451 899 4498 consensu
958 4432 1175 4495 nullus
1240 4439 1591 4495 assumeret
1644 4452 1876 4496 nomen

378 4533 567 4616 regis.
601 4531 865 4614 Propter
894 4532 1068 4614 quod
1106 4529 1273 4593 infra
1311 4530 1579 4593 habetur
1612 4549 1626 4594 :
1661 4530 1876 4594 Omnis

374 4633 490 4717 qui
550 4649 619 4694 se
679 4647 893 4712 regem
962 4629 1134 4704 facit,
1196 4629 1570 4693 contradicit
1627 4629 1873 4693 Caesari.

373 4728 699 4812 Quidquid
755 4735 967 4791 autem
1028 4727 1257 4791 horum
1316 4727 1581 4802 dicatur,
1634 4735 1877 4792 certum

374 4837 472 4893 est
520 4828 693 4910 quod
744 4825 1001 4908 regulus
1052 4825 1171 4888 iste
1211 4824 1336 4888 fuit
1377 4825 1695 4890 excellens
1739 4845 1880 4909 per-

376 4947 553 5003 sona,
592 4945 761 4989 unus
804 4923 882 4987 de
926 4923 1491 5007 principalioribus
1534 4932 1737 4990 terrae.

461 5021 593 5090 ‘Hic
634 5025 894 5106 regulus
933 5045 1136 5105 quum
1173 5027 1458 5086 audisset
1494 5029 1667 5106 quod
1698 5028 1880 5088 Iesus

1988 4050 2311 4106 mortuum
2371 4041 2696 4116 suscitare,
2756 4050 2820 4104 et
2875 4041 3047 4105 letali
3104 4042 3478 4106 infirmitate

1986 4141 2378 4204 laborantem
2422 4157 2534 4202 seu
2575 4139 3011 4220 agonizantem
3050 4158 3292 4204 sanare.

2064 4241 2260 4302 Dioeic
2295 4258 2443 4316 erqo
2480 4241 2663 4300 Iesus
2705 4241 2792 4300 ad
2827 4259 2974 4300 eum
3005 4259 3030 4300 .·
3069 4241 3223 4302 Nisi
3259 4242 3478 4318 siqua,
3610 4255 3683 4312 48

1988 4339 2053 4402 id
2083 4346 2180 4402 est
2208 4338 2514 4401 miracula
2541 4337 2774 4400 divinae
2814 4337 3110 4419 potentiae
3136 4339 3474 4415 ostensiva,

1987 4449 2045 4500 et
2074 4439 2412 4516 prodiyia,
2454 4437 2574 4500 hoc
2620 4444 2717 4499 est
2764 4436 3070 4499 miracula
3117 4437 3361 4520 aliquid
3412 4438 3479 4500 in

1989 4538 2250 4617 longum
2316 4543 2380 4597 et
2439 4542 2763 4616 posterum
2831 4535 3195 4611 indicantia,
3257 4554 3482 4599 secun-

1988 4636 2139 4698 dum
2189 4633 2469 4714 Bedam3
2522 4632 2621 4697 vel
2671 4633 2882 4715 potius
2932 4633 3238 4696 miracula
3285 4633 3483 4698 virtu-

1987 4741 2115 4797 tem
2165 4731 2446 4796 divinam
2487 4732 2708 4813 procul
2756 4751 2793 4794 a
2841 4749 3032 4794 sensu
3081 4732 3350 4814 positam
3399 4733 3482 4795 si-

1985 4830 2284 4913 gnantia3
2333 4831 2651 4902 videritis,
2703 4851 2832 4892 non
2879 4831 3142 4891 creditis
3189 4849 3293 4893 me
3340 4849 3480 4894 esse

1987 4928 2489 5010 omnipotentem
2531 4927 2766 4990 Filium
2807 4927 2936 5003 Dei,
2979 4928 3092 5010 qui
3141 4929 3484 5011 corporali-

1988 5034 2085 5089 ter
2131 5026 2383 5101 absens,
2425 5027 2776 5092 secundum
2822 5026 3216 5090 divinitatem
3268 5028 3484 5092 omnia
3543 5054 3774 5106 smum.

376 5127 720 5190 adveniret
747 5145 787 5185 a
816 5126 1068 5196 Judaea,
1101 5143 1217 5206 per
1252 5124 1619 5200 Samariam,
1653 5127 1728 5187 in
1763 5129 1883 5188 Ga·
1914 5127 1965 5189 D
1991 5126 2250 5208 imple0,
2285 5132 2347 5188 et
2376 5133 2604 5188 cuncta
2641 5124 2882 5208 ubique
2921 5125 3130 5189 facere
3165 5145 3352 5209 queo.
3380 5127 3484 5191 Oc·
3511 5119 3580 5160 ²⁴·

380 5229 651 5288 liloeam.
712 5222 849 5286 Iam
916 5223 1091 5285 enim
1149 5222 1430 5287 famosus
1498 5223 1700 5286 factus
1763 5224 1887 5287 fuit
1994 5225 2245 5289 casione
2276 5223 2468 5305 hujus
2500 5223 2677 5288 verbi
2703 5224 3094 5306 Augustinus
3125 5225 3294 5301 dicit,
3314 5228 3486 5308 quod

384 5325 569 5388 lesus
629 5327 893 5405 propter
950 5321 1258 5384 miracula
1312 5341 1447 5398 sua,
1510 5329 1575 5385 et
1629 5329 1889 5405 propter
1996 5324 2254 5405 regulus
2313 5322 2432 5384 iste
2497 5322 2765 5384 accessit
2819 5323 2898 5386 ad
2956 5322 3298 5400 Christum,
3359 5344 3487 5388 non
