<?xml version="1.0" encoding="UTF-8"?>
<!DOCTYPE html PUBLIC "-//W3C//DTD XHTML 1.0 Transitional//EN"
    "http://www.w3.org/TR/xhtml1/DTD/xhtml1-transitional.dtd">
<html xmlns="http://www.w3.org/1999/xhtml" xml:lang="en" lang="en">
 <head>
  <title>
</title>
<meta http-equiv="Content-Type" content="text/html;charset=utf-8" />
  <meta name='ocr-system' content='tesseract 3.04.00' />
  <meta name='ocr-capabilities' content='ocr_page ocr_carea ocr_par ocr_line ocrx_word'/>
</head>
<body>
  <div class='ocr_page' id='page_1' title='image "./doctorisecstati09unkngoog_0209.png"; bbox 0 0 4300 6259; ppageno 0'>
   <div class='ocr_carea' id='block_1_1' title="bbox 55 1671 284 1776">
    <p class='ocr_par' dir='ltr' id='par_1_1' title="bbox 55 1671 284 1776">
     <span class='ocr_line' id='line_1_1' title="bbox 77 1671 284 1723; baseline 0 -9"><span class='ocrx_word' id='word_1_1' title='bbox 77 1671 162 1714; x_wconf 76' lang='lat' dir='ltr'><strong>Lae.</strong></span> <span class='ocrx_word' id='word_1_2' title='bbox 173 1684 284 1723; x_wconf 80' lang='lat' dir='ltr'><strong>nm,</strong></span> 
     </span>
     <span class='ocr_line' id='line_1_2' title="bbox 55 1737 110 1776; baseline -0.018 0"><span class='ocrx_word' id='word_1_3' title='bbox 55 1737 110 1776; x_wconf 78' lang='lat'><strong>³5.</strong></span> 
     </span>
    </p>
   </div>
   <div class='ocr_carea' id='block_1_2' title="bbox 155 1960 176 2013">
    <p class='ocr_par' dir='ltr' id='par_1_2' title="bbox 155 1960 176 2013">
     <span class='ocr_line' id='line_1_3' title="bbox 155 1960 176 2013; baseline 0 0"><span class='ocrx_word' id='word_1_4' title='bbox 155 1960 176 2013; x_wconf 84' lang='lat' dir='ltr'><strong>l</strong></span> 
     </span>
    </p>
   </div>
   <div class='ocr_carea' id='block_1_3' title="bbox 1115 504 2623 555">
    <p class='ocr_par' dir='ltr' id='par_1_3' title="bbox 1115 504 2623 555">
     <span class='ocr_line' id='line_1_4' title="bbox 1115 504 2623 555; baseline 0.001 -3"><span class='ocrx_word' id='word_1_5' title='bbox 1115 506 1466 554; x_wconf 68' lang='lat' dir='ltr'><strong>mumu&#39;rm</strong></span> <span class='ocrx_word' id='word_1_6' title='bbox 1508 505 1572 552; x_wconf 83' lang='lat' dir='ltr'><strong>IN</strong></span> <span class='ocrx_word' id='word_1_7' title='bbox 1615 506 1754 552; x_wconf 74' lang='lat' dir='ltr'><strong>CAP-</strong></span> <span class='ocrx_word' id='word_1_8' title='bbox 1798 504 1911 553; x_wconf 72' lang='lat'><strong>¹1¹</strong></span> <span class='ocrx_word' id='word_1_9' title='bbox 1952 505 2142 554; x_wconf 72' lang='lat' dir='ltr'><strong>LUCAE.</strong></span> <span class='ocrx_word' id='word_1_10' title='bbox 2190 525 2271 536; x_wconf 90' lang='lat'>—</span> <span class='ocrx_word' id='word_1_11' title='bbox 2310 507 2453 553; x_wconf 69' lang='grc' dir='ltr'><strong>ΛΒΤ.</strong></span> <span class='ocrx_word' id='word_1_12' title='bbox 2499 506 2623 555; x_wconf 81' lang='lat' dir='ltr'><strong>xm</strong></span> 
     </span>
    </p>
   </div>
   <div class='ocr_carea' id='block_1_4' title="bbox 3302 491 3418 556">
    <p class='ocr_par' dir='ltr' id='par_1_4' title="bbox 3302 491 3418 556">
     <span class='ocr_line' id='line_1_5' title="bbox 3302 491 3418 556; baseline 0 -1"><span class='ocrx_word' id='word_1_13' title='bbox 3302 491 3418 556; x_wconf 77' lang='lat'><strong>157</strong></span> 
     </span>
    </p>
   </div>
   <div class='ocr_carea' id='block_1_5' title="bbox 1391 908 2365 995">
    <p class='ocr_par' dir='ltr' id='par_1_5' title="bbox 1391 908 2365 995">
     <span class='ocr_line' id='line_1_6' title="bbox 1391 908 2365 995; baseline -0.002 -1"><span class='ocrx_word' id='word_1_14' title='bbox 1391 908 2045 995; x_wconf 83' lang='lat' dir='ltr'><strong>ARTICULUS</strong></span> <span class='ocrx_word' id='word_1_15' title='bbox 2119 909 2365 994; x_wconf 89' lang='lat' dir='ltr'>XLII</span> 
     </span>
    </p>
   </div>
   <div class='ocr_carea' id='block_1_6' title="bbox 619 1179 3122 1354">
    <p class='ocr_par' dir='ltr' id='par_1_6' title="bbox 619 1179 3122 1354">
     <span class='ocr_line' id='line_1_7' title="bbox 619 1179 3122 1251; baseline 0.002 -23"><span class='ocrx_word' id='word_1_16' title='bbox 619 1181 979 1228; x_wconf 66' lang='lat' dir='ltr'><strong>auctuum</strong></span> <span class='ocrx_word' id='word_1_17' title='bbox 1023 1181 1304 1229; x_wconf 68' lang='lat' dir='ltr'><strong>currum</strong></span> <span class='ocrx_word' id='word_1_18' title='bbox 1343 1180 1702 1228; x_wconf 64' lang='lat' dir='ltr'><strong>Nomionem</strong></span> <span class='ocrx_word' id='word_1_19' title='bbox 1746 1181 1761 1226; x_wconf 74' lang='grc' dir='ltr'><strong>ε</strong></span> <span class='ocrx_word' id='word_1_20' title='bbox 1807 1180 1882 1226; x_wconf 71' lang='lat' dir='ltr'><strong>:rr</strong></span> <span class='ocrx_word' id='word_1_21' title='bbox 1924 1179 2257 1229; x_wconf 69' lang='lat' dir='ltr'><strong>manassus</strong></span> <span class='ocrx_word' id='word_1_22' title='bbox 2300 1182 2789 1230; x_wconf 64' lang='lat' dir='ltr'><strong>rannemun-</strong></span> <span class='ocrx_word' id='word_1_23' title='bbox 2828 1184 3122 1251; x_wconf 59' lang='lat' dir='ltr'><strong>malcum</strong></span> 
     </span>
     <span class='ocr_line' id='line_1_8' title="bbox 1261 1276 2534 1354; baseline 0.001 -28"><span class='ocrx_word' id='word_1_24' title='bbox 1261 1281 1336 1326; x_wconf 78' lang='lat' dir='ltr'><strong>m·</strong></span> <span class='ocrx_word' id='word_1_25' title='bbox 1376 1278 1526 1326; x_wconf 71' lang='lat' dir='ltr'><strong>acca</strong></span> <span class='ocrx_word' id='word_1_26' title='bbox 1566 1277 1672 1325; x_wconf 78' lang='lat' dir='ltr'><strong>vm</strong></span> <span class='ocrx_word' id='word_1_27' title='bbox 1709 1276 1945 1325; x_wconf 69' lang='lat' dir='ltr'><strong>nonme</strong></span> <span class='ocrx_word' id='word_1_28' title='bbox 1986 1278 2301 1340; x_wconf 62' lang='lat' dir='ltr'><strong>zacmus,</strong></span> <span class='ocrx_word' id='word_1_29' title='bbox 2348 1279 2477 1327; x_wconf 74' lang='lat' dir='ltr'><strong>mc.</strong></span> <span class='ocrx_word' id='word_1_30' title='bbox 2513 1331 2534 1354; x_wconf 35' lang='grc' dir='ltr'><strong>θ</strong></span> 
     </span>
    </p>
   </div>
   <div class='ocr_carea' id='block_1_7' title="bbox 386 1559 3425 1645">
    <p class='ocr_par' dir='ltr' id='par_1_7' title="bbox 386 1559 3425 1645">
     <span class='ocr_line' id='line_1_9' title="bbox 386 1559 3425 1645; baseline 0.001 -22"><span class='ocrx_word' id='word_1_31' title='bbox 386 1561 441 1623; x_wconf 89' lang='grc' dir='ltr'><strong>Ν</strong></span> <span class='ocrx_word' id='word_1_32' title='bbox 487 1563 908 1644; x_wconf 81' lang='lat' dir='ltr'><strong>praecedentis</strong></span> <span class='ocrx_word' id='word_1_33' title='bbox 949 1561 1215 1645; x_wconf 90' lang='lat' dir='ltr'><strong>capituli</strong></span> <span class='ocrx_word' id='word_1_34' title='bbox 1254 1560 1389 1623; x_wconf 89' lang='lat' dir='ltr'><strong>fine</strong></span> <span class='ocrx_word' id='word_1_35' title='bbox 1428 1561 1820 1641; x_wconf 87' lang='lat' dir='ltr'><strong>descriptum</strong></span> <span class='ocrx_word' id='word_1_36' title='bbox 1847 1559 1900 1620; x_wconf 88' lang='lat' dir='ltr'>A</span> <span class='ocrx_word' id='word_1_37' title='bbox 1929 1568 2026 1622; x_wconf 88' lang='lat' dir='ltr'><strong>est</strong></span> <span class='ocrx_word' id='word_1_38' title='bbox 2071 1561 2276 1624; x_wconf 87' lang='lat' dir='ltr'><strong>valde.</strong></span> <span class='ocrx_word' id='word_1_39' title='bbox 2320 1566 2405 1624; x_wconf 80' lang='grc' dir='ltr'><strong>Ει</strong></span> <span class='ocrx_word' id='word_1_40' title='bbox 2443 1583 2573 1626; x_wconf 73' lang='lat' dir='ltr'><strong>non</strong></span> <span class='ocrx_word' id='word_1_41' title='bbox 2604 1575 2859 1642; x_wconf 80' lang='lat' dir='ltr'><strong>poterat</strong></span> <span class='ocrx_word' id='word_1_42' title='bbox 2891 1585 3035 1644; x_wconf 80' lang='lat' dir='ltr'><strong>proe</strong></span> <span class='ocrx_word' id='word_1_43' title='bbox 3080 1569 3291 1628; x_wconf 80' lang='lat' dir='ltr'><strong>turba.</strong></span> <span class='ocrx_word' id='word_1_44' title='bbox 3332 1565 3425 1628; x_wconf 85' lang='lat' dir='ltr'><strong>Ex</strong></span> 
     </span>
    </p>
   </div>
   <div class='ocr_carea' id='block_1_8' title="bbox 307 1657 1826 2627">
    <p class='ocr_par' dir='ltr' id='par_1_8' title="bbox 307 1657 1826 2627">
     <span class='ocr_line' id='line_1_10' title="bbox 418 1657 1823 1743; baseline -0.001 -22"><span class='ocrx_word' id='word_1_45' title='bbox 418 1667 540 1734; x_wconf 87' lang='lat' dir='ltr'><strong>est,</strong></span> <span class='ocrx_word' id='word_1_46' title='bbox 582 1661 756 1742; x_wconf 89' lang='lat' dir='ltr'><strong>quod</strong></span> <span class='ocrx_word' id='word_1_47' title='bbox 795 1661 978 1724; x_wconf 86' lang='lat' dir='ltr'><strong>Jesus</strong></span> <span class='ocrx_word' id='word_1_48' title='bbox 1027 1660 1556 1743; x_wconf 77' lang='lat' dir='ltr'><strong>appropinquans</strong></span> <span class='ocrx_word' id='word_1_49' title='bbox 1604 1657 1823 1721; x_wconf 87' lang='lat' dir='ltr'><strong>civita-</strong></span> 
     </span>
     <span class='ocr_line' id='line_1_11' title="bbox 311 1757 1818 1840; baseline -0.002 -20"><span class='ocrx_word' id='word_1_50' title='bbox 311 1758 360 1820; x_wconf 88' lang='lat' dir='ltr'><strong>ti</strong></span> <span class='ocrx_word' id='word_1_51' title='bbox 407 1759 674 1822; x_wconf 92' lang='lat' dir='ltr'><strong>nomine</strong></span> <span class='ocrx_word' id='word_1_52' title='bbox 715 1759 989 1835; x_wconf 75' lang='lat' dir='ltr'><strong>Iericho,</strong></span> <span class='ocrx_word' id='word_1_53' title='bbox 1039 1777 1205 1822; x_wconf 83' lang='lat' dir='ltr'><strong>caeco</strong></span> <span class='ocrx_word' id='word_1_54' title='bbox 1249 1757 1544 1840; x_wconf 83' lang='lat' dir='ltr'><strong>praestitit</strong></span> <span class='ocrx_word' id='word_1_55' title='bbox 1586 1757 1818 1820; x_wconf 86' lang='lat' dir='ltr'><strong>visum.</strong></span> 
     </span>
     <span class='ocr_line' id='line_1_12' title="bbox 312 1853 1826 1939; baseline -0.001 -21"><span class='ocrx_word' id='word_1_56' title='bbox 312 1855 500 1919; x_wconf 89' lang='lat' dir='ltr'><strong>Nunc</strong></span> <span class='ocrx_word' id='word_1_57' title='bbox 539 1865 754 1920; x_wconf 89' lang='lat' dir='ltr'><strong>autem</strong></span> <span class='ocrx_word' id='word_1_58' title='bbox 793 1857 1126 1921; x_wconf 83' lang='lat' dir='ltr'><strong>historiam</strong></span> <span class='ocrx_word' id='word_1_59' title='bbox 1171 1872 1588 1939; x_wconf 81' lang='lat' dir='ltr'><strong>prosequenS,</strong></span> <span class='ocrx_word' id='word_1_60' title='bbox 1623 1853 1826 1918; x_wconf 87' lang='lat' dir='ltr'><strong>Evan-</strong></span> 
     </span>
     <span class='ocr_line' id='line_1_13' title="bbox 309 1953 1824 2036; baseline -0.003 -18"><span class='ocrx_word' id='word_1_61' title='bbox 309 1956 546 2036; x_wconf 81' lang='lat' dir='ltr'><strong>gelista</strong></span> <span class='ocrx_word' id='word_1_62' title='bbox 572 1962 879 2019; x_wconf 87' lang='lat' dir='ltr'><strong>testatur:</strong></span> <span class='ocrx_word' id='word_1_63' title='bbox 903 1959 992 2018; x_wconf 75' lang='lat' dir='ltr'><strong>Et</strong></span> <span class='ocrx_word' id='word_1_64' title='bbox 1019 1958 1348 2034; x_wconf 74' lang='lat' dir='ltr'><strong>inqressus</strong></span> <span class='ocrx_word' id='word_1_65' title='bbox 1373 1955 1628 2036; x_wconf 92' lang='lat' dir='ltr'><strong>(urbem</strong></span> <span class='ocrx_word' id='word_1_66' title='bbox 1661 1953 1824 2015; x_wconf 89' lang='lat' dir='ltr'><strong>hanc</strong></span> 
     </span>
     <span class='ocr_line' id='line_1_14' title="bbox 309 2053 1824 2134; baseline -0.002 -18"><span class='ocrx_word' id='word_1_67' title='bbox 309 2053 598 2134; x_wconf 86' lang='lat' dir='ltr'><strong>Jericho)</strong></span> <span class='ocrx_word' id='word_1_68' title='bbox 625 2057 1128 2134; x_wconf 79' lang='lat' dir='ltr'><strong>perambulabat</strong></span> <span class='ocrx_word' id='word_1_69' title='bbox 1175 2056 1450 2126; x_wconf 75' lang='lat' dir='ltr'><strong>Jericko,</strong></span> <span class='ocrx_word' id='word_1_70' title='bbox 1497 2062 1824 2115; x_wconf 85' lang='lat' dir='ltr'><strong>transeun-</strong></span> 
     </span>
     <span class='ocr_line' id='line_1_15' title="bbox 311 2153 1826 2238; baseline -0.002 -24"><span class='ocrx_word' id='word_1_71' title='bbox 311 2153 394 2216; x_wconf 91' lang='lat' dir='ltr'><strong>do</strong></span> <span class='ocrx_word' id='word_1_72' title='bbox 428 2170 551 2234; x_wconf 90' lang='lat' dir='ltr'><strong>per</strong></span> <span class='ocrx_word' id='word_1_73' title='bbox 577 2169 742 2228; x_wconf 91' lang='lat' dir='ltr'><strong>eam,</strong></span> <span class='ocrx_word' id='word_1_74' title='bbox 767 2153 1001 2216; x_wconf 89' lang='lat' dir='ltr'><strong>docens</strong></span> <span class='ocrx_word' id='word_1_75' title='bbox 1041 2159 1294 2238; x_wconf 85' lang='lat' dir='ltr'><strong>terrena</strong></span> <span class='ocrx_word' id='word_1_76' title='bbox 1329 2169 1470 2214; x_wconf 90' lang='lat' dir='ltr'><strong>esse</strong></span> <span class='ocrx_word' id='word_1_77' title='bbox 1506 2156 1826 2233; x_wconf 88' lang='lat' dir='ltr'><strong>pertrans-</strong></span> 
     </span>
     <span class='ocr_line' id='line_1_16' title="bbox 309 2248 1820 2326; baseline -0.001 -15"><span class='ocrx_word' id='word_1_78' title='bbox 309 2251 550 2324; x_wconf 89' lang='lat' dir='ltr'><strong>eunda,</strong></span> <span class='ocrx_word' id='word_1_79' title='bbox 581 2250 707 2313; x_wconf 91' lang='lat' dir='ltr'><strong>hoc</strong></span> <span class='ocrx_word' id='word_1_80' title='bbox 744 2256 863 2326; x_wconf 90' lang='lat' dir='ltr'><strong>est,</strong></span> <span class='ocrx_word' id='word_1_81' title='bbox 896 2269 1025 2314; x_wconf 91' lang='lat' dir='ltr'><strong>non</strong></span> <span class='ocrx_word' id='word_1_82' title='bbox 1067 2250 1542 2313; x_wconf 77' lang='lat' dir='ltr'>immorandum</span> <span class='ocrx_word' id='word_1_83' title='bbox 1580 2248 1820 2311; x_wconf 89' lang='lat' dir='ltr'><strong>eisdem</strong></span> 
     </span>
     <span class='ocr_line' id='line_1_17' title="bbox 311 2347 1824 2431; baseline -0.001 -19"><span class='ocrx_word' id='word_1_84' title='bbox 311 2367 428 2431; x_wconf 89' lang='lat' dir='ltr'><strong>per</strong></span> <span class='ocrx_word' id='word_1_85' title='bbox 477 2349 974 2412; x_wconf 88' lang='lat' dir='ltr'><strong>immoderatum</strong></span> <span class='ocrx_word' id='word_1_86' title='bbox 1022 2347 1355 2425; x_wconf 81' lang='lat' dir='ltr'><strong>affectum,</strong></span> <span class='ocrx_word' id='word_1_87' title='bbox 1408 2349 1518 2411; x_wconf 92' lang='lat' dir='ltr'><strong>sed</strong></span> <span class='ocrx_word' id='word_1_88' title='bbox 1569 2365 1824 2410; x_wconf 89' lang='lat' dir='ltr'><strong>summo</strong></span> 
     </span>
     <span class='ocr_line' id='line_1_18' title="bbox 309 2444 1822 2529; baseline -0.001 -19"><span class='ocrx_word' id='word_1_89' title='bbox 309 2457 372 2510; x_wconf 87' lang='lat' dir='ltr'><strong>et</strong></span> <span class='ocrx_word' id='word_1_90' title='bbox 411 2444 931 2510; x_wconf 78' lang='lat' dir='ltr'>incommutabili</span> <span class='ocrx_word' id='word_1_91' title='bbox 969 2446 1139 2511; x_wconf 92' lang='lat' dir='ltr'><strong>bono</strong></span> <span class='ocrx_word' id='word_1_92' title='bbox 1165 2447 1405 2529; x_wconf 85' lang='lat' dir='ltr'><strong>jugiter</strong></span> <span class='ocrx_word' id='word_1_93' title='bbox 1434 2445 1668 2509; x_wconf 89' lang='lat' dir='ltr'><strong>debere</strong></span> <span class='ocrx_word' id='word_1_94' title='bbox 1706 2464 1822 2509; x_wconf 91' lang='lat' dir='ltr'><strong>nos</strong></span> 
     </span>
     <span class='ocr_line' id='line_1_19' title="bbox 307 2543 1824 2627; baseline -0.001 -19"><span class='ocrx_word' id='word_1_95' title='bbox 307 2545 662 2608; x_wconf 82' lang='lat' dir='ltr'><strong>adhaerere.</strong></span> <span class='ocrx_word' id='word_1_96' title='bbox 693 2543 808 2606; x_wconf 88' lang='lat' dir='ltr'><strong>Per</strong></span> <span class='ocrx_word' id='word_1_97' title='bbox 834 2543 1085 2609; x_wconf 83' lang='lat' dir='ltr'><strong>Jericho</strong></span> <span class='ocrx_word' id='word_1_98' title='bbox 1114 2545 1289 2606; x_wconf 91' lang='lat' dir='ltr'><strong>enim</strong></span> <span class='ocrx_word' id='word_1_99' title='bbox 1321 2562 1600 2627; x_wconf 78' lang='lat' dir='ltr'><strong>praesens</strong></span> <span class='ocrx_word' id='word_1_100' title='bbox 1632 2561 1824 2606; x_wconf 83' lang='lat' dir='ltr'><strong>saecu-</strong></span> 
     </span>
    </p>
   </div>
   <div class='ocr_carea' id='block_1_9' title="bbox 1927 1658 3429 2432">
    <p class='ocr_par' dir='ltr' id='par_1_9' title="bbox 1927 1658 3429 2432">
     <span class='ocr_line' id='line_1_20' title="bbox 1929 1658 3427 1746; baseline 0.003 -24"><span class='ocrx_word' id='word_1_101' title='bbox 1929 1658 2102 1722; x_wconf 91' lang='lat' dir='ltr'><strong>omni</strong></span> <span class='ocrx_word' id='word_1_102' title='bbox 2145 1661 2319 1723; x_wconf 90' lang='lat' dir='ltr'><strong>enim</strong></span> <span class='ocrx_word' id='word_1_103' title='bbox 2369 1669 2547 1743; x_wconf 81' lang='lat' dir='ltr'><strong>parte</strong></span> <span class='ocrx_word' id='word_1_104' title='bbox 2594 1661 2719 1725; x_wconf 89' lang='lat' dir='ltr'><strong>fuit</strong></span> <span class='ocrx_word' id='word_1_105' title='bbox 2753 1663 2933 1726; x_wconf 83' lang='lat' dir='ltr'><strong>Jesus</strong></span> <span class='ocrx_word' id='word_1_106' title='bbox 2973 1664 3199 1746; x_wconf 78' lang='lat' dir='ltr'><strong>grandi</strong></span> <span class='ocrx_word' id='word_1_107' title='bbox 3238 1663 3427 1726; x_wconf 89' lang='lat' dir='ltr'><strong>turba</strong></span> 
     </span>
     <span class='ocr_line' id='line_1_21' title="bbox 1930 1757 3427 1845; baseline 0.004 -27"><span class='ocrx_word' id='word_1_108' title='bbox 1930 1757 2222 1840; x_wconf 81' lang='lat' dir='ltr'><strong>stipatuS,</strong></span> <span class='ocrx_word' id='word_1_109' title='bbox 2275 1759 2493 1822; x_wconf 91' lang='lat' dir='ltr'><strong>multis</strong></span> <span class='ocrx_word' id='word_1_110' title='bbox 2544 1761 2831 1825; x_wconf 91' lang='lat' dir='ltr'><strong>millibus</strong></span> <span class='ocrx_word' id='word_1_111' title='bbox 2882 1781 3099 1826; x_wconf 89' lang='lat' dir='ltr'><strong>secum</strong></span> <span class='ocrx_word' id='word_1_112' title='bbox 3161 1781 3427 1845; x_wconf 81' lang='lat' dir='ltr'><strong>pergen-</strong></span> 
     </span>
     <span class='ocr_line' id='line_1_22' title="bbox 1930 1854 3425 1940; baseline 0.004 -23"><span class='ocrx_word' id='word_1_113' title='bbox 1930 1854 2122 1918; x_wconf 90' lang='lat' dir='ltr'><strong>tibus.</strong></span> <span class='ocrx_word' id='word_1_114' title='bbox 2158 1856 2443 1939; x_wconf 89' lang='lat' dir='ltr'><strong>Denique</strong></span> <span class='ocrx_word' id='word_1_115' title='bbox 2481 1878 2518 1920; x_wconf 90' lang='lat' dir='ltr'><strong>a</strong></span> <span class='ocrx_word' id='word_1_116' title='bbox 2555 1859 2873 1940; x_wconf 83' lang='lat' dir='ltr'><strong>spirituali</strong></span> <span class='ocrx_word' id='word_1_117' title='bbox 2916 1860 3153 1924; x_wconf 86' lang='lat' dir='ltr'><strong>intuitu</strong></span> <span class='ocrx_word' id='word_1_118' title='bbox 3193 1861 3425 1925; x_wconf 84' lang='lat' dir='ltr'><strong>Christi</strong></span> 
     </span>
     <span class='ocr_line' id='line_1_23' title="bbox 1932 1954 3427 2040; baseline 0.005 -25"><span class='ocrx_word' id='word_1_119' title='bbox 1932 1954 2165 2018; x_wconf 80' lang='lat' dir='ltr'><strong>multos</strong></span> <span class='ocrx_word' id='word_1_120' title='bbox 2208 1956 2493 2037; x_wconf 83' lang='lat' dir='ltr'><strong>quotidie</strong></span> <span class='ocrx_word' id='word_1_121' title='bbox 2543 1957 2815 2040; x_wconf 90' lang='lat' dir='ltr'><strong>impedit</strong></span> <span class='ocrx_word' id='word_1_122' title='bbox 2860 1958 3047 2022; x_wconf 88' lang='lat' dir='ltr'><strong>turba</strong></span> <span class='ocrx_word' id='word_1_123' title='bbox 3090 1960 3427 2023; x_wconf 88' lang='lat' dir='ltr'><strong>hominum</strong></span> 
     </span>
     <span class='ocr_line' id='line_1_24' title="bbox 1927 2051 3423 2140; baseline 0.005 -27"><span class='ocrx_word' id='word_1_124' title='bbox 1927 2051 2512 2135; x_wconf 81' lang='lat' dir='ltr'><strong>incompositorum,</strong></span> <span class='ocrx_word' id='word_1_125' title='bbox 2543 2056 3074 2140; x_wconf 71' lang='lat' dir='ltr'><strong>saeculariumque</strong></span> <span class='ocrx_word' id='word_1_126' title='bbox 3106 2077 3423 2134; x_wconf 89' lang='lat' dir='ltr'><strong>curarum,</strong></span> 
     </span>
     <span class='ocr_line' id='line_1_25' title="bbox 1928 2151 3429 2236; baseline 0.005 -23"><span class='ocrx_word' id='word_1_127' title='bbox 1928 2151 2281 2214; x_wconf 86' lang='lat' dir='ltr'><strong>carnalium</strong></span> <span class='ocrx_word' id='word_1_128' title='bbox 2321 2171 2581 2235; x_wconf 89' lang='lat' dir='ltr'><strong>quoque</strong></span> <span class='ocrx_word' id='word_1_129' title='bbox 2622 2155 3158 2236; x_wconf 79' lang='lat' dir='ltr'><strong>phantasmatum,</strong></span> <span class='ocrx_word' id='word_1_130' title='bbox 3192 2175 3265 2220; x_wconf 92' lang='lat' dir='ltr'><strong>ac</strong></span> <span class='ocrx_word' id='word_1_131' title='bbox 3295 2175 3429 2220; x_wconf 87' lang='lat' dir='ltr'><strong>car-</strong></span> 
     </span>
     <span class='ocr_line' id='line_1_26' title="bbox 1930 2241 3428 2333; baseline 0.006 -23"><span class='ocrx_word' id='word_1_132' title='bbox 1930 2249 2173 2311; x_wconf 89' lang='lat' dir='ltr'><strong>nalium</strong></span> <span class='ocrx_word' id='word_1_133' title='bbox 2233 2250 2743 2333; x_wconf 86' lang='lat' dir='ltr'><strong>propinquorum</strong></span> <span class='ocrx_word' id='word_1_134' title='bbox 2800 2271 2814 2316; x_wconf 88' lang='lat'>:</span> <span class='ocrx_word' id='word_1_135' title='bbox 2870 2253 3011 2318; x_wconf 89' lang='lat' dir='ltr'><strong>ideo</strong></span> <span class='ocrx_word' id='word_1_136' title='bbox 3060 2257 3140 2318; x_wconf 88' lang='lat' dir='ltr'><strong>ad</strong></span> <span class='ocrx_word' id='word_1_137' title='bbox 3198 2241 3428 2319; x_wconf 72' lang='lat' dir='ltr'><strong>vac&#39;an-</strong></span> 
     </span>
     <span class='ocr_line' id='line_1_27' title="bbox 1930 2348 3422 2432; baseline 0.005 -23"><span class='ocrx_word' id='word_1_138' title='bbox 1930 2348 2084 2410; x_wconf 89' lang='lat' dir='ltr'><strong>dum</strong></span> <span class='ocrx_word' id='word_1_139' title='bbox 2132 2348 2258 2412; x_wconf 90' lang='lat' dir='ltr'><strong>Deo</strong></span> <span class='ocrx_word' id='word_1_140' title='bbox 2309 2349 2680 2432; x_wconf 88' lang='lat' dir='ltr'><strong>aptissimus</strong></span> <span class='ocrx_word' id='word_1_141' title='bbox 2734 2359 2830 2414; x_wconf 89' lang='lat' dir='ltr'><strong>est</strong></span> <span class='ocrx_word' id='word_1_142' title='bbox 2885 2353 3061 2416; x_wconf 91' lang='lat' dir='ltr'><strong>locus</strong></span> <span class='ocrx_word' id='word_1_143' title='bbox 3119 2363 3422 2418; x_wconf 89' lang='lat' dir='ltr'><strong>secretus.</strong></span> 
     </span>
    </p>
   </div>
   <div class='ocr_carea' id='block_1_10' title="bbox 1928 2446 3709 2535">
    <p class='ocr_par' dir='ltr' id='par_1_10' title="bbox 1928 2446 3709 2535">
     <span class='ocr_line' id='line_1_28' title="bbox 1928 2446 3709 2535; baseline 0.009 -27"><span class='ocrx_word' id='word_1_144' title='bbox 1928 2446 2191 2529; x_wconf 80' lang='lat' dir='ltr'><strong>Propter</strong></span> <span class='ocrx_word' id='word_1_145' title='bbox 2217 2449 2390 2530; x_wconf 93' lang='lat' dir='ltr'><strong>quod</strong></span> <span class='ocrx_word' id='word_1_146' title='bbox 2418 2449 2507 2511; x_wconf 89' lang='lat' dir='ltr'><strong>ait</strong></span> <span class='ocrx_word' id='word_1_147' title='bbox 2533 2449 2863 2513; x_wconf 87' lang='lat' dir='ltr'><strong>Psalmista</strong></span> <span class='ocrx_word' id='word_1_148' title='bbox 2895 2471 2909 2515; x_wconf 90' lang='lat'><strong>:</strong></span> <span class='ocrx_word' id='word_1_149' title='bbox 2944 2451 3104 2515; x_wconf 86' lang='lat' dir='ltr'><strong>Ecce</strong></span> <span class='ocrx_word' id='word_1_150' title='bbox 3138 2454 3425 2535; x_wconf 85' lang='lat' dir='ltr'><strong>elongavi</strong></span> <span class='ocrx_word' id='word_1_151' title='bbox 3468 2476 3547 2522; x_wconf 70' lang='grc' dir='ltr'><strong>Ρ..</strong></span> <span class='ocrx_word' id='word_1_152' title='bbox 3568 2481 3709 2530; x_wconf 64' lang='grc' dir='ltr'><strong>ιιι-,8.</strong></span> 
     </span>
    </p>
   </div>
   <div class='ocr_carea' id='block_1_11' title="bbox 1928 2543 3429 2627">
    <p class='ocr_par' dir='ltr' id='par_1_11' title="bbox 1928 2543 3429 2627">
     <span class='ocr_line' id='line_1_29' title="bbox 1928 2543 3429 2627; baseline 0.007 -21"><span class='ocrx_word' id='word_1_153' title='bbox 1928 2543 2205 2627; x_wconf 80' lang='lat' dir='ltr'><strong>fugienS,</strong></span> <span class='ocrx_word' id='word_1_154' title='bbox 2240 2554 2303 2609; x_wconf 90' lang='lat' dir='ltr'><strong>et</strong></span> <span class='ocrx_word' id='word_1_155' title='bbox 2339 2547 2545 2610; x_wconf 89' lang='lat' dir='ltr'><strong>mansi</strong></span> <span class='ocrx_word' id='word_1_156' title='bbox 2586 2549 2652 2610; x_wconf 91' lang='lat' dir='ltr'><strong>in</strong></span> <span class='ocrx_word' id='word_1_157' title='bbox 2690 2549 3055 2612; x_wconf 84' lang='lat' dir='ltr'><strong>solitudine.</strong></span> <span class='ocrx_word' id='word_1_158' title='bbox 3090 2550 3165 2614; x_wconf 89' lang='lat' dir='ltr'><strong>Et</strong></span> <span class='ocrx_word' id='word_1_159' title='bbox 3195 2553 3273 2615; x_wconf 92' lang='lat' dir='ltr'><strong>de</strong></span> <span class='ocrx_word' id='word_1_160' title='bbox 3303 2553 3429 2616; x_wconf 92' lang='lat' dir='ltr'><strong>ele-</strong></span> 
     </span>
    </p>
   </div>
   <div class='ocr_carea' id='block_1_12' title="bbox 311 2643 3722 2831">
    <p class='ocr_par' dir='ltr' id='par_1_12' title="bbox 311 2643 3722 2831">
     <span class='ocr_line' id='line_1_30' title="bbox 311 2643 3722 2730; baseline 0.003 -23"><span class='ocrx_word' id='word_1_161' title='bbox 311 2645 448 2708; x_wconf 92' lang='lat' dir='ltr'><strong>lum</strong></span> <span class='ocrx_word' id='word_1_162' title='bbox 491 2643 959 2708; x_wconf 80' lang='lat' dir='ltr'><strong>variationibus</strong></span> <span class='ocrx_word' id='word_1_163' title='bbox 998 2644 1260 2727; x_wconf 89' lang='lat' dir='ltr'><strong>plenum</strong></span> <span class='ocrx_word' id='word_1_164' title='bbox 1306 2643 1614 2725; x_wconf 84' lang='lat' dir='ltr'><strong>signatur,</strong></span> <span class='ocrx_word' id='word_1_165' title='bbox 1666 2661 1826 2724; x_wconf 89' lang='lat' dir='ltr'><strong>quo-</strong></span> <span class='ocrx_word' id='word_1_166' title='bbox 1931 2649 2030 2705; x_wconf 89' lang='lat' dir='ltr'><strong>cta</strong></span> <span class='ocrx_word' id='word_1_167' title='bbox 2065 2645 2279 2706; x_wconf 89' lang='lat' dir='ltr'><strong>anima</strong></span> <span class='ocrx_word' id='word_1_168' title='bbox 2318 2644 2621 2709; x_wconf 87' lang='lat' dir='ltr'><strong>Dominus</strong></span> <span class='ocrx_word' id='word_1_169' title='bbox 2659 2647 2748 2708; x_wconf 91' lang='lat' dir='ltr'><strong>ait</strong></span> <span class='ocrx_word' id='word_1_170' title='bbox 2788 2666 2903 2730; x_wconf 88' lang='lat' dir='ltr'><strong>per</strong></span> <span class='ocrx_word' id='word_1_171' title='bbox 2939 2647 3095 2712; x_wconf 91' lang='lat' dir='ltr'><strong>Osee</strong></span> <span class='ocrx_word' id='word_1_172' title='bbox 3133 2670 3147 2713; x_wconf 91' lang='lat'>:</span> <span class='ocrx_word' id='word_1_173' title='bbox 3190 2651 3426 2714; x_wconf 82' lang='lat' dir='ltr'><strong>Ducam</strong></span> <span class='ocrx_word' id='word_1_174' title='bbox 3459 2671 3630 2724; x_wconf 70' lang='lat' dir='ltr'><strong>omn.</strong></span> <span class='ocrx_word' id='word_1_175' title='bbox 3656 2674 3722 2717; x_wconf 76' lang='lat' dir='ltr'><strong>u.</strong></span> 
     </span>
     <span class='ocr_line' id='line_1_31' title="bbox 313 2741 3423 2831; baseline 0.002 -25"><span class='ocrx_word' id='word_1_176' title='bbox 313 2745 488 2806; x_wconf 90' lang='lat' dir='ltr'><strong>niam</strong></span> <span class='ocrx_word' id='word_1_177' title='bbox 522 2743 772 2805; x_wconf 88' lang='lat' dir='ltr'><strong>Jericho</strong></span> <span class='ocrx_word' id='word_1_178' title='bbox 802 2743 953 2805; x_wconf 90' lang='lat' dir='ltr'><strong>luna</strong></span> <span class='ocrx_word' id='word_1_179' title='bbox 984 2742 1460 2826; x_wconf 88' lang='lat' dir='ltr'><strong>interpretatur,</strong></span> <span class='ocrx_word' id='word_1_180' title='bbox 1494 2761 1638 2824; x_wconf 81' lang='lat' dir='ltr'><strong>quae</strong></span> <span class='ocrx_word' id='word_1_181' title='bbox 1667 2761 1825 2824; x_wconf 93' lang='lat' dir='ltr'><strong>quo-</strong></span> <span class='ocrx_word' id='word_1_182' title='bbox 1852 2743 1900 2806; x_wconf 94' lang='lat' dir='ltr'><strong>B</strong></span> <span class='ocrx_word' id='word_1_183' title='bbox 1931 2760 2070 2804; x_wconf 90' lang='lat' dir='ltr'><strong>eam</strong></span> <span class='ocrx_word' id='word_1_184' title='bbox 2100 2741 2168 2804; x_wconf 90' lang='lat' dir='ltr'><strong>in</strong></span> <span class='ocrx_word' id='word_1_185' title='bbox 2199 2743 2631 2820; x_wconf 84' lang='lat' dir='ltr'><strong>solitudinem,</strong></span> <span class='ocrx_word' id='word_1_186' title='bbox 2664 2752 2729 2807; x_wconf 88' lang='lat' dir='ltr'><strong>et</strong></span> <span class='ocrx_word' id='word_1_187' title='bbox 2757 2745 2981 2828; x_wconf 88' lang='lat' dir='ltr'><strong>loquar</strong></span> <span class='ocrx_word' id='word_1_188' title='bbox 3009 2749 3087 2810; x_wconf 86' lang='lat' dir='ltr'><strong>ad</strong></span> <span class='ocrx_word' id='word_1_189' title='bbox 3119 2768 3227 2813; x_wconf 87' lang='lat' dir='ltr'><strong>cor</strong></span> <span class='ocrx_word' id='word_1_190' title='bbox 3261 2749 3423 2831; x_wconf 89' lang='lat' dir='ltr'><strong>ejus.</strong></span> 
     </span>
    </p>
   </div>
   <div class='ocr_carea' id='block_1_13' title="bbox 308 2841 1830 3908">
    <p class='ocr_par' dir='ltr' id='par_1_13' title="bbox 313 2841 825 2904">
     <span class='ocr_line' id='line_1_32' title="bbox 313 2841 825 2904; baseline -0.006 0"><span class='ocrx_word' id='word_1_191' title='bbox 313 2841 474 2904; x_wconf 88' lang='lat' dir='ltr'><strong>tidie</strong></span> <span class='ocrx_word' id='word_1_192' title='bbox 523 2841 825 2904; x_wconf 87' lang='lat' dir='ltr'><strong>variatur.</strong></span> 
     </span>
    </p>

    <p class='ocr_par' dir='ltr' id='par_1_14' title="bbox 308 2938 1830 3908">
     <span class='ocr_line' id='line_1_33' title="bbox 393 2938 1824 3002; baseline 0 0"><span class='ocrx_word' id='word_1_193' title='bbox 393 2943 487 3002; x_wconf 76' lang='lat' dir='ltr'><strong>Et</strong></span> <span class='ocrx_word' id='word_1_194' title='bbox 527 2959 666 3000; x_wconf 79' lang='lat' dir='ltr'><strong>ecce</strong></span> <span class='ocrx_word' id='word_1_195' title='bbox 703 2941 814 3000; x_wconf 82' lang='lat' dir='ltr'><strong>vir</strong></span> <span class='ocrx_word' id='word_1_196' title='bbox 846 2942 1114 3001; x_wconf 80' lang='lat' dir='ltr'><strong>nomine</strong></span> <span class='ocrx_word' id='word_1_197' title='bbox 1151 2942 1481 3002; x_wconf 77' lang='lat' dir='ltr'><strong>Zachaeus.</strong></span> <span class='ocrx_word' id='word_1_198' title='bbox 1530 2938 1824 3002; x_wconf 84' lang='lat' dir='ltr'><strong>Zachaeus</strong></span> 
     </span>
     <span class='ocr_line' id='line_1_34' title="bbox 316 3037 1829 3119; baseline 0 -18"><span class='ocrx_word' id='word_1_199' title='bbox 316 3039 489 3101; x_wconf 88' lang='lat' dir='ltr'><strong>inter</strong></span> <span class='ocrx_word' id='word_1_200' title='bbox 530 3037 688 3101; x_wconf 87' lang='lat' dir='ltr'><strong>alios</strong></span> <span class='ocrx_word' id='word_1_201' title='bbox 723 3038 941 3100; x_wconf 89' lang='lat' dir='ltr'><strong>aderat</strong></span> <span class='ocrx_word' id='word_1_202' title='bbox 979 3037 1071 3100; x_wconf 91' lang='lat' dir='ltr'><strong>ibi</strong></span> <span class='ocrx_word' id='word_1_203' title='bbox 1107 3056 1122 3101; x_wconf 74' lang='grc' dir='ltr'>ε</span> <span class='ocrx_word' id='word_1_204' title='bbox 1157 3038 1270 3119; x_wconf 93' lang='lat' dir='ltr'><strong>qui</strong></span> <span class='ocrx_word' id='word_1_205' title='bbox 1309 3038 1689 3102; x_wconf 88' lang='lat' dir='ltr'><strong>nominatim</strong></span> <span class='ocrx_word' id='word_1_206' title='bbox 1719 3056 1829 3101; x_wconf 87' lang='lat' dir='ltr'><strong>ex-</strong></span> 
     </span>
     <span class='ocr_line' id='line_1_35' title="bbox 317 3135 1828 3219; baseline 0.001 -20"><span class='ocrx_word' id='word_1_207' title='bbox 317 3135 650 3219; x_wconf 86' lang='lat' dir='ltr'><strong>primitur,</strong></span> <span class='ocrx_word' id='word_1_208' title='bbox 702 3135 1008 3217; x_wconf 89' lang='lat' dir='ltr'><strong>quoniam</strong></span> <span class='ocrx_word' id='word_1_209' title='bbox 1063 3136 1426 3218; x_wconf 85' lang='lat' dir='ltr'><strong>exemplare</strong></span> <span class='ocrx_word' id='word_1_210' title='bbox 1473 3143 1538 3199; x_wconf 91' lang='lat' dir='ltr'><strong>et</strong></span> <span class='ocrx_word' id='word_1_211' title='bbox 1587 3137 1828 3201; x_wconf 78' lang='lat' dir='ltr'><strong>virtuo—</strong></span> 
     </span>
     <span class='ocr_line' id='line_1_36' title="bbox 317 3233 1829 3316; baseline 0.001 -20"><span class='ocrx_word' id='word_1_212' title='bbox 317 3253 462 3297; x_wconf 87' lang='lat' dir='ltr'><strong>sum</strong></span> <span class='ocrx_word' id='word_1_213' title='bbox 517 3241 615 3296; x_wconf 93' lang='lat' dir='ltr'><strong>est</strong></span> <span class='ocrx_word' id='word_1_214' title='bbox 654 3235 831 3314; x_wconf 90' lang='lat' dir='ltr'><strong>quod</strong></span> <span class='ocrx_word' id='word_1_215' title='bbox 873 3235 952 3296; x_wconf 91' lang='lat' dir='ltr'><strong>de</strong></span> <span class='ocrx_word' id='word_1_216' title='bbox 993 3233 1137 3316; x_wconf 87' lang='lat' dir='ltr'><strong>ipso</strong></span> <span class='ocrx_word' id='word_1_217' title='bbox 1173 3233 1280 3297; x_wconf 88' lang='lat' dir='ltr'><strong>hic</strong></span> <span class='ocrx_word' id='word_1_218' title='bbox 1321 3233 1643 3310; x_wconf 86' lang='lat' dir='ltr'><strong>recitatur,</strong></span> <span class='ocrx_word' id='word_1_219' title='bbox 1675 3233 1829 3298; x_wconf 83' lang='lat' dir='ltr'><strong>fuit-</strong></span> 
     </span>
     <span class='ocr_line' id='line_1_37' title="bbox 317 3332 1827 3415; baseline 0.001 -20"><span class='ocrx_word' id='word_1_220' title='bbox 317 3351 448 3415; x_wconf 86' lang='lat' dir='ltr'><strong>que</strong></span> <span class='ocrx_word' id='word_1_221' title='bbox 510 3333 592 3395; x_wconf 91' lang='lat' dir='ltr'><strong>de</strong></span> <span class='ocrx_word' id='word_1_222' title='bbox 649 3349 919 3396; x_wconf 90' lang='lat' dir='ltr'><strong>numero</strong></span> <span class='ocrx_word' id='word_1_223' title='bbox 973 3332 1346 3396; x_wconf 88' lang='lat' dir='ltr'><strong>electorum.</strong></span> <span class='ocrx_word' id='word_1_224' title='bbox 1399 3336 1487 3394; x_wconf 77' lang='lat' dir='ltr'><strong>Et</strong></span> <span class='ocrx_word' id='word_1_225' title='bbox 1534 3335 1642 3394; x_wconf 75' lang='lat' dir='ltr'><strong>hic</strong></span> <span class='ocrx_word' id='word_1_226' title='bbox 1686 3343 1827 3396; x_wconf 77' lang='lat' dir='ltr'><strong>erac</strong></span> 
     </span>
     <span class='ocr_line' id='line_1_38' title="bbox 308 3430 1826 3510; baseline 0 -16"><span class='ocrx_word' id='word_1_227' title='bbox 308 3433 624 3510; x_wconf 79' lang='lat' dir='ltr'><strong>princeps</strong></span> <span class='ocrx_word' id='word_1_228' title='bbox 670 3431 1202 3508; x_wconf 75' lang='lat' dir='ltr'><strong>publicanorum,</strong></span> <span class='ocrx_word' id='word_1_229' title='bbox 1264 3430 1386 3494; x_wconf 89' lang='lat' dir='ltr'><strong>hoc</strong></span> <span class='ocrx_word' id='word_1_230' title='bbox 1451 3438 1550 3494; x_wconf 90' lang='lat' dir='ltr'><strong>est</strong></span> <span class='ocrx_word' id='word_1_231' title='bbox 1604 3450 1826 3494; x_wconf 89' lang='lat' dir='ltr'><strong>eorum</strong></span> 
     </span>
     <span class='ocr_line' id='line_1_39' title="bbox 317 3528 1830 3612; baseline 0.001 -20"><span class='ocrx_word' id='word_1_232' title='bbox 317 3530 434 3612; x_wconf 90' lang='lat' dir='ltr'><strong>qui</strong></span> <span class='ocrx_word' id='word_1_233' title='bbox 497 3528 780 3612; x_wconf 86' lang='lat' dir='ltr'><strong>publicis</strong></span> <span class='ocrx_word' id='word_1_234' title='bbox 837 3529 1106 3610; x_wconf 83' lang='lat' dir='ltr'><strong>negotiis</strong></span> <span class='ocrx_word' id='word_1_235' title='bbox 1161 3529 1598 3605; x_wconf 87' lang='lat' dir='ltr'><strong>intendebant,</strong></span> <span class='ocrx_word' id='word_1_236' title='bbox 1655 3531 1830 3595; x_wconf 87' lang='lat' dir='ltr'><strong>vide-</strong></span> 
     </span>
     <span class='ocr_line' id='line_1_40' title="bbox 320 3626 1822 3705; baseline 0.001 -15"><span class='ocrx_word' id='word_1_237' title='bbox 320 3629 472 3692; x_wconf 90' lang='lat' dir='ltr'><strong>licet</strong></span> <span class='ocrx_word' id='word_1_238' title='bbox 511 3626 953 3690; x_wconf 83' lang='lat' dir='ltr'><strong>exactionibus</strong></span> <span class='ocrx_word' id='word_1_239' title='bbox 992 3626 1402 3703; x_wconf 87' lang='lat' dir='ltr'><strong>tributorum,</strong></span> <span class='ocrx_word' id='word_1_240' title='bbox 1444 3637 1508 3690; x_wconf 88' lang='lat' dir='ltr'><strong>et</strong></span> <span class='ocrx_word' id='word_1_241' title='bbox 1544 3629 1822 3705; x_wconf 80' lang='lat' dir='ltr'><strong>teloniiS,</strong></span> 
     </span>
     <span class='ocr_line' id='line_1_41' title="bbox 321 3724 1829 3808; baseline 0.001 -19"><span class='ocrx_word' id='word_1_242' title='bbox 321 3724 877 3808; x_wconf 77' lang='lat' dir='ltr'><strong>vectigalibusque</strong></span> <span class='ocrx_word' id='word_1_243' title='bbox 906 3724 1193 3788; x_wconf 84' lang='lat' dir='ltr'><strong>levandis</strong></span> <span class='ocrx_word' id='word_1_244' title='bbox 1219 3744 1232 3789; x_wconf 91' lang='lat'><strong>:</strong></span> <span class='ocrx_word' id='word_1_245' title='bbox 1256 3744 1401 3807; x_wconf 81' lang='lat' dir='ltr'><strong>quae</strong></span> <span class='ocrx_word' id='word_1_246' title='bbox 1431 3726 1682 3808; x_wconf 80' lang='lat' dir='ltr'><strong>negotia</strong></span> <span class='ocrx_word' id='word_1_247' title='bbox 1710 3727 1829 3790; x_wconf 90' lang='lat' dir='ltr'><strong>im-</strong></span> 
     </span>
     <span class='ocr_line' id='line_1_42' title="bbox 321 3822 1826 3908; baseline 0.001 -21"><span class='ocrx_word' id='word_1_248' title='bbox 321 3824 570 3908; x_wconf 87' lang='lat' dir='ltr'><strong>plicare</strong></span> <span class='ocrx_word' id='word_1_249' title='bbox 618 3822 826 3887; x_wconf 88' lang='lat' dir='ltr'><strong>solent</strong></span> <span class='ocrx_word' id='word_1_250' title='bbox 874 3824 1172 3905; x_wconf 89' lang='lat' dir='ltr'><strong>peccatis,</strong></span> <span class='ocrx_word' id='word_1_251' title='bbox 1223 3831 1288 3885; x_wconf 89' lang='lat' dir='ltr'><strong>et</strong></span> <span class='ocrx_word' id='word_1_252' title='bbox 1330 3825 1487 3887; x_wconf 85' lang='lat' dir='ltr'><strong>tales</strong></span> <span class='ocrx_word' id='word_1_253' title='bbox 1535 3825 1826 3889; x_wconf 90' lang='lat' dir='ltr'><strong>homines</strong></span> 
     </span>
    </p>
   </div>
   <div class='ocr_carea' id='block_1_14' title="bbox 1923 2840 3428 3125">
    <p class='ocr_par' dir='ltr' id='par_1_15' title="bbox 1923 2840 3428 3125">
     <span class='ocr_line' id='line_1_43' title="bbox 1933 2840 3427 2928; baseline 0.007 -28"><span class='ocrx_word' id='word_1_254' title='bbox 1933 2840 2161 2902; x_wconf 87' lang='lat' dir='ltr'><strong>Abbati</strong></span> <span class='ocrx_word' id='word_1_255' title='bbox 2218 2860 2477 2924; x_wconf 91' lang='lat' dir='ltr'><strong>quoque</strong></span> <span class='ocrx_word' id='word_1_256' title='bbox 2528 2841 2795 2907; x_wconf 88' lang='lat' dir='ltr'><strong>Arsenio</strong></span> <span class='ocrx_word' id='word_1_257' title='bbox 2852 2845 3127 2928; x_wconf 89' lang='lat' dir='ltr'><strong>desuper</strong></span> <span class='ocrx_word' id='word_1_258' title='bbox 3184 2848 3427 2911; x_wconf 89' lang='lat' dir='ltr'><strong>dictum</strong></span> 
     </span>
     <span class='ocr_line' id='line_1_44' title="bbox 1933 2939 3428 3023; baseline 0.006 -23"><span class='ocrx_word' id='word_1_259' title='bbox 1933 2946 2028 3001; x_wconf 87' lang='lat' dir='ltr'><strong>est</strong></span> <span class='ocrx_word' id='word_1_260' title='bbox 2081 2957 2094 3002; x_wconf 75' lang='grc' dir='ltr'>ε</span> <span class='ocrx_word' id='word_1_261' title='bbox 2157 2939 2349 3020; x_wconf 83' lang='lat' dir='ltr'><strong>Fuge,</strong></span> <span class='ocrx_word' id='word_1_262' title='bbox 2410 2947 2567 3016; x_wconf 84' lang='lat' dir='ltr'><strong>tace,</strong></span> <span class='ocrx_word' id='word_1_263' title='bbox 2621 2941 2902 3023; x_wconf 79' lang='lat' dir='ltr'><strong>quiesce.</strong></span> <span class='ocrx_word' id='word_1_264' title='bbox 2958 2946 3129 3014; x_wconf 78' lang='lat' dir='ltr'><strong>Quia</strong></span> <span class='ocrx_word' id='word_1_265' title='bbox 3174 2955 3428 3008; x_wconf 79' lang='lat' dir='ltr'><strong>statura</strong></span> 
     </span>
     <span class='ocr_line' id='line_1_45' title="bbox 1923 3038 3424 3125; baseline 0.008 -28"><span class='ocrx_word' id='word_1_266' title='bbox 1923 3039 2215 3115; x_wconf 79' lang='lat' dir='ltr'><strong>pusillus</strong></span> <span class='ocrx_word' id='word_1_267' title='bbox 2260 3048 2429 3108; x_wconf 81' lang='lat' dir='ltr'><strong>erat,</strong></span> <span class='ocrx_word' id='word_1_268' title='bbox 2476 3038 2597 3101; x_wconf 90' lang='lat' dir='ltr'><strong>hoc</strong></span> <span class='ocrx_word' id='word_1_269' title='bbox 2653 3047 2751 3102; x_wconf 91' lang='lat' dir='ltr'><strong>est</strong></span> <span class='ocrx_word' id='word_1_270' title='bbox 2806 3058 3073 3123; x_wconf 90' lang='lat' dir='ltr'><strong>corpore</strong></span> <span class='ocrx_word' id='word_1_271' title='bbox 3121 3062 3355 3125; x_wconf 86' lang='lat' dir='ltr'><strong>parvus</strong></span> <span class='ocrx_word' id='word_1_272' title='bbox 3410 3063 3424 3109; x_wconf 73' lang='grc' dir='ltr'>ε</span> 
     </span>
    </p>
   </div>
   <div class='ocr_carea' id='block_1_15' title="bbox 1933 3134 3721 3222">
    <p class='ocr_par' dir='ltr' id='par_1_16' title="bbox 1933 3134 3721 3222">
     <span class='ocr_line' id='line_1_46' title="bbox 1933 3134 3721 3222; baseline 0.003 -24"><span class='ocrx_word' id='word_1_273' title='bbox 1933 3134 2102 3199; x_wconf 88' lang='lat' dir='ltr'><strong>sicut</strong></span> <span class='ocrx_word' id='word_1_274' title='bbox 2138 3136 2493 3201; x_wconf 89' lang='lat' dir='ltr'><strong>econtrario</strong></span> <span class='ocrx_word' id='word_1_275' title='bbox 2535 3136 2684 3199; x_wconf 89' lang='lat' dir='ltr'><strong>Saul</strong></span> <span class='ocrx_word' id='word_1_276' title='bbox 2726 3145 2789 3200; x_wconf 89' lang='lat' dir='ltr'><strong>et</strong></span> <span class='ocrx_word' id='word_1_277' title='bbox 2829 3139 2939 3201; x_wconf 87' lang='lat' dir='ltr'><strong>alii</strong></span> <span class='ocrx_word' id='word_1_278' title='bbox 2981 3141 3265 3222; x_wconf 92' lang='lat' dir='ltr'><strong>quidam,</strong></span> <span class='ocrx_word' id='word_1_279' title='bbox 3301 3163 3431 3206; x_wconf 88' lang='lat' dir='ltr'><strong>ma·</strong></span> <span class='ocrx_word' id='word_1_280' title='bbox 3458 3160 3582 3217; x_wconf 65' lang='lat'><strong>11100.</strong></span> <span class='ocrx_word' id='word_1_281' title='bbox 3602 3174 3660 3212; x_wconf 64' lang='lat' dir='ltr'><strong>nx,</strong></span> <span class='ocrx_word' id='word_1_282' title='bbox 3680 3163 3721 3204; x_wconf 80' lang='lat'><strong>2.</strong></span> 
     </span>
    </p>
   </div>
   <div class='ocr_carea' id='block_1_16' title="bbox 1931 3233 3436 3910">
    <p class='ocr_par' dir='ltr' id='par_1_17' title="bbox 1931 3233 3002 3316">
     <span class='ocr_line' id='line_1_47' title="bbox 1931 3233 3002 3316; baseline 0.001 -19"><span class='ocrx_word' id='word_1_283' title='bbox 1931 3235 2041 3316; x_wconf 78' lang='lat' dir='ltr'><strong>gni</strong></span> <span class='ocrx_word' id='word_1_284' title='bbox 2085 3241 2325 3298; x_wconf 90' lang='lat' dir='ltr'><strong>statura</strong></span> <span class='ocrx_word' id='word_1_285' title='bbox 2366 3233 2567 3297; x_wconf 86' lang='lat' dir='ltr'><strong>fuisse</strong></span> <span class='ocrx_word' id='word_1_286' title='bbox 2610 3235 3002 3300; x_wconf 88' lang='lat' dir='ltr'><strong>scribuntur.</strong></span> 
     </span>
    </p>

    <p class='ocr_par' dir='ltr' id='par_1_18' title="bbox 1933 3335 3436 3910">
     <span class='ocr_line' id='line_1_48' title="bbox 2013 3335 3430 3420; baseline 0.004 -24"><span class='ocrx_word' id='word_1_287' title='bbox 2013 3335 2100 3396; x_wconf 76' lang='lat' dir='ltr'><strong>Ec</strong></span> <span class='ocrx_word' id='word_1_288' title='bbox 2122 3354 2533 3414; x_wconf 79' lang='lat' dir='ltr'><strong>proecurrens</strong></span> <span class='ocrx_word' id='word_1_289' title='bbox 2562 3337 2853 3396; x_wconf 71' lang='lat' dir='ltr'><strong>ascendit</strong></span> <span class='ocrx_word' id='word_1_290' title='bbox 2893 3337 2968 3398; x_wconf 79' lang='lat' dir='ltr'><strong>in</strong></span> <span class='ocrx_word' id='word_1_291' title='bbox 3004 3341 3293 3401; x_wconf 83' lang='lat' dir='ltr'><strong>arborem</strong></span> <span class='ocrx_word' id='word_1_292' title='bbox 3325 3361 3430 3420; x_wconf 76' lang='lat' dir='ltr'><strong>sy-</strong></span> 
     </span>
     <span class='ocr_line' id='line_1_49' title="bbox 1933 3431 3429 3516; baseline 0.005 -23"><span class='ocrx_word' id='word_1_293' title='bbox 1933 3452 2282 3495; x_wconf 84' lang='lat' dir='ltr'><strong>comorum.</strong></span> <span class='ocrx_word' id='word_1_294' title='bbox 2334 3431 2713 3516; x_wconf 80' lang='lat' dir='ltr'><strong>Sycomorus</strong></span> <span class='ocrx_word' id='word_1_295' title='bbox 2762 3441 2860 3496; x_wconf 90' lang='lat' dir='ltr'><strong>est</strong></span> <span class='ocrx_word' id='word_1_296' title='bbox 2904 3435 3095 3500; x_wconf 88' lang='lat' dir='ltr'><strong>arbor</strong></span> <span class='ocrx_word' id='word_1_297' title='bbox 3142 3437 3207 3499; x_wconf 93' lang='lat' dir='ltr'><strong>in</strong></span> <span class='ocrx_word' id='word_1_298' title='bbox 3258 3437 3429 3502; x_wconf 87' lang='lat' dir='ltr'><strong>foliis</strong></span> 
     </span>
     <span class='ocr_line' id='line_1_50' title="bbox 1935 3529 3434 3609; baseline 0.005 -17"><span class='ocrx_word' id='word_1_299' title='bbox 1935 3549 2112 3595; x_wconf 90' lang='lat' dir='ltr'><strong>moro</strong></span> <span class='ocrx_word' id='word_1_300' title='bbox 2152 3530 2526 3605; x_wconf 78' lang='lat' dir='ltr'><strong>consimiliS,</strong></span> <span class='ocrx_word' id='word_1_301' title='bbox 2561 3538 2625 3592; x_wconf 89' lang='lat' dir='ltr'><strong>et</strong></span> <span class='ocrx_word' id='word_1_302' title='bbox 2664 3529 2731 3593; x_wconf 92' lang='lat' dir='ltr'><strong>in</strong></span> <span class='ocrx_word' id='word_1_303' title='bbox 2771 3531 2914 3595; x_wconf 89' lang='lat' dir='ltr'><strong>aliis</strong></span> <span class='ocrx_word' id='word_1_304' title='bbox 2953 3531 3135 3609; x_wconf 88' lang='lat' dir='ltr'><strong>ficui,</strong></span> <span class='ocrx_word' id='word_1_305' title='bbox 3170 3537 3279 3598; x_wconf 92' lang='lat' dir='ltr'><strong>sed</strong></span> <span class='ocrx_word' id='word_1_306' title='bbox 3322 3537 3434 3599; x_wconf 89' lang='lat' dir='ltr'><strong>sti-</strong></span> 
     </span>
     <span class='ocr_line' id='line_1_51' title="bbox 1935 3628 3431 3715; baseline 0.003 -23"><span class='ocrx_word' id='word_1_307' title='bbox 1935 3631 2066 3713; x_wconf 88' lang='lat' dir='ltr'><strong>pite</strong></span> <span class='ocrx_word' id='word_1_308' title='bbox 2096 3630 2351 3704; x_wconf 81' lang='lat' dir='ltr'><strong>distans,</strong></span> <span class='ocrx_word' id='word_1_309' title='bbox 2370 3637 2433 3692; x_wconf 88' lang='lat' dir='ltr'><strong>et</strong></span> <span class='ocrx_word' id='word_1_310' title='bbox 2461 3628 2797 3692; x_wconf 89' lang='lat' dir='ltr'><strong>altitudine</strong></span> <span class='ocrx_word' id='word_1_311' title='bbox 2826 3631 3068 3712; x_wconf 83' lang='lat' dir='ltr'><strong>maJ’or:</strong></span> <span class='ocrx_word' id='word_1_312' title='bbox 3096 3651 3210 3714; x_wconf 87' lang='lat' dir='ltr'><strong>per</strong></span> <span class='ocrx_word' id='word_1_313' title='bbox 3238 3652 3431 3715; x_wconf 86' lang='lat' dir='ltr'><strong>quam</strong></span> 
     </span>
     <span class='ocr_line' id='line_1_52' title="bbox 1933 3727 3434 3811; baseline 0.003 -21"><span class='ocrx_word' id='word_1_314' title='bbox 1933 3727 2333 3810; x_wconf 83' lang='lat' dir='ltr'><strong>significatur</strong></span> <span class='ocrx_word' id='word_1_315' title='bbox 2362 3746 2518 3790; x_wconf 85' lang='lat' dir='ltr'><strong>crux</strong></span> <span class='ocrx_word' id='word_1_316' title='bbox 2550 3727 2809 3802; x_wconf 90' lang='lat' dir='ltr'><strong>Christi,</strong></span> <span class='ocrx_word' id='word_1_317' title='bbox 2843 3736 3107 3811; x_wconf 88' lang='lat' dir='ltr'><strong>propter</strong></span> <span class='ocrx_word' id='word_1_318' title='bbox 3140 3732 3303 3795; x_wconf 89' lang='lat' dir='ltr'><strong>mori</strong></span> <span class='ocrx_word' id='word_1_319' title='bbox 3336 3752 3434 3795; x_wconf 93' lang='lat' dir='ltr'><strong>ru-</strong></span> 
     </span>
     <span class='ocr_line' id='line_1_53' title="bbox 1935 3824 3436 3910; baseline 0.003 -21"><span class='ocrx_word' id='word_1_320' title='bbox 1935 3827 2219 3909; x_wconf 83' lang='lat' dir='ltr'><strong>biginem</strong></span> <span class='ocrx_word' id='word_1_321' title='bbox 2249 3834 2314 3888; x_wconf 92' lang='lat' dir='ltr'><strong>et</strong></span> <span class='ocrx_word' id='word_1_322' title='bbox 2342 3824 2510 3888; x_wconf 87' lang='lat' dir='ltr'><strong>ficus</strong></span> <span class='ocrx_word' id='word_1_323' title='bbox 2539 3824 2966 3889; x_wconf 90' lang='lat' dir='ltr'><strong>dulcedinem.</strong></span> <span class='ocrx_word' id='word_1_324' title='bbox 2992 3827 3055 3890; x_wconf 91' lang='lat' dir='ltr'><strong>Si</strong></span> <span class='ocrx_word' id='word_1_325' title='bbox 3087 3845 3235 3910; x_wconf 81' lang='lat' dir='ltr'><strong>ergo</strong></span> <span class='ocrx_word' id='word_1_326' title='bbox 3266 3830 3436 3893; x_wconf 88' lang='lat' dir='ltr'><strong>Chri-</strong></span> 
     </span>
    </p>
   </div>
   <div class='ocr_carea' id='block_1_17' title="bbox 320 3921 3435 4006">
    <p class='ocr_par' dir='ltr' id='par_1_19' title="bbox 320 3921 3435 4006">
     <span class='ocr_line' id='line_1_54' title="bbox 320 3921 3435 4006; baseline 0.002 -21"><span class='ocrx_word' id='word_1_327' title='bbox 320 3931 508 3986; x_wconf 85' lang='lat' dir='ltr'><strong>erant</strong></span> <span class='ocrx_word' id='word_1_328' title='bbox 553 3921 976 3986; x_wconf 86' lang='lat' dir='ltr'><strong>communiter</strong></span> <span class='ocrx_word' id='word_1_329' title='bbox 1020 3929 1423 4005; x_wconf 83' lang='lat' dir='ltr'><strong>peccatores3</strong></span> <span class='ocrx_word' id='word_1_330' title='bbox 1463 3934 1523 3985; x_wconf 74' lang='lat' dir='ltr'><strong>et</strong></span> <span class='ocrx_word' id='word_1_331' title='bbox 1559 3926 1695 4002; x_wconf 80' lang='lat' dir='ltr'><strong>ipse</strong></span> <span class='ocrx_word' id='word_1_332' title='bbox 1730 3927 1828 3986; x_wconf 84' lang='lat' dir='ltr'><strong>di·</strong></span> <span class='ocrx_word' id='word_1_333' title='bbox 1863 3922 1908 3987; x_wconf 92' lang='lat' dir='ltr'><strong>C</strong></span> <span class='ocrx_word' id='word_1_334' title='bbox 1935 3934 2106 3988; x_wconf 90' lang='lat' dir='ltr'><strong>stum</strong></span> <span class='ocrx_word' id='word_1_335' title='bbox 2137 3931 2351 3987; x_wconf 90' lang='lat' dir='ltr'><strong>mente</strong></span> <span class='ocrx_word' id='word_1_336' title='bbox 2380 3925 2710 4006; x_wconf 90' lang='lat' dir='ltr'><strong>adspicere</strong></span> <span class='ocrx_word' id='word_1_337' title='bbox 2740 3924 3045 4003; x_wconf 88' lang='lat' dir='ltr'><strong>volumus,</strong></span> <span class='ocrx_word' id='word_1_338' title='bbox 3070 3928 3147 3990; x_wconf 90' lang='lat' dir='ltr'><strong>ad</strong></span> <span class='ocrx_word' id='word_1_339' title='bbox 3178 3945 3435 3991; x_wconf 89' lang='lat' dir='ltr'><strong>crucem</strong></span> 
     </span>
    </p>
   </div>
   <div class='ocr_carea' id='block_1_18' title="bbox 323 4020 1831 4889">
    <p class='ocr_par' dir='ltr' id='par_1_20' title="bbox 323 4020 1831 4498">
     <span class='ocr_line' id='line_1_55' title="bbox 323 4020 1830 4104; baseline 0.001 -20"><span class='ocrx_word' id='word_1_340' title='bbox 323 4043 427 4084; x_wconf 74' lang='lat' dir='ltr'><strong>ves</strong></span> <span class='ocrx_word' id='word_1_341' title='bbox 465 4022 540 4084; x_wconf 87' lang='lat' dir='ltr'><strong>in</strong></span> <span class='ocrx_word' id='word_1_342' title='bbox 577 4020 1060 4104; x_wconf 85' lang='lat' dir='ltr'><strong>temporalibus.</strong></span> <span class='ocrx_word' id='word_1_343' title='bbox 1103 4020 1224 4082; x_wconf 90' lang='lat' dir='ltr'><strong>Ista</strong></span> <span class='ocrx_word' id='word_1_344' title='bbox 1266 4021 1345 4083; x_wconf 92' lang='lat' dir='ltr'><strong>de</strong></span> <span class='ocrx_word' id='word_1_345' title='bbox 1387 4020 1528 4102; x_wconf 87' lang='lat' dir='ltr'><strong>ipso</strong></span> <span class='ocrx_word' id='word_1_346' title='bbox 1572 4041 1830 4085; x_wconf 91' lang='lat' dir='ltr'><strong>narran-</strong></span> 
     </span>
     <span class='ocr_line' id='line_1_56' title="bbox 325 4118 1831 4201; baseline 0.001 -19"><span class='ocrx_word' id='word_1_347' title='bbox 325 4129 452 4196; x_wconf 88' lang='lat' dir='ltr'><strong>tur,</strong></span> <span class='ocrx_word' id='word_1_348' title='bbox 502 4126 578 4182; x_wconf 90' lang='lat' dir='ltr'><strong>ut</strong></span> <span class='ocrx_word' id='word_1_349' title='bbox 623 4119 766 4201; x_wconf 88' lang='lat' dir='ltr'><strong>ejus</strong></span> <span class='ocrx_word' id='word_1_350' title='bbox 814 4118 1148 4182; x_wconf 78' lang='lat' dir='ltr'><strong>conversio</strong></span> <span class='ocrx_word' id='word_1_351' title='bbox 1192 4119 1528 4200; x_wconf 82' lang='lat' dir='ltr'><strong>gratiosior</strong></span> <span class='ocrx_word' id='word_1_352' title='bbox 1570 4121 1831 4184; x_wconf 89' lang='lat' dir='ltr'><strong>mirabi-</strong></span> 
     </span>
     <span class='ocr_line' id='line_1_57' title="bbox 325 4217 1828 4300; baseline 0.001 -18"><span class='ocrx_word' id='word_1_353' title='bbox 325 4220 582 4300; x_wconf 88' lang='lat' dir='ltr'><strong>liorque</strong></span> <span class='ocrx_word' id='word_1_354' title='bbox 619 4223 943 4300; x_wconf 86' lang='lat' dir='ltr'><strong>appareat,</strong></span> <span class='ocrx_word' id='word_1_355' title='bbox 985 4223 1048 4278; x_wconf 87' lang='lat' dir='ltr'><strong>et</strong></span> <span class='ocrx_word' id='word_1_356' title='bbox 1095 4233 1176 4279; x_wconf 91' lang='lat' dir='ltr'><strong>ne</strong></span> <span class='ocrx_word' id='word_1_357' title='bbox 1215 4217 1426 4299; x_wconf 83' lang='lat' dir='ltr'><strong>magni</strong></span> <span class='ocrx_word' id='word_1_358' title='bbox 1467 4227 1828 4300; x_wconf 83' lang='lat' dir='ltr'><strong>peccatores</strong></span> 
     </span>
     <span class='ocr_line' id='line_1_58' title="bbox 323 4315 1828 4400; baseline 0 -19"><span class='ocrx_word' id='word_1_359' title='bbox 323 4319 692 4400; x_wconf 89' lang='lat' dir='ltr'><strong>desperent,</strong></span> <span class='ocrx_word' id='word_1_360' title='bbox 735 4333 854 4378; x_wconf 90' lang='lat' dir='ltr'><strong>nec</strong></span> <span class='ocrx_word' id='word_1_361' title='bbox 893 4315 1122 4379; x_wconf 88' lang='lat' dir='ltr'><strong>divites</strong></span> <span class='ocrx_word' id='word_1_362' title='bbox 1164 4323 1674 4393; x_wconf 85' lang='lat' dir='ltr'><strong>contemnantur,</strong></span> <span class='ocrx_word' id='word_1_363' title='bbox 1719 4319 1828 4381; x_wconf 90' lang='lat' dir='ltr'><strong>sed</strong></span> 
     </span>
     <span class='ocr_line' id='line_1_59' title="bbox 326 4413 1616 4498; baseline -0.003 -18"><span class='ocrx_word' id='word_1_364' title='bbox 326 4416 530 4498; x_wconf 85' lang='lat' dir='ltr'><strong>hujus</strong></span> <span class='ocrx_word' id='word_1_365' title='bbox 572 4413 814 4477; x_wconf 71' lang='lat' dir='ltr'><strong>Zachaei</strong></span> <span class='ocrx_word' id='word_1_366' title='bbox 855 4413 1188 4476; x_wconf 89' lang='lat' dir='ltr'><strong>imitentur</strong></span> <span class='ocrx_word' id='word_1_367' title='bbox 1229 4415 1616 4496; x_wconf 80' lang='lat' dir='ltr'><strong>exemplum.</strong></span> 
     </span>
    </p>

    <p class='ocr_par' dir='ltr' id='par_1_21' title="bbox 328 4513 1831 4889">
     <span class='ocr_line' id='line_1_60' title="bbox 409 4513 1826 4594; baseline 0 -18"><span class='ocrx_word' id='word_1_368' title='bbox 409 4517 500 4577; x_wconf 76' lang='lat' dir='ltr'><strong>Ec</strong></span> <span class='ocrx_word' id='word_1_369' title='bbox 549 4513 873 4593; x_wconf 67' lang='lat' dir='ltr'><strong>quaerebat</strong></span> <span class='ocrx_word' id='word_1_370' title='bbox 921 4513 1142 4572; x_wconf 80' lang='lat' dir='ltr'><strong>videre</strong></span> <span class='ocrx_word' id='word_1_371' title='bbox 1187 4514 1406 4573; x_wconf 83' lang='lat' dir='ltr'><strong>Jesum</strong></span> <span class='ocrx_word' id='word_1_372' title='bbox 1455 4516 1601 4594; x_wconf 80' lang='lat' dir='ltr'><strong>quis</strong></span> <span class='ocrx_word' id='word_1_373' title='bbox 1647 4525 1826 4586; x_wconf 74' lang='lat' dir='ltr'><strong>esset,</strong></span> 
     </span>
     <span class='ocr_line' id='line_1_61' title="bbox 329 4610 1831 4696; baseline 0.001 -20"><span class='ocrx_word' id='word_1_374' title='bbox 329 4614 451 4678; x_wconf 89' lang='lat' dir='ltr'><strong>hoc</strong></span> <span class='ocrx_word' id='word_1_375' title='bbox 496 4619 616 4687; x_wconf 86' lang='lat' dir='ltr'><strong>est,</strong></span> <span class='ocrx_word' id='word_1_376' title='bbox 659 4610 874 4673; x_wconf 77' lang='lat' dir='ltr'><strong>Iesum</strong></span> <span class='ocrx_word' id='word_1_377' title='bbox 920 4610 1334 4692; x_wconf 88' lang='lat' dir='ltr'><strong>corporaliter</strong></span> <span class='ocrx_word' id='word_1_378' title='bbox 1375 4611 1608 4674; x_wconf 89' lang='lat' dir='ltr'><strong>intueri</strong></span> <span class='ocrx_word' id='word_1_379' title='bbox 1653 4622 1831 4696; x_wconf 88' lang='lat' dir='ltr'><strong>opta-</strong></span> 
     </span>
     <span class='ocr_line' id='line_1_62' title="bbox 329 4707 1824 4792; baseline -0.001 -19"><span class='ocrx_word' id='word_1_380' title='bbox 329 4711 442 4785; x_wconf 88' lang='lat' dir='ltr'><strong>vit,</strong></span> <span class='ocrx_word' id='word_1_381' title='bbox 501 4709 657 4792; x_wconf 89' lang='lat' dir='ltr'><strong>quia</strong></span> <span class='ocrx_word' id='word_1_382' title='bbox 713 4709 792 4771; x_wconf 91' lang='lat' dir='ltr'><strong>de</strong></span> <span class='ocrx_word' id='word_1_383' title='bbox 849 4708 989 4790; x_wconf 86' lang='lat' dir='ltr'><strong>ejus</strong></span> <span class='ocrx_word' id='word_1_384' title='bbox 1047 4707 1377 4790; x_wconf 87' lang='lat' dir='ltr'><strong>sapientia,</strong></span> <span class='ocrx_word' id='word_1_385' title='bbox 1439 4709 1824 4791; x_wconf 90' lang='lat' dir='ltr'><strong>eloquentia,</strong></span> 
     </span>
     <span class='ocr_line' id='line_1_63' title="bbox 328 4806 1824 4889; baseline 0.001 -17"><span class='ocrx_word' id='word_1_386' title='bbox 328 4809 664 4872; x_wconf 79' lang='lat' dir='ltr'><strong>sanctitate</strong></span> <span class='ocrx_word' id='word_1_387' title='bbox 698 4815 894 4889; x_wconf 89' lang='lat' dir='ltr'><strong>atque</strong></span> <span class='ocrx_word' id='word_1_388' title='bbox 931 4806 1257 4869; x_wconf 90' lang='lat' dir='ltr'><strong>miraculis</strong></span> <span class='ocrx_word' id='word_1_389' title='bbox 1296 4806 1499 4869; x_wconf 87' lang='lat' dir='ltr'><strong>multa</strong></span> <span class='ocrx_word' id='word_1_390' title='bbox 1532 4809 1778 4872; x_wconf 80' lang='lat' dir='ltr'><strong>audivit</strong></span> <span class='ocrx_word' id='word_1_391' title='bbox 1810 4827 1824 4873; x_wconf 74' lang='grc' dir='ltr'><strong>ε</strong></span> 
     </span>
    </p>
   </div>
   <div class='ocr_carea' id='block_1_19' title="bbox 1937 4022 3438 4598">
    <p class='ocr_par' dir='ltr' id='par_1_22' title="bbox 1937 4022 3438 4598">
     <span class='ocr_line' id='line_1_64' title="bbox 1937 4022 3436 4107; baseline 0.003 -20"><span class='ocrx_word' id='word_1_392' title='bbox 1937 4025 2141 4107; x_wconf 92' lang='lat' dir='ltr'><strong>ipsius</strong></span> <span class='ocrx_word' id='word_1_393' title='bbox 2182 4022 2649 4104; x_wconf 82' lang='lat' dir='ltr'><strong>confugiamuS,</strong></span> <span class='ocrx_word' id='word_1_394' title='bbox 2684 4041 2955 4104; x_wconf 88' lang='lat' dir='ltr'><strong>eamque</strong></span> <span class='ocrx_word' id='word_1_395' title='bbox 2998 4043 3114 4107; x_wconf 87' lang='lat' dir='ltr'><strong>per</strong></span> <span class='ocrx_word' id='word_1_396' title='bbox 3151 4025 3436 4091; x_wconf 87' lang='lat' dir='ltr'><strong>dilectio-</strong></span> 
     </span>
     <span class='ocr_line' id='line_1_65' title="bbox 1937 4121 3438 4198; baseline 0.002 -12"><span class='ocrx_word' id='word_1_397' title='bbox 1937 4141 2106 4198; x_wconf 89' lang='lat' dir='ltr'><strong>nem,</strong></span> <span class='ocrx_word' id='word_1_398' title='bbox 2141 4121 2616 4185; x_wconf 79' lang='lat' dir='ltr'><strong>meditationem</strong></span> <span class='ocrx_word' id='word_1_399' title='bbox 2654 4129 2718 4184; x_wconf 89' lang='lat' dir='ltr'><strong>et</strong></span> <span class='ocrx_word' id='word_1_400' title='bbox 2756 4121 3176 4187; x_wconf 89' lang='lat' dir='ltr'><strong>imitationem</strong></span> <span class='ocrx_word' id='word_1_401' title='bbox 3216 4145 3438 4189; x_wconf 85' lang='lat' dir='ltr'><strong>ascen-</strong></span> 
     </span>
     <span class='ocr_line' id='line_1_66' title="bbox 1937 4220 3437 4308; baseline 0.003 -23"><span class='ocrx_word' id='word_1_402' title='bbox 1937 4223 2183 4296; x_wconf 90' lang='lat' dir='ltr'><strong>damus,</strong></span> <span class='ocrx_word' id='word_1_403' title='bbox 2219 4220 2676 4284; x_wconf 88' lang='lat' dir='ltr'><strong>considerando</strong></span> <span class='ocrx_word' id='word_1_404' title='bbox 2714 4221 2871 4302; x_wconf 91' lang='lat' dir='ltr'><strong>quid</strong></span> <span class='ocrx_word' id='word_1_405' title='bbox 2910 4241 3028 4304; x_wconf 91' lang='lat' dir='ltr'><strong>pro</strong></span> <span class='ocrx_word' id='word_1_406' title='bbox 3066 4223 3251 4288; x_wconf 91' lang='lat' dir='ltr'><strong>nobis</strong></span> <span class='ocrx_word' id='word_1_407' title='bbox 3296 4245 3437 4308; x_wconf 90' lang='lat' dir='ltr'><strong>pas-</strong></span> 
     </span>
     <span class='ocr_line' id='line_1_67' title="bbox 1939 4318 3429 4406; baseline 0.004 -23"><span class='ocrx_word' id='word_1_408' title='bbox 1939 4340 2045 4384; x_wconf 92' lang='lat' dir='ltr'><strong>sus</strong></span> <span class='ocrx_word' id='word_1_409' title='bbox 2075 4319 2160 4382; x_wconf 91' lang='lat' dir='ltr'><strong>sit</strong></span> <span class='ocrx_word' id='word_1_410' title='bbox 2188 4318 2495 4394; x_wconf 79' lang='lat' dir='ltr'><strong>ChristuS,</strong></span> <span class='ocrx_word' id='word_1_411' title='bbox 2529 4326 2593 4382; x_wconf 89' lang='lat' dir='ltr'><strong>et</strong></span> <span class='ocrx_word' id='word_1_412' title='bbox 2622 4318 2762 4400; x_wconf 87' lang='lat' dir='ltr'><strong>ejus</strong></span> <span class='ocrx_word' id='word_1_413' title='bbox 2792 4323 3090 4386; x_wconf 88' lang='lat' dir='ltr'><strong>sectando</strong></span> <span class='ocrx_word' id='word_1_414' title='bbox 3119 4324 3382 4406; x_wconf 78' lang='lat' dir='ltr'><strong>vestigia</strong></span> <span class='ocrx_word' id='word_1_415' title='bbox 3415 4345 3429 4390; x_wconf 72' lang='grc' dir='ltr'>ε</span> 
     </span>
     <span class='ocr_line' id='line_1_68' title="bbox 1938 4417 3432 4501; baseline 0.004 -18"><span class='ocrx_word' id='word_1_416' title='bbox 1938 4420 2161 4501; x_wconf 90' lang='lat' dir='ltr'><strong>sicque</strong></span> <span class='ocrx_word' id='word_1_417' title='bbox 2207 4417 2721 4480; x_wconf 87' lang='lat' dir='ltr'><strong>illuminabimur</strong></span> <span class='ocrx_word' id='word_1_418' title='bbox 2766 4418 3039 4500; x_wconf 79' lang='lat' dir='ltr'><strong>gratiose</strong></span> <span class='ocrx_word' id='word_1_419' title='bbox 3086 4441 3123 4484; x_wconf 91' lang='lat' dir='ltr'><strong>a</strong></span> <span class='ocrx_word' id='word_1_420' title='bbox 3170 4422 3316 4500; x_wconf 91' lang='lat' dir='ltr'><strong>Deo,</strong></span> <span class='ocrx_word' id='word_1_421' title='bbox 3369 4434 3432 4489; x_wconf 89' lang='lat' dir='ltr'><strong>et</strong></span> 
     </span>
     <span class='ocr_line' id='line_1_69' title="bbox 1938 4515 3429 4598; baseline 0.004 -18"><span class='ocrx_word' id='word_1_422' title='bbox 1938 4516 2259 4581; x_wconf 89' lang='lat' dir='ltr'><strong>Christum</strong></span> <span class='ocrx_word' id='word_1_423' title='bbox 2316 4515 2897 4598; x_wconf 87' lang='lat' dir='ltr'><strong>contemplabimur</strong></span> <span class='ocrx_word' id='word_1_424' title='bbox 2943 4520 3210 4584; x_wconf 88' lang='lat' dir='ltr'><strong>radiose.</strong></span> <span class='ocrx_word' id='word_1_425' title='bbox 3264 4522 3429 4587; x_wconf 89' lang='lat' dir='ltr'><strong>Talis</strong></span> 
     </span>
    </p>
   </div>
   <div class='ocr_carea' id='block_1_20' title="bbox 3572 3350 3609 3406">
    <p class='ocr_par' dir='ltr' id='par_1_23' title="bbox 3572 3350 3609 3406">
     <span class='ocr_line' id='line_1_70' title="bbox 3572 3350 3609 3406; baseline 0 0"><span class='ocrx_word' id='word_1_426' title='bbox 3572 3350 3609 3406; x_wconf 68' lang='lat'>4</span> 
     </span>
    </p>
   </div>
   <div class='ocr_carea' id='block_1_21' title="bbox 1934 4613 3720 4704">
    <p class='ocr_par' dir='ltr' id='par_1_24' title="bbox 1934 4613 3720 4704">
     <span class='ocr_line' id='line_1_71' title="bbox 1934 4613 3720 4704; baseline 0.006 -27"><span class='ocrx_word' id='word_1_427' title='bbox 1934 4615 2060 4678; x_wconf 85' lang='lat' dir='ltr'><strong>fuit</strong></span> <span class='ocrx_word' id='word_1_428' title='bbox 2087 4613 2317 4676; x_wconf 89' lang='lat' dir='ltr'><strong>Paulus</strong></span> <span class='ocrx_word' id='word_1_429' title='bbox 2355 4614 2469 4696; x_wconf 91' lang='lat' dir='ltr'><strong>qui</strong></span> <span class='ocrx_word' id='word_1_430' title='bbox 2508 4615 2595 4676; x_wconf 91' lang='lat' dir='ltr'><strong>ait</strong></span> <span class='ocrx_word' id='word_1_431' title='bbox 2628 4633 2642 4677; x_wconf 74' lang='grc' dir='ltr'>ε</span> <span class='ocrx_word' id='word_1_432' title='bbox 2677 4614 2924 4679; x_wconf 88' lang='lat' dir='ltr'><strong>Christo</strong></span> <span class='ocrx_word' id='word_1_433' title='bbox 2962 4616 3255 4682; x_wconf 87' lang='lat' dir='ltr'><strong>confixus</strong></span> <span class='ocrx_word' id='word_1_434' title='bbox 3286 4641 3427 4685; x_wconf 89' lang='lat' dir='ltr'><strong>sum</strong></span> <span class='ocrx_word' id='word_1_435' title='bbox 3501 4651 3720 4704; x_wconf 58' lang='lat' dir='ltr'><strong>Gazam,</strong></span> 
     </span>
    </p>
   </div>
   <div class='ocr_carea' id='block_1_22' title="bbox 1937 4711 3706 4820">
    <p class='ocr_par' dir='ltr' id='par_1_25' title="bbox 1937 4711 3706 4820">
     <span class='ocr_line' id='line_1_72' title="bbox 1937 4711 3706 4820; baseline 0 -42"><span class='ocrx_word' id='word_1_436' title='bbox 1937 4713 2111 4778; x_wconf 87' lang='lat' dir='ltr'><strong>cruci</strong></span> <span class='ocrx_word' id='word_1_437' title='bbox 2139 4732 2156 4793; x_wconf 89' lang='lat'>;</span> <span class='ocrx_word' id='word_1_438' title='bbox 2188 4713 2505 4793; x_wconf 80' lang='lat' dir='ltr'><strong>itemque,</strong></span> <span class='ocrx_word' id='word_1_439' title='bbox 2527 4711 2655 4793; x_wconf 81' lang='lat' dir='ltr'><strong>Ego</strong></span> <span class='ocrx_word' id='word_1_440' title='bbox 2685 4712 2977 4794; x_wconf 83' lang='lat' dir='ltr'><strong>stigmata</strong></span> <span class='ocrx_word' id='word_1_441' title='bbox 3004 4714 3253 4779; x_wconf 91' lang='lat' dir='ltr'><strong>Domini</strong></span> <span class='ocrx_word' id='word_1_442' title='bbox 3281 4717 3429 4782; x_wconf 85' lang='lat' dir='ltr'><strong>Jesu</strong></span> <span class='ocrx_word' id='word_1_443' title='bbox 3456 4716 3627 4820; x_wconf 42' lang='lat' dir='ltr'><strong>{giam</strong></span> <span class='ocrx_word' id='word_1_444' title='bbox 3657 4779 3706 4820; x_wconf 79' lang='lat'><strong>¹⁷</strong></span> 
     </span>
    </p>
   </div>
   <div class='ocr_carea' id='block_1_23' title="bbox 1937 4812 3424 4892">
    <p class='ocr_par' dir='ltr' id='par_1_26' title="bbox 1937 4812 3424 4892">
     <span class='ocr_line' id='line_1_73' title="bbox 1937 4812 3424 4892; baseline 0.003 -17"><span class='ocrx_word' id='word_1_445' title='bbox 1937 4812 2004 4875; x_wconf 92' lang='lat' dir='ltr'><strong>in</strong></span> <span class='ocrx_word' id='word_1_446' title='bbox 2049 4827 2315 4892; x_wconf 89' lang='lat' dir='ltr'><strong>corpore</strong></span> <span class='ocrx_word' id='word_1_447' title='bbox 2363 4826 2506 4873; x_wconf 89' lang='lat' dir='ltr'><strong>meo</strong></span> <span class='ocrx_word' id='word_1_448' title='bbox 2550 4817 2752 4892; x_wconf 88' lang='lat' dir='ltr'><strong>porto.</strong></span> <span class='ocrx_word' id='word_1_449' title='bbox 2808 4813 2884 4872; x_wconf 75' lang='lat' dir='ltr'><strong>Ut</strong></span> <span class='ocrx_word' id='word_1_450' title='bbox 2926 4813 3169 4875; x_wconf 76' lang='lat' dir='ltr'><strong>videret</strong></span> <span class='ocrx_word' id='word_1_451' title='bbox 3208 4817 3424 4879; x_wconf 83' lang='lat' dir='ltr'><strong>illum.</strong></span> 
     </span>
    </p>
   </div>
   <div class='ocr_carea' id='block_1_24' title="bbox 330 4904 3723 4990">
    <p class='ocr_par' dir='ltr' id='par_1_27' title="bbox 330 4904 3723 4990">
     <span class='ocr_line' id='line_1_74' title="bbox 330 4904 3723 4990; baseline 0.004 -20"><span class='ocrx_word' id='word_1_452' title='bbox 330 4917 558 4990; x_wconf 88' lang='lat' dir='ltr'><strong>estque</strong></span> <span class='ocrx_word' id='word_1_453' title='bbox 602 4905 890 4968; x_wconf 87' lang='lat' dir='ltr'><strong>naturale</strong></span> <span class='ocrx_word' id='word_1_454' title='bbox 932 4904 1301 4969; x_wconf 90' lang='lat' dir='ltr'><strong>hominibus</strong></span> <span class='ocrx_word' id='word_1_455' title='bbox 1344 4905 1501 4967; x_wconf 87' lang='lat' dir='ltr'><strong>tales</strong></span> <span class='ocrx_word' id='word_1_456' title='bbox 1538 4906 1831 4970; x_wconf 88' lang='lat' dir='ltr'><strong>homines</strong></span> <span class='ocrx_word' id='word_1_457' title='bbox 1937 4909 2106 4972; x_wconf 87' lang='lat' dir='ltr'><strong>Beati</strong></span> <span class='ocrx_word' id='word_1_458' title='bbox 2146 4907 2383 4970; x_wconf 90' lang='lat' dir='ltr'><strong>etenim</strong></span> <span class='ocrx_word' id='word_1_459' title='bbox 2422 4907 2615 4982; x_wconf 89' lang='lat' dir='ltr'><strong>oculi,</strong></span> <span class='ocrx_word' id='word_1_460' title='bbox 2649 4907 2763 4989; x_wconf 91' lang='lat' dir='ltr'><strong>qui</strong></span> <span class='ocrx_word' id='word_1_461' title='bbox 2794 4907 3113 4972; x_wconf 83' lang='lat' dir='ltr'><strong>Christum</strong></span> <span class='ocrx_word' id='word_1_462' title='bbox 3151 4909 3433 4976; x_wconf 87' lang='lat' dir='ltr'><strong>fideliter</strong></span> <span class='ocrx_word' id='word_1_463' title='bbox 3461 4937 3723 4990; x_wconf 54' lang='lat' dir='ltr'><strong>manaa.</strong></span> 
     </span>
    </p>
   </div>
   <div class='ocr_carea' id='block_1_25' title="bbox 332 5003 1830 5086">
    <p class='ocr_par' dir='ltr' id='par_1_28' title="bbox 332 5003 1830 5086">
     <span class='ocr_line' id='line_1_75' title="bbox 332 5003 1830 5086; baseline -0.001 -17"><span class='ocrx_word' id='word_1_464' title='bbox 332 5005 610 5069; x_wconf 89' lang='lat' dir='ltr'><strong>libenter</strong></span> <span class='ocrx_word' id='word_1_465' title='bbox 665 5003 1017 5086; x_wconf 86' lang='lat' dir='ltr'><strong>adspicere,</strong></span> <span class='ocrx_word' id='word_1_466' title='bbox 1080 5003 1245 5066; x_wconf 92' lang='lat' dir='ltr'><strong>sicut</strong></span> <span class='ocrx_word' id='word_1_467' title='bbox 1301 5011 1364 5066; x_wconf 90' lang='lat' dir='ltr'><strong>et</strong></span> <span class='ocrx_word' id='word_1_468' title='bbox 1427 5012 1634 5066; x_wconf 89' lang='lat' dir='ltr'><strong>cetera</strong></span> <span class='ocrx_word' id='word_1_469' title='bbox 1697 5024 1830 5068; x_wconf 92' lang='lat' dir='ltr'><strong>ma-</strong></span> 
     </span>
    </p>
   </div>
   <div class='ocr_carea' id='block_1_26' title="bbox 1939 5008 3433 5091">
    <p class='ocr_par' dir='ltr' id='par_1_29' title="bbox 1939 5008 3433 5091">
     <span class='ocr_line' id='line_1_76' title="bbox 1939 5008 3433 5091; baseline 0.002 -20"><span class='ocrx_word' id='word_1_470' title='bbox 1939 5010 2389 5090; x_wconf 81' lang='lat' dir='ltr'><strong>adspexerunt.</strong></span> <span class='ocrx_word' id='word_1_471' title='bbox 2426 5008 2594 5075; x_wconf 77' lang='lat' dir='ltr'><strong>Quia</strong></span> <span class='ocrx_word' id='word_1_472' title='bbox 2626 5009 2806 5078; x_wconf 80' lang='lat' dir='ltr'><strong>inde,</strong></span> <span class='ocrx_word' id='word_1_473' title='bbox 2837 5008 2957 5071; x_wconf 90' lang='lat' dir='ltr'><strong>hoc</strong></span> <span class='ocrx_word' id='word_1_474' title='bbox 2987 5016 3081 5070; x_wconf 87' lang='lat' dir='ltr'><strong>est</strong></span> <span class='ocrx_word' id='word_1_475' title='bbox 3111 5028 3229 5091; x_wconf 87' lang='lat' dir='ltr'><strong>per</strong></span> <span class='ocrx_word' id='word_1_476' title='bbox 3264 5013 3433 5076; x_wconf 87' lang='lat' dir='ltr'><strong>viam</strong></span> 
     </span>
    </p>
   </div>
   <div class='ocr_carea' id='block_1_27' title="bbox 333 5101 3440 5189">
    <p class='ocr_par' dir='ltr' id='par_1_30' title="bbox 333 5101 3440 5189">
     <span class='ocr_line' id='line_1_77' title="bbox 333 5101 3440 5189; baseline 0.003 -23"><span class='ocrx_word' id='word_1_477' title='bbox 333 5122 480 5185; x_wconf 78' lang='lat' dir='ltr'><strong>gna,</strong></span> <span class='ocrx_word' id='word_1_478' title='bbox 522 5112 586 5166; x_wconf 92' lang='lat' dir='ltr'><strong>et</strong></span> <span class='ocrx_word' id='word_1_479' title='bbox 634 5121 797 5178; x_wconf 89' lang='lat' dir='ltr'><strong>rara,</strong></span> <span class='ocrx_word' id='word_1_480' title='bbox 840 5121 914 5164; x_wconf 90' lang='lat' dir='ltr'><strong>ac</strong></span> <span class='ocrx_word' id='word_1_481' title='bbox 949 5120 1133 5165; x_wconf 87' lang='lat' dir='ltr'><strong>nova.</strong></span> <span class='ocrx_word' id='word_1_482' title='bbox 1176 5101 1352 5164; x_wconf 90' lang='lat' dir='ltr'><strong>Unde</strong></span> <span class='ocrx_word' id='word_1_483' title='bbox 1399 5109 1463 5164; x_wconf 89' lang='lat' dir='ltr'><strong>et</strong></span> <span class='ocrx_word' id='word_1_484' title='bbox 1511 5101 1680 5166; x_wconf 88' lang='lat' dir='ltr'><strong>infra</strong></span> <span class='ocrx_word' id='word_1_485' title='bbox 1730 5105 1836 5167; x_wconf 88' lang='lat' dir='ltr'><strong>ha·</strong></span> <span class='ocrx_word' id='word_1_486' title='bbox 1865 5107 1916 5168; x_wconf 91' lang='lat' dir='ltr'><strong>D</strong></span> <span class='ocrx_word' id='word_1_487' title='bbox 1944 5105 2141 5180; x_wconf 90' lang='lat' dir='ltr'><strong>illam,</strong></span> <span class='ocrx_word' id='word_1_488' title='bbox 2182 5115 2323 5166; x_wconf 80' lang='lat' dir='ltr'><strong>erat</strong></span> <span class='ocrx_word' id='word_1_489' title='bbox 2365 5105 2784 5166; x_wconf 72' lang='lat' dir='ltr'><strong>transiturus.</strong></span> <span class='ocrx_word' id='word_1_490' title='bbox 2828 5105 2896 5167; x_wconf 91' lang='lat' dir='ltr'><strong>In</strong></span> <span class='ocrx_word' id='word_1_491' title='bbox 2948 5105 3069 5170; x_wconf 90' lang='lat' dir='ltr'><strong>hoc</strong></span> <span class='ocrx_word' id='word_1_492' title='bbox 3117 5115 3290 5189; x_wconf 89' lang='lat' dir='ltr'><strong>patet</strong></span> <span class='ocrx_word' id='word_1_493' title='bbox 3333 5129 3440 5174; x_wconf 88' lang='lat' dir='ltr'><strong>ve-</strong></span> 
     </span>
    </p>
   </div>
   <div class='ocr_carea' id='block_1_28' title="bbox 97 5200 3443 5384">
    <p class='ocr_par' dir='ltr' id='par_1_31' title="bbox 97 5200 3443 5384">
     <span class='ocr_line' id='line_1_78' title="bbox 97 5200 3443 5290; baseline 0.003 -30"><span class='ocrx_word' id='word_1_494' title='bbox 97 5214 310 5272; x_wconf 69' lang='lat' dir='ltr'><strong>1ffl.m1.</strong></span> <span class='ocrx_word' id='word_1_495' title='bbox 335 5203 548 5279; x_wconf 87' lang='lat' dir='ltr'><strong>betur,</strong></span> <span class='ocrx_word' id='word_1_496' title='bbox 588 5202 763 5285; x_wconf 88' lang='lat' dir='ltr'><strong>quod</strong></span> <span class='ocrx_word' id='word_1_497' title='bbox 807 5200 1084 5264; x_wconf 84' lang='lat' dir='ltr'><strong>Herodes</strong></span> <span class='ocrx_word' id='word_1_498' title='bbox 1131 5200 1335 5264; x_wconf 88' lang='lat' dir='ltr'><strong>multo</strong></span> <span class='ocrx_word' id='word_1_499' title='bbox 1382 5207 1668 5283; x_wconf 90' lang='lat' dir='ltr'><strong>tempore</strong></span> <span class='ocrx_word' id='word_1_500' title='bbox 1714 5201 1840 5266; x_wconf 86' lang='lat' dir='ltr'><strong>fuit</strong></span> <span class='ocrx_word' id='word_1_501' title='bbox 1945 5203 2210 5266; x_wconf 89' lang='lat' dir='ltr'><strong>hemens</strong></span> <span class='ocrx_word' id='word_1_502' title='bbox 2258 5201 2471 5265; x_wconf 87' lang='lat' dir='ltr'><strong>fervor</strong></span> <span class='ocrx_word' id='word_1_503' title='bbox 2522 5201 2761 5266; x_wconf 70' lang='lat' dir='ltr'><strong>Zachaei</strong></span> <span class='ocrx_word' id='word_1_504' title='bbox 2808 5203 2890 5265; x_wconf 89' lang='lat' dir='ltr'><strong>ad</strong></span> <span class='ocrx_word' id='word_1_505' title='bbox 2936 5203 3168 5268; x_wconf 91' lang='lat' dir='ltr'><strong>Christi</strong></span> <span class='ocrx_word' id='word_1_506' title='bbox 3214 5207 3443 5290; x_wconf 89' lang='lat' dir='ltr'><strong>adspe-</strong></span> 
     </span>
     <span class='ocr_line' id='line_1_79' title="bbox 338 5299 3443 5384; baseline 0.002 -21"><span class='ocrx_word' id='word_1_507' title='bbox 338 5301 606 5384; x_wconf 87' lang='lat' dir='ltr'><strong>cupiens</strong></span> <span class='ocrx_word' id='word_1_508' title='bbox 647 5299 864 5364; x_wconf 79' lang='lat' dir='ltr'><strong>videre</strong></span> <span class='ocrx_word' id='word_1_509' title='bbox 905 5299 1142 5375; x_wconf 88' lang='lat' dir='ltr'><strong>Jesum,</strong></span> <span class='ocrx_word' id='word_1_510' title='bbox 1183 5307 1248 5362; x_wconf 90' lang='lat' dir='ltr'><strong>et</strong></span> <span class='ocrx_word' id='word_1_511' title='bbox 1285 5299 1424 5363; x_wconf 87' lang='lat' dir='ltr'><strong>viso</strong></span> <span class='ocrx_word' id='word_1_512' title='bbox 1465 5317 1539 5363; x_wconf 91' lang='lat' dir='ltr'><strong>eo</strong></span> <span class='ocrx_word' id='word_1_513' title='bbox 1580 5301 1838 5382; x_wconf 82' lang='lat' dir='ltr'><strong>gavisus</strong></span> <span class='ocrx_word' id='word_1_514' title='bbox 1946 5309 2142 5378; x_wconf 91' lang='lat' dir='ltr'><strong>ctum,</strong></span> <span class='ocrx_word' id='word_1_515' title='bbox 2194 5308 2257 5363; x_wconf 91' lang='lat' dir='ltr'><strong>et</strong></span> <span class='ocrx_word' id='word_1_516' title='bbox 2303 5300 2475 5383; x_wconf 90' lang='lat' dir='ltr'><strong>quod</strong></span> <span class='ocrx_word' id='word_1_517' title='bbox 2535 5319 2661 5364; x_wconf 90' lang='lat' dir='ltr'><strong>non</strong></span> <span class='ocrx_word' id='word_1_518' title='bbox 2710 5300 2968 5364; x_wconf 90' lang='lat' dir='ltr'><strong>erubuit</strong></span> <span class='ocrx_word' id='word_1_519' title='bbox 3025 5302 3091 5365; x_wconf 89' lang='lat' dir='ltr'><strong>in</strong></span> <span class='ocrx_word' id='word_1_520' title='bbox 3147 5305 3443 5370; x_wconf 87' lang='lat' dir='ltr'><strong>arborem</strong></span> 
     </span>
    </p>
   </div>
  </div>
 </body>
</html>
