4300 6259
824 490 947 556 326
1607 510 1958 559 mma-rio
1999 511 2064 558 m
2105 510 2246 558 cu.
2291 511 2361 558 ιιι
2399 511 2677 591 Jomls.
2722 531 2804 542 —
2844 513 2988 559 aar.
3030 512 3141 560 vm

828 691 1115 742 ventrem
1152 683 1384 744 matris
1410 702 1544 744 suoe
1570 684 1800 744 iterato
1838 683 2115 745 introire
2141 690 2201 741 ει
2228 701 2326 743 νε·
2354 679 2405 740 A
2437 689 2724 763 possunt.
2776 682 2986 747 Primo
3033 683 3128 746 sic
3159 701 3174 746 τ
3209 686 3392 754 Quod
3437 691 3666 744 natum
3709 691 3802 742 εει
3845 701 3930 740 em
4077 690 4113 744 6

827 781 1059 840 nasci?
1109 779 1461 861 praesertim
1512 798 1714 861 quum
1762 785 1993 842 matres
2044 798 2327 844 commu·
2431 799 2645 849 carne,
2687 780 2748 843 id
2799 790 2894 843 est
2941 801 3174 864 corpus
3221 780 3342 844 filii
3393 787 3802 863 propagatum
3853 798 3930 842 ac

832 875 997 938 niter
1035 883 1299 941 mortuae
1345 877 1472 940 sint
1510 884 1797 960 tempore
1835 878 2180 940 senectutis
2219 896 2329 939 na-
2436 885 2652 940 natum
2686 897 2765 941 ex
2793 880 3038 942 semine
3070 879 3287 962 patris,
3320 898 3468 940 caro
3495 888 3632 951 εει,·
3671 879 3932 957 ecquod

830 981 1064 1038 torum.
2433 985 2667 1038 natum
2683 987 2773 1038 εει
2791 997 2871 1038 ex
2887 977 3228 1056 spiritu,id
3251 985 3348 1040 est
3369 977 3583 1039 anima
3606 973 3930 1038 rationalis

567 3258 765 3310 Ibam-vn
795 3288 807 3309 ,

597 3845 765 3890 Aratum

548 3922 689 3961 xxvnn
717 3912 784 3955 ¹⁹.

930 1076 1284 1150 Respondit
1334 1079 1539 1147 Ιεειιε,
1599 1075 1903 1139 solvendo
1960 1074 2328 1138 instantiam

830 1171 1177 1247 Nicodemi,
1211 1179 1275 1234 et
1302 1174 1677 1254 exponendo
1708 1174 1901 1238 verba
1938 1193 2081 1257 quae
2114 1173 2276 1236 dixit
2309 1192 2323 1235 :

832 1272 1068 1340 Amen,
1102 1291 1292 1332 amen
1330 1273 1474 1332 dico
1526 1274 1669 1341 tibi,
1700 1274 1837 1334 nisi
1879 1275 2025 1352 quis
2065 1281 2330 1333 renatus

831 1370 1062 1448 suerit,
1095 1367 1160 1429 id
1200 1375 1294 1430 est
1344 1368 1761 1450 spiritualiter
1810 1375 2212 1450 regeneratus
2261 1368 2327 1430 in

834 1463 1008 1528 fonte
1054 1465 1477 1549 Baptismatis,
1510 1489 1591 1528 ex
1637 1489 1839 1547 aqua,
1877 1487 2021 1550 quae
2058 1476 2155 1530 est
2202 1485 2332 1528 ma-

836 1564 1053 1626 teriale
1101 1565 1489 1628 elementum
1537 1585 1767 1648 corpus
1821 1567 2059 1641 lavam,
2100 1573 2165 1629 et
2205 1566 2332 1628 dis-

835 1661 1107 1742 positive
1136 1681 1535 1745 regeneranS‚
1554 1675 1614 1726 ει
1641 1667 1906 1742 Spiritu
1935 1668 2194 1733 Sancto,
2217 1663 2330 1745 qui

832 1767 928 1821 est
985 1761 1329 1824 invisibilis
1377 1771 1550 1825 actor
1608 1763 1781 1826 intus
1826 1771 2105 1825 mentem
2159 1762 2332 1844 puri-

2437 1082 2643 1136 creata
2679 1093 2718 1136 a
2756 1075 2902 1149 Deo,
2935 1076 3048 1158 qui
3089 1076 3354 1159 spiritus
3390 1074 3768 1157 appellatur,
3797 1074 3932 1150 spi-
3991 1090 4224 1142 ποι-ως,

2435 1173 2604 1232 ritus
2632 1182 2744 1245 est,
2779 1173 2845 1236 id
2873 1181 2968 1236 est
3007 1174 3356 1256 spiritualis
3395 1171 3766 1235 substantia.
3797 1170 3931 1234 Hoc
3961 1159 4035 1202 ²⁴·

2437 1278 2646 1333 tamen
2679 1292 2805 1337 non
2837 1281 2934 1336 est
2961 1274 3054 1336 sic
3083 1274 3550 1357 accipiendum,
3581 1272 3764 1354 quasi
3793 1289 3934 1334 cor-

2439 1370 2679 1450 poralia
2718 1391 2843 1434 non
2890 1372 3019 1434 sint
3055 1372 3418 1434 immediate
3457 1377 3662 1433 creata
3697 1388 3734 1431 a
3771 1369 3932 1448 Deo;

2438 1469 2546 1530 sed
2593 1469 2657 1531 in
2710 1470 2968 1533 homine
3011 1479 3161 1532 sunt
3199 1472 3340 1533 duae
3387 1477 3617 1552 parteS,
3658 1485 3936 1550 quarum

2440 1584 2566 1629 una
2612 1574 2706 1630 est
2762 1587 2930 1642 caro,
2981 1587 3018 1630 a
3067 1576 3244 1650 patre
3301 1567 3536 1630 carnali
3591 1572 3932 1640 contracta,

2435 1664 2556 1727 alia
2599 1673 2696 1728 est
2734 1666 3018 1747 spiritUS,
3056 1685 3092 1728 a
3132 1674 3308 1748 patre
3347 1665 3662 1748 spirituali
3701 1664 3939 1747 produ-

2441 1771 2560 1826 cta.
2609 1763 2792 1826 Juxta
2846 1764 3018 1826 hunc
3075 1782 3336 1827 sensum
3392 1764 3550 1826 dicit
3591 1762 3938 1845 Apostolus

833 1855 1035 1922 ficans
1084 1867 1145 1922 et
1200 1860 1559 1925 efficienter
1616 1879 2015 1942 regeneranS,
2062 1861 2330 1943 gratiam
2367 1861 2414 1925 B
2439 1863 2517 1925 ad
2563 1862 2855 1926 Hebraeos
2891 1881 2905 1925 :
2942 1863 3148 1926 Patres
3192 1862 3400 1926 carnis
3439 1869 3668 1926 nostrae
3707 1859 3940 1922 habui-
3967 1875 4218 1926 mamma.

832 1955 1185 2036 influendo,
1219 1977 1363 2040 quae
1392 1967 1487 2022 est
1516 1977 1616 2022 res
1646 1959 2020 2022 sacramenti
2052 1968 2116 2021 et
2143 1977 2333 2022 causa

832 2053 1115 2119 formalis
1160 2056 1505 2120 intrinseca
1553 2058 1747 2138 hujus
1794 2058 2328 2140 regenerationis3

834 2174 963 2216 non
1002 2166 1201 2234 potest
1242 2158 1517 2218 introire
1556 2159 1627 2218 in
1668 2178 1943 2236 reynum
1980 2159 2127 2226 Dei,
2159 2157 2330 2238 quod

835 2259 931 2314 est
977 2252 1381 2336 triumphans
1426 2254 1725 2328 Ecclesia,
1760 2255 1887 2318 vita
1929 2263 2184 2331 aeterna,
2218 2273 2332 2316 seu

835 2351 1036 2432 patria
1074 2351 1441 2415 electorum.
1475 2351 1649 2426 Quod
1688 2353 2172 2435 intelligendum
2211 2361 2327 2428 est,

834 2449 1177 2513 dummodo
1213 2450 1377 2512 adsit
1422 2451 1687 2514 facultas
1728 2452 2077 2534 recipiendi
2128 2471 2335 2515 sacra-

833 2555 1121 2611 mentum
1166 2548 1469 2632 Baptismi
1506 2569 1519 2613 :
1553 2550 1708 2613 alias
1756 2549 2087 2614 sufficeret
2127 2551 2334 2634 bapti-

833 2665 1009 2708 smus
1056 2646 1381 2724 Flaminis,
1436 2648 1499 2710 id
1548 2657 1644 2711 est
1690 2649 1955 2714 interior
2002 2651 2334 2714 mundatio

831 2743 1040 2807 Sancti
1099 2744 1394 2828 Spiritus,
1450 2754 1513 2809 et
1569 2747 1925 2830 baptismus
1978 2749 2328 2830 sanguiniS,

833 2850 987 2925 puta
1030 2845 1427 2928 martyrium,
1472 2864 1619 2908 cum
1658 2854 1803 2910 voto
1854 2865 1967 2908 seu
2016 2847 2333 2910 desiderio

831 2942 1134 3024 baptismi
1199 2942 1514 3006 fluminis.
1576 2945 1645 3007 In
1709 2944 2028 3027 Baptismo
2088 2947 2333 3028 quippe

832 3038 1307 3105 conformamur
1345 3041 1589 3106 Christo
1628 3051 1691 3106 et
1727 3043 1785 3105 ei
1827 3043 2328 3126 incorporamur,
2372 3043 2415 3106 C
2444 3043 2662 3105 smatis
2716 3044 2988 3120 lavacro,
3018 3046 3295 3122 spiritus
3334 3055 3446 3114 est,
3486 3044 3551 3106 id
3597 3051 3713 3114 est,
3747 3041 3947 3123 spiri-

835 3141 1373 3221 quemadmodum
1412 3143 1491 3204 ad
1528 3141 1839 3206 Romanos
1874 3149 2139 3205 testatur
2168 3143 2336 3226 Apo-

837 3238 1036 3302 stolus
1098 3257 1113 3301 :
1174 3236 1569 3321 Quicumque
1629 3239 1930 3322 baptizati
1987 3259 2209 3302 sumus
2267 3239 2334 3301 in

838 3335 1085 3400 Christo
1109 3336 1278 3412 Jesu,
1312 3337 1378 3400 in
1411 3346 1611 3403 morte
1650 3338 1855 3421 ipsius
1892 3338 2191 3421 baptizati
2231 3357 2336 3400 su-

839 3453 983 3497 mus
1036 3453 1050 3498 :
1102 3435 1459 3518 consepulti
1518 3435 1689 3498 enim
1740 3455 1962 3498 sumus
2021 3455 2168 3499 cum
2223 3436 2334 3499 illo

839 3551 954 3616 per
1000 3532 1394 3616 Baptismum
1446 3535 1511 3598 in
1562 3542 1853 3610 mortem,
1898 3545 1969 3598 ut
2014 3536 2335 3616 quomodo

838 3633 1185 3696 resurrexit
1224 3633 1509 3696 Christus
1538 3653 1575 3696 a
1606 3633 1873 3696 mortuis
1915 3651 2029 3716 per
2066 3634 2332 3715 gloriam

838 3730 1057 3808 Patris,
1100 3731 1187 3794 ita
1225 3740 1287 3795 et
1326 3751 1439 3796 nos
1489 3733 1553 3795 in
1606 3732 1883 3797 novitate
1922 3733 2068 3797 vitae
2114 3733 2338 3795 ambu-

839 3829 1067 3892 lemus.
1100 3828 1221 3893 Sed
1259 3850 1459 3913 quum
1494 3831 1849 3914 Baptismus
1888 3832 2073 3893 detur
2109 3831 2177 3897 in
2228 3849 2338 3894 no-

841 3927 1015 3991 mine
1054 3936 1286 3993 sanctae
1321 3929 1667 4005 Trinitatis,
1699 3948 1736 3991 a
1772 3948 1900 4011 qua
1932 3936 2031 3991 est
2066 3929 2336 3992 effectus

843 4026 1145 4108 Baptismi
1184 4046 1296 4090 seu
1323 4029 1525 4109 gratia
1554 4027 2047 4102 sacramentaliS,
2080 4047 2196 4090 cur
2238 4046 2341 4110 po·

842 4125 969 4187 tius
1018 4124 1172 4188 dicit
1218 4124 1520 4199 Salvator,
1565 4125 1695 4187 Nisi
1742 4126 1888 4207 quis
1938 4134 2194 4188 renatus
2236 4125 2338 4187 fu-

2441 1980 2583 2023 mus
2623 1961 2996 2035 eruditoreS‚
3029 1967 3091 2022 et
3129 1960 3580 2024 reverebamur
3613 1977 3720 2022 eos
3753 1977 3768 2021 :
3801 1977 3934 2022 non

2441 2059 2641 2122 multo
2701 2059 2900 2139 magis
2957 2058 3539 2141 obtemperabimus
3585 2056 3748 2132 Patri
3803 2057 3939 2139 spi-

2441 2157 2704 2230 rituum,
2729 2166 2790 2220 et
2821 2159 3146 2221 vivemus?
3169 2192 3246 2203 —
3275 2157 3566 2221 Secundo
3594 2156 3724 2218 sic:
3750 2159 3940 2226 Quod

2441 2267 2672 2318 natum
2707 2267 2797 2318 εει
2834 2278 2916 2318 εω
2951 2277 3168 2326 carne,
3211 2257 3273 2320 id
3322 2264 3418 2319 est
3461 2276 3498 2318 a
3538 2255 3774 2319 carnali
3825 2273 3942 2337 pa-

2441 2363 2641 2427 rente,
2693 2376 2839 2416 caro
2887 2366 2996 2428 εει,
3049 2355 3112 2418 id
3161 2363 3256 2418 est
3314 2373 3414 2418 res
3463 2354 3752 2429 carnalis,
3803 2372 3940 2416 non

2441 2453 2682 2516 habens
2726 2453 2848 2516 nisi
2889 2471 3028 2516 θεεθ
3069 2454 3318 2517 carnale
3355 2473 3428 2516 ac
3471 2453 3774 2526 naturale,
3807 2452 3946 2516 vir-

2440 2559 2575 2613 tute
2614 2552 3042 2633 generationis
3089 2553 3358 2615 carnalis
3393 2569 3407 2615 ε
3445 2553 3611 2614 unde
3653 2560 3725 2613 ut
3763 2550 3940 2630 talis,

2445 2669 2570 2714 non
2612 2656 2818 2732 potest
2857 2651 3126 2730 salvari3
3165 2661 3226 2712 ει
3261 2654 3432 2731 quod
3469 2660 3698 2712 natum
3727 2659 3816 2710 est
3853 2669 3944 2709 ex

2440 2750 2706 2826 spiritu,
2757 2749 2821 2812 id
2870 2757 2966 2812 est
3023 2749 3441 2830 spiritualiter
3497 2755 3942 2830 regeneratum

2442 2865 2516 2908 ac
2554 2848 2833 2928 positum
2875 2847 2940 2910 in
2979 2865 3120 2909 esse
3152 2847 3467 2929 spirituali
3507 2847 3762 2928 vitaque
3795 2861 3945 2926 gra-

2444 2944 2566 3019 tiae,
2610 2962 2688 3007 ex
2725 2965 2891 3028 aqua
2933 2953 2995 3008 et
3040 2945 3281 3028 Spiritu
3329 2945 3576 3019 Sanct0,
3619 2944 3688 3006 in
3731 2943 3947 3024 Bapti-

2441 3141 2614 3204 tuale
2661 3141 2965 3219 efficitur,
3009 3142 3252 3205 scilicet
3299 3142 3488 3206 homo
3527 3139 3946 3205 invisibiliter

2446 3240 2616 3302 intus
2649 3249 2902 3303 renatus
2933 3249 2996 3303 et
3025 3241 3154 3304 Deo
3179 3240 3580 3322 conjunctus,
3613 3259 3760 3302 cum
3788 3257 3944 3321 quo,

2445 3340 2798 3401 secundum
2840 3339 3238 3421 Apostolum,
3291 3358 3454 3401 unus
3505 3345 3601 3400 est
3645 3337 3938 3419 spiritus.
3971 3351 4214 3400 ieonum.

2443 3434 2534 3496 Ex
2582 3454 2712 3518 quo
2761 3443 2951 3518 patet,
2994 3437 3165 3518 quod
3217 3435 3337 3498 ista
3382 3435 3768 3517 regeneratio
3809 3452 3943 3496 non

2446 3633 2574 3695 nali
2619 3633 3027 3714 generatione
3067 3633 3380 3696 distincta.
3413 3632 3498 3695 De
3543 3651 3671 3714 qua
3709 3633 3798 3695 ait
3839 3632 3950 3696 Jo-

2445 3749 2641 3794 ann-es
2672 3731 2738 3794 in
2770 3751 2884 3794 sua
2913 3731 3225 3795 Canonica
3252 3749 3265 3795 :
3293 3730 3491 3794 Omne
3519 3732 3690 3812 quod
3718 3738 3946 3793 natum
4005 3752 4208 3796 ileum.

2447 3839 2541 3894 est
2589 3850 2668 3893 ex
2712 3831 2851 3906 Deo,
2903 3831 3104 3895 vincit
3151 3832 3478 3894 mundum.
3521 3830 3681 3893 Hinc
3727 3829 3947 3893 subdit
3975 3819 4018 3860 ⁴·

2446 3928 2728 3992 Salvator
2772 3948 2785 3991 ε

2533 4030 2680 4089 Non
2731 4029 2990 4088 mireris
3045 4045 3120 4091 eo
3175 4028 3364 4092 modo
3418 4045 3548 4109 quo
3605 4027 3945 4108 hucusque
4083 4029 4115 4083 7

2447 4125 2713 4187 miratus
2743 4143 2832 4198 es,
2867 4125 3162 4188 videlicet
3198 4125 3614 4188 admiratione
3647 4125 3948 4187 incredu-

840 4223 963 4286 erit
1009 4241 1086 4286 ex
1132 4242 1299 4305 aqua
1344 4230 1409 4285 et
1455 4222 1718 4307 Spiritu,
1770 4243 1985 4306 quam,
2032 4223 2123 4286 Ex
2171 4243 2338 4306 aqua
2369 4226 2417 4287 D
2446 4223 2662 4299 litatis,
2697 4225 2798 4288 vel
2829 4243 2908 4286 ex
2944 4223 3111 4288 malo
3148 4223 3474 4286 intellectu
3516 4222 3940 4305 procedentis,

841 4329 905 4384 et
961 4321 1159 4396 Patre,
1212 4322 1334 4396 vel,
1384 4321 1476 4385 Ex
1532 4341 1698 4405 aqua
1753 4329 1816 4384 et
1870 4322 2072 4386 Filio?
2115 4322 2339 4385 Dicen-

841 4422 1016 4495 dum,
1058 4421 1230 4502 quod
1266 4419 1623 4502 Baptismus
1668 4428 1763 4484 est
1799 4419 2068 4483 effectus
2118 4421 2340 4503 praeci-

839 4538 985 4603 puae
1013 4518 1405 4582 liberalitatis
1434 4538 1507 4581 ac
1537 4519 1789 4600 pietatis
1822 4519 2069 4583 divinae.
2090 4518 2338 4582 Libera-

838 4618 983 4681 litas
1016 4636 1164 4682 vero
1203 4626 1265 4681 et
1303 4619 1503 4700 pietas
1542 4619 2037 4701 appropriantur
2066 4618 2335 4701 Spiritui

838 4717 1086 4794 Sancto,
1137 4718 1676 4799 quemadmodum
1723 4737 1900 4781 amor
1948 4727 2010 4780 et
2058 4717 2330 4782 bonitaS.

914 4815 1153 4878 Deinde
1182 4815 1468 4880 Christus
1507 4815 1784 4880 ostendit
1818 4815 2106 4880 ordinem
2148 4817 2336 4899 spiri-

839 4914 1027 4977 tualis
1056 4914 1572 4996 regenerationiS,
1607 4932 1875 4996 eamque
1904 4933 1941 4976 a
1972 4915 2208 4977 carnali
2235 4933 2337 4996 ge-

837 5012 1163 5077 neratione
1211 5011 1565 5094 distInguit.
1610 5015 1793 5083 Quod
1836 5022 2069 5075 natum
2117 5022 2207 5073 εει
2253 5035 2336 5074 em

834 5131 1053 5181 carne,
1104 5131 1251 5173 caro
1307 5121 1445 5184 εει,·
1498 5121 1559 5173 ει
1603 5114 1776 5190 quod
1831 5122 2060 5173 natum
2115 5122 2208 5173 εει
2253 5132 2335 5172 εω

834 5211 1098 5287 spiritu,
1137 5210 1412 5289 spiritus
1452 5218 1564 5270 est.
1606 5207 1811 5272 Verba
1858 5209 1993 5273 haec
2039 5208 2334 5272 intricata

838 5313 901 5368 et
936 5304 1229 5369 difficilia
1266 5314 1435 5381 sunt,
1477 5313 1539 5368 et
1576 5305 2019 5389 multipliciter
2056 5307 2328 5388 intelligi

2447 3534 2530 3596 sit
2570 3534 3011 3617 impossibilis,
3055 3535 3165 3597 sed
3209 3535 3582 3608 necessaria,
3623 3539 3687 3596 et
3726 3553 3765 3596 a
3809 3552 3950 3596 car·

2445 4322 2547 4386 vel
2576 4323 2863 4386 animum
2895 4322 3317 4404 opprimentis
3344 4340 3420 4384 ac
3444 4321 3630 4385 taedio
3659 4321 3948 4384 afficien-

2443 4420 2548 4482 tis.
2583 4419 2685 4483 Sic
2723 4422 2896 4484 enim
2937 4420 3287 4483 mirabatur
3325 4419 3722 4494 Nicodemus,
3755 4421 3943 4502 quasi

2445 4537 2653 4582 sermo
2683 4519 2912 4583 Christi
2954 4518 3528 4602 impossibilitatem
3568 4518 3938 4582 contineret.

2446 4617 2651 4680 Potest
2709 4625 2917 4680 tamen
2980 4618 3057 4680 de
3110 4617 3397 4681 doctrina
3452 4616 3682 4680 Christi
3736 4617 3938 4680 admi·
4291 4579 4295 4678 4

2443 4715 2602 4780 ratio
2639 4715 2926 4780 ordinata
2959 4716 3202 4791 haberi,
3237 4734 3440 4798 quum
3477 4715 3644 4778 dicat
3679 4715 3940 4778 Psalmi-
4293 4713 4295 4720 '

2442 4822 2538 4877 sta
2589 4833 2603 4877 :
2655 4815 2963 4877 mirabilia
3007 4815 3370 4879 testimonia
3425 4821 3551 4876 tua.
3602 4813 3736 4877 Non
3785 4831 3936 4895 ergo
3991 4838 4196 4880 μιαν-ι.

2441 4912 2798 4976 inordinate
2836 4913 3112 4988 mireris,
3146 4913 3304 4994 quia
3341 4913 3495 4973 dimi
3536 4913 3656 4972 tibi
3683 4931 3708 4973 .·
3737 4915 3936 4988 Opor-
3965 4902 4056 4943 ¹²⁹-

2443 5021 2526 5072 tet
2565 5011 2938 5074 necessitate
2973 5011 3418 5086 conditionata,
3455 5028 3580 5073 non
3619 5009 3930 5084 absoluta,

2441 5110 2757 5186 videlicet,
2821 5111 2874 5173 si
2931 5110 3214 5173 debeatis
3273 5109 3525 5186 salvari,
3585 5129 3693 5170 vos
3749 5113 3934 5170 nasci

2437 5212 2648 5270 denuo
2693 5230 2718 5269 .·
2765 5209 3116 5272 secundum
3169 5208 3430 5272 modum
3481 5225 3652 5270 nunc
3699 5225 3934 5289 praeos-

2441 5314 2714 5370 tensum.
