4300 6259
100 1910 407 1964 Armaxa,

166 4950 362 5006 Ephee.
386 4961 421 4998 ι,

110 5019 195 5064 17,
220 5017 299 5056 ¹8.

1244 545 1597 592 mannum
1640 545 1703 591 IN
1746 545 1883 591 CAP.
1930 544 2013 589 xu
2059 543 2248 588 LUGAE.
2292 563 2373 573 —
2415 544 2556 590 ART-
2601 544 2797 590 xxxul

3490 523 3568 590 67

442 709 697 790 judicio
748 720 958 777 vestro
1017 716 1408 798 particulari,
1463 716 1759 779 videlicet
1810 716 1963 778 hora
1995 715 2039 774 A
2075 714 2460 778 illuminatio
2490 715 2652 777 lucis
2682 715 2914 778 divinae
2943 713 3334 796 perfundens
3365 721 3426 776 et
3455 713 3573 776 cla-

444 809 701 874 mortis.
736 829 928 891 quam
981 813 1047 874 in
1086 815 1367 892 generali
1407 815 1670 895 judici0,
1705 816 1961 895 quando

442 905 513 966 in
560 905 767 968 forma
807 908 1085 972 humana
1130 911 1510 974 descendam
1548 913 1625 974 ad
1673 912 1962 992 judican-

440 1004 603 1066 dum
648 1006 828 1068 vivos
880 1016 942 1069 et
986 1017 1291 1072 mortuos.
1326 1011 1393 1071 ln
1436 1010 1798 1092 particulari
1852 1030 1961 1071 au-

442 1109 579 1164 tem
627 1103 875 1183 judicio
924 1107 1103 1169 venit
1145 1107 1432 1171 Christus
1483 1127 1597 1191 per
1644 1109 1959 1190 aequitatis

440 1221 583 1264 suae
620 1200 953 1278 effectum,
989 1206 1401 1270 retribuendo
1432 1210 1601 1289 quod
1642 1209 1853 1271 anima
1891 1209 1956 1269 in

441 1318 717 1381 corpore
782 1321 898 1365 suo
962 1307 1338 1386 promeruit.
1402 1306 1643 1369 Dicitur
1699 1325 1959 1388 quoque

443 1397 739 1461 Christus
772 1401 993 1464 venire
1020 1422 1057 1464 a
1088 1403 1343 1485 nuptiis,
1365 1406 1515 1486 quia
1545 1405 1611 1466 in
1644 1406 1804 1468 coelo
1835 1405 1958 1467 sibi

442 1497 663 1559 univit
712 1499 1215 1582 triumphantem
1271 1501 1613 1565 Ecclesiam
1667 1503 1961 1586 plenissi-

442 1615 553 1656 ma
606 1597 864 1671 unione,
898 1607 1203 1681 tanquam
1248 1620 1546 1684 sponsam
1592 1603 1845 1684 penitus
1886 1603 1960 1664 il-

445 1693 737 1770 libatam,
782 1697 1219 1761 indesinenter
1256 1719 1329 1762 ac
1380 1701 1605 1764 intime
1651 1701 1773 1764 sibi
1815 1721 1963 1765 con-

442 1791 763 1872 junctam.
800 1793 884 1856 De
915 1795 1153 1876 quibus
1196 1798 1441 1879 nuptiis
1486 1799 1551 1860 in
1582 1799 1957 1881 Apocalypsi

2076 812 2334 874 rificans
2385 822 2686 886 mentem,
2741 814 3189 894 negligentiam
3237 813 3573 876 desidiam-

2072 931 2200 993 que
2241 912 2320 974 ab
2364 931 2436 973 ea
2477 913 2714 975 avellit.

2152 1014 2388 1078 Amen,
2412 1011 2474 1072 id
2505 1019 2602 1072 est
2633 1028 2802 1084 vere,
2826 1013 2969 1071 dico
3000 1013 3196 1082 vobiS,
3219 1014 3390 1090 quod
3411 1029 3572 1088 prce-

2070 1109 2284 1185 cinyet
2309 1130 2394 1180 se,
2429 1109 2547 1171 hoc
2578 1117 2692 1181 est,
2729 1108 3014 1171 Christus
3052 1109 3246 1190 judex
3278 1109 3572 1191 disponet

2072 1224 2141 1267 se
2179 1207 2256 1268 ad
2297 1207 2571 1269 dandum
2615 1207 2706 1268 eis
2747 1207 2999 1287 dignam
3039 1205 3358 1268 felicitatis
3396 1214 3574 1268 aeter-

2074 1323 2170 1366 nae
2219 1306 2600 1379 mercedem,
2655 1306 3004 1366 secundum
3062 1303 3571 1386 uniuscujusque

2074 1404 2509 1485 capacitatem,
2545 1403 3019 1485 proportionem
3063 1421 3174 1465 seu
3217 1404 3517 1465 meritum
3552 1422 3566 1466 ε

2076 1510 2143 1562 ut
2178 1503 2344 1564 sicut
2385 1502 2506 1584 ipsi
2552 1503 3022 1584 praecinxerunt
3061 1519 3128 1564 se
3166 1502 3242 1562 ad
3283 1501 3422 1582 ejus
3463 1502 3573 1564 ob-

2073 1601 2393 1682 sequium,
2430 1601 2522 1662 sic
2563 1601 2700 1682 ipse
2742 1601 3085 1682 praecingat
3124 1619 3191 1661 se
3228 1602 3304 1662 ad
3349 1618 3566 1662 eorum

2070 1697 2600 1778 glorificationem
2647 1717 2758 1760 seu
2802 1699 3159 1780 praemium,
3193 1717 3392 1780 quum
3435 1697 3573 1759 fue—

2074 1797 2204 1857 rint
2244 1817 2358 1859 suo
2397 1796 2638 1876 judicio
2678 1796 3073 1878 praesentati3
3105 1806 3164 1856 et
3191 1797 3391 1873 faciet
3427 1799 3572 1856 illos

448 1890 761 1952 scribitur
796 1911 809 1955 :
844 1891 1012 1955 Beati
1047 1894 1156 1976 qui
1191 1897 1269 1957 ad
1311 1915 1557 1960 coenam
1592 1897 1959 1978 nuptiarum
2002 1895 2044 1956 B
2072 1896 2488 1964 discumbere,
2513 1894 2573 1955 id
2606 1902 2701 1956 est
2732 1894 2920 1975 plene
2949 1893 3299 1975 quiescere,
3333 1901 3572 1954 etcum

448 1989 614 2068 Agni
650 1991 852 2052 vocati
886 1999 1055 2053 sunt.
1089 1991 1142 2053 A
1169 1993 1409 2075 quibus
1441 1995 1675 2057 dicitur
1704 2012 1963 2077 quoque

446 2086 743 2150 Christus
790 2091 1048 2164 reverti,
1084 2109 1209 2154 non
1249 2095 1421 2173 quod
1462 2111 1566 2155 eas
1616 2093 1957 2174 relinquat,

442 2194 558 2247 aut
605 2186 760 2267 quia
806 2187 1152 2268 aliquando
1201 2189 1533 2265 finiantur,
1578 2193 1685 2253 sed
1735 2192 1887 2273 quia
1925 2211 1962 2254 a

444 2283 589 2347 loco
639 2285 985 2369 voluptatis
1037 2288 1211 2350 illius
1264 2289 1624 2370 purissima*
1673 2309 1962 2372 corpora-

445 2382 597 2444 liter
638 2391 751 2444 aut
792 2385 1213 2465 spiritualiter
1258 2386 1476 2449 venire
1518 2387 1843 2450 asseritur.

528 2481 749 2562 ltaque
788 2482 1111 2545 Christum
1160 2483 1443 2564 judicem
1492 2485 1955 2566 praestolemur,

448 2587 521 2640 ut
566 2599 773 2661 quum
814 2582 1061 2642 venerit
1109 2584 1187 2644 ad
1240 2602 1354 2644 nos
1398 2583 1461 2644 in
1514 2584 1670 2646 hora
1712 2584 1955 2658 mortis,

447 2677 548 2739 vel
604 2678 668 2740 in
721 2686 1007 2742 extremo
1053 2679 1317 2760 judicio,
1364 2689 1435 2742 ut
1482 2681 1855 2763 pulsaverit,
1898 2684 1958 2744 id

444 2785 567 2848 est,
612 2776 837 2839 mortis
878 2777 1165 2839 debitum
1214 2778 1516 2860 exegerit,
1559 2799 1672 2840 seu
1713 2799 1828 2862 per
1867 2780 1962 2842 in-

444 2873 823 2937 firmitatem
854 2875 1108 2937 letalem
1140 2877 1430 2958 tetigerit,
1456 2878 1791 2941 confestim
1822 2897 1963 2961 ape-

448 2974 693 3035 riamus
742 2973 827 3046 ei,
881 2973 945 3036 id
995 2983 1111 3050 est,
1166 2976 1367 3057 parati
1418 2978 1620 3038 simus
1670 2977 1747 3038 ad
1796 2996 1963 3040 mor—

2072 1991 2314 2072 angelis
2347 1991 2580 2053 sanctis
2616 1992 2678 2052 in
2723 2009 2941 2052 mensa
2970 1998 3220 2052 aeternae
3251 1989 3571 2053 felicitatis

2076 2089 2361 2162 reficere,
2409 2089 2470 2151 id
2520 2097 2615 2152 est
2666 2089 3022 2151 Divinitatis
3073 2088 3369 2150 beatifica
3417 2087 3575 2149 frui—

2071 2189 2246 2250 tione
2297 2188 2526 2269 repleri
2581 2206 2653 2248 ac
2703 2187 2912 2248 satiari
2969 2205 2982 2248 :
3031 2187 3566 2267 quemadmodum

2071 2286 2160 2347 ait
2209 2286 2557 2358 psalmista,
2611 2285 3103 2347 Inebriabuntur
3151 2284 3229 2346 ab
3286 2284 3572 2346 ubertate

2073 2385 2299 2447 domus
2330 2391 2474 2456 tuae,
2509 2390 2574 2447 et
2612 2391 2890 2446 'torrente
2919 2383 3263 2464 voluptatis
3302 2390 3429 2446 tuae
3464 2401 3574 2465 po-

2072 2481 2236 2543 tabis
2283 2500 2422 2558 eosf,
2456 2482 2759 2561 itemque,
2803 2479 3088 2543 Satiahor
3129 2500 3329 2561 quum
3379 2501 3574 2563 appa-

2072 2581 2272 2642 ruerit
2299 2581 2499 2660 gloria
2530 2587 2657 2641 tua.
2682 2579 2856 2641 Unde
2887 2579 3054 2640 infra
3083 2579 3366 2660 loquitur
3396 2579 3574 2642 Chri-

2072 2685 2206 2739 stus
2234 2697 2247 2740 :
2275 2677 2401 2757 Ego
2431 2678 2701 2757 dispono
2734 2676 2914 2740 vohis
2947 2695 3236 2756 regnum,
3275 2684 3342 2737 ut
3370 2679 3570 2739 edatis

2072 2787 2133 2839 et
2179 2777 2411 2838 bibatis
2453 2794 2646 2857 super
2677 2793 2960 2836 mensam
3009 2793 3237 2837 meam.
3280 2774 3440 2838 Hinc
3478 2777 3574 2838 di-

2075 2875 2262 2938 vinus
2306 2874 2638 2956 Dionysius
2679 2874 2743 2935 in
2785 2874 3054 2955 epistola
3092 2892 3206 2935 sua
3245 2875 3319 2935 ad
3359 2874 3570 2936 Titum

2073 2972 2298 3035 scribit
2330 2992 2343 3034 :
2379 2971 2776 3034 Diseubitum
2825 2973 3166 3054 opinamur
3205 2973 3484 3054 quietem
3535 2993 3572 3034 a

446 3079 602 3140 tem,
658 3079 722 3133 et
780 3071 1103 3135 Christum
1150 3073 1435 3154 judicem
1490 3093 1713 3137 secure
1770 3083 1962 3157 atque
2000 3072 2043 3135 C
2076 3071 2294 3134 multis
2324 3070 2672 3144 laborihuS,
2706 3077 2769 3132 et
2798 3070 2992 3133 vitam
3027 3071 3166 3133 sine
3198 3071 3475 3144 laesione,
3511 3079 3572 3134 et

448 3170 767 3244 hilariter,
802 3170 904 3235 vel
948 3171 1170 3233 saltem
1218 3181 1513 3254 prompte
1551 3193 1624 3236 ac
1664 3173 1963 3236 obedien-

450 3277 569 3337 ter,
605 3268 1057 3349 suscipiamuS.
1094 3268 1260 3331 Talis
1298 3268 1423 3331 fuit
1452 3269 1680 3332 Paulus
1721 3271 1833 3352 qui
1869 3272 1963 3334 di-

452 3368 547 3428 xit
592 3385 605 3428 ε
652 3367 859 3448 Cupio
898 3368 1161 3431 dissolvi
1198 3377 1262 3430 et
1301 3386 1441 3430 esse
1484 3387 1631 3430 cum
1673 3369 1955 3441 Christo:

448 3463 787 3526 Psalmista
816 3483 1097 3546 quoque,
1132 3466 1243 3547 qui
1278 3467 1505 3528 clamat
1542 3485 1555 3528 ε
1590 3466 1721 3528 Heu
1755 3468 1953 3530 mihil

448 3561 605 3643 quia
636 3561 953 3625 incolatus
986 3580 1167 3624 meus
1211 3563 1617 3644 prolongatus
1652 3572 1766 3627 est.
1802 3565 1961 3629 Hinc

452 3661 517 3723 in
548 3659 784 3724 Iacobo
824 3660 1095 3722 habetur
1130 3680 1144 3723 :
1178 3661 1488 3724 Patientes
1528 3670 1725 3726 estote
1757 3682 1960 3746 usque

448 3762 527 3822 ad
561 3760 909 3821 adventum
949 3758 1221 3833 Domini,
1258 3767 1320 3821 et
1358 3759 1732 3824 confirmate
1773 3764 1962 3825 corda

450 3866 685 3930 vestra,
737 3857 891 3939 quia
948 3859 1259 3920 adventus
1308 3857 1555 3921 Domini
1615 3861 1962 3942 appropin-

449 3956 681 4037 quabit
714 3975 727 4017 :
762 3973 911 4018 ecce
958 3955 1155 4035 judex
1199 3964 1345 4018 ante
1380 3957 1640 4037 januam
1688 3959 1956 4021 adsistit.

532 4056 729 4115 Beati
766 4061 917 4115 sunt
966 4072 1141 4116 nunc
1190 4055 1254 4115 in
1302 4072 1436 4136 spe,
1470 4063 1535 4116 et
1587 4075 1699 4137 per
1738 4057 1963 4119 merita

450 4152 759 4225 virtuosa,
810 4154 985 4212 servi
1034 4153 1168 4223 illi,
1220 4152 1516 4214 similiter
1574 4162 1635 4216 et
1690 4154 1958 4230 ancillae,

2073 3169 2618 3232 conversationem
2650 3168 2930 3230 divinam
2976 3169 3038 3230 in
3077 3169 3342 3244 lumine,
3379 3169 3439 3231 in
3475 3189 3573 3232 re-

2070 3269 2260 3348 gione
2299 3266 2676 3340 viventium,
2721 3267 3020 3330 universo
3070 3275 3285 3330 saneto
3331 3267 3569 3330 affectu

2071 3366 2503 3448 adimpletam,
2548 3365 2866 3447 copiosam
2917 3366 3316 3428 donationem
3369 3367 3572 3430 omni-

2074 3485 2180 3526 um
2225 3467 2558 3538 donorum,
2595 3464 2944 3526 secundum
2986 3481 3178 3544 quam
3216 3464 3432 3526 laetitia
3465 3467 3573 3527 ad—

2073 3563 2398 3645 impletur.
2436 3565 2517 3624 Ει
2549 3565 2891 3634 εναπείεηε,
2925 3562 2987 3623 id
3020 3571 3136 3636 est,
3171 3563 3568 3643 singulorum

2072 3663 2260 3724 corda
2287 3660 2751 3742 jucundissime
2781 3660 3066 3734 visitanS,
3101 3668 3292 3741 atque
3323 3661 3386 3722 in
3421 3681 3571 3723 cun-

2073 3760 2191 3822 ctis
2221 3759 2636 3841 spiritualiter
2662 3759 2979 3839 gradienS,
3013 3757 3157 3820 illos
3197 3766 3571 3821 converten-

2074 3860 2174 3932 do,
2209 3875 2320 3918 seu
2371 3857 2582 3939 potius
2631 3875 2968 3919 conversos
3016 3857 3289 3918 tenendo
3340 3856 3404 3918 in
3457 3875 3564 3938 se;

2073 3957 2196 4029 vel,
2251 3955 2607 4028 TransienS,
2663 3955 2724 4016 id
2773 3962 2888 4026 est,
2945 3955 3294 4017 secundum
3347 3955 3570 4018 huma-

2074 4055 2336 4115 nitatem
2381 4071 2556 4114 suam
2599 4072 2634 4114 a
2678 4053 2814 4116 loco
2860 4052 3083 4132 judicii
3127 4053 3440 4132 generalis
3489 4055 3566 4116 ad

2073 4151 2266 4215 coelos
2315 4159 2674 4224 revertens;
2709 4152 3108 4212 ministrabit
3139 4152 3303 4220 illis,
3333 4151 3396 4212 id
3447 4160 3562 4224 est,

450 4270 611 4330 quos
659 4270 863 4329 quum
915 4251 1163 4310 venerit
1209 4252 1517 4311 dominus
1556 4251 1737 4314 Jesus
1789 4252 1965 4315 Chri·
1995 4257 2044 4318 D
2072 4251 2287 4314 omnia
2315 4250 2390 4312 ad
2431 4267 2650 4312 eorum
2689 4248 3148 4310 beatitudinem
3185 4249 3568 4330 pertinentia

450 4357 591 4410 stus
618 4349 715 4428 (in
746 4347 991 4429 judicio
1032 4348 1402 4429 particulari
1435 4368 1547 4411 seu
1592 4351 1959 4426 universali,

452 4454 525 4508 ut
576 4446 819 4508 dietum
870 4445 1013 4524 est),
1060 4448 1387 4507 invenerit
1431 4449 1806 4524 viyilanteS,
1845 4450 1965 4512 hoe

450 4545 649 4606 estin
693 4542 913 4606 divino
952 4543 1265 4625 obsequio
1305 4544 1663 4625 diligenteS,
1700 4567 1826 4610 non
1869 4548 1966 4630 pi-

450 4661 603 4724 gros
650 4648 765 4702 aut
809 4641 1265 4716 somnolentos,
1306 4645 1415 4704 sed
1465 4644 1697 4706 mentis
1747 4646 1963 4709 oculos

454 4740 536 4801 ad
586 4755 883 4819 supernae
930 4738 1094 4800 lucis
1138 4741 1739 4822 contemplationem
1790 4761 1966 4824 aper-

460 4845 555 4900 tos
595 4836 927 4910 habenteS,
962 4837 1422 4901 considerando
1462 4838 1700 4913 divina,
1744 4858 1967 4921 quem-

456 4935 803 4997 admodum
844 4935 921 4995 ad
961 4933 1269 5016 Ephesios
1307 4937 1397 4997 ait
1435 4936 1773 5018 Apostolus
1810 4957 1823 5000 z
1857 4938 1967 5001 Pa-

458 5041 555 5096 ter
580 5031 803 5113 gloriae
835 5032 943 5093 det
974 5031 1155 5094 vohis
1196 5032 1495 5114 spiritum
1536 5035 1863 5116 sapientiae
1898 5037 1965 5098 in

458 5131 849 5212 agnitionem
882 5130 1046 5210 ejuS,
1081 5130 1470 5195 illuminatos
1502 5133 1717 5197 oculos
1758 5136 1965 5199 cordis

462 5229 675 5292 vestri.
699 5228 1029 5302 Praeterea,
1058 5227 1224 5291 sicut
1253 5230 1470 5292 lumen
1501 5232 1829 5314 corporale
1860 5252 1968 5316 op-

462 5326 741 5408 positum
790 5325 1019 5402 oculis„
1072 5327 1557 5391 somnolentiam
1609 5329 1833 5411 pellit3
1875 5330 1966 5393 sic

2076 4356 2368 4431 prompte
2411 4367 2484 4410 ac
2533 4346 2990 4428 copiosissime,
3039 4365 3327 4409 amorose
3375 4355 3566 4428 atque

2072 4447 2396 4510 laetissime
2443 4443 2788 4507 exhibebit.
2829 4443 2968 4506 Haec
3015 4444 3260 4525 quippe
3308 4453 3405 4506 est
3450 4446 3569 4506 mi-

2073 4545 2362 4608 nistratio
2391 4543 2703 4624 suffragii,
2739 4559 2864 4604 non
2895 4540 3214 4623 obsequii,
3249 4543 3568 4606 ministra-

2075 4645 2162 4707 tio
2210 4642 2507 4717 caritatiS,
2561 4661 2686 4704 non
2746 4639 3160 4722 subjectionis
3213 4658 3226 4701 ε
3279 4658 3424 4721 quae
3472 4649 3569 4704 est

2074 4740 2456 4805 ministratio
2483 4737 2888 4800 sufficientiae
2925 4737 3413 4812 beneficiorum,
3450 4739 3569 4801 sic—

2076 4849 2143 4902 ut
2185 4848 2360 4922 pater
2400 4837 2553 4898 filiis
2596 4836 2912 4898 ministrat
2950 4854 3282 4918 expensas.
3315 4836 3469 4898 Nam
3505 4844 3568 4899 et

2073 4938 2280 5018 angeli
2311 4936 2510 4998 saneti
2541 4953 2614 4996 ac
2643 4933 2862 4996 felices
2895 4933 3078 4996 nobis
3115 4935 3563 5015 pauperrimiS,

2078 5043 2332 5120 peceato
2380 5041 2442 5096 et
2489 5033 2746 5094 miseria
2794 5032 3024 5115 pleniS,
3061 5031 3422 5093 ministrare
3474 5033 3571 5094 di-

2075 5142 2328 5208 cuntur,
2390 5131 2684 5213 quamvis
2745 5131 3094 5193 secundum
3151 5128 3564 5203 Bernardum,

2074 5233 2203 5295 sint
2244 5229 2485 5294 domini
2529 5237 2592 5290 et
2633 5229 2956 5310 principes
3001 5227 3222 5290 nostri.

2154 5329 2274 5393 Sed
2304 5329 2608 5412 quoniam
2640 5327 2802 5390 Deus
2835 5327 3013 5391 novit
3044 5326 3426 5409 pronitatem
3458 5345 3570 5391 no-

3600 2304 3678 2349 Pe.
3693 2309 3864 2357 xxxvss.

3599 2502 3676 2545 Pe.
3696 2517 3778 2555 ενι,
3798 2508 3846 2547 15

3637 2691 3742 2733 Luc.
3761 2706 3858 2744 xxii,

3600 2753 3668 2804 29,
3689 2756 3756 2796 30.
