4300 6259
1127 486 1479 534 numano
1519 486 1584 533 IN
1627 485 1764 533 GAP.
1810 484 1900 530 111
1940 483 2219 531 mamus.
2266 503 2346 515 —
2387 485 2527 532 ΛΒΤ.
2575 486 2702 531 XXX

346 657 480 718 dus
542 675 684 720 mea
731 658 907 721 dedit
960 659 1216 722 odorem
1270 677 1482 720 suum.
1536 656 1713 719 Tune
1761 655 1866 717 de—
1893 652 2040 717 Ain
2082 655 2364 719 sacculos
2404 674 2563 738 quos
2600 655 2789 718 Judas
2831 656 3125 738 portavit,
3160 655 3301 738 ipse
3319 676 3474 734 por·

351 773 542 817 mum
577 763 706 818 tota
737 757 980 828 domus
1002 756 1118 820 hoc
1145 763 1240 818 est
1271 755 1568 817 universa
1597 753 1863 815 fratrum

65 869 218 912 reor.
240 884 310 921 m,
352 853 680 928 collectio,
741 855 842 918 vel
899 855 1134 932 anima,
1199 873 1344 936 quae
1400 863 1494 915 est
1551 852 1864 934 templum

31 937 94 982 ¹⁶*
125 938 194 976 ¹⁷·
353 951 496 1024 Dei,
533 953 842 1034 impletur
877 954 1070 1017 odore
1101 951 1405 1034 unguenti
1444 952 1628 1013 istius
1663 970 1675 1012 :
1712 970 1867 1033 quo-

353 1052 538 1115 niam
605 1053 922 1136 spirituali
985 1052 1304 1114 hilaritate
1367 1050 1861 1133 perfunduntur,

349 1151 708 1232 gloriantes
760 1152 825 1215 in
877 1150 1166 1222 Domino,
1216 1151 1448 1231 gratias
1509 1148 1862 1222 referende,

65 1261 238 1315 Εριιω.
263 1275 316 1312 v,
355 1251 678 1313 cantando
711 1257 773 1311 et
804 1249 1129 1332 psallendo
1157 1248 1281 1311 Deo
1311 1248 1376 1309 in
1407 1246 1700 1310 cordibus
1731 1245 1864 1308 suis

37 1327 102 1366 ¹⁹·
356 1365 643 1430 semper.

151 1453 190 1508 4
442 1448 642 1508 Dixit
674 1468 822 1525 erqo
855 1468 1029 1508 unus
1069 1467 1150 1506 ew
1187 1446 1530 1522 discipulis
1563 1445 1726 1522 ejus,
1757 1447 1867 1505 Ju-

357 1547 484 1605 das
521 1546 890 1613 Iscariotes,
923 1545 988 1607 id
1031 1553 1128 1606 est
1165 1545 1244 1606 de
1284 1543 1424 1606 vico
1463 1541 1721 1604 nomine
1760 1541 1868 1604 Ca-

359 1643 534 1706 rioth
575 1643 912 1717 oriundUS‚
945 1645 1063 1722 qui
1089 1653 1230 1704 erat
1257 1661 1405 1703 eum
1447 1643 1813 1704 traditurus
1843 1660 1866 1699 .·

154 1750 192 1804 5
364 1746 582 1812 Quare
623 1743 740 1803 hoc
769 1753 1180 1820 unquentum
1221 1761 1352 1802 non
1384 1742 1610 1813 veniit,
1645 1740 1706 1801 id
1747 1747 1861 1813 est,

3082 206 3595 618 Ἃ

1979 757 2174 823 tabat,
2218 755 2335 818 hoc
2376 762 2491 827 est,
2536 755 2599 816 in
2650 755 2807 817 alios
2849 774 3002 818 usus
3045 755 3378 829 convertit,
3412 763 3474 816 et

1975 853 2336 927 occultavit,
2372 853 2688 915 decimum
2718 854 2818 933 (ut
2847 853 3109 932 dicitur)
3140 872 3471 915 nummum

1977 950 2269 1014 furando.
2303 987 2381 996 —
2412 950 2708 1023 Quamvis
2756 958 2967 1014 autem
3014 951 3215 1033 aliqui
3264 951 3476 1013 dicant

1977 1049 2198 1112 ludam
2240 1068 2274 1110 a
2312 1049 2633 1132 principio
2673 1069 2801 1112 suae
2848 1050 3193 1113 vocationis
3234 1050 3472 1111 malum

1979 1148 2200 1222 fuisse,
2245 1148 2642 1231 probabilius
2689 1157 2895 1212 tamen
2944 1149 3193 1212 videtur
3232 1149 3472 1210 dietum

1978 1248 2247 1311 aliorum
2294 1248 2667 1324 dicentium,
2711 1250 2880 1331 quod
2927 1249 3180 1331 quando
3221 1267 3258 1309 a
3297 1248 3476 1311 Chri-

1979 1355 2074 1410 sto
2124 1347 2189 1409 in
2240 1347 2597 1429 apostolum
2652 1353 2978 1428 promotus
3036 1345 3181 1420 fuit,
3233 1346 3475 1409 exstitit

1980 1446 2208 1520 bonus,
2266 1447 2374 1507 sed
2435 1452 2651 1527 postea
2696 1465 2732 1506 a
2780 1453 3087 1508 tentatore
3137 1444 3361 1519 vietuS,
3413 1454 3476 1508 et

1979 1545 2044 1606 in
2083 1543 2411 1606 avaritiam
2452 1551 2546 1606 est
2587 1543 2891 1624 dejectus.
2935 1543 3060 1606 Nec
3110 1551 3263 1626 puto
3301 1544 3473 1626 quod

1979 1633 2264 1705 Christus
2327 1641 2752 1704 commisisset
2821 1641 2943 1705 sibi
3007 1642 3473 1724 praedieationis

1978 1738 2291 1814 officium,
2332 1741 2453 1802 nisi
2487 1759 2603 1822 pro
2633 1747 2785 1803 tunc
2817 1741 3045 1821 dignus
3087 1739 3333 1804 fuisset.
3368 1740 3474 1803 Mi-

361 1841 698 1904 venditum
748 1860 875 1903 non
917 1848 1033 1915 est,
1079 1843 1372 1901 trecentis
1415 1840 1758 1900 denariis?
1799 1837 1864 1899 ln
1904 1840 1951 1903 B
1979 1839 2060 1902 sit
2101 1839 2272 1902 enim
2311 1840 2495 1901 illum
2536 1840 2899 1921 praedicare,
2933 1840 3471 1921 quemadmodum

53 1953 326 2004 Mare-xvv.
358 1939 567 2004 Marco
595 1940 896 2021 leguntur
925 1939 1223 2021 discipuli
1257 1938 1669 2001 communiter
1701 1956 1869 1998 mur-

41 2019 144 2069 ⁴'⁵'
363 2057 676 2114 murasse,
711 2048 902 2120 atque
942 2039 1180 2100 dixisse
1222 2055 1235 2099 ε
1277 2038 1354 2100 Ut
1394 2037 1550 2119 quid
1595 2037 1867 2119 perditio

364 2138 540 2201 ista?
589 2137 800 2202 Potuit
849 2137 1024 2199 enim
1083 2141 1479 2217 unguentum
1539 2135 1708 2197 istud
1762 2152 1869 2197 ve-

363 2236 642 2300 nundari
693 2236 1036 2318 plusquam
1077 2233 1374 2297 trecentis
1416 2233 1714 2297 denariis
1747 2232 1866 2294 Sed

362 2335 572 2416 major
617 2334 938 2416 quantitas
993 2351 1120 2396 non
1171 2331 1453 2395 excludit
1502 2332 1865 2411 minorem3

360 2442 424 2496 et
467 2433 864 2496 consuetudo
905 2430 1252 2513 Scripturae
1294 2438 1408 2504 est,
1446 2430 1574 2493 imo
1613 2439 1676 2492 et
1717 2449 1868 2492 usus

360 2531 793 2614 loquentium,
829 2539 900 2593 ut
938 2531 1051 2593 toti
1095 2528 1534 2594 communitati
1579 2530 1678 2592 vel
1720 2529 1872 2592 soci·

360 2630 512 2694 etati
557 2629 957 2692 adscribatur
1006 2630 1179 2710 quod
1219 2647 1256 2690 a
1294 2637 1472 2711 parte
1519 2627 1657 2709 ejus
1707 2647 1872 2691 com-

363 2731 666 2792 mittitur.
744 2728 855 2790 Vel
929 2728 982 2790 si
1054 2727 1163 2789 alii
1239 2745 1498 2809 quoque
1567 2726 1868 2809 discipuli

363 2826 874 2900 murmurabant,
933 2845 1060 2889 non
1119 2826 1336 2887 eadem
1399 2825 1640 2887 ratione
1695 2844 1872 2886 mur-

364 2931 787 2989 muraverunt
812 2943 942 3006 qua
967 2923 996 2985 J
1005 2925 1179 2998 udaS‚
1206 2923 1316 2985 sed
1349 2941 1425 2984 ex
1457 2923 1688 3004 pietate
1719 2942 1875 3004 qua-

1976 1938 2133 2001 alios
2182 1937 2534 2019 Apostolos.
2586 1935 2701 2010 Qui
2753 1956 2900 2000 vero
2948 1937 3013 1998 in
3061 1938 3231 2001 vitiis
3281 1938 3469 2020 jacet,
3498 1958 3759 2011 muns.
3804 1939 3809 1942 ’

1979 2045 2197 2120 peceat
2238 2036 2587 2100 mortaliter
2626 2037 2907 2100 docendo
2944 2056 3090 2118 quae
3130 2055 3254 2100 non
3295 2037 3467 2100 facit.

1979 2135 2264 2199 Christus
2301 2143 2511 2196 autem
2553 2135 2713 2198 nulli
2755 2135 3058 2216 praecepit
3094 2134 3302 2198 faeere
3329 2155 3473 2218 quae

1981 2254 2104 2298 non
2175 2235 2388 2298 licent.
2443 2233 2755 2296 Peccatori
2815 2252 2963 2297 vero
3022 2234 3179 2296 dixit
3238 2235 3400 2297 Deus
3454 2254 3763 2308 :rumam

1980 2332 2183 2405 Quare
2226 2340 2291 2394 tu
2334 2350 2589 2393 enarras
2629 2331 2907 2414 justitias
2951 2334 3162 2394 meast

2059 2433 2251 2493 Dixit
2278 2451 2426 2508 erqo
2452 2434 2657 2502 Iesus,
2690 2429 2800 2513 qui
2834 2449 3010 2492 suam
3046 2431 3470 2513 praedilectam
3617 2438 3652 2493 '¹1

1979 2529 2406 2610 Magdalenam
2465 2528 2833 2610 frequenter
2879 2528 3224 2603 excusavit,
3277 2529 3479 2592 fideli-

1982 2635 2080 2690 ter
2125 2635 2319 2709 atque
2366 2627 2639 2708 benigne
2674 2647 2687 2688 :
2724 2630 2883 2689 Sine
2927 2630 3144 2698 illam,
3194 2628 3313 2691 hoe
3359 2636 3475 2704 est,

1983 2725 2187 2789 Mariae
2236 2745 2360 2789 non
2412 2725 2498 2788 sis
2548 2726 2873 2800 molestuS‚
2916 2743 3033 2788 uec
3084 2743 3220 2788 eam
3268 2726 3482 2808 prohi-

1984 2824 2132 2888 beas
2182 2822 2390 2887 saeere
2439 2825 2611 2905 quod
2659 2842 2831 2886 nunc
2874 2823 3045 2898 facit,
3081 2834 3155 2885 ut
3192 2826 3267 2885 in
3304 2826 3481 2886 diem

1981 2926 2328 3000 sepulturae
2368 2943 2519 2984 meoe
2559 2932 2760 2983 servet.
2810 2923 3010 2996 illud,
3054 2922 3118 2984 id
3165 2929 3281 2996 est,
3324 2941 3483 3004 qua-

364 3027 556 3104 dam3
597 3031 662 3086 et
699 3023 824 3086 cito
865 3021 1198 3084 cessabant
1239 3041 1276 3084 a
1314 3039 1666 3096 murmure,
1701 3021 1875 3084 Chri·
1911 3017 1954 3081 C
1984 3029 2167 3083 tenus
2205 3029 2359 3083 tune
2400 3028 2677 3083 reservet
2716 3027 3112 3102 unguentum
3153 3022 3324 3102 quod
3364 3021 3481 3082 mi-

365 3125 449 3186 sti
509 3122 926 3204 responsione
979 3121 1212 3184 audita.
1255 3120 1444 3182 Judas
1496 3139 1643 3184 vero
1692 3140 1870 3182 suam

366 3221 683 3284 malitiam
735 3219 1020 3302 palliavit
1076 3237 1432 3301 pauperum
1491 3219 1873 3301 compassio-

369 3339 474 3396 ne,
509 3318 932 3399 subjungenS,
967 3327 1026 3378 et
1065 3321 1298 3379 datum
1335 3327 1424 3379 est
1461 3320 1721 3396 cycnis:
1752 3318 1871 3382 hoe

367 3425 488 3492 est,
541 3435 656 3479 eur
705 3416 982 3498 pretium
1037 3414 1343 3496 unguenti
1395 3434 1520 3478 non
1576 3424 1672 3477 est
1721 3435 1872 3479 con-

370 3523 718 3588 servatum,
769 3522 837 3575 ut
879 3522 1174 3594 erogetur
1217 3514 1661 3596 pauperibus?

180 3617 218 3670 6
450 3615 647 3676 Discit
692 3622 911 3674 autem
960 3616 1097 3684 Ιιοσ,
1150 3633 1282 3674 non
1328 3615 1488 3693 quia
1535 3616 1615 3673 de
1661 3615 1875 3691 egenis

359 3713 732 3790 pertinebat
779 3714 866 3772 ad
911 3731 1076 3782 eum,
1123 3711 1187 3773 id
1234 3719 1351 3786 est,
1397 3728 1609 3773 veram
1658 3730 1874 3773 euram

369 3817 434 3870 et
491 3808 820 3872 caritatem
877 3827 1004 3870 non
1064 3807 1336 3870 habebat
1392 3809 1469 3870 ad
1519 3825 1872 3890 pauperes3

367 3911 482 3968 sed
519 3908 681 3987 quia
717 3908 840 3984 fur
867 3917 1033 3977 erat,
1061 3916 1121 3968 et
1165 3910 1422 3975 loculos,
1455 3906 1518 3968 id
1559 3915 1654 3968 est
1697 3925 1878 3989 repo—

367 4007 614 4080 sitoria,
665 4007 927 4076 liabens,
974 4027 1049 4067 ea
1109 4027 1253 4084 quoe
1313 4009 1763 4076 mittebantur,
1811 4005 1874 4070 id

368 4113 468 4168 est
507 4105 942 4184 eleemosynas
980 4122 1127 4185 quae
1158 4104 1407 4167 Christo
1445 4103 1759 4166 dabantur
1795 4105 1872 4166 ad

1983 3120 2048 3181 hi
2082 3120 2333 3202 sepulto
2362 3118 2873 3200 superfunderet,
2898 3118 2953 3180 si
2984 3136 3087 3181 me
3118 3127 3271 3182 tunc
3303 3119 3480 3183 inve-

1985 3218 2171 3280 niret.
2202 3217 2513 3300 Loquitur
2541 3235 2689 3299 ergo
2722 3217 3005 3281 Christus
3039 3218 3116 3280 de
3157 3227 3478 3299 unguento

1985 3317 2177 3378 simili
2228 3317 2401 3398 quod
2448 3315 2637 3377 Maria
2686 3333 2900 3378 secum
2952 3315 3227 3397 portavit
3267 3315 3331 3377 in
3376 3317 3479 3379 die
3524 3335 3771 3388 Mamm,

1984 3415 2319 3478 dominicae
2369 3413 2869 3488 resurrectioniS,
2920 3421 2991 3476 ut
3032 3421 3296 3495 ungeret
3343 3434 3481 3478 cor·
3510 3397 3769 3504 }{L“⁶·¹¹¹'·

1985 3533 2106 3596 pus
2132 3513 2279 3575 Jesu
2315 3531 2329 3574 ε
2362 3513 2535 3594 quod
2570 3519 2964 3592 unguentum
2997 3520 3150 3574 tunc
3180 3513 3477 3586 servavit,

1987 3630 2102 3674 nee
2145 3611 2210 3672 in
2252 3610 2570 3673 Christum
2617 3609 2775 3671 illud
2822 3609 3144 3691 expendit,
3178 3610 3481 3692 quoniam

1983 3719 2138 3772 tunc
2195 3707 2491 3771 surrexit.
2545 3706 2706 3770 Dicit
2764 3726 2913 3788 ergo
2972 3706 3255 3770 Christus
3309 3708 3485 3772 Judae

1986 3817 2054 3869 ut
2114 3807 2434 3889 permittat
2496 3805 2747 3868 Mariam
2810 3824 2982 3867 nune
3040 3804 3249 3868 faeere
3311 3808 3483 3888 quod

1985 3913 2138 3969 tune
2180 3905 2416 3968 faceret
2454 3905 2508 3966 si
2550 3904 2808 3978 valeret,
2841 3913 3157 3992 quatenus
3196 3913 3350 3966 tunc
3390 3923 3486 3968 re-

1985 4013 2192 4068 servet
2235 4009 2654 4084 unguentum,
2691 4003 2875 4084 eujus
2921 4001 3131 4064 simile
3174 4022 3347 4065 nunc
3393 4003 3483 4065 ef·

1985 4101 2173 4166 fudit.
2226 4100 2428 4163 Verba
2485 4099 2899 4181 Evangelistae
2946 4107 3095 4162 sunt
3147 4100 3478 4182 intricata3

369 4202 901 4266 sustentationem
952 4203 1052 4264 sui
1102 4210 1164 4264 et
1214 4202 1674 4284 discipulorum
1735 4221 1877 4265 suo—
1908 4209 1955 4270 D
1989 4202 2097 4263 sed
2129 4201 2300 4283 quod
2340 4200 2459 4261 iste
2488 4199 2571 4261 sit
2607 4217 2853 4272 sensuS,
2890 4205 3061 4281 patet
3088 4217 3167 4260 ex
3196 4216 3271 4262 eo
3310 4200 3481 4281 quod

369 4322 540 4378 rum,
578 4300 675 4364 vel
711 4310 778 4363 ut
809 4300 949 4383 ipse
989 4300 1128 4362 illas
1169 4300 1435 4362 ulterius
1468 4300 1878 4363 distribueret

373 4401 440 4462 in
493 4417 850 4482 pauperum
901 4417 1074 4461 usus.
1118 4398 1309 4460 Multa
1355 4399 1597 4480 quippe
1645 4398 1878 4461 daban-

369 4507 478 4562 tur
507 4497 757 4561 Christo
793 4497 874 4559 ab
908 4496 1306 4560 auditoribus
1346 4497 1477 4559 suis
1518 4505 1582 4560 et
1617 4496 1875 4560 feminis

370 4596 713 4678 religiosiS,
755 4603 818 4657 et
861 4596 1032 4678 quod
1076 4595 1324 4658 Christo
1371 4595 1641 4677 ejusque
1690 4596 1878 4658 disci-

372 4695 546 4778 pulis
593 4693 1004 4776 superfluxit,
1039 4692 1193 4756 feeit
1234 4693 1518 4756 Christus
1563 4694 1697 4756 dari
1742 4712 1878 4775 ege-

373 4795 476 4856 nis
521 4811 535 4855 :
582 4800 844 4874 propter
890 4793 1063 4873 quod
1113 4799 1176 4854 et
1223 4792 1444 4873 inopes
1493 4792 1678 4853 multi
1728 4811 1876 4854 cum

373 4891 865 4956 comitabantur.
927 4889 1212 4953 Christus
1271 4908 1528 4972 quoque
1585 4889 1876 4954 officium

375 4990 808 5074 procuratoris
834 4997 898 5050 et
933 4989 1388 5070 dispensatoris
1428 4990 1747 5052 commisit
1774 4989 1878 5052 Ju-

89 5127 344 5179 ,mffi-m,
375 5092 496 5164 dae,
549 5097 852 5170 tanquam
915 5087 1127 5148 minus
1186 5085 1501 5168 spirituali
1552 5094 1614 5148 et
1661 5086 1880 5149 inferi-

88 5188 231 5234 ΗΜ·
284 5205 346 5242 ¹¹¹·
377 5189 472 5252 ori
510 5207 524 5250 :
561 5205 710 5250 nam
742 5193 807 5249 et
835 5185 1002 5248 inter
1029 5185 1361 5266 Apostolos
1407 5184 1669 5247 ultimus
1710 5204 1879 5248 com-

89 5254 149 5359 ἔξ
163 5253 349 5310 Luam
379 5295 663 5372 putatur.
715 5284 890 5347 Talia
932 5301 1082 5364 ergo
1129 5301 1274 5364 quae
1320 5282 1414 5345 sie
1465 5283 1880 5347 mittebantur

1989 4301 2298 4382 scriptum
2329 4306 2424 4361 est
2460 4299 2629 4380 apud
2666 4297 2941 4360 Marcum
2977 4316 2990 4360 ε
3025 4297 3333 4360 Praevenit
3372 4317 3485 4361 un·
3524 4316 3771 4369 Mamm,

1986 4419 2133 4481 gere
2174 4417 2405 4480 corpus
2444 4415 2659 4460 meum
2701 4396 2765 4458 in
2808 4396 3223 4479 sepulturam,
3258 4397 3322 4460 id
3361 4405 3477 4474 est,
3511 4382 3553 4422 ⁸·

1987 4516 2160 4560 nunc
2208 4496 2361 4558 feeit
2408 4495 2656 4577 corpori
2708 4513 2870 4569 meo,
2915 4495 3087 4576 quod
3138 4494 3373 4557 faceret
3421 4495 3481 4558 ei

1989 4597 2052 4658 in
2085 4601 2499 4657 monumento
2530 4593 2581 4654 si
2625 4600 2859 4675 posset.
2894 4591 3069 4654 Unde
3100 4592 3163 4653 in
3198 4591 3483 4658 Matthaeo

1987 4693 2258 4756 habetur
2295 4710 2308 4754 :
2350 4691 2597 4753 Mittens
2640 4692 2774 4753 haee
2813 4690 3047 4752 mulier
3085 4699 3481 4772 unguentum

1988 4791 2203 4856 hocin
2237 4809 2467 4872 corpus
2508 4807 2747 4864 meum,
2781 4789 2858 4850 ad
2900 4789 3338 4871 sepeliendum
3378 4809 3481 4853 me

1987 4890 2161 4954 fecit.
2195 4888 2409 4971 Aliqui
2452 4896 2660 4950 textus
2704 4887 2962 4962 habent,
3007 4886 3205 4950 Sinite
3254 4887 3476 4952 illam:

1988 4997 2050 5052 et
2088 4989 2180 5051 sie
2220 4987 2504 5051 Christus
2550 4986 2898 5069 discipulos
2942 4983 3177 5047 affatur
3221 4986 3485 5068 plurali-

1990 5095 2104 5149 ter.
2134 5086 2227 5148 Ex
2258 5105 2387 5167 quo
2424 5084 2678 5147 elicitur
2716 5085 2887 5165 quod
2928 5102 3055 5147 non
3095 5083 3267 5146 solus
3293 5084 3483 5147 Judas

1991 5183 2433 5248 murmuravit.
2476 5183 2737 5264 Propter
2782 5183 2953 5262 quod
3004 5200 3173 5244 nunc
3217 5181 3483 5263 plurali-

1987 5291 2086 5346 ter
2127 5281 2423 5344 subditur
2456 5299 2470 5343 :

3562 4710 3733 4755 Mami.

3511 4785 3623 4824 xxvi,
3652 4774 3719 4817 12.
