4300 6259
509 1655 774 1707 Iacobum.

799 468 879 533 30
1615 484 1963 531 manna-rio
2007 484 2071 529 m
2113 482 2253 530 car.
2299 482 2364 529 xi
2406 482 2595 531 Luem.
2642 502 2721 512 -
2764 484 2905 529 aar.
2952 484 3102 529 xxix

879 658 967 717 Et
1006 677 1086 717 ne
1121 676 1235 717 nos
1273 658 1548 717 indu'oas
1586 658 1660 715 in
1707 656 2147 722 tentationem,
2181 654 2301 715 hoc
2331 653 2377 713 A
2407 664 2617 715 strum
2660 655 2911 715 habebit
2953 655 3257 723 amicum,
3298 664 3357 715 et
3396 655 3517 714 ibit
3560 656 3648 715 ad
3687 656 3908 724 illum,

800 762 917 833 est,
953 773 1079 816 non
1120 772 1234 815 nos
1271 752 1598 834 permittas
1627 751 1705 813 ab
1739 752 2029 815 hostibus
2071 759 2302 815 nostrae

799 851 1022 913 salutis
1063 871 1256 932 supra
1295 851 1462 913 vires
1509 851 1758 925 tentari,
1794 851 1856 912 id
1901 858 1996 912 est
2037 851 2114 911 ad
2154 868 2303 913 con-

801 968 1055 1012 sensum
1107 949 1403 1011 illicitum
1454 949 1639 1023 trahi,
1694 948 2149 1011 tentationibus
2200 967 2305 1009 su-

801 1047 1032 1130 perari,
1068 1048 1178 1109 sed
1222 1048 1299 1109 da
1334 1047 1602 1127 gratiam
1651 1046 1987 1109 resistendi
2027 1065 2100 1109 ac
2145 1064 2303 1127 prae-

801 1144 1067 1208 valendi.
1085 1144 1326 1207 Dicitur
1354 1153 1564 1207 autem
1599 1145 1761 1206 Deus
1792 1145 1857 1206 in
1891 1144 2299 1207 tentationem

799 1244 1124 1318 inducere,
1159 1244 1310 1325 quia
1347 1244 1426 1305 ab
1463 1244 1841 1306 adversariis
1885 1262 1997 1305 nos
2039 1242 2301 1325 permit-

801 1344 877 1405 tit
921 1343 1173 1405 tentari.
1207 1343 1528 1404 Interdum
1579 1349 1790 1403 autem
1836 1350 1898 1404 et
1939 1340 2102 1402 Deus
2146 1341 2301 1403 dici-

801 1449 906 1503 tur
961 1448 1224 1510 tentare,
1278 1458 1405 1502 non
1457 1439 1678 1521 utique
1729 1439 2072 1502 tentatione
2121 1440 2302 1501 dece-

805 1538 1010 1620 ptoria
1065 1557 1138 1601 ac
1195 1536 1429 1611 fallaci,
1482 1556 1685 1619 quum
1731 1537 1998 1600 Jacobus
2057 1537 2226 1599 dicat
2282 1555 2296 1599 :

803 1637 1000 1699 Nemo
1056 1656 1258 1718 quum
1318 1642 1615 1709 tentatur,
1667 1636 1834 1698 dicat
1889 1635 2042 1717 quia
2089 1654 2126 1697 a
2181 1635 2303 1698 Deo

805 1743 1082 1797 tentatur
1115 1753 1129 1796 ε
1167 1734 1327 1795 Deus
1359 1733 1531 1796 enim
1572 1734 1892 1795 neminem
1928 1741 2148 1807 tentat,
2184 1733 2304 1795 sci-

2410 755 2577 813 etc]
2618 750 2932 815 Parabolae
2975 752 3168 833 hujus
3217 770 3441 813 sensus
3490 751 3911 833 superficiali-

2410 858 2506 911 ter
2534 848 2846 923 litteraliS,
2886 850 3139 931 penitus
3172 851 3399 932 planus
3429 856 3546 912 est.
3580 850 3911 931 Siquidem

2413 966 2527 1030 per
2564 947 3054 1011 similitudinem
3096 949 3259 1011 hanc
3307 949 3583 1010 intendit
3624 949 3908 1012 Christus

2414 1046 2703 1128 probare,
2757 1048 2929 1127 quod
2982 1046 3146 1109 Deus
3196 1046 3719 1129 superpiissimus
3771 1066 3913 1129 pre-

2413 1163 2516 1206 ces
2578 1152 2958 1219 constanter,
3018 1145 3475 1219 indesinenter,
3535 1164 3608 1208 ae
3666 1144 3909 1208 fervide

2412 1244 2807 1308 continuatas
2850 1252 2913 1306 et
2952 1246 3250 1326 repetitas
3296 1263 3421 1307 non
3466 1243 3755 1326 despicit,
3798 1245 3909 1306 sed

2412 1342 2689 1405 exaudit.

2492 1440 2681 1504 Porro
2724 1440 3009 1522 mystice,
3053 1458 3167 1522 per
3206 1440 3483 1503 amicum
3533 1440 3911 1521 intelligitur

2411 1539 2574 1601 Deus
2605 1537 2921 1612 sublimiS,
2951 1538 3054 1600 cui
3088 1556 3202 1620 per
3231 1537 3591 1620 Sapientem
3624 1539 3857 1601 dicitur
3890 1557 3906 1601 ε

2412 1637 2631 1718 Diligis
2669 1638 2884 1700 omnia
2913 1656 3058 1719 quae
3096 1645 3261 1714 sunt,
3296 1644 3359 1698 et
3389 1637 3549 1699 nihil
3590 1637 3775 1699 odisti
3808 1656 3912 1701 eo-
3940 1656 4182 1711 Sap.x·.2s.

2415 1754 2557 1798 rum
2606 1756 2750 1818 quae
2798 1735 3029 1798 fecisti.
3076 1735 3159 1797 De
3209 1754 3337 1817 quo
3385 1736 3473 1797 ait
3518 1735 3906 1817 Apostolus:

803 1834 951 1896 licet
991 1834 1176 1897 modo
1217 1832 1497 1914 praefato.
1531 1831 1652 1895 Sed
1689 1832 2036 1895 tentatione
2076 1832 2304 1914 proba·
2336 1834 2387 1898 B
2416 1834 2673 1916 Propter
2722 1835 2987 1897 nimiam
3029 1834 3351 1896 caritatem
3402 1852 3603 1907 suam,
3645 1853 3773 1915 qua
3820 1834 3913 1897 di-
3940 1852 4187 1909 Ephesum.

803 1932 994 1995 tionis
1053 1940 1118 1993 et
1172 1930 1664 2005 exercitationiS,
1717 1950 1862 2013 quae
1917 1932 1996 1993 ad
2061 1930 2302 1995 bonum
2414 1934 2568 1995 lexit
2626 1953 2740 1997 nos
2796 1934 2981 1995 Deus.
3045 1932 3351 1995 Similiter
3408 1933 3667 1996 nomine
3722 1934 3909 1995 amici

805 2030 1024 2093 tentati
1075 2030 1424 2103 ordinatur,
1467 2037 1712 2091 tentare
1761 2029 1922 2092 Deus
1971 2029 2299 2091 asseritur.
2414 2032 2681 2112 intelligi
2724 2038 2930 2113 potest
2965 2031 3337 2112 Unigenitus
3374 2030 3483 2093 Dei
3523 2032 3907 2107 incarnatuS,

902 2129 1120 2210 ltaque
1169 2146 1245 2190 ex
1295 2128 1488 2208 hujus
1533 2126 1834 2191 clausulae
1882 2128 2305 2192 declaratione
2415 2130 2527 2212 qui
2569 2132 2647 2192 de
2686 2148 2753 2191 se
2794 2130 2933 2211 ipso
2971 2137 3237 2192 testatus
3278 2137 3420 2192 est:
3454 2128 3749 2211 Majorem
3794 2131 3913 2193 hac
3957 2148 4149 2190 :oanan

801 2227 930 2308 jam
985 2234 1172 2309 patet,
1212 2228 1384 2309 quod
1429 2226 1495 2289 in
1539 2244 1614 2289 ea
1654 2226 2009 2289 virtualiter
2046 2246 2120 2289 ac
2162 2245 2306 2289 sen-
3968 2212 4011 2253 ³·

805 2326 1146 2389 tentialiter
1205 2325 1565 2388 includatur
1623 2326 1895 2410 septima
1951 2345 2024 2388 ac
2083 2326 2307 2387 ultima

809 2425 1030 2507 petitio
1068 2424 1377 2487 Orationis
1427 2424 1762 2487 dominicae
1799 2444 1836 2486 a
1871 2424 2155 2487 Matthaeo
2202 2442 2309 2486 ex-

541 2540 778 2592 aratum,
810 2542 1048 2605 pressa,
1082 2542 1210 2605 qua
1252 2523 1507 2597 dieitur,
1541 2522 1660 2585 Sed
1704 2523 1904 2585 libera
1947 2542 2060 2585 nos
2101 2542 2138 2584 a
2176 2542 2308 2585 ma-

521 2608 586 2647 ¹³·
809 2622 890 2685 lo.
933 2622 1108 2684 Unde
1144 2622 1536 2702 Augustinus
1587 2622 1654 2683 in
1707 2620 2114 2683 Enchiridion
2160 2622 2308 2684 scri-

808 2721 922 2795 bit,
957 2720 1128 2802 quod
1169 2719 1492 2782 Matthaeus
1536 2720 1602 2781 in
1650 2718 1874 2781 ultimo
1918 2719 2150 2801 posuit,
2186 2718 2304 2782 Sed

806 2820 1008 2882 libera
1038 2837 1152 2881 nos
1183 2837 1219 2879 a
1249 2818 1430 2891 male,
1461 2818 1658 2879 Lucas
1690 2836 1816 2879 non
1848 2818 2076 2899 posuit,
2113 2825 2185 2879 ut
2219 2818 2309 2880 in·
2414 2819 2595 2899 juxta
2642 2818 2802 2879 illud
2854 2815 3077 2877 Psalmi
3124 2835 3137 2878 :
3180 2816 3475 2878 Accedite
3520 2818 3597 2879 ad
3638 2836 3807 2893 eum,
3850 2827 3913 2881 et
3942 2839 4195 2889 amum.

807 2918 1235 2998 telligeremus
1281 2916 1400 2979 hoc
1437 2916 1515 2977 ad
1559 2916 2017 2997 praecedentem
2063 2916 2309 2997 petitio·
2418 2915 2895 2978 illuminamini.
2940 2914 3115 2975 Unde
3162 2914 3240 2976 ad
3286 2914 3578 2977 Hebraeos
3628 2915 3914 2978 hortatur

806 3034 952 3077 nem
988 3015 1327 3096 pertinere.
1352 3013 1495 3076 Ideo
1525 3014 1770 3097 quippe
1798 3014 1904 3089 ait,
1929 3013 2050 3077 Sed
2079 3014 2303 3090 libera,
2343 3017 2389 3082 C
2420 3013 2754 3096 Apostolus
2791 3031 2804 3075 :
2840 3013 3153 3074 Adeamus
3184 3031 3329 3074 cum
3370 3010 3611 3075 fiducia
3637 3015 3713 3076 ad
3746 3015 3916 3078 thro·
3990 3032 4197 3081 Hom-,m

807 3133 949 3188 non,
984 3112 1058 3174 Et-
1100 3112 1320 3185 libera,
1358 3120 1656 3193 tanquam
1701 3131 1892 3174 unam
1935 3112 2307 3193 petitionem
2420 3132 2574 3175 num
2620 3111 2838 3193 gratiae
2885 3110 3048 3190 ejuS,
3104 3118 3171 3171 ut
3220 3110 3719 3175 misericordiam
3767 3133 3915 3177 con·
3946 3096 4012 3139 ¹⁶·

806 3213 1268 3274 demonstrans,
1330 3207 1563 3269 Verum
1630 3209 1706 3270 de
1767 3209 1984 3271 multis
2046 3228 2306 3272 concer-
2420 3229 2784 3294 sequamur.
2820 3208 3115 3271 Eundum
3159 3216 3253 3269 est
3300 3218 3510 3272 autem
3553 3213 3766 3271 media
3804 3232 3917 3273 no-

808 3308 1107 3371 nentibus
1153 3305 1612 3388 expositionem
1663 3305 1857 3386 hujus
1908 3308 2310 3388 praeclarissi-
2418 3320 2534 3381 cte,
2577 3308 2742 3370 sicut
2790 3306 3022 3368 fatetur
3066 3305 3395 3369 Psalmista
3436 3327 3448 3370 :
3488 3307 3687 3370 Media
3730 3318 3913 3373 nocte
3970 3328 4197 3372 Pam-au.

811 3427 930 3469 mae
960 3405 1277 3481 orationiS,
1303 3422 1446 3485 quae
1475 3405 1828 3467 secundum
1856 3404 2200 3468 Henricum
2232 3406 2309 3468 de
2422 3406 2757 3487 surgebam
2809 3406 2884 3467 ad
2935 3404 3371 3469 confitendum
3421 3406 3561 3468 tibi.
3612 3407 3745 3483 Vel,
3794 3408 3914 3471 Me-
3942 3392 4009 3433 ⁶²·

810 3505 1047 3579 Hassia,
1082 3505 1272 3567 etiam
1315 3522 1352 3564 a
1390 3502 1620 3568 Judaeis
1664 3522 1736 3566 ac
1779 3502 2137 3567 Sarracenis
2183 3505 2308 3567 dici
2424 3507 2527 3567 dia
2571 3513 2774 3579 nocte,
2809 3504 2929 3567 hoc
2968 3512 3065 3565 est
3099 3504 3365 3566 durante
3405 3507 3732 3586 praesentis
3769 3508 3913 3571 vitae

815 3610 1039 3686 potest,
1088 3602 1522 3685 praetermitto,
1570 3602 1874 3682 quoniam
1924 3622 2117 3685 super
2165 3602 2312 3665 Mat·
2422 3603 2853 3677 tribulatione,
2887 3602 3285 3675 adversitate,
3320 3603 3692 3683 ignorantia,
3726 3614 3917 3688 atque

537 3724 657 3767 ιὺεα.
673 3725 786 3767 9-13.
814 3704 1052 3764 thaeum
1093 3701 1239 3762 inde
1282 3699 1532 3762 locutus
1579 3719 1742 3762 sum.
1785 3699 1912 3763 Hoc
1948 3708 2160 3763 tamen
2206 3703 2313 3763 ad—
2426 3701 2766 3784 multiplici
2813 3701 3051 3783 peccati
3098 3700 3301 3762 ruina.

817 3800 1119 3872 dendum‚
1162 3798 1315 3879 quia
1354 3804 1422 3859 ut
1469 3798 1694 3859 asserit
1741 3798 1954 3875 Gorra,
1995 3800 2168 3863 aliud
2220 3807 2315 3862 est
2504 3806 2591 3865 Et
2618 3804 2787 3862 dicet
2816 3803 2926 3860 illi
2954 3822 2976 3860 .·
3006 3803 3251 3861 Amice.
3286 3800 3355 3863 In
3394 3803 3655 3865 exordio
3686 3804 3915 3885 preciS,

817 3898 1062 3968 tentari,
1081 3897 1254 3959 aliud
1285 3897 1350 3958 in
1380 3897 1792 3959 tentationem
1825 3897 2119 3972 incidere,
2140 3899 2314 3962 aliud
2428 3918 2658 3963 nomen
2699 3899 2886 3960 amici
2929 3897 3278 3980 praemittit,
3324 3905 3393 3960 ut
3430 3916 3507 3961 ex
3548 3910 3785 3964 mutuae
3828 3903 3922 3964 di-

819 3998 883 4059 in
935 3996 1348 4058 tentationem
1398 3994 1640 4056 induci.
1693 3994 1846 4057 Nam
1899 3996 2181 4077 primum
2231 3997 2318 4058 is-
2427 3998 2718 4061 lectionis
2764 3996 3215 4070 recordatione,
3261 3998 3628 4072 attentione,
3671 4017 3783 4061 seu
3826 4001 3922 4061 in-

817 4104 1026 4158 torum
1079 4094 1232 4156 dicit
1275 4110 1534 4154 sensum
1585 4092 1982 4174 simpliciter,
2027 4096 2138 4157 sed
2190 4114 2314 4158 non
2425 4096 2881 4168 flammatione,
2933 4094 3043 4155 ille
3090 4094 3203 4175 qui
3254 4096 3494 4177 petitur
3540 4099 3618 4159 ad
3664 4099 3920 4160 exaudi-

820 4211 1072 4275 semper
1112 4209 1535 4269 consensum;
1579 4194 1951 4265 secundum,
1987 4193 2140 4255 dicit
2183 4212 2321 4256 sen·
2348 4199 2398 4261 D
2428 4196 2666 4258 tionem
2734 4194 2922 4255 citius
2990 4193 3355 4268 inclinetur,
3421 4214 3620 4275 quum
3696 4196 3921 4258 caritas

820 4312 964 4354 sum
993 4297 1055 4353 et
1085 4307 1465 4353 consensum
1503 4306 1578 4350 ex
1611 4289 2042 4371 subreptione,
2067 4298 2129 4353 et
2162 4311 2320 4373 prae-
2430 4292 2812 4375 impetrandi
2863 4292 2945 4353 sit
2994 4292 3174 4354 ratio.
3226 4290 3377 4353 Nam
3430 4300 3492 4353 et
3536 4293 3921 4374 (Augustino

819 4399 916 4452 ter
958 4388 1398 4472 propositum;
1440 4387 1721 4462 tertium,
1759 4388 1911 4449 dicit
1954 4406 2213 4451 sensum
2258 4398 2320 4452 et
2430 4392 2725 4472 testante)
2752 4409 2929 4453 amor
2958 4398 3054 4451 est
3088 4390 3369 4471 primum
3402 4392 3661 4467 donum,
3696 4392 3761 4454 in
3792 4412 3922 4474 quo

2415 2228 2819 2291 dilectionem
2862 2244 3049 2290 nemo
3078 2227 3289 2301 habet,
3326 2234 3394 2288 ut
3422 2227 3699 2289 animam
3732 2248 3909 2291 suam
3943 2213 3960 2252 ¹

2417 2334 2609 2410 ponat
2656 2326 2802 2407 quis
2853 2345 2967 2407 pro
3014 2326 3236 2388 amicis
3286 2326 3440 2387 suis,
3494 2326 3578 2387 De
3624 2346 3753 2409 quo
3801 2328 3915 2389 ite-

2419 2446 2559 2488 rum
2610 2425 2842 2506 legitur
2890 2444 2903 2487 :
2957 2424 3163 2497 Quum
3212 2425 3539 2487 dilexisset
3593 2446 3740 2489 suos
3797 2428 3909 2508 qui
3944 2452 4190 2501 magma.

2417 2532 2597 2587 erant
2645 2524 2709 2585 in
2761 2524 3021 2597 munde,
3072 2541 3275 2604 usque
3324 2524 3389 2585 in
3443 2523 3641 2587 finem
3690 2526 3913 2588 dilexit

2418 2642 2545 2687 eos
2579 2622 2673 2685 Ad
2703 2622 2875 2684 hunc
2904 2622 3184 2683 amicum
3213 2622 3309 2683 ire
3339 2621 3644 2685 debemus
3680 2625 3911 2687 mentis

2416 2720 2773 2793 devotione,
2826 2717 3381 2798 contemplatione,
3432 2725 3493 2779 et
3550 2718 3908 2795 dilectione,

822 4506 1200 4553 consensum
1248 4504 1325 4549 ex
1374 4486 1849 4549 deliberatione.
1882 4486 2163 4551 Primum
2211 4509 2321 4571 po—

820 4596 943 4651 test
980 4604 1119 4649 esse
1167 4586 1306 4648 sine
1346 4593 1635 4667 peccatoj,
1669 4588 2042 4661 secundum,
2077 4588 2319 4669 absque

823 4694 1079 4769 peccato
1117 4682 1408 4763 mortali3
1453 4684 1708 4746 tertium
1741 4702 1891 4747 vero
1929 4692 2025 4747 est
2060 4687 2321 4767 gravius

822 4794 884 4848 et
925 4784 1296 4865 frequenter
1338 4782 1622 4845 mortale.

889 4882 1362 4963 consequenter
1391 4879 1674 4943 Salvator
1704 4900 1817 4963 per
1846 4883 2187 4963 quamdam
2221 4902 2323 4965 pa·

826 4980 1166 5044 rabolicam
1216 4977 1704 5040 similitudinem
1753 4998 1866 5041 nos
1917 4980 2203 5042 hortatur
2244 4981 2322 5042 ad

825 5078 1191 5143 fiducialem
1235 5076 1536 5139 orationis
1580 5076 2019 5151 constantiam,
2054 5078 2325 5140 incessa-

826 5180 1023 5243 bilem
1051 5175 1494 5256 fervidamque
1523 5174 1972 5256 frequentiam.
1993 5178 2080 5237 Et
2109 5178 2207 5237 ait
2236 5180 2324 5238 ad

825 5282 997 5349 illo-3,
1029 5273 1273 5338 scilicet
1309 5274 1386 5335 ad
1427 5273 1775 5356 discipulos
1815 5292 1962 5337 suos
1990 5292 2004 5337 ε
2036 5275 2193 5344 Quis
2223 5296 2323 5336 ve-

2430 4492 2645 4555 omnia
2673 4491 2835 4552 dona
2866 4490 3201 4551 donantur.
3232 4493 3570 4551 Commoda
3603 4493 3768 4553 milei
3801 4502 3925 4553 tres

2422 4610 2649 4669 panes,
2682 4588 2790 4650 Isti
2827 4595 2953 4648 tres
2996 4604 3191 4667 panes
3228 4586 3496 4667 intelligi
3532 4598 3817 4670 possunt,
3853 4590 3926 4652 il-

2433 4686 2765 4750 luminatio
2796 4683 3177 4757 intellectus,
3214 4684 3539 4746 caritativa
3569 4684 3927 4749 inflamma-

2432 4786 2518 4848 tio
2550 4783 2909 4857 voluntatiS,
2945 4791 3007 4844 et
3044 4781 3353 4844 stabilitas
3379 4784 3702 4847 memoriae
3733 4784 3797 4845 in
3831 4786 3927 4846 di-

2432 4884 2641 4963 vinis3
2694 4900 2805 4944 seu
2854 4889 3031 4943 actus
3074 4879 3252 4954 fidei,
3305 4880 3464 4961 spei,
3510 4889 3573 4943 et
3620 4883 3919 4958 caritatiS,

2431 4981 2669 5064 quibus
2719 4980 2881 5041 Deus
2927 4979 3249 5061 praecipue
3296 4978 3547 5041 colitur.
3594 4980 3746 5042 Item
3794 4989 3923 5043 tres

2433 5096 2627 5162 panes
2678 5085 2825 5139 sunt
2878 5096 2891 5139 :
2948 5076 3129 5158 panis
3187 5076 3599 5158 poenitentiae,
3652 5078 3771 5141 hoc
3829 5088 3925 5141 est

2432 5176 2781 5259 deploratio
2820 5182 2881 5236 et
2921 5173 3263 5238 satisfactio
3304 5194 3420 5257 pro
3459 5176 3775 5257 peccatis3
3818 5198 3925 5261 pa-

2429 5274 2529 5338 nis
2566 5272 2999 5347 Eucharistiae,
3035 5274 3113 5335 de
3149 5292 3279 5355 quo
3316 5273 3601 5355 loquitur
3636 5274 3922 5339 Christus
