4300 6259
1120 504 1476 552 malumno
1520 505 1581 550 ΙΝ
1623 503 1763 550 GAP.
1809 504 1892 550 XV
1933 502 2123 550 LUGAE.
2169 522 2250 534 —-
2291 505 2433 551 ΛΒΤ.
2479 504 2716 552 xxxvm

3354 486 3474 552 109

89 691 149 736 ιι.
172 704 325 740 mm.
360 675 643 750 DixistiS,
670 675 1104 740 percussimus
1134 675 1345 740 foedus
1377 695 1523 738 cum
1560 682 1784 750 morte,
1808 682 1871 736 et
1897 674 1949 736 A
1976 675 2246 750 cutiens,
2293 675 2594 741 interiora
2632 696 2747 739 sua
2785 676 3214 751 considerans,
3249 695 3472 758 quem-

60 759 124 799 15.

86 1573 117 1616 11
132 1574 261 1616 Petr.
274 1587 321 1624 u,

67 1773 163 1815 leel
180 1785 211 1822 ι,
236 1775 307 1814 17.

146 1959 213 2014 16

78 2964 155 3006 Ρι.
172 2977 257 3014 ατ..
281 2965 327 3006 3.

65 3062 192 3105 Prot.
206 3076 327 3114 nm,

64 3127 100 3171 8;
116 3139 227 3173 xxvi,
238 3128 313 3169 22.

96 3652 211 3695 ltu.
234 3666 325 3704 xm,

80 4337 335 4391 Sede-⁸30.

172 5213 241 5268 17

356 792 508 837 cum
550 775 807 839 inferno
845 774 1119 838 fecimus
1160 783 1439 858 pactum.
1466 778 1553 836 Ec
1584 776 1762 835 misit
1790 776 1870 834 il-

357 877 499 934 lum
528 875 605 934 in
636 876 873 936 villam
900 894 1115 944 suam,
1148 873 1213 936 id
1247 881 1364 948 est,
1390 873 1731 936 mundanis
1764 891 1869 934 cu-

350 970 739 1052 piditatibus
782 971 1160 1055 implicavit,
1196 979 1259 1034 et
1301 971 1663 1035 carnalibus
1709 971 1869 1033 soci-

350 1067 489 1130 avit
527 1068 923 1144 hominibuS,
957 1070 1073 1151 qui
1104 1077 1255 1132 sunt
1284 1088 1431 1132 vasa
1460 1077 1523 1131 et
1552 1068 1867 1151 possessio

350 1167 691 1242 doemonis,
724 1179 801 1230 ut
830 1177 1121 1248 pasceret
1147 1189 1373 1248 porcos
1411 1187 1580 1242 suOS,
1617 1167 1736 1230 hoc
1770 1175 1867 1229 est

351 1265 682 1329 daemones
726 1265 1083 1341 inferiores,
1128 1283 1241 1328 seu
1285 1266 1577 1329 homines
1620 1274 1861 1347 turpeS,

353 1363 615 1428 diabolo
673 1383 790 1447 per
846 1364 1123 1426 carnalia
1180 1363 1333 1427 vitia
1390 1363 1699 1439 subditoS,
1752 1362 1863 1444 qui

356 1461 427 1523 in
460 1461 757 1525 obscenis
794 1481 869 1525 ac
907 1462 1127 1545 impiis
1161 1462 1409 1524 actibus
1448 1461 1863 1536 delectantur,

354 1560 731 1643 talibusque
768 1570 1158 1644 pascuntur3
1200 1561 1313 1643 qui
1358 1568 1507 1623 sunt
1546 1560 1721 1623 velut
1758 1578 1866 1622 sus

354 1658 491 1722 lota
537 1659 605 1721 in
657 1659 991 1724 volutabro
1048 1659 1165 1722 luti
1201 1678 1217 1740 3
1268 1658 1505 1741 quibus
1564 1657 1869 1740 competit

354 1757 525 1819 illud
578 1757 793 1836 Joelis,
855 1757 1398 1840 Computruerunt
1452 1756 1743 1838 jumenta
1800 1755 1864 1818 in

356 1862 643 1918 stercore
684 1874 823 1919 suo.

442 1955 533 2014 Et
570 1955 868 2031 cupiebat
916 1955 1186 2030 implere
1224 1963 1511 2014 ventrem
1557 1974 1751 2014 suum
1788 1955 1869 2014 de

353 2053 629 2130 siliquis
666 2073 831 2132 quas
862 2053 1051 2131 porci
1092 2053 1579 2112 manducabant
1596 2075 1625 2124 ,·
1661 2061 1721 2112 et
1762 2071 1870 2112 ne-

356 2169 465 2210 mo
510 2151 623 2210 illi
658 2153 877 2211 dabat.
920 2149 1189 2213 Interior
1234 2149 1464 2212 animae
1506 2156 1727 2212 venter
1774 2149 1871 2211 in-

358 2249 619 2310 terdum
664 2247 902 2311 dicitur
950 2247 1333 2321 intellectus,
1376 2247 1487 2328 qui
1539 2247 1868 2310 veritatem

356 2345 671 2428 concipit,
717 2346 1125 2427 mentaleque
1172 2345 1443 2408 verbum
1492 2345 1754 2427 profert,
1808 2354 1871 2408 et

354 2443 519 2508 boni
566 2444 781 2525 operis
823 2443 1107 2506 fructum
1149 2443 1464 2525 producit.
1506 2443 1869 2507 Intellectus

356 2560 628 2624 quoque
666 2542 921 2605 realiter
969 2542 1137 2604 idem
1182 2549 1278 2606 est
1318 2541 1491 2623 quod
1538 2543 1865 2618 memoria,

356 2659 475 2702 seu
501 2641 787 2723 potentia
814 2639 1228 2703 memorativa
1256 2639 1661 2714 intellectiva,
1679 2659 1871 2722 quam

356 2738 791 2821 Philosophus
821 2740 1037 2801 locum
1065 2738 1426 2821 specierum
1457 2739 1757 2821 appellat.
1785 2739 1871 2801 De

359 2836 741 2918 hujusmodi
794 2843 1016 2900 ventre
1064 2837 1221 2898 Deus
1282 2835 1461 2898 Pater
1508 2838 1576 2899 in
1625 2836 1871 2900 Psalmo

360 2934 659 3017 loquitur
704 2934 865 2998 Filio
907 2952 921 2998 :
968 2933 1060 2997 Ex
1108 2943 1289 2998 utero
1334 2943 1481 2996 ante
1529 2934 1871 2998 luciferum

1975 2247 2466 2328 justificationes
2522 2255 2664 2308 tuas
2723 2245 2790 2308 in
2848 2253 3158 2309 aeternum
3217 2255 3477 2330 propter

1974 775 2316 837 admodum
2379 792 2494 856 per
2549 775 2770 837 Isaiam
2828 774 3091 854 jubetur
3153 792 3167 837 ε
3227 773 3467 849 Redite,
3498 791 3758 843 12.xm‚s.

1975 871 2507 955 praevaricatoreS,
2530 874 2606 935 ad
2639 891 2762 936 cor.
2787 872 2985 936 Homo
3015 872 3186 934 enim
3219 891 3476 954 peccan-

1974 970 2075 1044 do,
2129 977 2306 1032 extra
2359 988 2426 1032 se
2475 971 2688 1034 viliter
2736 978 3054 1052 evagatur,
3109 971 3473 1052 limitesque

1974 1068 2238 1131 rationis
2269 1070 2744 1144 transcendenS,
2779 1068 3084 1132 terminos
3125 1067 3248 1130 sibi
3278 1088 3315 1130 a
3344 1069 3473 1134 Deo

1975 1166 2273 1249 praefixos
2331 1167 2817 1248 transgreditur.
2877 1167 3200 1229 Interdum
3259 1174 3472 1230 tamen

1972 1265 2209 1328 dicitur
2254 1265 2401 1347 quis
2439 1267 2519 1328 ad
2557 1284 2626 1328 se
2671 1265 2924 1340 reverti,
2967 1273 3227 1348 propter
3273 1266 3472 1329 solam

1975 1364 2259 1428 veritatis
2301 1364 2894 1439 considerationem,
2932 1363 3114 1445 juxta
3159 1362 3318 1426 illud
3358 1364 3474 1426 Ac·-

1974 1470 2158 1525 tuum
2194 1481 2207 1525 :
2241 1461 2458 1524 Petrus
2497 1463 2577 1524 ad
2621 1479 2688 1524 se
2728 1479 3044 1538 reversuS,
3079 1462 3260 1538 dixit,
3293 1461 3474 1525 Nunc
3502 1481 3762 1532 Acunum.

1974 1559 2107 1623 scio
2136 1578 2306 1624 vere.
2339 1562 2553 1632 Dixit,
2587 1560 2948 1622 cordialiter
2987 1560 3377 1642 poenitendo,
3411 1570 3475 1624 et

1976 1675 2053 1720 ex
2098 1656 2452 1721 afflictione
2507 1676 2622 1720 sua
2669 1676 2737 1721 se
2785 1675 2978 1740 super
3025 1677 3092 1721 se
3142 1658 3475 1722 reflecten-

1976 1756 2077 1830 do,
2112 1757 2465 1818 secundum
2511 1754 2671 1817 illud
2719 1754 2893 1818 Isaiae
2937 1774 2950 1818 :
2995 1755 3252 1819 Vexatio
3299 1756 3474 1819 dabit
3542 1777 3764 1830 raxxvm,

1902 1855 1950 1918 B
1978 1852 2396 1916 intellectum.
2467 1855 2714 1922 Quanti
2773 1855 3184 1924 mercenarii,
3245 1853 3308 1916 id
3379 1861 3475 1917 est
3503 1840 3569 1881 ¹⁹²

1977 1952 2160 2016 valde
2198 1952 2386 2015 multi
2426 1951 2554 2015 Deo
2592 1959 2854 2034 propter
2895 1959 3194 2015 aeternam
3238 1971 3477 2016 merce-

1977 2051 2121 2114 dem
2181 2051 2632 2124 deservienteS‚
2684 2051 3038 2112 secundum
3094 2050 3255 2113 illud
3311 2051 3477 2114 Psal-

1976 2149 2182 2212 mistae
2224 2167 2238 2212 ε
2279 2147 2588 2211 Inclinavi
2637 2166 2745 2211 cor
2784 2165 3000 2210 meum
3038 2149 3116 2211 ad
3154 2147 3474 2213 faciendas
3507 2169 3766 2278 ἅζομαι,

1978 2345 2486 2410 retributionem.
2529 2343 2707 2407 Unde
2748 2345 2826 2407 de
2863 2343 3070 2426 Moyse
3115 2345 3204 2408 ait
3243 2347 3320 2409 ad
3365 2347 3480 2409 He-

1978 2446 2182 2508 braeos
2220 2443 2559 2527 Apostolus
2603 2461 2616 2505 ε
2658 2441 2964 2525 Adspexit
3006 2442 3071 2506 in
3116 2461 3479 2507 remunera·
3545 2464 3768 2517 eoban,

1976 2545 2241 2607 tionem.
2292 2541 2369 2604 Et
2425 2541 2491 2602 in
2549 2539 2775 2603 Genesi
2822 2540 3140 2604 Abraham
3195 2543 3482 2625 loquitur
3507 2528 3576 2570 ²⁶·

1981 2642 2105 2706 Deo
2138 2661 2154 2704 :
2188 2640 2452 2704 Domine
2488 2639 2674 2713 DeuS‚
2707 2638 2863 2721 quid
2903 2639 3084 2703 dabis
3123 2641 3326 2704 mihi?
3365 2640 3477 2705 Cui
3511 2660 3768 2711 cen.xv,=·..

1981 2747 2043 2803 et
2085 2740 2153 2802 in
2201 2738 2427 2802 Genesi
2470 2737 2772 2801 Dominus
2811 2737 2900 2798 ait
2941 2756 2956 2800 ε
2998 2737 3126 2819 Ego
3165 2747 3483 2821 protector
3545 2759 3666 2803 ma.
3691 2762 3730 2804 1.

1981 2845 2129 2900 tuus
2161 2846 2225 2901 et
2252 2855 2496 2900 merces
2527 2843 2634 2898 tua
2673 2853 2900 2917 magna
2934 2836 3148 2899 nimis.
3181 2841 3268 2900 In
3295 2841 3481 2900 domo

1973 2939 2191 3015 patris
2239 2937 2390 3008 mei,
2444 2933 2510 2996 id
2559 2941 2655 2996 est
2704 2934 2770 2995 in
2820 2932 3102 2996 Ecclesia
3156 2935 3479 3011 militanti,

356 3033 562 3114 genui
596 3042 689 3114 te;
722 3041 786 3096 et
826 3033 893 3095 in
921 3032 1280 3097 Proverbiis
1318 3031 1637 3108 Salomon,
1670 3033 1875 3096 Verba
1910 3038 1955 3103 C
1982 3052 2129 3116 quae
2159 3033 2395 3096 dicitur
2424 3033 2650 3097 domus
2683 3031 2789 3094 Dei
2821 3049 2933 3094 seu
2963 3031 3159 3095 Patris
3189 3034 3480 3110 coelestiS,

354 3131 639 3213 (inquit)
666 3131 1033 3194 susurronis
1073 3130 1257 3212 quasi
1301 3129 1641 3213 simplicia,
1676 3139 1741 3195 et
1780 3133 1877 3214 ip-

358 3249 435 3293 sa
475 3229 866 3312 perveniunt
904 3247 1109 3310 usque
1146 3229 1225 3290 ad
1267 3228 1569 3292 interiora
1608 3230 1870 3293 ventris.

358 3326 804 3392 Pariformiter
855 3327 1147 3390 voluntas
1207 3344 1321 3389 seu
1379 3325 1519 3408 ejus
1578 3326 1871 3404 affectus,

362 3435 593 3491 venter
634 3426 865 3489 animae
914 3425 1305 3500 nominatur,
1357 3426 1663 3507 quoniam
1714 3428 1879 3490 desi-

362 3527 588 3589 derata
627 3523 849 3598 allicit,
892 3523 1164 3606 suscipit
1206 3531 1269 3586 et
1315 3531 1667 3587 conservat.
1706 3525 1877 3589 Unde

362 3633 431 3687 et
466 3624 769 3688 Salomon
815 3623 905 3685 ait
942 3641 957 3686 ε
991 3621 1225 3685 Venter
1262 3623 1610 3705 impiorum
1661 3624 1879 3688 insati-

361 3722 583 3786 abilis.
616 3720 808 3784 Porro
852 3719 1089 3802 siliqua
1130 3727 1225 3783 est
1262 3738 1465 3802 genus
1509 3721 1875 3802 leguminis,

364 3839 446 3884 ex
491 3819 741 3883 sonoris
779 3827 842 3881 et
881 3817 1101 3881 vacuis
1150 3817 1347 3894 foliis,
1393 3827 1681 3881 ventrem
1732 3838 1882 3885 one-

365 3939 521 3982 rans
586 3917 800 4000 potius
858 3935 1052 3998 quam
1114 3915 1414 3979 reficiens
1469 3935 1483 3980 ε
1537 3934 1652 4000 per
1708 3919 1881 4000 quod

367 4016 699 4081 saecularis
760 4015 1123 4098 prudentia,
1182 4023 1247 4077 et
1304 4015 1557 4079 curiosa
1616 4017 1882 4078 scientia

366 4135 521 4199 quae
570 4121 861 4179 ventrem
918 4113 1281 4176 intellectus
1340 4132 1467 4176 non
1522 4113 1768 4196 implet,
1820 4123 1882 4178 et

1986 3140 2176 3214 prout
2221 3130 2446 3194 scribit
2491 3129 2829 3212 Apostolus
2881 3148 2895 3193 :
2947 3129 3118 3193 Scias
3166 3133 3486 3213 quomodo
3554 3151 3778 3202 mmm,

1984 3239 2047 3293 te
2089 3236 2374 3312 oporteat
2415 3228 2479 3291 in
2526 3229 2714 3292 domo
2753 3228 2862 3290 Dei
2913 3231 3296 3306 conversari,
3342 3249 3488 3313 quae
3517 3216 3586 3258 ¹⁵·

1986 3337 2082 3393 est
2124 3327 2408 3390 Ecclesia
2449 3326 2560 3389 Dei
2601 3325 2754 3389 vivi.
2786 3329 3149 3390 Abundanc
3175 3331 3489 3408 panibus,

1984 3427 2053 3490 id
2106 3434 2204 3489 est
2253 3425 2598 3509 multiplici
2648 3424 2952 3488 alimonia
3000 3425 3343 3508 spirituali,
3398 3427 3492 3490 vi-

1987 3525 2219 3588 delicet
2269 3542 2283 3586 :
2339 3541 2502 3606 pane
2562 3522 3026 3598 sacramentali,
3081 3524 3160 3586 de
3215 3543 3344 3606 quo
3401 3525 3490 3587 ait

1986 3622 2292 3696 Salvator,
2344 3621 2473 3702 Ego
2522 3639 2664 3683 sum
2715 3620 2899 3702 panis
2948 3621 3134 3700 vitae3
3180 3620 3485 3704 itemque,
3546 3649 3782 3701 souma,

1989 3721 2143 3786 Caro
2191 3737 2332 3782 mea
2382 3737 2530 3782 vere
2578 3726 2675 3781 est
2722 3718 2904 3781 cibus
2955 3737 2969 3781 ε
3013 3719 3278 3803 insuper
3326 3739 3490 3803 pane
3517 3713 3754 3818 ⁸233&

1991 3819 2436 3903 poenitentiali,
2469 3819 2549 3882 de
2579 3836 2709 3900 quo
2747 3817 2950 3880 fertur
2987 3817 3052 3879 in
3094 3817 3360 3894 Psalmo,
3394 3819 3492 3884 Gi·
3516 3845 3780 3896 Famam.

1988 3918 2172 3981 babis
2218 3936 2332 3981 nos
2375 3934 2541 3999 pane
2589 3915 3036 3996 lacrimarum3
3082 3923 3164 3992 et,
3198 3916 3487 3980 cinerem
3519 3942 3600 3988 με.
3627 3955 3682 3995 01,
3710 3945 3774 3986 ιο.

1991 4025 2292 4099 tanquam
2345 4033 2574 4098 panem
2622 4014 3108 4077 manducabam.
3152 4015 3260 4078 Est
3297 4017 3489 4079 etiam

1991 4113 2174 4196 panis
2214 4112 2397 4175 bonae
2435 4110 2841 4193 operationiS,
2875 4112 2954 4173 de
2992 4129 3122 4192 quo
3151 4111 3437 4176 Christus
3470 4132 3485 4178 ε

366 4222 631 4278 terrena
658 4211 1015 4275 substantia
1044 4230 1189 4293 quae
1220 4219 1505 4274 ventrem
1537 4212 1879 4275 voluntatis
1913 4217 1964 4280 D
1992 4211 2160 4274 Meus
2202 4209 2384 4272 cibus
2424 4217 2541 4285 est,
2577 4219 2646 4272 ut
2687 4207 2913 4270 faciam
2958 4209 3346 4273 voluntatem
3386 4211 3490 4274 Pa-
3540 4237 3779 4290 ἡμων,

368 4333 507 4377 non
536 4311 744 4387 satiat,
776 4310 1166 4392 designatur.
1200 4311 1445 4373 Avarus
1477 4328 1777 4392 namque,
1813 4319 1882 4373 ut

368 4412 643 4496 Sapiens
705 4410 952 4484 asserit,
1006 4428 1133 4471 non
1191 4409 1498 4491 impletur
1557 4410 1879 4492 pecunia3

366 4521 434 4575 et
474 4517 719 4592 quanto
756 4527 985 4572 avarus
1025 4507 1213 4590 plura
1248 4506 1545 4589 acquirit,
1591 4514 1763 4572 tanto
1802 4509 1880 4570 ad

366 4611 563 4694 plura
618 4607 1009 4690 acquirenda
1063 4605 1341 4668 anhelat.
1397 4605 1684 4687 Denique
1744 4605 1884 4667 nul·

366 4709 514 4772 lum
562 4707 808 4770 bonum
866 4713 1149 4767 creatum
1209 4703 1437 4766 satiare
1484 4711 1550 4766 et
1594 4703 1882 4785 quietare

372 4805 545 4870 valet
584 4804 815 4866 animae
854 4801 1235 4885 appetitum.
1277 4799 1540 4883 Propter
1576 4802 1748 4882 quod
1789 4801 1881 4865 lo-

374 4905 604 4987 quitur
648 4901 1042 4983 Augustinus
1090 4919 1103 4962 :
1153 4899 1438 4974 Domine,
1492 4899 1717 4962 creasti
1769 4918 1881 4962 nos

378 5010 645 5088 propter
681 5009 767 5078 te,
800 5007 862 5064 et
898 5000 1264 5082 inquietum
1293 5006 1387 5061 est
1426 5017 1535 5061 cor
1573 5005 1882 5074 nostrum,

381 5105 587 5166 donec
628 5099 963 5183 perveniat
1001 5099 1079 5160 ad
1119 5105 1202 5160 te.

464 5203 549 5262 In
594 5220 660 5260 se
699 5207 919 5260 autem
963 5215 1283 5266 reversus,
1308 5195 1375 5258 id
1422 5202 1540 5270 est,
1572 5195 1650 5257 ad
1702 5201 1889 5256 rectae

384 5299 647 5362 rationis
678 5297 997 5360 dictamen
1030 5313 1099 5357 se
1130 5303 1401 5370 vertenS,
1428 5311 1496 5355 se
1524 5293 1738 5375 ipsum
1770 5293 1893 5354 dis-

1991 4308 2106 4372 tris
2146 4308 2294 4372 mei.
2331 4306 2443 4369 Est
2476 4307 2737 4370 demum
2778 4313 2842 4368 et
2880 4306 3060 4388 panis
3101 4309 3492 4391 contempla-
3517 4301 3586 4344 ³⁴·

1991 4407 2206 4482 tioniS,
2256 4405 2438 4486 juxta
2489 4405 2648 4466 illud
2696 4402 3122 4467 Ecclesiastici
3175 4425 3189 4469 ε
3242 4406 3491 4470 Cibabit
3549 4433 3780 4484 eman,

1991 4505 2177 4568 illum
2219 4521 2381 4586 pane
2413 4503 2559 4566 vitae
2596 4509 2660 4564 et
2697 4501 3079 4565 intellectus.
3114 4502 3221 4566 Est
3257 4505 3490 4569 iterum
3519 4499 3559 4539 ³·

1994 4603 2176 4686 panis
2207 4609 2439 4664 sanctae
2466 4599 2849 4676 affectionis,
2874 4602 2952 4663 de
2979 4620 3109 4682 quo
3138 4601 3372 4665 fatetur
3397 4622 3494 4666 ar-

1994 4703 2149 4764 dens
2188 4707 2431 4763 amator
2463 4717 2477 4762 :
2511 4698 2793 4760 Fuerunt
2820 4698 2980 4760 mihi
3019 4699 3295 4763 lacrimae
3331 4720 3490 4766 meae
3529 4727 3761 4779 agust,

1995 4817 2192 4882 panes
2246 4797 2350 4859 die
2406 4815 2479 4859 ac
2537 4804 2742 4860 nocte.
2795 4796 2902 4858 His
2960 4797 3233 4879 panibus
3289 4799 3493 4862 abun-

1996 4899 2168 4972 dant,
2221 4895 2333 4978 qui
2385 4895 2452 4957 in
2500 4893 2783 4957 Ecclesia
2833 4894 2959 4958 Deo
3005 4895 3493 4977 diligentissime

1996 4996 2463 5077 obsequuntur,
2518 4993 2684 5056 sicut
2729 4993 2818 5055 ait
2865 4991 3078 5055 fidelis
3129 4995 3422 5058 minister
3473 5013 3488 5059 ε

1997 5095 2304 5159 Dominus
2351 5092 2512 5174 regit
2559 5110 2682 5168 me,
2726 5099 2790 5154 et
2831 5092 2992 5154 nihil
3040 5093 3200 5155 mihi
3248 5094 3489 5178 deerit;
3533 5121 3778 5176 hum,

1999 5194 2067 5256 in
2109 5192 2248 5256 loco
2293 5208 2542 5274 pascuae
2583 5189 2673 5252 ibi
2717 5207 2820 5252 me
2860 5190 3210 5255 collocavit.
3516 5184 3558 5227 ¹·

2080 5290 2298 5372 Itaque
2335 5290 2456 5354 hoc
2494 5288 2633 5352 loco
2673 5287 3045 5351 mercenarii
3085 5289 3152 5351 in
3185 5289 3353 5354 bono
3389 5309 3490 5356 ac-
