4300 6259
570 1197 754 1242 Joanvu

574 1265 591 1304 ¹
600 1264 712 1305 9-24.

757 1209 834 1247 vm.
863 1187 1022 1256 tunt,
1047 1181 1581 1262 quemadmodum
1616 1179 1900 1243 Christus
1931 1179 1998 1240 in
2032 1180 2219 1241 domo
2246 1176 2363 1238 An-

865 499 988 567 228
1623 518 1974 566 mmm-10
2015 518 2082 564 m
2121 517 2263 564 m.
2308 515 2441 562 1111
2482 515 2670 562 Luca.
2716 535 2797 546 --
2836 517 2980 564 Aur.
3024 516 3212 562 xtvm

859 692 938 753 ad
987 691 1207 754 horam
1265 691 1662 766 matutinam,
1705 690 1878 752 stetit
1927 689 1992 751 in
2049 688 2355 762 oratione,
2387 687 2436 747 A
2463 687 2694 767 gratias
2754 686 3000 751 Christo
3058 695 3313 769 agentes
3374 687 3545 768 quod
3612 685 3835 748 saltem
3894 685 3957 746 in

862 805 1041 849 suam
1103 787 1424 850 uberrime
1486 787 1885 868 negationem
1946 785 2355 868 deplangens»,
2470 787 2717 849 modico
2746 787 2804 847 ei
2844 785 3224 850 conformari
3266 804 3339 848 ac
3371 785 3573 848 vicem
3613 784 3961 866 rependere

861 884 949 947 ita
976 887 1150 966 quod
1189 884 1385 947 facies
1426 885 1566 967 ejus
1597 904 1673 947 ex
1716 883 1995 946 lacrimis
2027 883 2361 946 videbatur
2470 903 2643 946 nunc
2702 885 3010 960 valemuS,
3070 884 3607 966 quemadmodum
3672 881 3959 964 Apostoli

863 984 1046 1065 quasi
1090 990 1334 1046 exusta.
2472 982 2649 1045 ibant
2673 984 3018 1063 gaudentes
3048 1002 3085 1044 a
3110 989 3457 1064 conspectu
3496 981 3773 1056 concilii,
3806 999 3963 1062 quo-
3997 998 4207 1048 Aetam.

945 1081 1227 1163 Denique
1263 1081 1463 1145 Lucas
1494 1089 1556 1144 et
1589 1082 1700 1144 alii
1730 1080 2146 1161 Evangelistae
2177 1079 2363 1142 omit—
2473 1082 2642 1143 niam
2691 1081 2866 1162 digni
2918 1081 3117 1144 habiti
3168 1089 3317 1144 sunt
3364 1099 3481 1163 pro
3518 1079 3779 1144 nomine
3817 1079 3962 1142 Iesu

2472 1180 2922 1242 contumeliam
2968 1179 3121 1262 pati.

866 1297 963 1341 nae
1006 1278 1087 1340 ab
1129 1279 1268 1360 ipso
1303 1279 1484 1340 Anna
1535 1278 1955 1358 interrogatus
2001 1276 2085 1338 sit
2123 1277 2202 1338 de
2248 1294 2363 1337 sua
2550 1281 2637 1340 Ει
2666 1281 3233 1355 interroyaverunt
3260 1299 3435 1346 eum,
3462 1278 3967 1339 dicentes.·Pro-

863 1377 1148 1439 doctrina
1175 1385 1239 1438 et
1267 1378 1344 1438 de
1375 1375 1708 1459 discipulis
1737 1375 1894 1436 suis·
1930 1373 2042 1438 Cui
2075 1373 2361 1436 Christus
2464 1379 2729 1454 pketiza
2779 1378 2983 1447 nobiS,
3020 1378 3174 1444 Quis
3215 1385 3307 1436 est
3344 1377 3461 1454 qui
3504 1383 3559 1434 te
3587 1378 3909 1452 percussit
3936 1376 3967 1433 ?

863 1475 1025 1536 nihil
1079 1476 1158 1537 de
1215 1475 1550 1557 discipulis
1611 1473 1744 1536 suis
1804 1472 2153 1555 respondit,
2210 1472 2363 1553 quia
2470 1474 2598 1538 Hoc
2636 1475 2931 1536 similiter
2962 1473 3245 1536 irrisorie
3282 1473 3755 1554 crudeliterque
3794 1472 3969 1534 dixe-

860 1573 990 1653 jam
1043 1573 1342 1654 fugerunt
1389 1572 1469 1635 ab
1520 1591 1616 1647 eo,
1670 1590 1787 1634 nec
1834 1580 2014 1633 erant
2061 1570 2359 1633 laudandi
2474 1581 2642 1647 runt,
2682 1574 2863 1654 quasi
2910 1571 3112 1635 oculis
3156 1572 3295 1652 ejus
3339 1571 3760 1634 exterioribus
3800 1571 3969 1633 vela-

860 2163 1245 2237 addiscendi,
1266 2161 1690 2242 interrogavit.
1716 2160 2020 2241 Tuncque
2051 2178 2217 2222 unus
2248 2159 2362 2222 mi·
2471 2165 2555 2224 El
2592 2167 2732 2224 alia
2770 2166 2981 2223 multa
3020 2164 3525 2239 blasphemantes
3552 2162 3852 2222 dicebant
3888 2163 3961 2219 in
4088 2176 4147 2229 65

861 2262 1209 2324 nistrorum
1266 2261 1442 2323 dedit
1497 2261 1745 2342 alapam
1795 2259 1984 2338 lesu3
2033 2267 2097 2321 et
2145 2258 2358 2320 Annas
2466 2282 2642 2331 eum,
2680 2261 2742 2322 id
2783 2269 2898 2334 est,
2936 2259 3147 2323 verbis
3197 2259 3587 2341 blasphemis
3622 2258 3966 2340 quamplu-

861 2358 1036 2421 misit
1074 2359 1288 2421 Jesum
1330 2359 1593 2439 ligatum
1635 2359 1715 2420 ad
1759 2357 2081 2438 Caipham.
2470 2359 2649 2420 rimis
2680 2377 2807 2422 non
2839 2358 3174 2440 descriptis
3205 2359 3263 2420 ei
3294 2356 3822 2432 convitiabantur,
3858 2376 3969 2420 vo-

655 2476 727 2532 63
940 2461 1027 2519 Et
1056 2459 1190 2518 viri
1217 2459 1334 2538 qui
1365 2459 1661 2518 tenebant
1689 2477 1862 2524 eum,
1895 2454 2140 2518 scilicet
2182 2455 2359 2518 Chri·
2468 2463 2681 2518 cantes
2712 2474 2858 2516 eum
2891 2456 3310 2529 seductorem,
3340 2453 3715 2533 sacrilegum
3746 2461 3809 2515 et
3836 2452 3967 2515 bla-

860 2563 1052 2631 stum,
1104 2556 1530 2618 custodientes
1577 2573 1725 2616 eum
1785 2554 2070 2634 ligatum,
2120 2555 2356 2614 illude-
2466 2554 2829 2636 sphemum.

860 2656 1126 2721 hancei,
1156 2657 1484 2722 caedentes,
1529 2653 1594 2715 id
1633 2659 1728 2714 est
1769 2660 1981 2733 caput,
2015 2651 2253 2714 collum
2293 2659 2355 2712 et
2544 2655 2631 2713 Et
2670 2661 2741 2712 ut
2782 2653 2997 2728 factus
3032 2660 3123 2711 est
3164 2651 3322 2710 dies.
3356 2648 3546 2711 Multa
3591 2649 3696 2712 hic
3745 2650 3967 2712 omisit
4088 2665 4146 2720 66

653 2763 725 2819 64
855 2771 1048 2833 genas
1098 2753 1300 2835 ipsius
1349 2751 1732 2833 impiissime
1783 2751 2232 2833 percutientes.
2266 2753 2353 2811 Et
2462 2749 2684 2822 LucaS‚
2736 2767 2881 2830 quae
2935 2747 3257 2811 Matthaeus
3314 2756 3377 2809 et
3432 2747 3671 2809 Marcus
3728 2748 3969 2810 deseri·
4042 2772 4182 2815 Μ.ιει

857 2854 1235 2912 velaverunt
1281 2871 1452 2917 eum,
1496 2849 1561 2911 id
1607 2856 1724 2923 est,
1766 2848 1982 2912 oculos
2031 2848 2171 2929 ejus
2212 2847 2353 2911 velo
2464 2848 2674 2910 bunt:
2708 2847 3248 2928 quemadmodum
3298 2846 3365 2907 in
3414 2845 3552 2927 ipsa
3598 2853 3801 2920 nocte,
3844 2849 4017 2908 seu¹
3988 2899 4065 2940 Β
4044 2835 4209 2941 ’ζξξζζ

582 2972 826 3020 Mamm,
855 2956 1266 3029 operuerunt.
1309 2947 1550 3009 Marcus
1591 2965 1739 3010 vero
1786 2947 1874 3008 ait
1915 2965 1928 3008 :
1977 2946 2353 3008 Velaverunt
2463 2955 2607 3008 ante
2653 2963 2859 3020 mane,
2894 2943 3139 3007 Christo
3177 2943 3475 3006 veniente
3507 2944 3585 3005 ad
3628 2936 3959 3026 caipham,
3990 2962 4121 3002 εει-,εὗ

562 3037 630 3077 ⁶⁵·
853 3045 1084 3108 faciem
1133 3047 1294 3127 ejuS.
1327 3045 1501 3117 Quod
1539 3044 1848 3120 fecerunt,
1884 3045 2204 3108 Christum
2252 3063 2354 3108 ve-
2390 3055 2433 3118 C
2467 3044 2575 3106 ubi
2621 3051 2777 3106 tunc
2822 3041 3059 3105 Scribae
3105 3049 3167 3104 et
3215 3041 3507 3104 Pharisaei
3554 3061 3627 3103 ac
3676 3043 3963 3105 seniores

854 3144 1334 3207 hementissime
1382 3142 1808 3226 despiciendO,
1854 3151 1916 3205 et
1963 3144 2145 3225 quasi
2191 3143 2356 3206 indi·
2463 3149 2911 3216 convenerant,
2964 3140 3195 3203 Christi
3249 3139 3679 3222 praestolantes
3724 3140 3965 3202 adven-

851 3261 1018 3323 gnus
1075 3250 1242 3305 esset
1297 3259 1404 3304 eos
1461 3241 1812 3323 adspicere,
1863 3250 1974 3304 aut
2023 3241 2222 3304 videri
2272 3241 2351 3303 ab
2462 3249 2623 3318 tum,
2666 3239 2933 3321 Caiphas
2982 3247 3045 3300 et
3090 3256 3279 3302 omne
3326 3238 3667 3301 concilium
3714 3257 3965 3320 quaere-

854 3341 967 3402 eis.
1008 3345 1095 3403 Ει
1115 3343 1562 3420 percutiebant
1589 3342 1827 3418 faciem
1855 3342 2016 3417 ejus,
2049 3340 2263 3422 alapas
2293 3341 2350 3402 ei
2460 3339 2613 3401 bant
2643 3339 2876 3400 falsum
2907 3337 3342 3400 testimonium
3374 3344 3592 3400 contra
3616 3337 3852 3412 lesum,
3890 3347 3966 3400 ut

615 3459 786 3506 uana.
855 3440 1082 3502 dando.
1117 3438 1438 3501 Matthaeus
1475 3445 1687 3500 autem
1724 3437 1977 3520 plenius
2006 3437 2095 3499 ait
2127 3457 2141 3500 :
2177 3439 2353 3501 Tunc
2460 3455 2607 3499 eum
2653 3437 2840 3500 morti
2879 3436 3237 3516 traderent3
3278 3453 3397 3498 nec
3437 3435 3726 3497 invenire
3772 3444 3965 3517 potu·

562 3526 763 3575 ¹⁸⁷¹’⁵⁷·
856 3545 1248 3619 exspuerunt
1307 3537 1374 3598 in
1432 3535 1662 3598 faciem
1723 3535 1885 3616 ejuS,
1948 3543 2010 3597 et
2065 3536 2351 3618 colaphis
2462 3543 2669 3608 erunt,
2722 3534 3015 3616 quamvis
3065 3534 3250 3595 multi
3299 3533 3441 3595 falsi
3499 3540 3690 3597 testes
3736 3541 3962 3596 contra

856 3655 1002 3698 eum
1034 3635 1422 3710 ceciderunt,
1458 3634 1723 3708 scilicet,
1759 3634 1997 3696 collum
2028 3633 2169 3715 ejus
2212 3653 2353 3717 per·
2461 3635 2675 3716 ipsum
2726 3631 3087 3694 testimonia
3130 3630 3291 3693 falsa
3338 3631 3665 3693 dixissent.
3716 3631 3959 3694 Deinde

857 3734 1154 3797 cutiendo
1205 3751 1219 3795 ε
1271 3733 1444 3815 quod
1495 3731 1618 3794 fuit
1667 3750 1745 3792 ex
1795 3733 2072 3794 maxima
2119 3732 2352 3795 Christi
2462 3735 2587 3796 duo
2632 3731 2777 3793 falsi
2826 3737 3017 3792 testes
3065 3729 3410 3792 dixerunt:
3442 3729 3557 3791 Hic
3598 3729 3775 3805 dixit,
3808 3729 3960 3794 Pos-
4022 3751 4195 3794 ,ιοιιιω

855 3831 1317 3914 aspernatione,
1351 3831 1532 3912 quasi
1567 3829 1914 3892 vilissimus
1951 3831 2353 3893 sceleratissi-
2461 3850 2603 3892 sum
2650 3831 2973 3891 destruere
3022 3828 3333 3910 templum
3382 3828 3512 3902 Dei,
3554 3836 3617 3890 et
3658 3837 3799 3910 post
3842 3829 3960 3890 tri-
3988 3819 4051 3858 ¹⁹·

857 3947 1130 4010 musque
1170 3930 1458 3991 omnium
1497 3928 1833 3992 hominum
1875 3929 2241 3990 exstitisset.
2461 3931 2657 3992 duum
2690 3927 3079 3990 reaedificare
3106 3926 3640 4007 illud.Quumque
3668 3925 3959 3990 Christus

941 4027 1013 4088 Et
1067 4046 1212 4090 ecce
1273 4027 1408 4089 haec
1464 4026 1678 4089 omnia
1736 4035 1995 4108 propter
2054 4047 2167 4089 nos
2222 4029 2352 4110 pati
2460 4030 2537 4090 ad
2567 4027 2782 4090 omnia
2812 4026 2946 4088 haec
2974 4033 3229 4098 taceret,
3264 4024 3530 4107 Caiphas
3561 4025 3653 4086 ira
3692 4043 3961 4088 succen-

567 4152 827 4202 Puxumo.
860 4127 1154 4207 dignatus
1193 4133 1288 4187 est
1325 4125 1628 4187 Dominus
1677 4124 2008 4200 virtutum,
2043 4125 2171 4187 Rex
2222 4128 2353 4206 glo·
2472 4147 2601 4202 suS,
2644 4134 2707 4188 et
2755 4143 3020 4205 surgens
3069 4125 3146 4186 de
3194 4124 3373 4198 solio,
3416 4123 3731 4204 adjuravit
3776 4123 3960 4187 Chri-

863 1691 980 1753 pro
1009 1680 1180 1735 tunc.
1216 1672 1300 1734 De
1330 1670 1615 1735 doctrina
1645 1688 1794 1733 vero
1825 1688 1939 1732 sua
1980 1669 2309 1751 respondit
2341 1687 2356 1731 t

862 1768 990 1850 Ego
1028 1787 1280 1853 semper
1320 1769 1504 1833 docui
1549 1770 1616 1830 in
1657 1787 1988 1850 synagoga,
2022 1776 2084 1830 et
2125 1767 2355 1849 palam.

2471 1672 2574 1746 tis,
2610 1671 3019 1734 interioribus
3062 1672 3264 1734 oculis
3303 1671 3535 1732 intueri
3582 1689 3705 1734 non
3754 1679 3969 1752 posset

2472 1790 2509 1832 a
2554 1789 2683 1852 quo
2731 1779 2897 1832 esset
2946 1788 3326 1852 percussus;
3368 1777 3427 1831 et
3476 1769 3627 1850 quia
3670 1787 3737 1830 se
3778 1787 3817 1829 a
3860 1787 3969 1849 po-

861 1867 1022 1940 Quid
1049 1887 1152 1930 me
1181 1868 1574 1949 interrogas?
1615 1868 1936 1947 Interroga
1965 1884 2072 1929 eos
2102 1866 2216 1947 qui
2258 1883 2361 1927 me
2396 1869 2443 1932 B
2474 1869 2626 1950 pulo
2679 1868 3053 1950 prophetam
3103 1867 3225 1930 dici
3287 1866 3598 1949 permisit,
3650 1865 3821 1927 istud
3870 1866 3968 1926 in-

859 1966 1218 2030 audieru'nt.
1255 1966 1382 2030 Hoc
1421 1965 1688 2048 protulit
1718 1964 2028 2040 Christus,
2063 1964 2216 2045 quia
2246 1963 2363 2025 sci-

2471 1966 2758 2048 quirunt‚
2813 1965 3095 2028 volentes
3153 1963 3421 2046 probare
3477 1964 3649 2045 quod
3706 1980 3968 2044 pereus-

861 2064 1006 2127 ebat
1061 2066 1233 2147 quod
1288 2064 1502 2126 Annas
1563 2063 1899 2137 malitiose,
1963 2081 2088 2125 non
2145 2062 2361 2124 animo
2472 2082 2679 2127 sorem
2711 2083 2897 2125 suum
2928 2063 3246 2144 ignoranS‚
3275 2081 3401 2126 non
3430 2070 3599 2124 esset
3628 2062 3961 2144 propheta.

859 4225 990 4301 riae,
1025 4224 1468 4288 universorum
1509 4223 1780 4298 Creator,
1817 4232 1878 4284 et
1907 4223 2171 4286 Sanctus
2202 4225 2355 4288 San·
2384 4233 2433 4294 D
2464 4235 2654 4300 stum,
2701 4225 2968 4286 dicendo
3011 4241 3024 4285 :
3067 4222 3307 4303 Adjuro
3353 4229 3414 4284 te
3463 4241 3578 4304 per
3622 4223 3813 4284 Deum
3860 4224 3959 4287 vi-

858 4332 1126 4398 ctorum,
1172 4331 1240 4384 ut
1282 4341 1396 4384 sua
1432 4322 1859 4404 despectione,
1905 4323 2347 4404 vilipensione,

859 4422 1358 4504 consputatione,
1391 4421 1800 4502 percussione
1849 4423 2202 4503 temporali,
2236 4444 2350 4487 nos

857 4520 938 4582 ab
981 4527 1215 4582 aeterna
1263 4517 1724 4600 reprobatione,
1769 4520 2235 4600 aspernatione,
2281 4523 2352 4584 il-

856 4619 1105 4681 lusione
1161 4625 1223 4678 et
1277 4616 1684 4679 tribulatione
1743 4617 2038 4699 eriperet,
2097 4619 2351 4702 Deoque

856 4717 1018 4779 Patri
1049 4714 1450 4780 honorabiles
1491 4715 1838 4791 exhiberet,
1873 4716 2089 4780 beatos
2127 4725 2190 4779 et
2224 4719 2351 4799 glo-

857 4817 1076 4880 riosos
1110 4816 1324 4895 ltaque
1359 4813 1521 4892 grati
1562 4813 1783 4888 simuS,
1817 4824 1880 4875 et
1919 4815 2038 4876 ista
2065 4817 2351 4896 quotidie

856 4934 1001 4977 cum
1051 4912 1264 4976 debita
1313 4912 1566 4994 pietate,
1620 4913 2076 4993 compassione,
2125 4916 2353 4994 gratia—

858 5033 1000 5075 rum
1029 5011 1276 5074 actione
1306 5019 1368 5072 et
1398 5011 1748 5073 imitatione
1777 5012 2081 5092 sagaciter
2109 5032 2183 5075 ac
2215 5033 2355 5095 pro-

859 5110 1056 5173 funde
1102 5127 1440 5191 pensemus
1476 5127 1490 5170 ε
1525 5108 1752 5171 horum
1804 5109 2061 5184 intuitu,
2095 5129 2352 5174 omnem

859 5207 1178 5289 injuriam,
1204 5207 1690 5289 vilipensionem
1719 5227 1794 5270 ac
1823 5207 2353 5290 vituperationem

861 5307 1047 5389 quasi
1107 5307 1269 5368 nihil
1323 5327 1470 5369 cum
1531 5307 1761 5387 gaudio
1823 5309 2231 5383 sustinentes,
2293 5318 2355 5372 et

2464 4343 2637 4399 vum,
2693 4331 2763 4384 ut
2823 4323 2993 4384 dicas
3054 4319 3259 4394 nobiS,
3311 4321 3362 4381 si
3426 4329 3494 4382 tu
3552 4338 3619 4382 es
3666 4321 3955 4385 Christus

2460 4423 2657 4485 Filius
2707 4421 2816 4483 Dei
2866 4420 3015 4483 vivi.
3061 4419 3156 4481 Ad
3200 4419 3371 4500 quod
3418 4437 3620 4500 quum
3666 4419 3955 4482 Christus

2464 4523 2745 4595 dixisset,
2781 4519 2872 4581 Tu
2913 4518 3149 4592 dixisti,
3184 4526 3247 4579 et
3274 4519 3499 4580 amodo
3530 4517 3820 4580 videbitis
3850 4516 3956 4580 Fi-

2463 4621 2622 4682 lium
2666 4617 2943 4680 hominis
2986 4617 3309 4678 sedentem
3348 4634 3386 4677 a
3421 4615 3657 4677 dextris
3697 4615 3951 4679 virtutis

2463 4718 2595 4797 Dei,
2636 4724 2700 4778 et
2734 4716 3096 4778 venientem
3138 4714 3205 4774 in
3254 4713 3535 4775 nubibus
3582 4713 3765 4794 coeli3
3814 4713 3955 4777 Cai-

2463 4817 2621 4899 phas
2669 4815 2855 4877 scidit
2898 4813 3272 4876 vestimenta
3318 4831 3451 4886 sua,
3504 4813 3719 4874 dicens
3760 4831 3773 4875 :
3812 4811 3954 4875 Bla—

2464 4913 2843 4998 sphemavit.
2894 4913 3053 4984 Quid
3104 4911 3283 4975 vobis
3332 4911 3623 4974 videtur?
3672 4911 3953 4994 Respon-

2463 5017 2693 5077 derunt
2734 5031 2747 5074 :
2790 5011 2955 5073 Reus
3003 5019 3098 5072 est
3146 5010 3391 5074 mortis.
3432 5009 3507 5072 Et
3550 5017 3719 5086 tunc,
3760 5019 3954 5092 prout

2460 5112 2783 5174 Matthaeus
2832 5117 2895 5172 et
2940 5108 3181 5171 Marcus
3231 5108 3617 5184 describunt,
3662 5108 3953 5172 fecerunt

2464 5210 2709 5274 Christo
2751 5208 3166 5271 contumelias
3194 5207 3325 5288 jam
3361 5206 3687 5290 praefatas;
3721 5207 3953 5294 deinde

2462 5308 2767 5372 accidisse
2798 5307 3048 5370 videtur
3077 5307 3249 5388 quod
3277 5306 3474 5368 Lucas
3505 5325 3675 5369 nune
3703 5306 3949 5370 recitat.
