4300 6259
1134 549 1482 598 munnum
1525 549 1590 596 m
1631 550 1770 598 car.
1815 551 1922 598 xlx
1963 551 2241 600 somnis.
2284 572 2367 583 —
2406 555 2549 600 ΛΒΤ.
2595 555 2735 600 va1
3360 535 3479 600 597

372 718 566 780 modo
599 718 999 800 Evangelista
1033 722 1188 785 dicit
1227 724 1346 786 hoc
1384 723 1450 785 in
1483 721 1711 786 Christi
1747 743 1880 806 pas·
1907 723 1958 784 A
1991 725 2177 806 legat.
2220 724 2395 798 Quod
2436 735 2648 790 autem
2694 727 3019 792 Zacharias
3066 730 3298 793 dixerit
3344 749 3483 792 ver-

371 817 554 879 sione
588 819 962 900 impletum?
992 821 1243 898 Iterum,
1275 823 1596 904 quomodo
1627 822 1744 885 hac
1775 842 1880 884 au·
1990 824 2070 886 ba
2118 824 2229 886 illa
2271 843 2398 888 non
2451 827 2527 889 de
2575 845 2664 902 se,
2714 829 2821 890 sed
2872 829 2949 890 de
2998 828 3265 903 Christe,
3312 836 3482 911 patet

372 917 666 979 ctoritate
710 919 936 1000 probat
978 921 1376 1003 propositum
1429 940 1639 995 suum,
1674 941 1877 1002 quum
1993 941 2105 1003 per
2149 923 2213 984 id
2258 926 2429 1004 quod
2469 926 2760 1006 protinus
2798 928 3018 990 addit:
3065 926 3138 990 Et
3181 929 3479 1010 plangent
3534 945 3771 994 lacman.

375 1014 670 1095 probatio
720 1037 846 1080 non
900 1020 1197 1100 procedat
1247 1019 1368 1080 nisi
1419 1036 1496 1081 ex
1545 1037 1734 1081 sensu
1779 1021 1879 1081 lit-
1991 1039 2135 1082 eum
2187 1022 2445 1104 planctu
2489 1025 2672 1106 quasi
2714 1043 2907 1107 super
2946 1026 3368 1107 unigenitum.
3402 1011 3576 1074 —¹⁰·

373 1114 581 1189 terali‚
617 1117 972 1179 secundum
1011 1117 1470 1198 Augustinum‘3
1503 1117 1872 1192 Dicendum,
1989 1119 2320 1195 Quaeritur,
2355 1123 2510 1203 quid
2550 1123 2839 1204 allegatio
2871 1124 3063 1205 hujus
3093 1125 3481 1188 auctoritatis

374 1214 548 1293 quod
599 1215 766 1278 sicut
807 1216 1145 1298 Apostolus
1189 1219 1266 1279 ad
1309 1215 1601 1280 Hebraeos
1651 1217 1878 1297 allegat
1991 1225 2234 1301 spectat
2280 1221 2357 1282 ad
2408 1220 2471 1282 id
2520 1223 2692 1302 quod
2740 1223 3101 1286 immediate
3152 1225 3477 1305 praemisit,

376 1312 456 1374 de
505 1313 754 1378 Christo
804 1317 976 1397 quod
1021 1317 1102 1378 ad
1149 1317 1423 1378 litteram
1484 1316 1724 1378 dictum
1783 1324 1879 1378 est
1925 1384 1937 1392 ‚
1989 1318 2163 1399 quod
2220 1337 2346 1380 non
2396 1318 2723 1400 fregerunt
2780 1340 2965 1382 crura
3014 1321 3266 1385 Christi.
3320 1321 3484 1384 Dici-

103 1419 344 1469 Hebr-1.⁵;
376 1411 456 1472 de
506 1411 864 1488 Salomone,
924 1414 1240 1488 videlicet,
1301 1414 1429 1494 Ego
1486 1432 1594 1478 ero
1653 1415 1746 1476 illi
1810 1416 1874 1478 in
1989 1422 2112 1489 tur,
2156 1417 2325 1497 quod
2376 1416 2497 1478 ista
2542 1418 2881 1481 auctoritas
2933 1420 3358 1482 introducitur
3402 1422 3480 1482 ad

88 1483 343 1587 ¹1¹J⁰⁹''¹''
378 1519 648 1591 patrem,
695 1521 757 1574 et
807 1513 944 1595 ipse
993 1514 1114 1575 erit
1162 1513 1320 1575 mihi
1371 1513 1436 1574 in
1485 1512 1698 1576 filium
1725 1533 1741 1594 ;
1784 1514 1877 1577 sic
1987 1512 2473 1594 approbandum
2521 1517 2693 1596 quod
2742 1517 2900 1578 dixit
2948 1519 3264 1599 superine,
3308 1518 3479 1580 Unus

376 1609 498 1672 hoc
537 1610 676 1674 loco
711 1611 980 1675 Joannes
1023 1611 1251 1693 allegat
1293 1613 1371 1673 de
1414 1611 1660 1675 Christo
1704 1614 1874 1693 quod
1989 1612 2269 1673 militum
2300 1613 2519 1678 lancea
2546 1615 2709 1676 latus
2741 1615 2879 1695 ejus
2910 1616 3181 1698 aperuit,
3216 1624 3279 1678 et
3307 1618 3479 1697 quod

374 1715 622 1770 constat
679 1711 758 1771 ad
817 1710 1091 1773 litteram
1144 1710 1384 1773 dictum
1436 1712 1512 1773 de
1560 1728 1722 1791 agno
1771 1730 1878 1792 pa-
1989 1710 2451 1773 crucifixerunt
2492 1730 2659 1774 eum.
2704 1713 3013 1795 Propheta
3061 1733 3339 1796 namque
3387 1716 3479 1777 di-
3534 1742 3734 1785 vomis.
3794 1760 3808 1789 x

373 1807 598 1869 schali.
633 1807 910 1890 Utraque
939 1817 1150 1871 tamen
1189 1808 1482 1889 allegatio
1519 1808 1752 1871 efficax
1782 1817 1876 1871 est
1987 1810 2209 1882 cendo,
2262 1809 2579 1872 Videbunt
2634 1811 2700 1874 in
2750 1830 2945 1892 quem
2994 1812 3473 1891 transfixerunt,

369 1905 448 1966 ad
493 1905 918 1986 probandum.
958 1906 1253 1969 Creatura
1297 1907 1556 1980 etenim,
1597 1907 1732 1969 sive
1780 1927 1875 1969 ra-
1909 1909 1957 1971 B
1987 1907 2295 1969 innuebat
2348 1910 2520 1989 quod
2580 1909 3030 1990 transfigerent
3084 1911 3404 1974 Christum
3458 1933 3472 1978 :

371 2003 630 2066 tionalis
680 2005 816 2066 sive
864 2005 1272 2080 irrationalis,
1327 2005 1709 2068 considerari
1764 2024 1874 2088 po-
1985 2014 2048 2067 et
2089 2005 2209 2070 hoc
2253 2005 2649 2087 Evangelista
2692 2008 2970 2070 ostendit
3008 2008 3369 2090 impletum.

369 2109 495 2164 test
535 2103 926 2185 dupliciter:
966 2104 1196 2186 primo,
1230 2105 1584 2166 secundum
1628 2123 1735 2184 se3
1780 2123 1874 2167 se·
2082 2103 2403 2166 Videbunt
2458 2124 2608 2186 ergo
2664 2105 2959 2168 infideles
3004 2107 3201 2170 Judaei
3259 2109 3323 2170 in
3377 2109 3479 2172 die

373 2201 605 2275 eundo,
651 2209 840 2283 prout
887 2209 984 2265 est
1031 2202 1240 2283 figura
1289 2201 1543 2276 Christi,
1587 2203 1700 2283 qui
1746 2223 1872 2266 non
1982 2203 2208 2283 judicii
2260 2202 2577 2266 Christum
2638 2205 2704 2266 in
2752 2223 2947 2286 quem
2996 2205 3475 2284 transfixerunt,

373 2299 584 2363 solum
634 2318 749 2382 per
799 2300 1111 2376 homineS,
1160 2301 1270 2363 sed
1317 2301 1508 2362 etiam
1558 2319 1672 2382 per
1722 2302 1875 2364 irra-
1986 2320 2112 2364 non
2165 2320 2277 2384 per
2326 2321 2413 2376 se,
2458 2304 2567 2365 sed
2617 2321 2733 2386 per
2778 2303 3014 2366 milites
3065 2306 3373 2387 praesidis,
3418 2315 3478 2369 et

375 2398 634 2461 tionalia
678 2397 1014 2478 figuratur,
1059 2399 1188 2463 imo
1234 2406 1297 2461 et
1348 2417 1462 2481 per
1503 2399 1868 2462 inanimata.
1985 2419 2131 2462 eum
2182 2401 2293 2482 qui
2347 2400 2509 2462 latus
2562 2401 2792 2464 Christi
2846 2403 3119 2484 aperuit,
3171 2423 3333 2486 quos
3382 2405 3479 2467 in-

96 2508 342 2559 ¹Cor.x‚⁴-
374 2497 552 2560 Unde
583 2496 738 2559 dicit
767 2497 1132 2579 ApostoluS,
1166 2496 1344 2560 Petra
1381 2506 1514 2560 erat
1544 2497 1868 2562 Christus:
1986 2499 2305 2561 duxerunt
2361 2501 2438 2561 ad
2498 2499 2638 2563 hoc.
2690 2500 2815 2582 Ipsi
2869 2520 3127 2583 quoque
3183 2503 3298 2584 qui
3358 2505 3478 2567 hoc

375 2595 547 2658 haud
606 2595 878 2658 dubium
932 2596 1091 2678 quin
1150 2595 1512 2680 figurative.
1569 2596 1647 2658 Et
1701 2599 1872 2679 quod
1986 2597 2297 2672 fecerunt,
2356 2597 2754 2678 conspicient
2818 2599 3159 2674 Christum,
3219 2601 3335 2683 qui
3392 2602 3479 2664 ci-

95 2706 340 2758 Μαευιιιι.
376 2694 665 2757 Christus
714 2713 791 2756 ex
845 2694 1088 2758 Psalmo
1136 2695 1365 2775 allegat
1422 2696 1498 2757 de
1544 2713 1632 2770 se,
1689 2696 1873 2778 Lapi-
1988 2695 2250 2758 catrices
2299 2694 2638 2757 vulnerum
2686 2697 3083 2760 conservavit
3140 2698 3205 2760 in
3256 2718 3479 2782 corpo-

92 2771 154 2873 ἒξ
191 2781 344 2821 mm·
376 2794 517 2855 dem
553 2812 747 2875 quem
781 2793 1282 2875 reprobaverunt
1312 2792 1716 2866 aedificantes,
1740 2795 1874 2876 qui·
1991 2813 2076 2869 re,
2111 2794 2189 2856 ad
2231 2793 2803 2857 inflammationem
2846 2795 3190 2859 electorum
3236 2807 3301 2860 et
3338 2817 3478 2862 con-

375 2893 520 2955 dam
566 2899 897 2974 exponunt
938 2894 1014 2954 ad
1059 2892 1335 2954 litteram
1379 2893 1456 2954 de
1496 2893 1706 2974 lapide
1747 2913 1876 2956 ma-
1986 2894 2305 2958 fusionem
2382 2894 2821 2976 reproborum.
2891 2895 3211 2959 Videbunt
3283 2898 3477 2979 igitur

375 2991 581 3052 teriali
623 2991 688 3053 in
731 2991 970 3073 templo
1001 2991 1374 3054 Salomonis,
1399 2988 1558 3054 Hinc
1590 2991 1873 3054 Christus
1987 2993 2307 3058 Christum
2366 2993 2432 3054 in
2491 2992 2593 3055 die
2652 2993 3022 3069 novissimo,
3079 2994 3261 3075 juxta
3315 2996 3474 3061 illud

112 3111 342 3162 Apa-‚na
376 3089 612 3153 dicitur
677 3090 799 3165 leo,
860 3108 1083 3171 agnuS,
1150 3089 1312 3171 lapis
1376 3089 1720 3171 angulariS,
1783 3091 1876 3155 vi-
1911 3090 2396 3174 CApocalypsis
2451 3110 2464 3154 :
2519 3090 2675 3154 Ecce
2730 3091 2902 3155 venit
2961 3112 3108 3155 cum
3168 3095 3471 3171 nubibuS,
3517 3122 3767 3180 *mah-1,

94 3171 347 3292 {ffsstjjfflj
376 3189 478 3250 tis.
525 3189 684 3250 Dum
732 3207 882 3269 ergo
929 3188 1173 3270 aliquid
1218 3189 1282 3250 in
1328 3186 1674 3270 Scripturis
1723 3190 1877 3252 dici-
1985 3198 2046 3253 et
2083 3188 2326 3252 videbit
2362 3207 2510 3251 eum
2548 3189 2755 3253 omnis
2793 3190 3039 3262 oculus,
3072 3199 3137 3254 et
3172 3193 3285 3273 qui
3330 3211 3479 3256 eum

97 3299 350 3348 melaena.
378 3295 480 3350 tur
517 3287 596 3348 de
635 3286 1004 3367 hujusmodi
1041 3286 1348 3348 creaturis
1389 3287 1741 3349 secundum
1782 3307 1870 3364 se,
1986 3293 2419 3370 pupugerunt.

97 3366 270 3412 ”³¹¹²
376 3393 528 3447 tunc
561 3384 709 3446 talia
738 3384 1182 3467 principaliter
1211 3391 1620 3466 exponuntur
1650 3386 1726 3447 de
1755 3386 1868 3448 eis.
2074 3387 2341 3466 Insuper
2399 3391 2622 3446 tractat
2668 3385 3066 3466 Evangelista
3122 3389 3201 3451 de
3248 3389 3479 3453 Christi

372 3483 581 3556 Quum
627 3501 778 3547 vero
825 3483 1186 3545 litteraliter
1233 3483 1535 3544 dicuntur
1581 3486 1872 3564 quaedam
1986 3483 2333 3566 sepultura.
2386 3482 2581 3556 Quam
2636 3484 2837 3546 voluit
2884 3483 3168 3551 Christus
3229 3487 3483 3552 honori—

373 3585 450 3647 de
499 3583 592 3645 eis
643 3589 715 3643 ut
761 3590 912 3643 sunt
959 3581 1170 3662 figura
1218 3579 1471 3654 Christi,
1523 3587 1676 3643 tunc
1724 3573 1873 3644 talia
1983 3581 2108 3644 sice
2166 3581 2310 3643 fieri
2359 3599 2372 3643 :
2423 3580 2654 3659 Primo,
2706 3583 3009 3663 quoniam
3059 3584 3291 3647 decuit.
3337 3587 3481 3668 Ipso

372 3681 836 3765 principaliter,
881 3680 1175 3761 quamvis
1225 3697 1352 3742 non
1404 3679 1634 3761 primo,
1687 3680 1872 3743 intel-
1985 3681 2157 3743 enim
2206 3679 2438 3754 occiso,
2490 3679 2882 3742 satisfactum
2937 3679 3057 3743 fuit
3108 3683 3479 3765 plenissime

368 3781 660 3862 liguntur
697 3779 775 3841 de
815 3777 1062 3841 Christo
1101 3784 1166 3839 et
1195 3776 1610 3839 verificantur
1650 3777 1712 3840 in
1755 3796 1866 3842 eo:
1985 3798 2100 3862 pro
2149 3779 2341 3842 totius
2387 3779 2641 3858 generis
2690 3777 2952 3841 humani
3005 3788 3283 3862 peccato,
3337 3783 3478 3847 ideo

365 3888 438 3942 ut
496 3885 593 3941 est
651 3878 811 3939 illud
870 3877 948 3938 de
1006 3875 1360 3950 Salomone,
1415 3882 1478 3938 et
1535 3876 1746 3958 lapide
1790 3877 1869 3940 ab
1984 3879 2214 3940 decens
2264 3875 2387 3938 fuit
2436 3884 2505 3938 ut
2551 3895 2629 3938 ex
2678 3883 2833 3938 tunc
2881 3877 3194 3960 inciperet
3239 3881 3478 3961 glorifi-

368 3975 842 4042 aedificantibus
884 3973 1238 4057 reprobato.
1267 3972 1576 4036 Similiter
1615 3975 1680 4036 in
1720 3995 1871 4058 prae-
1981 3976 2142 4038 catio
2193 3974 2445 4049 Christi,
2500 3974 2889 4056 haberetque
2943 3984 3085 4058 post
3136 3977 3477 4058 ignomini-

367 4077 556 4139 senti.
617 4074 792 4147 Quod
851 4074 1025 4135 enim
1083 4074 1162 4136 de
1218 4090 1380 4153 agno
1439 4072 1719 4154 paschali
1780 4074 1873 4136 di-
1980 4093 2154 4137 osam
2214 4081 2506 4148 mortem,
2561 4073 2990 4135 venerabilem
3050 4077 3469 4158 sepulturam.

367 4183 540 4238 ctum
595 4181 710 4244 est,
764 4171 842 4234 Os
902 4171 1042 4252 ejus
1102 4190 1228 4234 non
1289 4170 1723 4251 confringetis,
1779 4172 1870 4234 di·
1980 4172 2290 4244 Secundo,
2338 4173 2407 4234 ut
2450 4171 2825 4253 impleretur
2866 4174 3039 4254 quod
3090 4193 3205 4256 per
3246 4175 3466 4241 isaiam

367 4282 544 4336 ctum
594 4280 690 4334 est
738 4271 816 4332 de
863 4288 939 4333 eo
998 4270 1064 4332 in
1124 4277 1439 4351 quantum
1487 4269 1610 4331 fuit
1661 4269 1870 4351 figura
1898 4279 1947 4340 D
1979 4281 2110 4334 erat
2142 4270 2515 4353 praedictum
2551 4288 2564 4332 :
2598 4269 2732 4332 Erit
2760 4271 3128 4352 sepulcrum
3168 4272 3307 4354 ejus
3335 4275 3471 4355 glo-
3516 4306 3749 4357 1.„„‚10,

369 4370 604 4435 Christi
656 4377 725 4431 ut
778 4368 1088 4432 immolati
1141 4387 1154 4430 :
1205 4368 1377 4450 quod
1428 4367 1668 4450 Spiritu
1718 4368 1868 4431 San·
1980 4369 2241 4432 riosum.
3090 4439 3101 4446 ι

368 4477 471 4533 cto
543 4467 868 4532 revelante
936 4484 1284 4547 agnoscens
1350 4466 1642 4534 Joannes‚
1714 4468 1867 4530 dicit
2057 4471 2211 4530 Post
2260 4471 2391 4528 hoec
2438 4476 2677 4538 autem,
2721 4466 2968 4531 Christo
3012 4468 3143 4548 jam
3194 4479 3464 4546 mortuo,
3603 4478 3674 4534 38

371 4567 768 4650 Scripturam
835 4565 1012 4627 illam
1082 4565 1410 4647 impletam
1469 4565 1534 4626 in
1595 4565 1861 4641 Christo,
1975 4567 2233 4644 roqavit.
2262 4567 2586 4636 Pilatum,
2608 4565 2744 4628 sine
2784 4567 2968 4647 cujus
3009 4566 3265 4630 licentia
3301 4570 3468 4631 dam-

372 4668 451 4729 de
489 4684 619 4748 quo
660 4665 884 4746 utique
925 4662 1364 4746 principaliter
1399 4671 1496 4726 est
1534 4666 1860 4726 sumenda.
1978 4666 2106 4728 nati
2166 4672 2229 4726 et
2288 4663 2581 4725 crucifixi
2651 4683 2775 4727 non
2838 4672 3127 4746 poterant
3184 4666 3464 4748 sepeliri,

175 4771 238 4824 37
455 4769 540 4828 Ec
582 4767 824 4825 iterum
866 4765 1006 4824 alia
1051 4764 1395 4839 Scriptura
1435 4763 1599 4822 dicit
1634 4785 1656 4822 .·
1690 4766 1870 4825 Vide-
1973 4767 2200 4841 Ioseph
2264 4762 2573 4826 oriundus
2630 4765 2709 4823 ab
2765 4765 3150 4824 Arimatlzea
3216 4765 3469 4828 civitate

373 4867 532 4924 bunt
563 4865 636 4924 in
667 4881 856 4942 quem
889 4866 1384 4939 transfioeerunt.
1417 4859 1638 4923 Nostra
1673 4868 1868 4924 trans·
1974 4862 2221 4924 Judaeae.
2268 4860 2648 4934 Arimathea,
2693 4861 3045 4922 secundum
3087 4860 3339 4938 Bedam,
3375 4863 3471 4946 ip-

123 4977 341 5031 Zach.xn,
373 4961 525 5024 latio
564 4977 677 5023 seu
710 4965 920 5021 textus
958 4959 1346 5040 Hieronymi,
1385 4959 1524 5020 talis
1563 4967 1658 5022 est
1691 4979 1704 5022 :
1748 4960 1870 5023 Ad-
1977 4979 2046 5022 sa
2091 4966 2189 5020 est
2232 4958 2551 5032 Ramatha,
2596 4959 2673 5020 de
2720 4977 2848 5039 qua
2895 4956 3019 5019 fuit
3060 4958 3313 5022 Samuel
3363 4980 3471 5022 na·
3542 4987 3557 5030 1
3571 4987 3761 5042 Remu,

375 5059 650 5142 spicicnt
705 5058 783 5119 ad
843 5075 945 5119 me
1007 5075 1199 5138 quem
1261 5056 1686 5120 confixerunt.
1749 5058 1867 5121 Sed
1978 5066 2102 5130 tus,
2159 5066 2227 5121 ut
2275 5057 2505 5137 legitur
2554 5057 2617 5119 in
2668 5057 2849 5118 libris
2897 5057 3158 5138 Regum.
3211 5058 3472 5140 Rogavit
3500 5053 3565 5094 ¹⁷·

377 5159 542 5220 redit
583 5158 649 5219 in
702 5156 895 5218 idem.
939 5154 1249 5237 Propheta
1297 5157 1540 5238 quippe
1589 5157 1872 5238 loquitur
1979 5164 2191 5218 autem
2252 5154 2520 5217 Pilatum
2578 5175 2645 5215 eo
2693 5159 2863 5236 quod
2908 5165 3062 5216 esset
3109 5159 3473 5235 discipulus

378 5258 446 5319 in
505 5273 776 5338 persona
835 5253 1090 5317 Christi.
1141 5253 1408 5316 Joannes
1465 5263 1675 5316 autem
1732 5273 1874 5317 sen·
1977 5259 2148 5326 Iesu,
2204 5255 2469 5316 credens
2517 5261 2579 5314 et
2628 5253 2857 5335 partim
2906 5253 3211 5316 obediens
3260 5257 3473 5318 verbis

379 5373 522 5418 sum
575 5353 775 5434 magis
822 5371 1015 5434 quam
1067 5351 1338 5415 formam
1388 5352 1729 5416 verborum
1785 5353 1875 5416 al·
1983 5352 2146 5433 ejus.
2197 5350 2331 5415 Non
2381 5359 2591 5414 tamen
2650 5350 2774 5412 fuit
2827 5350 3147 5433 perfectus
3196 5353 3479 5437 discipu-
