4300 6259
96 1321 156 1366 Cf.
175 1323 304 1366 Pron

55 1386 323 1441 xis-,33:8⁶2

71 1463 78 1470 .
138 1450 186 1478 3·-

70 1617 236 1672 Ephe&
255 1633 300 1663 ιιι

105 1816 231 1860 Deae.

59 1893 192 1931 ¹¹¹¹'¹·
245 1883 286 1922 ²·
351 1901 610 1964 Domini
671 1899 985 1962 habitabit
1049 1897 1466 1972 confidenter,
1528 1906 1590 1959 et
1655 1899 1720 1960 in
1784 1917 1860 1961 eo
1896 1897 1944 1958 B
1972 1919 2100 1980 nae3
2134 1901 2245 1962 sed
2285 1919 2487 1981 quum
2527 1899 2803 1980 diligunt
2838 1900 3055 1976 Deum,
3092 1912 3155 1965 et
3194 1903 3259 1965 in
3301 1911 3466 1965 statu

67 2708 190 2750 [Cor.
206 2722 244 2750 xi

143 2989 208 3044 21

83 3792 260 3836 uonna.
274 3807 317 3843 v,

1085 543 1437 591 ENARRA‘rlo
1479 543 1543 591 m
1584 544 1723 591 CAP.
1768 544 1872 589 XIV
1911 543 2189 591 JOANNIS.
2234 563 2315 576 —
2355 544 2497 591 ΛΒΤ.
2542 545 2733 592 xxxv!

3343 525 3463 590 537

351 723 501 780 tum
543 717 831 781 Christus
870 683 966 779 cst
1007 716 1220 792 homo,
1255 735 1476 778 sumus
1521 715 1587 777 in
1630 733 1705 779 eo
1748 733 1863 797 per
1889 713 1942 776 A
2050 713 2280 778 Omnes
2318 723 2530 777 autem
2564 715 3035 798 praedcstinatos
3067 715 3273 798 diligit
3300 716 3464 779 Deus

351 816 886 880 communionem
926 824 1208 896 naturae3
1251 815 1316 877 in
1361 823 1671 897 quantum
1713 833 1864 878 vero

351 924 458 978 est
496 915 686 989 DeuS,
721 934 944 978 sumus
986 915 1050 976 in
1092 933 1166 977 eo
1205 913 1372 976 sicut
1412 913 1476 976 in
1519 933 1709 976 causa
1745 914 1865 976 sal-

353 1022 552 1076 vante
601 1022 665 1076 et
714 1020 1151 1088 conservante,
1198 1021 1260 1096 et
1309 1013 1472 1074 sicut
1523 1013 1586 1074 in
1639 1012 1863 1075 ultimo

351 1111 520 1174 fine.
574 1116 662 1174 Et
709 1133 820 1190 eqo
872 1114 946 1172 in
995 1114 1189 1184 vobis,
1245 1129 1360 1193 per
1418 1111 1741 1173 caritatem
1802 1117 1864 1172 et

350 1211 654 1292 gratiam,
689 1219 752 1273 et
779 1212 1118 1292 gratiosam
1151 1209 1694 1285 inhabitationem,
1718 1228 1864 1291 qua-

309 1311 416 1372 .si
473 1311 538 1372 in
601 1311 842 1391 templo
899 1317 964 1372 et
1017 1310 1187 1371 sede.
1243 1309 1396 1373 Nam
1449 1309 1662 1370 anima
1706 1307 1861 1388 justi

354 1417 458 1470 est
519 1409 700 1470 sedes
760 1408 1109 1490 sapientiae,
1162 1415 1226 1469 et
1281 1407 1681 1487 congregatio
1738 1405 1863 1468 ele-

353 1515 615 1570 ctorum
672 1514 770 1569 est
823 1505 1136 1588 templum
1195 1506 1552 1585 domusque
1603 1503 1856 1567 Christi.

305 1653 318 1670 .
352 1605 522 1668 Hinc
575 1607 930 1668 secundum
979 1603 1377 1686 Apostolum,
1419 1603 1704 1666 Christus
1749 1621 1863 1684 per

351 1703 559 1766 fidem
614 1704 858 1766 habitat
907 1703 970 1765 in
1024 1702 1320 1768 cordibus
1371 1701 1624 1764 nostriS.
1671 1701 1748 1762 Et
1794 1701 1860 1763 in

351 1801 851 1866 Deuteronomio
891 1801 1130 1883 Moyses
1175 1801 1264 1862 ait
1309 1819 1322 1862 :
1370 1799 1860 1862 Amantissimus

351 1999 540 2081 quasi
588 1999 654 2061 in
699 1998 978 2060 thalamo
1020 2005 1148 2060 tota
1191 1997 1292 2059 die
1337 1997 1854 2070 commorabitur,

353 2106 420 2160 et
472 2098 641 2160 inter
693 2097 994 2159 humeros
1048 2094 1220 2156 illius
1272 2094 1649 2177 requiescet.
1705 2096 1860 2158 1³1·ae-

352 2203 531 2258 terea
574 2195 862 2259 Christus
904 2195 1256 2256 secundum
1309 2192 1728 2267 divinitatem,
1765 2202 1860 2255 est

354 2295 422 2356 in
485 2294 664 2356 Patre
725 2291 1277 2374 inegressibiliter,
1331 2292 1498 2353 sicut
1557 2292 1730 2354 rivus
1790 2292 1855 2353 in

350 2393 556 2468 fonte,
589 2392 757 2454 sicut
787 2391 1054 2454 verbum
1096 2391 1162 2453 in
1203 2390 1473 2465 dicente,
1507 2390 1673 2452 sicut
1711 2408 1859 2453 con-

351 2499 582 2573 ceptus
633 2491 698 2553 in
749 2489 1166 2570 intelligente.
1219 2488 1582 2550 Secundum
1640 2489 1858 2551 huma-

351 2590 622 2652 nitatem
682 2607 966 2671 quoque,
1028 2595 1124 2649 est
1191 2587 1256 2648 in
1317 2587 1495 2649 Patre
1561 2587 1730 2648 sicut
1789 2587 1854 2649 in

250 2689 586 2770 ‚.capite.
651 2687 853 2770 Caput
907 2686 1081 2749 enim
1141 2685 1372 2749 Christi
1431 2685 1616 2760 DeuS,
1676 2685 1856 2767 juxta

349 2786 754 2869 Apostolum.
805 2784 916 2847 Est
972 2785 1162 2846 etiam
1214 2783 1498 2848 Christus
1559 2783 1622 2844 in
1672 2783 1855 2846 nobis

351 2904 472 2968 per
513 2903 758 2947 sacram
801 2882 1214 2945 Eucharistiae
1255 2882 1793 2945 communionem.

438 2985 568 3053 Qui
603 2985 790 3044 habet
830 2985 1142 3044 mandata
1183 3001 1342 3053 mea,
1380 2981 1443 3042 id
1487 2987 1602 3054 est,
1638 2981 1856 3043 divina

1971 814 2351 876 aeternaliter
2400 821 2591 895 atque
2640 814 3038 896 simpliciter,
3074 816 3261 877 etiam
3309 823 3464 878 tunc

1971 914 2227 995 quando
2286 932 2410 976 non
2472 912 2766 994 diligunt,
2819 914 2928 975 sed
2984 914 3193 995 iniqui
3244 922 3393 977 sunt
3444 934 3458 978 :

1972 1031 2117 1073 nam
2181 1011 2319 1093 ipse
2378 1012 2553 1094 prior
2610 1012 2832 1074 dilexit
2890 1031 3025 1075 nos.
3081 1012 3315 1094 Diligit,
3369 1016 3465 1076 in-
3500 1027 3753 1078 umnam,

1973 1129 2187 1192 quam,
2230 1129 2337 1174 eos
2386 1112 2739 1173 secundum
2788 1131 2919 1174 suae
2966 1113 3464 1194 praedestinatio·
3490 1092 3559 1134 ¹⁰⁶

1974 1210 2072 1272 nis
2121 1209 2449 1272 intuitum.
2490 1209 2696 1282 Quum
2745 1219 2953 1272 autem
3006 1219 3465 1275 convertuntur

1972 1317 2034 1370 et
2082 1309 2380 1390 diligunt,
2429 1308 2741 1390 impendit
2789 1309 2881 1371 eis
2930 1329 3059 1372 suae
3106 1311 3465 1375 dilectionis

1973 1407 2299 1481 effectum,
2335 1425 2529 1488 quem
2569 1408 2757 1489 plene
2796 1427 2869 1470 ac
2907 1408 3189 1471 finaliter
3228 1409 3469 1492 impen-

1972 1508 2064 1570 dit
2102 1526 2302 1588 quum
2344 1506 2665 1569 coelestem
2701 1506 3158 1570 beatitudinem
3200 1508 3469 1572 sortiun-

1971 1615 2094 1669 tur.
2150 1605 2285 1668 Non
2338 1605 2813 1687 praedestinatos
2871 1613 3081 1668 autem
3133 1627 3461 1689 nunquam

1971 1703 2181 1785 diligit
2221 1703 2508 1767 absolute
2552 1703 2651 1766 vel
2698 1704 3097 1786 simpliciter,
3142 1706 3296 1787 quia
3338 1726 3464 1771 non

1970 1802 2107 1864 vult
2134 1802 2228 1864 eis
2257 1801 2632 1883 simpliciter
2659 1801 2922 1881 gloriam
2952 1802 3271 1866 felicitatis
3300 1813 3468 1867 aeter-

1969 1999 2193 2061 salutis
2246 2005 2415 2073 sunt,
2470 1997 2676 2079 diligit
2733 2015 2839 2060 eos
2898 2003 3247 2063 secundum
3310 2021 3469 2083 prae-

1970 2104 2215 2160 sentem
2260 2096 2597 2177 justitiam.
2650 2096 2855 2169 Quum
2914 2116 3064 2180 ergo
3121 2099 3209 2162 ait
3256 2099 3468 2164 Salva-

1969 2204 2087 2270 tor,
2123 2195 2239 2269 Qui
2273 2195 2481 2276 diligit
2522 2213 2645 2269 me,
2680 2196 2981 2277 diligetur
3017 2218 3054 2260 a
3093 2198 3270 2261 Patre
3299 2218 3464 2275 meo,

1967 2294 2239 2375 intelligi
2293 2301 2519 2376 potest,
2555 2293 2653 2357 vel
2702 2295 2779 2356 de
2826 2295 3045 2358 electis
3094 2297 3205 2378 qui
3257 2316 3470 2380 perse-

1968 2401 2191 2456 verant
2239 2401 2301 2454 et
2349 2401 2874 2455 consummantur
2926 2394 2993 2456 in
3041 2395 3230 2470 bono,
3275 2405 3469 2479 atque

1967 2492 2032 2554 in
2086 2491 2317 2555 Christi
2368 2490 2707 2555 dilectione
2749 2491 3105 2569 discedunt,
3149 2502 3213 2557 et
3260 2495 3325 2558 hi
3376 2497 3471 2558 di-

1966 2591 2246 2671 ligentur
2296 2609 2333 2652 a
2380 2589 2559 2652 Patre
2620 2589 3000 2672 simpliciter
3056 2601 3249 2674 atque
3306 2594 3470 2657 fina-

1967 2689 2132 2762 liter,
2184 2708 2221 2750 a
2276 2707 2405 2769 quo
2457 2706 2671 2751 veram
2728 2689 3187 2754 beatitudinem
3247 2711 3466 2756 conse-

1964 2795 2299 2870 quentur3
2356 2787 2458 2850 vel
2519 2787 2595 2848 de
2654 2788 2959 2869 praescitis
3017 2789 3129 2870 qui
3188 2790 3464 2872 diligunt

1965 2885 2286 2950 Christum
2335 2887 2413 2947 ad
2466 2892 2741 2967 tempuS,
2795 2894 2857 2948 et
2906 2897 3059 2950 tunc
3107 2888 3463 2969 diliguntur

1962 3004 1999 3047 a
2046 2983 2225 3045 Patre
2284 2984 2636 3046 secundum
2696 2993 3073 3066 praesentem
3119 2987 3456 3068 justitiam.

350 3089 674 3164 praccepta
723 3079 1060 3161 cognoscit,
1093 3089 1154 3140 ec
1188 3088 1401 3141 servat
1436 3099 1509 3138 ea
1560 3096 1672 3160 per
1715 3079 1858 3142 obe·
1891 3079 1934 3145 C
1963 3082 2413 3144 Verumtamen
2461 3082 2654 3145 verba
2702 3083 2823 3145 ista
2871 3084 2992 3146 hoc
3043 3085 3180 3149 loco
3230 3087 3323 3149 sic
3366 3086 3461 3149 in-

347 3180 683 3253 dientiam,
736 3179 902 3241 sicut
951 3179 1028 3240 de
1085 3177 1257 3258 justo
1313 3177 1400 3239 ait
1457 3176 1784 3238 Psalmista
1834 3197 1848 3240 :

147 3303 288 3350 aas.
348 3279 420 3342 ln
471 3279 612 3359 lege
655 3277 905 3341 Domini
955 3276 1248 3340 voluntas
1295 3275 1458 3356 ejuS,
1500 3283 1562 3336 et
1607 3275 1671 3337 in
1716 3275 1854 3357 lege

347 3378 494 3459 ejus
554 3376 968 3440 meditabitur
1027 3375 1128 3438 dic
1185 3393 1258 3436 ac
1320 3382 1543 3455 nocte3
1599 3377 1713 3435 ille
1761 3383 1852 3435 est

348 3479 472 3557 qui
527 3477 756 3554 diligit
816 3495 912 3536 me
960 3495 983 3534 .·
1041 3472 1346 3555 quoniam
1403 3480 1850 3552 argumentum

349 3574 718 3638 dilectionis
757 3581 852 3636 est
891 3573 1189 3654 operatio,
1213 3590 1415 3652 quum
1457 3571 1682 3633 caritas
1724 3591 1849 3634 non

349 3673 439 3736 sit
475 3672 676 3735 otiosa
711 3678 822 3734 aut
860 3669 1210 3751 negligens.
1243 3668 1420 3731 Unde
1449 3668 1718 3731 loannes
1760 3670 1852 3732 di-

349 3772 442 3836 cit
473 3789 488 3834 :
525 3770 667 3832 Haec
705 3776 798 3832 est
840 3769 1065 3831 caritas
1105 3767 1235 3841 Dei,
1273 3774 1341 3828 ut
1379 3768 1672 3830 mandata
1707 3767 1850 3848 ejus

349 3868 811 3934 custodiamus.
847 3869 977 3937 Qui
1017 3878 1234 3928 autem
1283 3867 1508 3942 diliqit
1553 3886 1669 3938 me,
1715 3866 1849 3930 sive

349 3977 422 4032 ut
454 3967 780 4032 hominem
815 3985 930 4049 pro
968 3985 1036 4028 se
1071 3984 1351 4047 passum,
1387 3964 1522 4027 sive
1556 3972 1623 4026 ut
1651 3965 1846 4027 Deum

349 4086 470 4150 pro
518 4086 586 4128 se
635 4066 1038 4128 incarnatum
1085 4071 1278 4144 atque
1327 4062 1698 4138 salvantem,
1745 4065 1849 4123 di-

347 4169 595 4244 ligetur
629 4187 669 4225 a
716 4166 918 4226 Patre
965 4183 1120 4234 me0,
1165 4163 1230 4224 id
1280 4169 1395 4236 est,
1437 4161 1668 4225 merito
1717 4181 1848 4226 suae

1963 3180 2307 3260 telligenda
2351 3199 2475 3243 non
2522 3187 2690 3256 sunt,
2728 3182 2837 3244 sed
2878 3183 2955 3244 de
2998 3185 3459 3265 praedestinatis

1962 3279 2308 3354 dumtaxat,
2362 3278 2475 3360 qui
2525 3279 2799 3360 diligunt
2845 3299 3049 3363 usque
3107 3282 3170 3344 in
3232 3281 3455 3346 finem.

1961 3376 2305 3458 Subjungit
2348 3376 2521 3439 enim
2566 3376 2895 3442 Salvator:

2040 3477 2126 3536 Et
2155 3495 2266 3552 eyo
2296 3477 2579 3553 diliqam
2606 3497 2781 3547 eum,
2814 3477 2879 3540 id
2919 3486 3035 3552 est,
3079 3480 3461 3543 aeternaliter

1959 3593 2106 3637 eum
2155 3575 2401 3649 amab0,
2446 3583 2509 3637 et
2557 3594 2722 3639 verae
2772 3577 3128 3641 dilectionis
3178 3579 3357 3661 signa
3398 3580 3457 3642 ei

1959 3674 2309 3746 ostendam,
2346 3674 2552 3736 dando
2590 3674 2648 3736 ei
2687 3675 2953 3755 gratiam
2994 3676 3347 3739 salvificam
3388 3677 3455 3740 in

1960 3771 2278 3853 praesenti,
2321 3771 2719 3854 gloriamque
2768 3775 2833 3835 in
2883 3772 3120 3838 futuro.
3174 3776 3457 3840 Custodit
3518 3797 3749 3844 Panum,

1957 3869 2132 3932 enim
2172 3870 2474 3933 Dominus
2512 3888 2733 3933 omnes
2771 3871 3107 3952 diligentes
3148 3891 3236 3936 se.
3274 3873 3349 3936 Et
3390 3875 3454 3938 in
3484 3863 3552 3904 ²⁰·

1957 3967 2313 4030 Proverbiis
2354 3967 2704 4033 Salomonis
2744 3977 2977 4032 aeterna
3010 3969 3331 4053 Sapientia
3368 3974 3459 4038 lo-

1956 4067 2180 4148 quitur
2226 4085 2240 4129 :
2292 4066 2416 4148 Ego
2467 4067 2801 4149 diligentes
2852 4087 2955 4132 me
3003 4070 3219 4152 diligo.
3275 4072 3459 4135 Dein-
3512 4101 3747 4148 prowm,

1957 4166 2034 4226 de
2079 4165 2364 4228 Christus
2408 4166 2684 4229 declarat
2724 4187 2855 4230 suae
2898 4169 3255 4233 dilectionis
3302 4190 3459 4253 prae-
3486 4165 3553 4206 ¹⁷·

347 4263 714 4328 dilectionis
745 4264 909 4326 dona
936 4261 1132 4324 Patris
1174 4261 1460 4342 recipiet,
1494 4261 1684 4341 eique
1715 4260 1848 4342 pla-
1881 4261 1927 4323 D
1959 4263 2162 4325 mium
2216 4262 2599 4328 ultimatum.
2648 4269 2734 4327 Et
2788 4270 3212 4348 manifestabo
3256 4275 3316 4330 ei
3360 4291 3460 4331 me

346 4363 542 4426 cebit.
597 4361 1070 4425 Advertendum
1117 4361 1288 4442 quod
1347 4359 1603 4423 dilectio
1649 4358 1848 4422 Patris

345 4479 466 4524 seu
517 4459 842 4522 Trinitatis
890 4459 965 4520 ad
1017 4477 1154 4533 noS,
1202 4466 1298 4520 est
1341 4465 1620 4520 aeterna:
1657 4456 1849 4520 idcir-

347 4579 426 4623 co
471 4577 587 4641 per
627 4576 884 4622 omnem
929 4556 1361 4619 differentiam
1401 4555 1705 4637 temporis
1745 4574 1851 4618 ex-

349 4658 650 4742 plicatur.
711 4655 867 4718 Nam
925 4674 1120 4737 supra
1176 4655 1416 4717 dictum
1475 4660 1590 4728 est,
1655 4654 1849 4719 verbo

201 4784 319 4826 mm,
347 4754 658 4840 praeteriti
692 4754 999 4836 temporis
1034 4773 1048 4816 ε
1083 4752 1185 4815 Sic
1214 4753 1376 4815 Deus
1411 4752 1636 4815 dilexit
1665 4772 1850 4815 mun-

346 4858 530 4928 dum,
580 4862 650 4916 ut
693 4853 924 4915 Filium
970 4871 1159 4914 suum
1206 4851 1604 4933 unigenitum
1647 4853 1843 4914 daret.

245 4982 317 5016 .ιι.
347 4953 429 5016 Et
465 4952 698 5014 Paulus
734 4971 747 5014 :
786 4951 1048 5033 Propter
1088 4950 1349 5012 nimiam
1389 4951 1658 5032 (inquit)
1695 4951 1852 5012 cari-

346 5059 545 5116 tatem
574 5070 703 5132 qua
743 5050 965 5113 dilexit
1003 5069 1117 5113 nos
1158 5050 1356 5112 Pater.
1386 5049 1556 5112 Infra
1592 5069 1850 5132 quoque

349 5151 445 5214 ait
473 5149 760 5213 Christus
794 5167 908 5230 per
939 5148 1206 5210 verbum
1238 5148 1544 5229 temporis
1577 5167 1852 5230 praesen-

175 5283 314 5325 mv..
345 5251 432 5313 tis
458 5268 472 5312 :
497 5247 639 5330 Ipse
665 5247 849 5310 Pater
881 5265 991 5310 vos
1019 5254 1206 5308 amat.
1239 5245 1420 5308 Nunc
1451 5264 1601 5309 vero
1633 5244 1850 5309 futuro

345 5348 576 5422 utitur,
611 5345 831 5409 dicens
875 5363 889 5408 ε
929 5344 1238 5426 Diligetur
1273 5364 1310 5407 a
1350 5343 1525 5406 Patre
1568 5361 1730 5407 meo.

1957 4363 2201 4439 ipsum,
2243 4361 2306 4424 id
2348 4370 2463 4438 est,
2509 4364 2670 4428 dabo
2718 4365 2775 4426 ei
2825 4365 3059 4430 claram
3109 4367 3457 4431 divinitatis

1960 4477 2117 4522 meae
2171 4460 2483 4536 notitiam,
2538 4481 2651 4524 seu
2703 4462 3065 4526 beatificam
3118 4466 3453 4542 visionem,

1958 4577 2102 4639 quae
2149 4565 2246 4620 est
2296 4567 2425 4622 tota
2475 4578 2741 4635 merces,
2797 4569 2865 4623 ut
2913 4561 3079 4624 infra
3126 4564 3396 4627 habetur
3438 4584 3451 4629 :

1958 4656 2103 4718 Haec
2142 4665 2238 4720 est
2279 4657 2406 4720 vita
2444 4667 2698 4736 aeterna,
2732 4666 2803 4721 ut
2840 4670 3220 4741 cognoscant
3262 4671 3322 4724 te
3356 4683 3457 4726 ve-
3482 4689 3747 4742 manna,

1959 4774 2101 4816 rum
2142 4754 2361 4831 Deum,
2404 4765 2466 4819 et
2508 4776 2699 4838 quem
2746 4758 2976 4821 misisti
3019 4760 3231 4824 Jesum
3280 4762 3455 4825 Chri·
3484 4755 3523 4796 ³·

1959 4862 2152 4916 stum.
2206 4854 2412 4918 Potest
2467 4862 2676 4917 tamen
2738 4855 2961 4918 referri
3020 4859 3098 4920 ad
3156 4860 3457 4941 appariti-

1958 4971 2146 5016 onem
2217 4953 2444 5017 Christi
2516 4962 2658 5035 post
2721 4957 3273 5034 resurrectionem,
3328 4979 3457 5041 qua

1959 5071 2027 5114 se
2077 5050 2507 5114 manifestavit
2563 5052 2898 5135 discipulis
2948 5055 3013 5116 in
3065 5056 3457 5120 humanitate

1957 5149 2327 5230 glorificata,
2351 5149 2644 5230 quamvis
2684 5170 2809 5214 non
2853 5152 3352 5217 manifestaverit
3390 5176 3458 5219 se

1961 5246 2026 5309 in
2076 5248 2289 5330 specie
2342 5248 2625 5329 corporis
2672 5248 3034 5330 glorificati.
3084 5250 3202 5315 Sed
3252 5255 3459 5336 prima

1961 5344 2275 5429 expositio
2308 5347 2514 5430 aptior
2552 5355 2668 5424 est,
2704 5349 3008 5430 quoniam
3038 5350 3324 5415 Christus
3352 5372 3458 5435 ge-
