4300 6259
61 3295 114 3336 ³1.

154 3813 185 3870 6

1131 500 1481 548 zumulo
1523 499 1588 546 m
1627 499 1766 546 car.
1811 500 1896 547 xx
1937 497 2126 546 Luca.
2170 517 2252 530 —
2293 459 2436 547 aar.
2482 501 2629 548 nm
3305 480 3424 546 173

319 668 582 748 spondit
629 669 797 733 sicut
839 677 1364 753 promeruerunt3
1396 678 1460 734 et
1501 670 1692 733 talem
1732 669 1824 731 eis
1854 668 1905 729 A
1935 688 2007 732 ca
2047 676 2291 752 patrem
2328 669 2605 746 IoanniS,
2638 670 2751 752 qui
2796 669 3019 751 angelo
3062 669 3186 732 sibi
3229 687 3424 751 appa-

321 768 660 848 proposuit
695 769 1137 850 quaestionem,
1171 788 1249 833 ex
1288 769 1471 850 cujus
1511 768 1824 833 solutione
1935 776 2112 830 rente
2140 767 2345 831 factus
2386 777 2483 830 est
2520 775 2757 844 mutuS,
2791 776 2853 831 et
2890 777 3035 831 nato
3062 767 3299 831 Ioanne
3328 784 3425 828 re-

319 863 599 927 fuissent
645 865 897 930 confusi
944 875 1006 930 et
1046 869 1222 943 victi,
1255 876 1317 930 et
1365 886 1443 931 ex
1493 867 1678 949 cujus
1729 885 1828 930 so-
1935 867 2104 949 cepit
2160 867 2475 949 loquelam
2513 886 2529 946 ;
2580 885 2657 929 ex
2715 867 3111 930 sanctissima
3166 882 3423 947 quoque

320 962 567 1027 lutione
624 965 880 1042 omissa,
941 967 1145 1031 nihilo
1203 968 1416 1029 minus
1473 965 1824 1030 confunde·
1933 966 2410 1029 conversatione
2463 966 2742 1038 Ioannis,
2804 965 2917 1048 qui
2975 985 3012 1027 a
3066 964 3422 1048 puerilibus

317 1060 578 1124 bantur.
1931 1064 2114 1125 annis
2154 1063 2543 1126 eremiticam
2576 1063 2757 1126 duxit
2786 1064 3001 1138 vitam,
3038 1071 3101 1124 et
3136 1069 3426 1126 constan-

396 1160 623 1243 Itaque
660 1163 1072 1244 interrogavit
1100 1182 1116 1226 1
1145 1167 1521 1242 Baptismus
1545 1165 1822 1226 Ioannis

316 1261 396 1319 de
432 1263 588 1321 coelo
627 1268 791 1332 erat,
824 1281 913 1322 an
949 1282 1032 1322 em
1079 1263 1452 1324 hominibus
1473 1265 1503 1324 ?
1532 1262 1652 1325 hoc
1700 1268 1816 1336 cst,

313 1376 394 1419 an
445 1375 528 1420 ex
579 1359 798 1422 divina
840 1360 1212 1423 auctoritate
1261 1369 1326 1422 et
1373 1360 1822 1424 commissione

313 1454 560 1517 coelesti
606 1456 877 1519 ,Ioannes
929 1457 1202 1540 Baptista
1260 1457 1571 1540 populum
1616 1457 1822 1540 bapti-

313 1553 506 1634 zavit,
558 1573 640 1616 an
695 1573 773 1616 ex
817 1554 1098 1618 humana
1153 1558 1592 1620 tantummodo
1641 1556 1821 1619 insti-

1931 1161 2217 1225 tissimus
2246 1161 2373 1224 fuit
2400 1162 2631 1225 zelator
2659 1161 2921 1243 justitiae
2947 1180 2961 1224 :
2996 1162 3165 1224 unde
3192 1169 3257 1224 et
3287 1169 3425 1223 tan-

1929 1267 2008 1323 tae
2065 1260 2483 1342 reputationis
2541 1261 2781 1322 exstitit
2836 1261 3007 1342 apud
3063 1278 3193 1334 eoa,
3251 1260 3423 1341 quod

1929 1358 2337 1421 crediderunt
2399 1377 2547 1421 eum
2610 1376 2750 1420 esse
2806 1358 3146 1421 Christum.
3206 1358 3423 1438 Itaque

1928 1457 2068 1519 duae
2113 1475 2317 1520 causae
2358 1456 2728 1520 incitassent
2771 1454 3025 1538 plebem
3068 1456 3147 1518 ad
3186 1455 3425 1537 lapida-

1929 1554 2167 1618 tionem
2214 1555 2503 1630 istorum,
2554 1555 2606 1616 si
2668 1555 2976 1617 dixissent
3029 1554 3421 1636 baptismum

315 1650 589 1728 tutione,
629 1653 1081 1718 commissione
1122 1663 1230 1717 aut
1274 1655 1818 1738 praesumptione?
1923 1652 2181 1716 loannis
2239 1671 2317 1716 ex
2368 1653 2766 1717 institutione
2815 1653 3065 1717 venisse
3116 1653 3416 1716 humana.

312 1747 592 1812 Vocatur
644 1758 858 1813 autem
913 1751 1270 1834 baptismus
1314 1752 1573 1816 Joannis
1633 1751 1816 1834 quasi
1925 1750 2132 1813 Prima
2177 1760 2294 1826 est,
2328 1752 2479 1834 quia
2518 1752 2639 1815 hoc
2677 1759 3077 1834 reputassent
3114 1750 3313 1814 fuisse
3352 1751 3419 1814 in

311 1847 598 1910 ministri
633 1866 648 1911 :
684 1855 748 1911 et
795 1849 950 1930 quia
996 1850 1064 1912 in
1107 1850 1218 1914 illo
1262 1851 1580 1934 baptismo
1617 1851 1818 1932 gratia
1852 1855 1899 1917 Β
1928 1850 2395 1931 derogationem
2431 1851 2709 1926 Ioannis,
2746 1850 2874 1914 imo
2914 1857 2976 1912 et
3012 1849 3145 1924 Dei,
3178 1850 3332 1932 quia
3365 1850 3419 1912 si

313 1964 440 2009 non
481 1946 774 2024 dabatur,
809 1950 920 2011 sed
957 1955 1160 2012 totum
1197 1951 1368 2031 quod
1407 1949 1606 2013 fiebat
1646 1950 1711 2012 in
1742 1967 1818 2014 eo

311 2041 466 2106 fecit
515 2044 812 2121 Joannes,
863 2047 1170 2127 quoniam
1227 2054 1475 2110 tantum
1533 2056 1669 2111 erat
1726 2048 1815 2110 ibi

311 2142 595 2206 exterior
641 2143 796 2207 lotio
843 2161 921 2206 ex
969 2153 1146 2226 parte
1193 2145 1537 2227 baptismi3
1591 2146 1732 2210 ideo
1781 2165 1820 2208 a

307 2239 551 2303 Ioanne
601 2241 1066 2304 denominatur.
1099 2242 1290 2307 Porro
1333 2243 1400 2305 in
1441 2243 1671 2308 Christi
1710 2243 1820 2306 Ba-

312 2340 616 2420 ptismate
675 2340 862 2402 datur
906 2340 1108 2421 gratia
1163 2359 1243 2404 ex
1291 2341 1353 2405 vi
1411 2343 1814 2418 sacramenti,

313 2437 558 2501 idcirco
614 2439 1064 2502 denominatur
1108 2458 1145 2501 a
1194 2438 1442 2503 Christo
1498 2459 1611 2503 seu
1668 2442 1815 2518 Dec,

313 2555 441 2598 non
487 2535 568 2597 ab
613 2536 930 2619 Apostolis
973 2537 1280 2601 ceterisve
1324 2537 1657 2601 ministris.

409 2637 504 2697 At
559 2635 674 2694 illi
724 2637 1092 2712 cogitabant
1146 2637 1326 2698 intra
1376 2657 1463 2709 se,
1513 2640 1819 2711 dicente-5,

314 2733 514 2796 verbo
562 2733 850 2810 mentali,
883 2753 1011 2798 non
1057 2734 1257 2797 vocali
1295 2753 1308 2797 :
1343 2736 1424 2798 Si
1451 2738 1821 2799 dixerimus

314 2829 712 2914 baptismum
758 2832 1016 2897 Joannis
1066 2851 1204 2895 esse
1249 2836 1330 2894 de
1375 2837 1552 2905 coele,
1602 2835 1666 2898 id
1725 2843 1822 2897 est

313 2930 538 2992 divino
588 2929 964 3012 coelestique
1011 2930 1324 3007 instituto,
1367 2933 1536 2992 dicet
1582 2935 1761 2994 nobis
1795 2955 1818 2993 .-

1927 1968 2003 2012 ex
2033 1949 2403 2013 hominibus
2433 1949 2659 2012 fuisset
2689 1949 2826 2030 ejus
2858 1949 3235 2032 baptismuS,
3266 1957 3422 2012 tunc

1923 2046 2192 2112 Ioannes
2248 2047 2476 2110 fuisset
2531 2048 3086 2130 pseudopropheta
3142 2055 3205 2110 et
3260 2067 3421 2131 prae-

1927 2153 2362 2227 sumptuosus.
2397 2145 2685 2209 Secunda
2720 2152 2836 2221 est,
2870 2146 3023 2228 quia
3064 2146 3187 2209 hoc
3234 2164 3424 2228 repu-

1926 2251 2166 2306 tassent
2203 2261 2341 2307 esse
2381 2244 2447 2306 in
2486 2245 2955 2325 derogationem
2998 2246 3119 2320 sui,
3154 2246 3307 2328 quia
3342 2265 3421 2308 ex

1928 2340 2048 2404 hoc
2086 2351 2463 2424 sequeretur
2495 2344 2667 2424 quod
2706 2343 2980 2407 fuissent
3015 2344 3287 2426 decepti,
3322 2363 3423 2408 ac-

1929 2440 2225 2522 cipiendo
2264 2441 2519 2504 Ioannis
2561 2441 2899 2523 baptisma.

2009 2543 2094 2601 Ec
2136 2543 2604 2618 responderunt
2648 2561 2713 2601 se
2758 2543 3003 2602 nescire
3050 2545 3224 2603 unde
3267 2551 3421 2603 esset

1925 2636 2181 2700 Ioannis
2220 2637 2599 2720 baptismus.
2632 2637 2758 2701 Hoc
2796 2637 3095 2702 dixerunt
3130 2657 3210 2702 ex
3238 2639 3425 2702 timo-

1929 2753 1997 2796 re
2045 2735 2450 2817 lapidationis
2491 2754 2621 2798 suae
2668 2755 2705 2798 a
2754 2735 3014 2818 populo,
3047 2744 3155 2799 aut
3203 2737 3426 2801 confu-

1929 2835 2124 2898 sionis
2158 2853 2269 2898 seu
2300 2834 2676 2898 devictionis
2705 2854 2742 2896 a
2771 2835 3038 2912 Christo,
3074 2844 3143 2899 ut
3180 2844 3424 2900 constat

1927 2951 2004 2996 ex
2053 2933 2289 3014 dictis3
2341 2940 2403 2995 et
2449 2940 2659 2995 tamen
2719 2935 2977 3016 propria
3034 2935 3422 3016 malignitate

318 3030 534 3097 Quare
569 3047 718 3107 erqo
757 3047 890 3089 non
920 3031 1290 3090 credidistis
1325 3030 1414 3100 ei,
1443 3030 1602 3092 mihi
1647 3031 1822 3093 testi·
1855 3034 1899 3097 C
1926 3031 2343 3108 obtenebrati,
2378 3031 2685 3114 putabant
2726 3031 2855 3112 jam
2895 3032 3283 3116 baptismum
3325 3035 3424 3098 Jo-

313 3128 610 3191 monium
661 3127 1024 3209 perhibenti
1071 3136 1264 3209 atque
1299 3129 1536 3191 dicenti
1577 3130 1654 3192 de
1691 3148 1814 3206 me,

86 3231 288 3285 ‘mm-¹¹1.
314 3223 432 3298 Qui
483 3227 564 3289 de
612 3226 776 3290 coelo
823 3226 999 3289 venit
1047 3244 1242 3308 super
1282 3245 1503 3290 omnes
1552 3236 1682 3310 est3
1732 3237 1814 3304 et,

75 3321 476 3408 1ffl‚„2„‚Ecce
505 3325 724 3406 Agnus
763 3323 872 3386 Dei
902 3324 1016 3407 qui
1056 3325 1224 3388 tollit
1255 3332 1512 3408 peccata
1549 3328 1818 3390 mundi?

309 3420 443 3486 Imo
473 3423 737 3486 tandem
765 3431 1156 3504 negaverunt
1185 3431 1247 3486 et
1275 3423 1490 3506 ipsum
1514 3425 1818 3489 Joannem

311 3537 449 3583 esse
490 3521 894 3604 prophetam,
927 3529 1280 3584 asserentes
1309 3523 1482 3603 quod
1520 3531 1686 3586 esset
1723 3542 1819 3586 se-

80 3623 285 3682 lsam-¹1,
313 3620 561 3695 ductor,
584 3619 766 3701 juxta
793 3618 953 3683 illud
982 3618 1250 3682 Matthaei
1285 3637 1300 3681 z
1334 3619 1522 3683 Venit
1547 3621 1816 3685 Ioannes

313 3737 438 3781 non
482 3719 878 3781 manducans
919 3735 1130 3800 neque
1173 3717 1424 3792 bibenS‚
1458 3727 1522 3781 et
1569 3721 1810 3796 dicunt,

311 3815 710 3880 Daemonium
768 3815 981 3878 habet.
1031 3817 1115 3878 Si
1161 3825 1376 3878 autem
1423 3819 1815 3890 dixerimuS,

311 3916 420 3976 Ezv
465 3915 865 3986 hominibus,
917 3914 1039 3977 hoc
1087 3921 1202 3988 est,
1255 3913 1652 3978 institutione
1700 3934 1810 3979 seu

311 4013 768 4076 adinventione
804 4013 1086 4075 humana
1122 4031 1262 4075 esse
1304 4012 1560 4076 Ioannis
1609 4014 1815 4097 bapti-

311 4129 562 4192 smum3
598 4113 776 4189 plebs
823 4112 1132 4172 universa
1168 4130 1206 4172 a
1246 4111 1486 4174 ,Ioanne
1531 4112 1812 4195 baptiza-

1927 3131 2110 3192 annis
2161 3147 2299 3192 esse
2341 3147 2417 3191 ex
2460 3129 2851 3207 hominibuS,
2886 3149 3012 3194 non
3052 3149 3130 3194 ex
3177 3131 3324 3213 Deo,
3358 3140 3421 3195 et

1929 3227 2440 3311 praedicationem
2472 3227 2611 3309 ejus
2642 3247 2769 3310 qua
2805 3229 3237 3292 testimonium
3276 3249 3421 3313 per-

1927 3326 2138 3388 hibuit
2185 3325 2489 3390 Salvatori
2537 3343 2675 3388 esse
2721 3328 3110 3390 mendosam.
3156 3328 3421 3391 Verum—

1925 3432 2136 3487 tamen
2186 3424 2253 3486 in
2292 3424 2549 3488 exordio
2590 3425 3031 3507 baptizationis
3067 3445 3142 3489 ac
3189 3428 3419 3510 praedi-

1925 3523 2191 3586 cationis
2222 3521 2282 3584 S.
2304 3523 2582 3596 Ioannis,
2616 3523 2827 3605 potius
2858 3532 3242 3605 putaverunt
3270 3544 3416 3588 eum

1924 3639 2062 3684 esse
2092 3639 2315 3685 verum
2347 3621 2743 3704 prophetam,
2761 3629 2824 3684 et
2850 3620 2991 3703 ejus
3022 3622 3413 3705 baptismum

1924 3737 2062 3782 esse
2117 3720 2197 3782 de
2245 3719 2454 3798 coelo;
2508 3720 2617 3781 sed
2673 3727 2959 3801 tempore
3009 3724 3409 3802 procedente,

1919 3819 2156 3882 loanne
2194 3818 2439 3882 Christo
2487 3817 2922 3881 testimonium
2971 3820 3179 3894 dante,
3214 3821 3293 3883 ab
3336 3841 3411 3886 eo

1920 3917 2124 3980 aversi
2175 3923 2345 3990 sunt,
2378 3917 2688 3998 aliterque
2732 3926 3087 3980 senserunt.
3120 3922 3205 3981 Et
3229 3923 3413 3984 Jesus

1920 4019 2018 4076 ait
2057 4017 2197 4076 illis
2226 4036 2249 4074 .·
2282 4017 2413 4078 Nec
2438 4034 2548 4092 eqo
2584 4017 2728 4076 dico
2760 4017 2931 4076 vobis
2969 4017 3039 4078 in
3072 4037 3204 4097 qua
3234 4031 3410 4096 pote-

1918 4123 2078 4175 state
2115 4115 2249 4176 haee
2278 4114 2477 4191 facio,
2506 4111 2659 4195 quia
2703 4113 3017 4177 malitiose
3066 4115 3410 4199 interroga—

308 4215 391 4290 ta,
418 4211 747 4287 lapidabit
776 4229 908 4270 nos.
934 4207 1302 4272 Communis
1332 4210 1504 4271 enim
1536 4212 1812 4293 populus
1839 4218 1888 4280 D
1921 4213 2057 4287 stiS‚
2109 4219 2172 4274 et
2229 4211 2417 4294 plana
2465 4211 2876 4293 responsione
2930 4213 3079 4276 estis
3138 4215 3404 4298 indigni,

309 4304 431 4370 fuit
479 4325 602 4390 pro
639 4307 916 4370 maxima
959 4315 1138 4389 parte
1176 4325 1212 4369 a
1244 4307 1480 4370 Joanne
1527 4308 1816 4372 beatissi-

71 4415 282 4473 um.·‚⁵.
309 4424 412 4469 mo
462 4406 845 4488 baptizatuS,
895 4407 1077 4487 juxta
1125 4406 1284 4468 illud
1330 4405 1515 4470 Marci
1565 4426 1578 4470 :
1623 4407 1814 4490 Egre-

311 4503 608 4567 diebatur
651 4504 729 4567 ad
778 4521 926 4566 eum
974 4504 1184 4568 omnis
1229 4504 1457 4568 Judaeae
1501 4505 1696 4587 regio,
1748 4515 1814 4570 ct

308 4601 766 4684 Jerosolymitae
795 4601 1102 4677 universi,
1129 4608 1193 4664 et
1220 4602 1702 4685 baptizabantur
1727 4605 1808 4667 ab

313 4699 422 4764 illo
453 4701 520 4762 in
550 4700 844 4763 Iordane.
879 4699 1052 4763 Unde
1081 4708 1143 4763 et
1175 4718 1366 4783 supra
1393 4701 1634 4763 dictum
1664 4711 1760 4765 est
1789 4721 1803 4766 ε

67 4807 150 4854 ιιι.
165 4819 288 4864 nm.
313 4797 572 4861 Factum
614 4805 731 4877 est,
777 4807 848 4860 ut
883 4797 1311 4880 baptizaretur
1350 4799 1558 4862 omnis
1608 4819 1811 4882 popu-

71 5259 162 5310 ²2⁵7

314 4895 432 4958 lus.
470 4899 652 4958 Certi
677 4906 832 4958 sunt
867 4897 1070 4968 enim,
1102 4896 1164 4960 id
1209 4904 1324 4972 est,
1361 4915 1477 4979 pro
1515 4905 1686 4962 certo
1721 4906 1813 4961 te-

315 5001 486 5070 nent,
538 4997 860 5055 Jocmnem
909 5013 1038 5054 esse
1083 4997 1486 5073 prophetam.
1540 4994 1634 5058 Ad
1691 4996 1812 5060 hoc

313 5093 560 5176 quippe
587 5092 866 5156 firmiter
893 5093 1298 5156 sentiendum
1329 5093 1807 5172 inducebantur,

99 5198 194 5246 1⁶2·ae
207 5207 290 5256 1‚⁵-
317 5209 390 5254 ex
438 5191 876 5256 recordatione
931 5191 1328 5255 miraculosae
1379 5193 1812 5275 conceptionis

167 5272 288 5324 ’ΜΨ
317 5287 379 5351 S.
407 5289 689 5366 loannis,
723 5298 788 5352 et
824 5289 1216 5353 mirabilium
1247 5309 1392 5372 quae
1429 5289 1673 5354 fiebant
1701 5292 1817 5355 cir-

1921 4328 2038 4372 nec
2085 4309 2423 4372 crederetis
2472 4309 2654 4384 mihi,
2690 4311 2742 4372 si
2782 4311 3106 4374 veritatem
3155 4316 3406 4395 quaesiti

1920 4408 2099 4473 vobis
2140 4407 2514 4490 proferrem.
2546 4408 2819 4471 Aliunde
2851 4429 3108 4492 quoque
3145 4412 3265 4477 hoc
3303 4416 3410 4478 ad-

1920 4514 2166 4570 vertere
2207 4506 2585 4569 debuerunt.
2616 4505 2771 4569 Nam
2815 4515 2959 4570 ante
3006 4509 3169 4573 hanc
3215 4511 3409 4575 inter-

1919 4605 2305 4686 rogationem
2337 4604 2619 4668 Christus
2648 4612 2777 4667 tam
2807 4607 3127 4687 praeclara,
3158 4609 3405 4692 solique

1918 4704 2042 4768 Deo
2073 4703 2402 4787 possibilia
2428 4702 2579 4766 fecit
2608 4703 2912 4767 miracula
2940 4706 3210 4788 publice,
3233 4711 3405 4790 quod

1916 4821 1995 4865 ex
2061 4803 2189 4865 illis
2256 4801 2583 4864 evidenter
2643 4820 2983 4883 agnoscere
3048 4804 3405 4872 debuerunt

1918 4919 2066 4964 eum
2114 4903 2385 4982 desuper
2432 4917 2571 4962 esse
2618 4902 2907 4978 missum,
2953 4911 3142 4984 atque
3190 4905 3405 4970 divina

1918 5002 2144 5063 docere
2186 5018 2258 5062 ac
2307 4998 2553 5081 operari
2593 4999 2847 5063 virtute.
2879 5001 3117 5083 ltaque,
3152 5022 3278 5067 non
3325 5023 3403 5069 ex

1918 5094 2332 5179 impatientiae
2368 5103 2565 5171 motu,
2601 5098 2711 5159 sed
2758 5097 2891 5162 zelo
2931 5098 3193 5180 justitias
3230 5101 3406 5165 Chri-

1920 5203 2054 5258 stus
2097 5194 2190 5256 sic
2231 5193 2547 5276 perversis
2592 5194 2719 5257 illis
2764 5198 3108 5280 respondit.

2000 5291 2283 5355 Subinde
2309 5291 2612 5356 Dominus
2638 5292 2817 5356 Jesus
2852 5313 2967 5378 per
2995 5295 3407 5363 introductio-
