4300 6259
499 882 758 933 Galat.1v‚7.

515 2454 623 2497 Luc.
645 2468 673 2505 ι,
694 2456 762 2506 74,

500 2521 569 2559 75.

542 3145 703 3188 Joann.
723 3158 764 3197 v,

501 3208 570 3250 44.

516 4523 610 4566 Jer.
628 4537 766 4575 xxxiv,

509 4589 571 4629 16.

558 4719 726 4763 Ezech.

504 4795 649 4831 xxxvi,
672 4784 738 4824 23.

791 478 872 543 28

1607 495 1957 544 mannum
2000 495 2064 541 IN
2105 496 2245 543 CAP.
2292 495 2357 541 xl
2398 496 2587 543 LUGAE.
2633 517 2714 528 —
2754 499 2896 546 ΛΒΤ.
2941 499 3093 546 xxlx

791 669 903 731 stis
943 668 1252 751 Spiritum
1292 668 1651 750 adoptionis
1690 667 1998 731 filiorum.
2032 666 2285 741 Octavo,
2320 666 2366 727 A
2400 686 2739 731 commune
2768 670 3049 733 divinius
3078 680 3175 733 est
3203 690 3395 753 quam
3438 672 3791 753 proprium,
3822 688 3897 734 eo

788 767 1006 848 gloriae
1036 768 1392 841 collatione,
1427 769 1776 829 secundum
1819 766 1974 829 illud
2005 766 2180 827 Pauli
2211 766 2287 827 ad

790 865 1033 929 Galatas
1071 867 1334 949 :ltaque
1380 866 1508 946 jam
1561 886 1687 929 non
1739 874 1835 927 est
1882 884 2125 939 servus,
2180 864 2289 925 sed

792 964 968 1026 filius
1004 984 1017 1027 :
1054 966 1227 1046 quod
1268 966 1319 1026 si
1361 965 1560 1039 filius,
1595 974 1657 1027 et
1696 966 1878 1027 heres
1919 982 2032 1045 per
2062 963 2285 1026 Deum.

871 1062 1099 1124 Omnes
1148 1064 1214 1126 hi
1267 1064 1434 1127 modi
1481 1063 1688 1125 tribus
1733 1062 2020 1125 Personis
2071 1081 2293 1144 super-

792 1162 1183 1242 dignissimis
1228 1170 1289 1224 et
1333 1163 1584 1225 aeternis
1633 1162 1824 1224 simul
1875 1163 2287 1237 conveniunt,

791 1261 1095 1341 quoniam
1137 1278 1331 1341 opera
1379 1259 1922 1342 superbenedicta&
1966 1259 2289 1321 Trinitatis

793 1368 943 1421 sunt
980 1360 1274 1422 indivisa.
1309 1359 1418 1421 His
1457 1376 1715 1440 quoque
1759 1358 1963 1421 modis
2006 1366 2184 1440 pater
2224 1358 2290 1419 in

792 1457 1083 1520 Oratione
1143 1458 1463 1521 dominica
1520 1458 1816 1531 sumitur,
1873 1475 1988 1539 per
2045 1463 2290 1539 patrem

793 1556 1202 1638 intelligendo
1233 1564 1424 1619 totam
1467 1556 2062 1638 superessentialem
2103 1556 2295 1618 incir-

793 1654 1376 1736 cumscriptamque
1405 1654 1798 1728 Trinitatem,
1833 1673 2031 1716 unum
2067 1672 2292 1715 verum

792 1753 1342 1835 simplicissimum
1381 1752 1601 1827 Deum,
1631 1754 1733 1814 cui
1776 1771 1922 1814 cum
1961 1752 2135 1815 omni
2178 1752 2295 1813 hu-

2400 766 2545 847 plus
2574 767 2865 830 divinum
2897 770 3423 851 meritoriumque
3454 769 3741 832 consistit
3768 788 3897 832 ora·

2399 884 2466 927 re
2526 885 2642 948 pro
2699 867 2939 941 multiS,
2996 869 3346 951 praesertim
3400 888 3515 951 pro
3570 868 3890 940 omnibuS,

2399 983 2592 1047 quam
2645 985 2762 1048 pro
2803 984 2870 1027 se
2920 967 3054 1030 solo
3093 975 3201 1029 aut
3240 967 3481 1049 paucis.

2480 1066 2810 1125 Adveniat
2856 1086 3127 1143 requam
3182 1075 3390 1126 tuum.
3448 1064 3729 1146 Regnum
3783 1063 3889 1126 Dei

2400 1168 2495 1223 est
2533 1161 2814 1223 militans
2849 1181 2922 1224 ac
2950 1163 3354 1246 triumphans
3392 1162 3671 1225 Ecclesia
3704 1181 3718 1223 :
3754 1161 3895 1224 ideo

2402 1261 2480 1323 de
2513 1267 2782 1342 utroque
2826 1280 3017 1343 regno
3059 1262 3229 1323 istud
3267 1262 3627 1343 exponitur.
3660 1260 3890 1333 Prim0,

2402 1358 2713 1420 Adveniat
2761 1376 3027 1440 regnum
3066 1367 3249 1421 tuum
3295 1379 3307 1422 :
3352 1359 3416 1421 id
3460 1365 3576 1433 est,
3618 1358 3899 1420 militans

2402 1455 2684 1519 Ecclesia
2726 1476 2993 1521 numero
3022 1477 3094 1520 ac
3126 1458 3352 1520 merito
3392 1464 3651 1531 crescat,
3686 1464 3745 1518 et
3786 1475 3903 1517 un-

2403 1556 2597 1636 dique
2644 1555 3063 1631 diffundatur,
3108 1565 3169 1619 et
3207 1563 3275 1617 tu
3325 1556 3497 1619 solus
3549 1574 3663 1638 per
3702 1555 3896 1618 fidem

2403 1661 2466 1716 et
2491 1655 2759 1736 gratiam
2800 1655 3260 1719 multiformem
3300 1673 3523 1736 regnes
3555 1654 3622 1717 in
3654 1672 3747 1729 ea,
3782 1653 3901 1716 hoc

2404 1760 2499 1815 est
2554 1754 2620 1815 in
2683 1754 2980 1817 cordibus
3045 1754 3491 1817 universorum
3550 1771 3624 1815 ac
3681 1753 3898 1833 singu-

792 1852 1080 1926 militate,
1133 1851 1488 1915 reverentia
1534 1859 1596 1913 et
1640 1850 1987 1931 gratiarum
2045 1850 2292 1913 actione
2332 1850 2612 1915 Blorum
2669 1852 2986 1925 fidelium,
3050 1852 3429 1916 adversariis
3486 1852 3581 1914 tui
3640 1852 3899 1915 honoris

791 1949 1187 2013 confidenter
1227 1958 1418 2031 atque
1456 1950 1750 2011 ardenter
1793 1949 2004 2011 dicere
2040 1967 2113 2011 ac
2143 1968 2294 2030 sup-

790 2049 1028 2131 plicare
1071 2049 1404 2111 debemus,

885 2148 1086 2221 Pater,
1139 2148 1582 2223 sanctificetur
1629 2166 1861 2207 nomen
1913 2156 2120 2213 tuum,
2172 2146 2293 2208 hoc

794 2254 909 2319 est,
934 2254 1000 2308 tu
1034 2246 1193 2328 ipse,
1227 2264 1264 2307 o
1295 2244 1474 2306 Pater
1503 2244 1906 2326 omnipotens
1937 2252 1999 2305 et
2029 2244 2294 2306 immen-

795 2362 882 2418 se,
915 2344 994 2406 ab
1034 2342 1332 2407 omnibus
1373 2342 1724 2415 honoreriS‚
1756 2350 1818 2404 et
1854 2350 1962 2404 tua
1996 2342 2292 2404 sanctitas

793 2441 1090 2504 omnibus
1142 2441 1512 2515 innotescat,
1556 2460 1628 2502 ac
1677 2438 1792 2501 tibi
1847 2439 1913 2500 in
1963 2440 2293 2501 sanctitate

794 2548 857 2602 et
890 2540 1136 2620 justitia
1183 2538 1261 2600 ab
1309 2539 1622 2600 universis
1671 2538 1908 2620 jugiter
1954 2538 2288 2599 serviatur.

795 2637 919 2700 Hoc
959 2644 1054 2699 est
1095 2637 1266 2718 quod
1319 2636 1527 2717 primo
1566 2655 1639 2698 ac
1678 2636 1953 2698 maxime
1991 2634 2293 2697 affectare

793 2737 1114 2808 debemus
1151 2734 1450 2798 videlicet
1475 2732 2006 2815 glorificationem
2038 2751 2148 2795 seu
2183 2734 2294 2797 ho-

795 2852 1014 2897 norem
1053 2841 1115 2895 et
1151 2833 1419 2913 gloriam
1460 2832 1568 2894 Dei
1612 2832 1674 2894 in
1718 2832 2016 2896 omnibus
2053 2851 2066 2895 ε
2109 2832 2293 2894 aliter

793 2932 944 2995 boni
989 2931 1109 2994 filii
1150 2932 1290 3012 ejus
1340 2951 1465 2993 non
1507 2950 1752 3005 sumuS,
1787 2949 1906 2993 nec
1946 2948 2092 2994 vere
2131 2930 2295 2993 fide-

2401 1969 2475 2012 ac
2516 1956 2745 2013 nostrae
2786 1950 3030 2022 salutiS,
3076 1950 3425 2032 praesertim
3478 1948 3894 2022 daemonibus,

2402 2049 2553 2110 inde
2584 2047 2818 2128 ejectis.
2843 2046 3149 2123 Secunde,
3172 2047 3479 2112 Adveniat
3508 2064 3775 2128 regnum
3806 2055 3903 2109 tu-

2405 2165 2513 2208 um
2550 2165 2563 2209 :
2603 2147 2663 2208 id
2704 2154 2819 2221 est,
2868 2146 3269 2228 triumphans
3315 2146 3597 2208 Ecclesia
3641 2145 3903 2228 implea-

2403 2253 2528 2319 tur,
2567 2246 2646 2307 ad
2687 2245 3005 2308 coelestem
3046 2245 3390 2307 Jerusalem
3433 2246 3723 2327 protinus
3764 2263 3905 2327 per-

2404 2344 2734 2421 ducamur,
2768 2345 2846 2405 ad
2888 2362 3152 2424 regnum
3198 2344 3505 2407 coelorum
3546 2360 3903 2405 mereamur

2404 2442 2647 2504 venire.

2484 2539 2613 2603 Sub
2655 2541 2754 2602 his
2795 2541 3041 2602 duabus
3088 2540 3505 2622 petitionibus
3552 2540 3901 2603 includitur

2404 2640 2607 2713 tertia,
2650 2659 2688 2701 a
2732 2637 3017 2702 Matthaeo
3064 2656 3383 2720 expressa,
3427 2658 3555 2720 qua
3603 2638 3837 2700 dicitur
3878 2655 3892 2699 ε

2403 2737 2538 2799 Fiat
2575 2738 2867 2801 voluntas
2906 2745 3015 2799 tua
3053 2738 3220 2799 sicut
3260 2738 3325 2800 in
3366 2738 3527 2801 coelo
3564 2744 3625 2799 et
3667 2737 3731 2799 in
3773 2744 3897 2798 ter-
3950 2762 4203 2812 „mmm

2403 2854 2493 2909 ra,
2529 2837 2593 2898 id
2637 2845 2751 2910 est,
2796 2836 2960 2897 sicut
3002 2856 3039 2898 a
3077 2836 3443 2899 coelestibus
3486 2835 3736 2899 civibus
3779 2835 3894 2897 tibi
3925 2830 3993 2869 ¹⁰·

2404 2933 2468 2995 in
2520 2934 2819 2997 omnibus
2868 2934 3185 3009 obeditur,
3240 2934 3326 2996 ita
3371 2941 3435 2996 et
3479 2952 3516 2996 a
3562 2933 3896 3014 terrigenis

795 3034 908 3107 16ε,
963 3031 1498 3114 quemadmodum
1551 3031 1719 3113 apud
1766 3031 2068 3093 ,Ioannem
2119 3030 2295 3093 Chri·
2331 3029 2372 3091 C
2402 3040 2713 3113 quantum
2772 3031 3077 3113 possibile
3136 3039 3252 3107 est,
3303 3031 3420 3094 tibi
3476 3032 3543 3094 in
3598 3032 3898 3095 omnibus

796 3140 930 3193 stus
979 3131 1058 3192 ad
1108 3148 1437 3211 perversos
1486 3129 1575 3191 ait
1608 3128 1852 3191 Judaeos
1903 3148 1916 3191 :
1970 3128 2294 3201 Quomodo

800 3228 1060 3311 potestis
1091 3246 1202 3290 vos
1244 3228 1522 3301 credere,
1552 3227 1663 3307 qui
1703 3226 1969 3307 gloriam
2007 3226 2088 3288 ab
2128 3228 2295 3289 invi-

799 3346 936 3389 cem
985 3326 1296 3407 accipitiS,
1330 3334 1394 3387 et
1430 3326 1696 3406 gloriam
1737 3344 1880 3407 quae
1918 3345 1955 3387 a
1993 3326 2126 3389 solo
2168 3325 2293 3389 Deo

797 3432 913 3499 est,
949 3444 1074 3487 non
1115 3423 1444 3505 quaeritis?
1478 3423 1783 3504 Denique,
1809 3424 1972 3485 sicut
2002 3423 2293 3486 homines

797 3522 1062 3587 virtuosi
1121 3522 1322 3583 Deum
1381 3520 1802 3596 sanctificant,
1865 3522 2018 3584 dum
2079 3530 2293 3584 sancte

799 3622 1092 3695 vivend0,
1146 3619 1342 3681 Deum
1404 3619 1506 3681 cui
1567 3620 1653 3681 ita
1712 3620 2100 3695 deserviunt,
2155 3639 2296 3682 san-

798 3728 968 3784 ctum
1003 3738 1140 3781 esse
1180 3720 1634 3792 demonstrant,
1669 3717 1938 3799 ejusque
1977 3719 2293 3781 sanctitati

796 3819 1076 3882 fideliter
1103 3824 1478 3879 attestantur
1512 3834 1525 3878 :
1561 3816 1653 3878 sic
1685 3816 1918 3888 vitiosi,
1955 3816 2193 3897 injuste
2222 3837 2296 3880 ac

795 3917 1069 3999 turpiter
1117 3915 1570 3987 conversando,
1626 3933 1856 3977 nomen
1912 3914 2020 3976 Dei
2079 3934 2295 3977 macu-

798 4016 928 4077 lare
967 4015 1289 4088 dicuntur,
1324 4013 1477 4094 quia
1517 4012 1609 4075 sic
1651 4013 1880 4076 vivunt
1915 4032 1988 4075 ac
2031 4013 2084 4075 si
2130 4014 2294 4076 Deus

798 4113 1180 4194 injustitiam
1210 4111 1541 4194 approbet,
1577 4129 1692 4173 nec
1723 4119 1976 4173 sanctus
2007 4112 2119 4191 sit:
2154 4113 2296 4175 aliis

2402 3130 2755 3193 obediatur.

2481 3232 2733 3291 Panem
2772 3237 3064 3289 nostrum
3102 3230 3565 3308 quotidianum
3603 3230 3691 3289 da
3720 3231 3900 3289 nobis

2402 3329 2610 3389 hodie.
2654 3327 2782 3389 Hoc
2822 3327 2901 3388 (16
2944 3327 3286 3409 multiplici
3333 3345 3497 3409 pane
3534 3327 3895 3408 exponitur.

2403 3426 2635 3500 Prim0,
2680 3427 2758 3488 de
2808 3444 2971 3507 pane
3020 3426 3479 3500 sacramentali,
3522 3425 3642 3489 hoc
3686 3432 3781 3487 est
3824 3426 3901 3487 (16

2405 3542 2667 3606 corpore
2698 3532 2761 3586 et
2798 3524 3104 3605 sanguine
3135 3523 3365 3588 Christi
3406 3524 3471 3586 in
3500 3523 3901 3588 Sacramento

2401 3623 2638 3699 altariS,
2673 3623 3209 3704 quemadmodum
3248 3622 3337 3684 ait
3383 3621 3663 3685 Salvator
3697 3641 3710 3685 :
3746 3622 3901 3686 Caro
3954 3652 4205 3702 amm.
4271 3616 4272 3623 '

2405 3740 2544 3784 mea
2584 3738 2731 3785 vere
2770 3728 2866 3782 est
2900 3720 3103 3795 cibuS,
3137 3728 3200 3782 et
3238 3720 3493 3801 sanguis
3532 3738 3714 3783 meus
3754 3738 3901 3783 vere
3930 3718 3999 3757 ⁵⁶·
4271 3778 4272 3791 2

2404 3827 2499 3883 est
2529 3827 2755 3902 potus3
2798 3824 2861 3880 et
2891 3819 3120 3893 denuo,
3154 3818 3281 3899 Ego
3311 3838 3453 3881 sum
3486 3818 3667 3900 panis
3698 3819 3899 3890 vivus.
3954 3848 4082 3892 ιω,
4106 3853 4179 3892 5¹.
4271 3844 4272 3885 2

2403 3919 2515 4001 qui
2562 3919 2639 3980 (16
2682 3917 2842 3980 coelo
2886 3917 3207 3979 descendi.
3241 3916 3353 3979 Hic
3398 3918 3579 3999 panis
3624 3916 3903 3979 animam

2405 4015 2635 4089 reficit,
2688 4014 3231 4097 spiritualiterque
3290 4016 3551 4095 saginat,
3604 4015 3658 4076 si
3716 4015 3905 4095 digne

2404 4114 2721 4196 acceperit
2768 4132 2938 4175 eum.
2973 4149 3054 4158 —
3081 4112 3396 4188 Secundo,
3437 4114 3779 4196 exponitur
3826 4116 3905 4176 de

797 4230 1056 4295 quoque
1085 4218 1396 4293 quantum
1430 4210 1493 4271 in
1529 4210 1684 4291 ipsis
1717 4216 1834 4283 est,
1862 4218 2161 4291 praestant
2188 4230 2295 4273 au-
2329 4216 2376 4277 D
2408 4232 2569 4295 pane
2610 4212 2948 4294 spirituali,
2983 4211 3278 4273 videlicet
3318 4213 3395 4274 de
3438 4212 3759 4274 habitibus
3802 4231 3904 4275 ac·-

799 4313 1042 4375 daciam
1091 4319 1153 4373 et
1195 4308 1562 4391 exemplum
1608 4308 2029 4371 inhonorandi
2076 4308 2290 4371 Deum.

797 4410 957 4472 Hinc
1014 4426 1128 4490 per
1186 4407 1526 4488 Prophetas
1587 4406 1750 4468 Deus
1812 4405 2078 4488 perfidis
2135 4407 2294 4470 filiis

799 4508 988 4571 Israel
1037 4507 1477 4587 improperans
1537 4524 1550 4567 :
1606 4504 2146 4579 commaculastis,
2202 4506 2297 4568 in-

799 4606 962 4689 quit,
1018 4623 1248 4668 nomen
1299 4611 1588 4665 sanctum
1636 4621 1893 4682 meum3
1939 4612 2000 4665 et
2050 4623 2292 4679 rursuS‚

800 4703 1222 4768 Sanctificabo
1255 4719 1486 4765 nomen
1521 4719 1731 4763 meum
1767 4720 2089 4782 magnum,
2125 4704 2296 4785 quod

802 4804 1117 4887 pollutum
1157 4808 1252 4863 est
1301 4818 1416 4882 per
1454 4819 1565 4862 vos
1605 4799 1771 4861 inter
1805 4808 2046 4880 genteS.
2082 4802 2299 4884 ltaque

2406 4310 2708 4391 tibusque
2753 4310 3084 4385 virtutum,
3120 4311 3197 4371 de
3240 4310 3670 4373 consolatione
3713 4310 3908 4372 inter-

2408 4428 2508 4484 na,
2528 4410 2605 4472 (16
2637 4408 3093 4471 confortatione
3124 4408 3406 4483 mentali,
3433 4410 3510 4471 de
3541 4408 3905 4472 divinorum

2408 4526 2632 4590 sapore
2675 4526 2690 4570 ε
2734 4508 2811 4569 (16
2852 4506 3089 4589 quibus
3137 4508 3227 4569 ait
3268 4506 3615 4590 Scriptura,
3660 4506 3908 4571 Cibabit
3934 4530 4207 4581 secana.

2408 4609 2591 4670 illum
2622 4607 2927 4669 Dominus
2968 4625 3131 4688 pane
3161 4606 3307 4668 vitae
3336 4614 3398 4667 et
3429 4606 3809 4681 intellectus,
3844 4614 3910 4669 et

2408 4726 2573 4788 aqua
2611 4705 2937 4787 sapientiae
2976 4704 3268 4766 salutaris
3308 4705 3551 4786 potabit
3581 4704 3786 4767 illum.
3820 4704 3907 4767 De

2411 4822 2573 4889 pane
2602 4820 2861 4886 quoque
2889 4802 3266 4867 obedientiae
3302 4803 3391 4865 ait
3420 4803 3485 4866 in
3513 4803 3749 4867 Ioanne
3778 4802 3911 4865 Sal-

2413 4911 2590 4966 vator
2632 4921 2645 4964 :
2692 4901 2863 4963 Meus
2914 4901 3095 4963 cibus
3144 4908 3239 4963 est
3288 4909 3358 4963 ut
3404 4901 3632 4964 faciam
3681 4902 3909 4965 volun-
3969 4921 4209 4969 laenam.

2410 5009 2603 5064 tatem
2653 5000 2849 5062 Patris
2899 5001 3047 5062 mei.
3092 4998 3397 5062 Similiter
3435 5002 3512 5063 de
3562 5018 3724 5082 pane
3772 5019 3910 5083 poe-
3936 4987 4009 5028 ³⁴·

2413 5100 2698 5162 nitentiae
2735 5097 2860 5161 fert
2890 5098 3215 5161 Psalmista
3249 5118 3263 5161 ε
3298 5098 3549 5162 Cibabis
3590 5118 3704 5162 nos
3744 5117 3907 5181 pane
3937 5119 4207 5163 pamm.

2413 5198 2876 5277 lacrimarum3
2936 5205 3018 5271 et,
3078 5196 3361 5259 Fuerunt
3414 5197 3573 5259 mihi
3632 5197 3909 5260 lacrimae
3950 5217 4193 5267 rama.

2418 5314 2574 5360 meae
2614 5314 2810 5379 panes
2852 5296 2955 5358 die
2994 5314 3067 5357 ac
3106 5302 3310 5359 nocte.
3357 5295 3438 5357 De
3476 5294 3908 5377 spiritualium

803 4904 954 4965 dum
1005 4920 1280 4976 oramuS,
1325 4899 1772 4963 Sanctificetur
1815 4920 2046 4965 nomen
2090 4911 2294 4977 tuum,

806 5020 920 5083 pro
950 5007 1079 5063 toto
1111 5000 1350 5061 mundo
1380 4999 1500 5061 hoc
1529 4999 1741 5079 ipsum
1773 5018 2130 5081 precemur,
2167 5020 2301 5063 cor-

807 5098 1153 5161 dialissime
1197 5097 1527 5179 cupientes
1569 5104 1639 5157 ut
1677 5098 1973 5159 sanctitas
2017 5098 2152 5160 veri
2190 5099 2299 5160 Dei

808 5196 1055 5259 cunctis
1087 5196 1438 5260 innotescat
1468 5194 1858 5269 hominibus,
1885 5202 1946 5256 et
1975 5196 2163 5276 digne
2194 5197 2304 5260 ho-

809 5294 1184 5359 norificetur
1229 5293 1309 5356 ab
1352 5291 1673 5356 omnibus.
1707 5293 1860 5367 Imo,
1894 5312 2023 5374 quo
2061 5294 2302 5358 bonum
