4300 6259
543 3042 714 3085 Mareu.
729 3058 782 3085 u.

1629 501 3121 549 &mmmm-nm—m.m1

815 670 1100 749 (ΞΘ-ἴω
1141 673 1430 733 camdem
1471 671 1842 733 Effusum.
1875 675 1986 734 sed
2027 674 2092 735 in
2137 673 2313 733 futu·
2338 675 2392 734 ,t
2420 674 2765 734 mulierum
2796 673 3221 754 perfectiones
3258 672 3521 735 metari:
3550 680 3611 731 et
3638 667 3909 751 quilibet

815 788 908 829 ro-
968 770 1074 829 uhi
1129 788 1384 831 etr-Qus
1437 770 1520 831 ab
1575 789 1768 851 opere
1825 773 2311 853 mini-‚terisque

813 868 1260 947 5¹⁸²·3*·'¹²3⁸ffl-
1295 870 1426 929 ‘³²4³
1463 872 1774 950 sapientia
1813 871 2199 951 perfruetur.
2232 908 2309 917 —
2418 874 2573 931 dum
2630 872 3013 950 exigentiam
3070 872 3419 932 temti-:mis
3472 889 3601 950 qua
3654 876 3907 930 vooetus
3964 878 4201 923 teman..
4269 864 4270 909 ξ

813 966 1131 1028 rimemur
1155 985 1308 1046 erg-1
1333 976 1396 1027 et
1435 988 1550 1029 nos
1589 969 1816 1029 harum
1845 969 2311 1031 venerabilium
2418 980 2537 1031 est.
2584 980 2771 1051 prout
2816 978 3029 1031 monet
3068 971 3435 1051 Apostolus,
3935 939 4202 1050 fffpm·
4269 964 4270 973 ’

2420 782 2709 833 nostrum
2758 774 2951 850 digne
2986 772 3347 833 conversari
3396 772 3655 831 nitatur.
3686 786 3911 829 secum

1855 1405 2509 1491 ARTIGL'LIJS
2584 1408 2868 1489 xxlx

895 1676 1250 1723 metuam
1289 1677 1566 1724 cm
1609 1679 1898 1725 {lxm
1939 1681 1956 1722 Σ
2003 1680 2078 1723 ΕΙ
2119 1678 2363 1724 [Am
2406 1680 2539 1728 m..
2578 1681 2745 1734 ott!
2790 1680 2977 1725 &SET
3018 1678 3083 1723 m
3122 1678 3377 1733 ΟΙΪΟΒΔΙ
3418 1677 3567 1723 ιῦω
3606 1675 3831 1723 OEARS.

935 1945 1300 2009 ALVAToR
1341 1948 1404 2010 in
1437 1949 1628 2029 hujus
1661 1951 1886 2031 capitis
1921 1951 2185 2011 exordio
2212 1952 2313 2011 do-
2345 1946 2395 2008 B
2422 1951 2609 2011 nobis
2642 1970 2657 2012 :
2690 1952 2987 2032 quami-is
3034 1968 3203 2031 saepe
3248 1948 3521 2011 oraverit
3562 1966 3679 2028 pro
3714 1963 3785 2006 se
3822 1945 3919 2026 ip—

955 2056 1054 2106 eet
1099 2048 1402 2108 orationis
1455 2047 1722 2110 formam
1777 2057 1970 2129 atque
2023 2049 2314 2109 instanti-

811 2164 940 2206 am.
971 2145 1074 2205 dat
1113 2164 1372 2225 quoque
1415 2146 1794 2227 impetrandi
1835 2147 2164 2208 fiduciam.
2198 2147 2313 2207 lta-

813 2264 942 2324 qm·
987 2242 1186 2305 Lucas
1235 2246 1644 2306 historialiter
1693 2246 2018 2310 inchoans.
2053 2246 2193 2307 ait:
2230 2249 2313 2305 Et

811 2346 1064 2417 stm'um
1111 2354 1230 2411 ese,
1273 2366 1476 2421 quum
1525 2354 1680 2403 esse!
1731 2348 1800 2403 in
1851 2348 2130 2423 quodam
2181 2349 2313 2402 Ioco

811 2460 1030 2509 amus,
1063 2452 1138 2500 ue
1161 2445 1428 2501 cessat-it
1457 2461 1660 2506 orare.
1691 2446 1872 2503 daz-it
1905 2464 2074 2502 emus
2101 2465 2185 2501 ea:
2210 2445 2309 2501 de·-

811 2540 1082 2617 aem'pulis
1107 2542 1250 2616 ejus
1277 2545 1366 2601 ad
1393 2562 1561 2601 eum.
1593 2540 1728 2612 Quo
1759 2542 1898 2603 loco
1929 2550 2040 2602 aut
2071 2550 2315 2621 tempo—

815 2656 884 2698 re
921 2638 1254 2718 ‹mntigerit
1295 2640 1486 2704 istud.
1523 2638 1918 2719 Evangelista
1957 2642 2074 2701 iste
2109 2642 2315 2701 deter-

815 2736 1051 2797 minate
1083 2757 1206 2798 non
1237 2739 1564 2819 exprimit.
1597 2738 1800 2803 Porro.
1835 2748 1898 2800 ut
1933 2739 1996 2799 in
2029 2738 2315 2800 Matthaeo

815 2834 1106 2907 habetur,
1139 2837 1292 2897 dum
1329 2836 1510 2897 lesus
1559 2838 1624 2898 in
1667 2846 1882 2900 monte
1925 2856 2138 2899 coram
2180 2838 2315 2897 suis

819 2934 1184 3014 praedicaret
1213 2934 1564 3015 discip-ilis,
1595 2936 2026 3016 evangelicam
2059 2936 2315 2997 tradens

815 3032 1035 3110 legem,
1071 3032 1236 3095 inter
1265 3042 1474 3095 cetera
1503 3036 1762 3096 modum
1791 3036 2012 3096 orandi
2045 3035 2311 3098 edocuit.

2420 2068 2514 2111 so.
2544 2051 2835 2109 videlicet
2870 2069 2985 2129 pro
3014 2050 3113 2109 sui
3144 2049 3429 2128 corporis
3454 2044 3915 2126 glorificatione

2418 2149 2923 2228 accidentalique
2978 2147 3259 2228 praemio.
3306 2147 3489 2225 juxta
3534 2145 3691 2205 illud
3735 2142 3917 2204 Ioan-

2424 2247 2523 2306 nis
2566 2265 2581 2307 :
2626 2246 2827 2309 Pater.
2872 2246 3157 2306 clarifica
3200 2263 3324 2306 me.

2502 2344 2827 2407 Praeterea,
2864 2364 2977 2426 per
3004 2345 3123 2406 hoc
3152 2344 3323 2425 quod
3354 2342 3707 2422 discipulus
3738 2338 3915 2402 chri-

2422 2445 2499 2503 sti
2536 2464 2659 2505 non
2698 2444 2877 2525 petiit
2910 2443 3181 2505 formam
3210 2442 3431 2505 orandi
3460 2440 3789 2502 aGhristo.
3822 2438 3917 2499 ni-

2422 2543 2473 2600 si
2520 2552 2857 2623 postquam
2896 2541 3169 2603 cessavit
3204 2558 3407 2606 orare,
3450 2540 3754 2600 doeemur
3790 2554 3915 2598 non

2422 2640 2893 2721 interrumpere
2948 2639 3299 2701 orationem
3354 2647 3419 2699 et
3476 2635 3917 2718 psalmodiam.

2422 2756 2533 2797 seu
2566 2737 2873 2799 Horarum
2904 2737 3403 2818 persolutionem
3434 2752 3757 2797 servorum
3786 2731 3913 2793 Dei.

2420 2834 2595 2906 Quod
2624 2837 2777 2916 quia
2808 2835 3100 2897 nonnulli
3132 2836 3325 2896 nimis
3354 2833 3628 2895 faciliter
3650 2831 3917 2899 faciunt,

2420 2936 2699 3015 graviter
2728 2944 3007 3017 peccant.
3028 2954 3151 2999 uon
3189 2942 3523 3017 pensantes
3552 2934 3721 3014 quod
3746 2950 3923 2994 oran·

2424 3042 2517 3094 tes
2574 3044 2767 3116 atquc
2826 3036 3189 3116 psallentes.
3242 3053 3391 3095 cum
3438 3033 3563 3095 Deo
3610 3030 3922 3093 altissimo

811 3140 1006 3211 atque
1061 3131 1560 3212 subsequentem
1619 3131 1976 3194 Orationem
2039 3133 2315 3194 domini·
2350 3130 2395 3193 C
2424 3134 2551 3195 sint
2590 3134 2947 3215 loquentes
2992 3135 3265 3213 ldeoque
3306 3131 3653 3213 praesertim
3694 3130 3775 3191 ob
3812 3128 3921 3189 Dei

813 3248 952 3291 eam
1001 3230 1246 3311 primus
1287 3231 1564 3291 instituit
1601 3251 1676 3292 ac
1713 3232 2114 3312 deprompsit
2147 3250 2165 3292 ε
2200 3251 2317 3292 un-

815 3329 894 3390 de
929 3338 1192 3410 apparet
1237 3330 1410 3410 quod
1449 3329 1648 3391 Lucas
1691 3329 1810 3391 hoc
1851 3330 1990 3392 loco
2021 3331 2313 3392 ordinem

815 3446 942 3488 non
983 3426 1278 3488 observet
1321 3426 1720 3489 historicum,

895 3524 1382 3606 Difficultasque
1427 3526 1652 3597 oritur,
1684 3526 2006 3606 quomodo
2051 3544 2126 3586 αι
2171 3545 2317 3607 quae

819 3622 924 3685 hic
955 3623 1272 3702 leguntur.
1307 3622 1406 3683 his
1437 3642 1582 3703 quae
1611 3624 1676 3684 in
1707 3622 1992 3685 Matthaeo
2027 3623 2319 3685 scribun-

817 3730 922 3783 tur
977 3722 1382 3783 concordent.
1443 3722 1534 3783 lbi
1594 3722 1840 3803 quippe
1900 3742 2024 3784 non
2085 3723 2317 3803 legitur

817 3820 1104 3883 Christus
1151 3828 1300 3881 ante
1343 3820 1536 3899 hujus
1579 3820 2046 3883 institutionem
2087 3822 2319 3883 oratio-

818 3918 920 3979 nis
961 3936 1196 3989 orasse,
1231 3936 1349 3979 nec
1395 3918 1726 3981 occasione
1771 3918 2175 3982 allocutionis
2224 3921 2320 3981 di-

819 4016 1047 4099 scipuli
1081 4016 1428 4079 orationem
1461 4016 1624 4077 hanc
1653 4018 1962 4091 docuisse,
1991 4018 2102 4079 sed
2133 4019 2315 4099 quasi

823 4114 1082 4198 proprio
1113 4122 1284 4177 motu
1317 4132 1456 4175 eam
1487 4134 1604 4176 suo
1635 4114 1980 4177 inseruisse
2011 4118 2315 4179 sermoni.

819 4212 938 4275 Sed
969 4214 1046 4275 ad
1079 4211 1212 4275 haee
1243 4214 1706 4294 respondendo.
1739 4223 1984 4276 certum
2015 4224 2080 4275 et
2107 4223 2317 4277 tutum

2424 3234 2845 3294 reverentiam
2894 3233 2977 3295 ab
3032 3233 3175 3313 ejus
3224 3230 3545 3311 colloquio
3590 3247 3715 3291 non
3774 3235 3924 3289 sunt

2422 3330 2699 3392 faciliter
2732 3330 3167 3398 abstrahendi,
3202 3329 3554 3410 praesertim
3592 3346 3795 3408 quum
3834 3325 3925 3387 lo—

2422 3438 2725 3510 quentem
2758 3448 2905 3490 cum
2938 3447 3085 3509 rege
3116 3438 3367 3489 terreno
3398 3427 3503 3488 vix
3532 3424 3765 3506 aliquis
3790 3424 3924 3485 abs·

2422 3546 2551 3609 que
2610 3528 2985 3589 necessitate
3040 3527 3271 3589 audeat
3324 3543 3611 3595 avocare,
3664 3530 3922 3605 propter

2424 3627 2847 3687 reverentiam
2892 3626 3081 3705 regis.

2506 3726 2807 3791 Domine,
2837 3728 2985 3783 dooe
3027 3744 3141 3783 nos
3176 3742 3387 3792 orare,
3422 3724 3589 3781 sicu!
3622 3724 3921 3789 Ioanne-5,

2426 3822 2669 3883 scilicet
2726 3820 3023 3903 Baptista,
3074 3822 3297 3880 docuit
3352 3821 3705 3895 discipulos
3756 3836 3920 3877 suos.

2425 3920 2873 3981 Verumtamen
2912 3918 3191 4000 qualiter
3216 3918 3485 3980 Ioannes
3522 3916 3807 3979 docuerit
3836 3915 3927 3976 di-

2426 4017 2709 4099 scipulos
2758 4036 2906 4079 suos
2954 4035 3157 4085 orare,
3200 4022 3263 4078 et
3302 4015 3437 4087 ubi,
3468 4023 3535 4076 et
3568 4032 3759 4095 quam
3801 4012 3927 4075 for-

2428 4134 2597 4177 mam
2626 4115 2848 4177 orandi
2880 4116 2972 4177 eis
3004 4114 3375 4197 praefixerit,
3400 4132 3525 4175 non
3557 4113 3737 4175 docet
3764 4110 3926 4173 Scri-

2430 4224 2615 4297 ptura
2662 4214 2986 4277 canonica.
3032 4213 3321 4294 Insuper,
3367 4210 3663 4293 quamvis
3710 4209 3925 4272 multae

819 4320 917 4373 est
972 4310 1206 4383 dicere,
1257 4311 1412 4393 quia
1459 4310 1828 4392 frequenter
1886 4313 2198 4393 contingit
2250 4315 2399 4376 utD
2428 4313 2743 4375 orationes
2796 4312 2863 4373 in
2921 4312 3115 4374 veteri
3166 4310 3565 4372 Testamento
3615 4309 3921 4388 legantur,

820 4410 992 4491 quod
1027 4428 1190 4471 unus
1223 4408 1620 4489 Evangelista
1647 4412 1884 4484 omisit,
1911 4412 2207 4493 suppleat
2234 4413 2320 4475 al-

823 4518 918 4571 ter
951 4526 966 4571 :
999 4508 1536 4589 quemadmodum
1569 4508 1632 4569 in
1666 4508 1786 4572 isto
1817 4510 2122 4592 capitulO,
2158 4512 2322 4574 mul-

825 4615 886 4667 ta
935 4625 974 4668 a
1025 4604 1272 4667 Christo
1325 4606 1403 4666 de
1455 4606 1740 4669 oratione
1800 4607 2042 4689 prolata
2100 4610 2322 4671 recitat

823 4706 1044 4777 Lucas,
1091 4704 1170 4765 de
1206 4702 1444 4785 quibus
1483 4702 1808 4766 Matthaeus
1859 4724 1984 4768 non
2035 4707 2315 4789 scripsit.

827 4802 1006 4865 Forte
1053 4802 1242 4865 etiam
1303 4803 1588 4865 eamdem
1639 4804 1986 4867 orationem
2039 4804 2325 4869 Salvator

827 4902 926 4964 bis
973 4900 1190 4963 docuit
1239 4900 1568 4963 occasione
1621 4902 1892 4975 diversa,
1945 4910 2007 4963 et
2065 4913 2325 4985 propter

827 5000 1134 5073 diverscm,
1177 5019 1302 5063 uno
1351 5008 1680 5081 praesente,
1714 5020 1916 5081 quum
1966 5002 2171 5064 defuit
2214 5003 2329 5065 ali-

830 5118 926 5160 us.
962 5098 1178 5180 ltaque
1206 5097 1491 5161 Christus
1523 5099 1725 5160 oravit
1765 5102 2120 5162 secundum
2154 5101 2326 5181 quod

831 5196 1042 5269 homo,
1079 5198 1154 5259 ad
1209 5204 1486 5259 nostram
1538 5196 2044 5271 instructionem,
2083 5206 2146 5260 et
2188 5218 2331 5280 pro—

835 5302 975 5381 pter
1005 5294 1419 5377 indigentiam
1453 5300 1754 5371 nostram,
1788 5295 1940 5377 quia
1977 5296 2181 5359 oravit
2212 5316 2327 5379 pro

2430 4411 2787 4493 discipulus
2824 4419 3035 4472 tamen
3068 4409 3299 4473 Christi
3337 4408 3619 4489 aliquam
3654 4405 3929 4487 singula-

2430 4529 2566 4571 rem
2612 4518 2805 4591 atque
2864 4508 3251 4591 praecipuam
3300 4506 3603 4569 orationis
3658 4505 3927 4567 formam

2428 4609 2509 4671 ab
2540 4627 2615 4671 eo
2646 4608 2956 4691 poposcit,
2994 4616 3297 4688 tanquam
3325 4605 3406 4667 ab
3436 4623 3512 4668 eo
3546 4604 3613 4667 in
3644 4622 3773 4685 quo
3803 4612 3925 4665 tam

2430 4708 2848 4769 excellentem
2912 4706 3309 4767 sanctitatem
3374 4704 3725 4785 conspexit,
3788 4720 3929 4783 per-

2434 4807 2719 4887 pendens
2767 4805 2939 4886 quod
2986 4822 3023 4865 a
3070 4802 3443 4865 ferventiori
3492 4800 3931 4881 devotiorique

2434 4906 2622 4966 corde
2652 4902 2979 4966 efficacior
3009 4900 3295 4983 prodiret
3320 4899 3539 4977 oratio,
3572 4918 3773 4980 quum
3803 4917 3935 4961 ora-

2436 5003 2523 5065 tio
2560 5001 2859 5064 desiderii
2900 5000 2983 5063 sit
3022 5002 3337 5081 interpres
3375 5018 3449 5061 ac
3490 4997 3773 5059 nuntius·
3816 4996 3935 5058 Un-

2434 5102 2513 5163 de
2542 5108 2605 5162 et
2634 5100 2785 5164 boni
2826 5099 2949 5161 filii
2988 5118 3062 5161 ac
3100 5097 3401 5180 discipuli
3436 5117 3473 5160 a
3506 5095 3930 5159 devotissimis

2438 5198 2724 5281 patribus
2756 5199 2889 5260 suis
2919 5196 3189 5260 formam
3222 5196 3525 5259 orationis
3556 5202 3770 5277 petere
3794 5212 3933 5256 con-

2436 5304 2800 5374 sueverunt,
2827 5303 3143 5377 quatenus
3174 5295 3397 5358 eodem
3427 5292 3781 5358 devotionis
3809 5291 3933 5375 spi—

3940 2158 4101 2198 Jonnn.
4116 2168 4207 2197 nv-

3940 2224 3981 2261 5.
