4300 6259
85 944 104 982 ω

107 968 126 981 ι
108 948 110 950 ,

1173 500 1524 549 manuario
1567 499 1632 545 m
1671 499 1810 546 car.
1857 501 1898 546 x
1940 500 2128 547 Lucae.
2175 520 2255 531 --
2296 502 2439 548 Am.
2485 503 2657 551 xxvu
3392 482 3469 545 13

335 664 552 727 omnia
601 665 1134 731 instaurarentur.
1169 668 1438 745 Rursus,
1479 669 1696 733 omnia
1731 676 1856 731 tra·
1885 667 1936 729 A
1960 677 2321 751 competere
2352 670 2477 733 nisi
2519 670 2871 734 intellectui
2906 669 3315 753 perfectionis
3349 669 3469 731 im-

339 763 468 825 dita
525 773 682 827 sunt
731 766 978 830 Christo
1038 768 1308 842 homini,
1361 769 1440 829 de
1487 768 1724 850 quibus
1787 768 1851 829 in

187 860 572 926 n.111,JOanssO
618 873 1053 945 protestatur:
1090 866 1220 947 Ego
1264 866 1316 928 si
1361 866 1669 929 exaltatus
1717 866 1854 928 fue-

339 978 408 1022 ro
451 980 490 1022 a
541 969 732 1037 terra,
777 966 993 1027 omnia
1039 966 1286 1027 traham
1335 967 1414 1027 ad
1459 984 1560 1027 me
1611 966 1846 1048 ipsum,

336 1058 638 1123 videlicet
685 1064 902 1125 omnia
947 1082 1182 1144 genera
1229 1064 1566 1127 hominum
1617 1064 1848 1127 electo-

333 1176 502 1239 rum,
537 1176 652 1221 seu
693 1162 1006 1242 quosdam
1046 1162 1125 1223 de
1154 1162 1332 1225 omni
1370 1181 1606 1244 genere
1647 1163 1852 1226 homi-

333 1276 510 1331 num,
543 1257 1017 1342 cujuscumque
1048 1261 1457 1337 conditioniS‚
1493 1270 1693 1324 status
1737 1280 1850 1323 seu

327 1356 561 1435 gradus
623 1358 996 1421 consistant.
1051 1359 1158 1422 His
1220 1360 1434 1424 verbis
1495 1360 1848 1422 secundum

331 1454 610 1534 primam
649 1457 1116 1538 expositionem
1146 1458 1436 1521 Christus
1475 1457 1752 1521 ostendit
1781 1475 1849 1520 se

331 1552 494 1614 Patri
539 1554 858 1635 aequalem
901 1557 968 1618 in
1012 1563 1342 1639 potestate.

409 1650 728 1735 Deinceps
767 1654 1052 1716 insinuat
1097 1655 1411 1736 aequalem
1457 1671 1525 1716 se
1565 1653 1729 1717 Patri
1781 1655 1847 1716 in

334 1750 672 1832 sapientia.
725 1754 812 1813 Ει
859 1773 1068 1824 nemo,
1121 1753 1244 1816 hoc
1293 1761 1390 1815 est
1438 1753 1679 1828 nullus,
1729 1756 1849 1815 scit

1964 785 2226 829 mensae.

2040 865 2325 947 Denique
2365 868 2671 949 probatur
2701 886 2778 930 ex
2819 868 3027 942 dictis,
3061 868 3231 950 quod
3277 884 3468 949 opera

1959 962 2159 1024 Patris
2189 971 2252 1025 et
2284 964 2422 1025 Filii
2456 966 2534 1027 ad
2565 973 2741 1027 extra
2772 972 2922 1027 sunt
2951 964 3229 1028 indivisa
3263 982 3276 1025 τ
3312 982 3471 1045 quo-

1961 1061 2132 1123 niam
2178 1062 2366 1143 paulo
2406 1072 2551 1126 ante
2592 1063 2923 1145 perhibuit
2960 1062 3155 1124 Filius
3198 1061 3468 1125 revelari

1961 1160 2179 1223 divina
2227 1180 2265 1223 a
2300 1160 2519 1242 Patre3
2561 1170 2623 1223 et
2660 1181 2831 1224 nunc
2880 1161 3105 1223 asserit
3153 1179 3221 1223 se
3268 1159 3466 1222 Patris

1961 1258 2385 1338 cognitionem
2417 1259 2707 1323 conferre
2737 1259 3140 1335 hominibus3
3172 1258 3326 1320 alibi
3360 1259 3469 1320 de-

1958 1376 2136 1418 mum
2178 1356 2461 1420 affirmat
2509 1358 2937 1439 cognitionem
2988 1376 3169 1419 suam
3210 1376 3248 1418 a
3287 1356 3465 1418 Patre

1957 1454 2205 1517 homini
2266 1456 2422 1530 dari,
2479 1464 2545 1518 ut
2600 1475 2804 1538 quum
2863 1456 3152 1537 loquitur
3207 1454 3391 1517 Petro
3444 1472 3458 1516 ε

1958 1552 2181 1615 Beatus
2232 1572 2320 1629 ος,
2364 1553 2580 1618 Simon
2632 1554 2749 1616 Bar
2791 1554 2969 1629 Jona,
3013 1553 3167 1635 quia
3215 1571 3361 1615 caro
3400 1560 3464 1614 et
3490 1571 3754 1622 Maiiam,

1958 1651 2215 1732 sanguis
2246 1670 2371 1715 non
2406 1653 2709 1716 revelavit
2738 1652 2879 1727 tibi,
2905 1652 3014 1715 sed
3044 1650 3223 1713 Pater
3253 1668 3455 1713 meus.
3493 1638 3559 1677 ¹⁷·

2038 1749 2167 1813 Hoc
2219 1750 2459 1813 interea
2514 1751 2997 1826 advertendum,
3050 1750 3223 1831 quod
3272 1748 3463 1812 etiam

333 1847 604 1911 scientia
653 1848 860 1931 plenae
907 1851 1526 1933 comprehensioniS,
1569 1855 1718 1932 quis
1764 1854 1851 1913 sit
1885 1852 1933 1914 B
1962 1864 2075 1929 per
2108 1848 2461 1911 naturalem
2501 1850 2809 1912 rationem
2850 1849 3048 1911 Deum
3080 1848 3147 1910 in
3187 1847 3306 1910 hac
3336 1847 3467 1911 vita

333 1948 577 2020 Filius,
621 1948 742 2012 hoc
780 1955 878 2011 est
912 1950 1130 2031 ipsum
1181 1949 1590 2030 Unigenitum
1631 1966 1853 2011 secun-

333 2046 490 2107 dum
547 2066 733 2109 suam
792 2047 1218 2123 divinitatem,
1270 2050 1408 2109 nisi
1453 2051 1679 2120 Pater,
1735 2048 1847 2130 qui

333 2144 614 2208 infinitae
661 2154 759 2208 est
799 2146 1304 2228 perspicacitatis
1355 2146 1421 2209 in
1466 2164 1849 2227 cognoscen-

335 2244 438 2317 do,
473 2244 645 2306 sicut
681 2252 745 2306 et
779 2245 977 2307 Filius
1013 2264 1028 2309 :
1063 2244 1194 2309 imo
1229 2245 1295 2307 in
1338 2244 1518 2307 Patre
1559 2253 1622 2307 et
1661 2244 1845 2320 Filio,

331 2340 506 2404 haud
561 2343 838 2405 dubium
880 2344 1043 2425 quin
1089 2352 1153 2407 et
1195 2344 1262 2406 in
1303 2342 1546 2426 Spiritu
1595 2343 1845 2417 Sancte,

334 2449 430 2502 est
483 2460 652 2503 unus
702 2449 766 2503 et
811 2442 981 2504 idem
1035 2460 1307 2504 numero
1354 2441 1738 2516 intellectuS,
1788 2449 1853 2504 et

333 2539 658 2620 quidquid
690 2540 768 2602 de
801 2559 928 2602 una
957 2541 1150 2603 trium
1180 2539 1851 2622 superbonorabilium

337 2636 760 2700 Personarum
810 2638 1100 2702 absolute
1151 2639 1408 2715 dicitur,
1453 2640 1531 2701 de
1581 2638 1850 2719 singulis

341 2735 744 2817 intelligitur.
799 2736 977 2801 Unde
1035 2738 1327 2820 exceptio
1385 2738 1507 2801 hoc
1565 2737 1846 2811 nomine,

337 2834 558 2909 Nemo,
607 2835 954 2916 designata,
1008 2836 1242 2899 dicitur
1291 2834 1670 2911 essentiam,
1722 2854 1849 2899 non

343 2933 720 3013 personalis,
763 2934 918 3015 quia
965 2934 1283 3016 excipitur
1329 2934 1539 2997 omnis
1589 2934 1850 2996 alterius

1959 1946 2322 2029 aliqualiter
2365 1965 2744 2029 cognoscere
2793 1966 3157 2030 possumus.
3193 1946 3267 2008 Et
3314 1964 3467 2028 quo·

1959 2046 2132 2108 niam
2172 2047 2331 2109 ratio
2361 2047 2665 2109 naturalis
2693 2065 2730 2108 a
2762 2047 2887 2110 Deo
2916 2045 3143 2109 collata
3172 2052 3288 2119 est,
3323 2044 3465 2107 ideo

1958 2144 2068 2206 illa
2111 2146 2388 2226 cognitio
2435 2164 2579 2227 quae
2629 2146 2706 2207 de
2760 2145 2880 2209 Deo
2938 2163 3054 2227 per
3101 2143 3458 2206 naturalem

1961 2243 2269 2306 rationem
2309 2243 2599 2319 habetur,
2634 2243 2957 2305 interdum
3004 2242 3308 2306 revelatio
3353 2259 3466 2322 ap-

1961 2341 2255 2423 pellatur,
2292 2351 2363 2404 ut
2388 2360 2589 2423 quum
2618 2342 2698 2403 ad
2726 2341 3042 2405 Romanos
3072 2340 3160 2402 ait
3193 2340 3467 2423 Aposto-

1960 2439 2058 2501 lus
2094 2458 2108 2502 :
2141 2439 2493 2502 Invisibilia
2523 2440 2631 2501 Dei
2667 2458 2782 2521 per
2810 2456 2885 2501 ea
2912 2457 3057 2521 quae
3095 2438 3261 2501 facta
3289 2445 3459 2512 sunt,
3506 2459 3753 2510 non-...sm

1959 2538 2465 2620 conspiciuntur,
2516 2538 2903 2620 sempiterna
2951 2555 3209 2619 quoque
3262 2536 3463 2599 virtus
3494 2522 3560 2563 ¹⁹·

1960 2635 2100 2716 ejus
2149 2644 2212 2698 et
2258 2635 2585 2708 divinitaS‚
2632 2634 2721 2697 ita
2769 2644 2839 2697 ut
2887 2635 3014 2697 sint
3064 2634 3467 2697 inexcusabi-

1960 2734 2052 2797 les
2083 2753 2096 2797 :
2132 2734 2285 2816 quia
2310 2735 2480 2815 quod
2512 2741 2731 2797 notum
2762 2740 2860 2795 est
2888 2733 3019 2808 Dei,
3054 2731 3463 2795 manifestum

1960 2840 2056 2894 est
2093 2832 2160 2893 in
2206 2832 2365 2911 illis;
2408 2832 2571 2893 Deus
2610 2832 2782 2894 enim
2821 2831 2950 2893 illis
2993 2831 3317 2895 revelavit.
3352 2830 3467 2891 Ve-

1963 2939 2339 3005 rumtamen,
2375 2948 2489 3013 per
2520 2930 2873 2992 naturalem
2910 2930 3215 2994 rationem
3250 2928 3465 2991 nullus

340 3030 658 3105 essentiae,
693 3051 820 3096 non
865 3032 1075 3095 omnis
1118 3032 1380 3095 alterius
1425 3051 1732 3114 personae.
1767 3036 1853 3094 Ει
1888 3038 1932 3101 C
1964 3030 2491 3112 philosophorum
2531 3028 2826 3109 cognovit
2864 3028 3143 3110 aliquam
3184 3028 3465 3090 divinam

341 3132 480 3211 quis
505 3132 598 3192 sit
628 3133 856 3201 Pater,
883 3132 1004 3195 hoc
1032 3138 1149 3206 est,
1182 3131 1429 3193 Patrem
1472 3132 1688 3194 nullus
1719 3132 1854 3214 ple·

344 3230 519 3292 narie
548 3229 1060 3312 comprehendit,
1092 3232 1231 3291 nisi
1259 3232 1480 3293 Filius
1502 3252 1524 3291 .·
1548 3231 1851 3312 quoniam

343 3328 506 3391 sicut
549 3329 732 3390 Pater
769 3337 864 3391 est
906 3329 1178 3393 infinitas
1225 3330 1606 3392 actualitatis
1651 3337 1714 3391 et
1756 3330 1855 3392 in-

347 3426 844 3507 telligibilitatis,
890 3428 984 3491 sic
1029 3428 1226 3490 Filius
1275 3429 1632 3491 secundum
1680 3428 1852 3510 quod

347 3522 532 3599 Deus,
568 3531 668 3585 est
695 3525 968 3589 infinitae
1005 3525 1529 3589 intellectivitatis
1570 3544 1684 3587 seu
1716 3544 1856 3608 per-

350 3621 738 3703 spicacitatis
797 3630 862 3683 et
921 3624 1222 3685 claritatis
1285 3624 1351 3685 in
1416 3623 1850 3705 intelligendo.

101 3735 196 3778 ma,
219 3751 244 3785 ι,
265 3740 325 3780 ιε.
353 3720 512 3783 Hinc
537 3720 810 3783 loannes
845 3740 859 3783 ε
895 3719 1093 3782 Deum
1122 3740 1312 3786 nemo
1343 3722 1506 3785 vidit
1533 3742 1852 3805 unquam3

121 4318 132 4358 l
147 4319 234 4363 Cor.
249 4337 296 4365 ιιι

109 4382 160 4424 ¹2.

355 3818 724 3901 unigenitus
773 3818 970 3881 Filius
1022 3820 1136 3901 qui
1184 3829 1278 3883 est
1337 3821 1403 3883 in
1453 3820 1601 3883 sinu
1657 3820 1855 3883 Patris

353 3919 488 4001 ipse
538 3918 882 3980 enarravit.
918 3920 1002 3979 Ec
1039 3921 1151 3979 cui
1190 3921 1465 3981 voluerit
1505 3922 1723 3981 Filius
1759 3940 1858 3979 re-

351 4021 587 4089 velare,
633 4015 744 4078 ille
790 4015 1116 4097 cognoscit
1163 4016 1428 4093 Patrem,
1475 4036 1601 4080 non
1643 4026 1854 4080 tamen

353 4117 540 4199 plena
577 4114 1173 4196 comprehensione,
1209 4122 1270 4177 et
1301 4122 1428 4177 tam
1468 4114 1747 4197 perfecte
1787 4124 1859 4180 ut

1963 3127 2298 3191 Personam
2347 3127 2699 3188 secundum
2752 3126 3203 3209 proprietatem
3255 3144 3470 3208 perso-

1963 3227 2195 3301 nalem,
2237 3244 2355 3289 nec
2397 3224 3023 3308 superbeatissimam
3066 3225 3461 3287 Trinitatem.

1963 3326 2100 3388 Alia
2127 3333 2223 3388 est
2254 3325 2553 3389 revelatio
2582 3324 2789 3401 altior,
2824 3343 2951 3406 qua
2989 3324 3113 3387 Deo
3144 3324 3465 3388 revelante

1963 3424 2403 3505 cognoscimus
2442 3441 2587 3485 eum
2632 3440 2747 3504 per
2774 3421 3005 3502 fidem3
3039 3430 3100 3484 et
3130 3422 3253 3485 alia
3294 3442 3463 3505 quae-

1965 3524 2107 3585 dam
2154 3542 2167 3585 :
2210 3522 2276 3583 in
2328 3541 2455 3603 qua
2508 3521 2891 3584 revelatione
2940 3528 3091 3582 sunt
3130 3521 3286 3584 varii
3324 3540 3467 3602 gra-

1965 3622 2105 3696 duS,
2170 3621 2522 3683 secundum
2579 3620 2751 3701 quod
2814 3618 3001 3681 variae
3062 3620 3464 3700 assignantur

1965 3719 2209 3803 species
2252 3717 2826 3799 contemplationis.
2870 3717 3065 3793 Unde,
3110 3719 3463 3780 secundum

1965 3818 2137 3901 quod
2187 3818 2376 3880 homo
2425 3823 2703 3878 mentem
2754 3835 2935 3877 suam
2984 3815 3182 3897 magis
3242 3835 3465 3899 purga-

1967 3916 2148 3991 verit,
2198 3924 2260 3977 et
2306 3915 2370 3976 in
2422 3914 2637 3977 divina
2682 3913 3021 3977 dilectione
3069 3915 3269 3996 magis
3320 3934 3464 3998 pro—

1965 4014 2209 4088 fecerit,
2253 4014 2607 4075 secundum
2649 4012 2772 4075 hoc
2814 4012 3013 4092 magis
3064 4012 3462 4075 illuminatur

1965 4112 2295 4186 divinituS,
2349 4118 2411 4173 et
2459 4110 2691 4172 clarius
2749 4110 2870 4172 sibi
2924 4111 3237 4174 revelatur
3286 4112 3463 4174 Pater

352 4216 546 4277 Filius
583 4233 598 4277 :
635 4214 748 4275 sed
786 4212 945 4277 Filio
984 4214 1325 4288 revelante,
1358 4214 1584 4277 fideles
1624 4217 1691 4277 in
1737 4217 1856 4280 hoc
1888 4224 1938 4285 D
1965 4220 2259 4285 aeternuS‚
2293 4218 2551 4290 totaque
2581 4207 2853 4271 Trinitas
2893 4211 3458 4291 superessentialis,

299 4338 325 4375 ι.
353 4314 584 4377 saeculo
634 4321 1027 4393 cognoscunt
1071 4330 1185 4393 per
1223 4314 1554 4395 speculum
1600 4315 1665 4375 in
1705 4315 1859 4377 aeni—

353 4421 581 4492 gmate,
618 4430 734 4495 per
779 4409 1004 4483 fidem,
1049 4417 1111 4470 et
1160 4428 1275 4492 per
1321 4411 1559 4473 donum
1609 4412 1859 4493 sapien-

356 4510 474 4585 tiae,
506 4520 702 4592 atque
747 4528 862 4592 per
899 4508 1417 4572 informationem
1462 4528 1655 4573 sacrae
1693 4510 1860 4573 Scri-

357 4620 598 4690 pturae3
650 4608 718 4670 in
777 4610 979 4691 patria
1037 4625 1189 4671 vero
1246 4615 1635 4687 cognoscunt
1691 4608 1858 4671 clare

357 4726 466 4789 per
503 4706 804 4790 speciem,
838 4726 948 4769 seu
989 4706 1154 4769 facie
1182 4706 1261 4769 ad
1299 4704 1552 4781 faciem,
1587 4708 1758 4769 unde
1796 4715 1858 4770 et

355 4804 898 4888 comprehendere
954 4804 1152 4867 Deum
1213 4804 1515 4866 dicuntur
1573 4823 1860 4887 compre-

356 4904 664 4967 hensione
711 4910 968 4964 extense
1017 4912 1298 4985 accepta,
1340 4902 1494 4983 quia
1542 4904 1860 4986 conspici-

359 5010 472 5064 unt
518 5002 722 5063 Deum
771 5000 957 5063 sicuti
1005 5009 1100 5063 est
1149 5002 1215 5062 in
1267 5020 1334 5065 se
1385 5003 1547 5084 ipso.
1602 5001 1860 5085 Proprie

359 5108 566 5163 autem
616 5100 816 5161 Deum
865 5099 1404 5182 comprehendere
1449 5101 1702 5177 dicitur,
1747 5101 1860 5183 qui

363 5218 508 5261 eum
551 5198 879 5279 cognoscit
925 5207 1056 5260 tam
1105 5197 1386 5279 perfecte
1429 5198 1596 5262 sicut
1636 5218 1864 5281 cogno—

1964 4311 2287 4373 Altissima
2326 4315 2539 4371 tamen
2580 4308 3131 4389 contemplationis
3174 4308 3283 4371 Dei
3326 4329 3464 4393 spe-

1965 4411 2093 4473 cies
2143 4410 2210 4471 in
2261 4407 2379 4469 hac
2433 4406 2583 4482 vita,
2638 4406 2871 4469 dicitur
2918 4406 3181 4488 mystica
3222 4408 3463 4473 theolo-

1963 4510 2085 4590 gia,
2125 4526 2269 4589 quae
2312 4514 2408 4568 est
2450 4504 2877 4568 secretissima
2918 4513 2981 4566 et
3018 4506 3461 4570 ardentissima

1967 4606 2197 4670 mentis
2240 4624 2385 4667 cum
2426 4604 2550 4667 Deo
2591 4602 2825 4667 locutio
2860 4622 2873 4665 :
2910 4602 2973 4664 in
3014 4622 3143 4684 qua
3180 4612 3463 4668 contem-

1967 4704 2266 4787 platione,
2300 4710 2539 4785 quanto
2583 4702 2727 4784 plus
2770 4720 2948 4763 mens
2997 4703 3271 4784 desuper
3318 4704 3461 4767 illu-

1967 4810 2223 4877 stratur,
2265 4809 2441 4865 tanto
2484 4800 2881 4883 splendidius
2930 4800 3215 4862 intuetur
3262 4802 3460 4865 Deum

1967 4920 2228 4985 prorsus
2271 4900 2985 4983 incomprehensibilem
3030 4917 3189 4975 esse,
3223 4908 3285 4962 et
3326 4909 3464 4965 tan-

1968 5004 2112 5065 dem
2174 5000 2392 5062 unitur
2441 4999 2522 5074 ei,
2570 5006 2871 5081 tanquam
2920 4998 3181 5062 omnino
3231 5000 3465 5083 imper-

1967 5098 2297 5164 scrutabili
2340 5106 2405 5160 et
2448 5098 2683 5179 ignoto,
2727 5116 2841 5179 per
2882 5098 3170 5161 omnium
3219 5100 3464 5161 entium

1969 5198 2453 5278 abnegationem
2495 5196 2573 5258 de
2614 5214 2710 5270 eo,
2754 5214 2902 5258 eum
2950 5195 3278 5262 intuendo.
3319 5198 3463 5262 ldeo

365 5298 604 5361 scibilis
653 5305 754 5359 est
799 5314 878 5359 ex
927 5316 1041 5359 sua
1086 5304 1314 5359 natura
1360 5316 1374 5360 :
1413 5299 1592 5389 ‘quod
1641 5299 1866 5381 nequit
1973 5297 2229 5361 divinus
2260 5302 2323 5357 et
2355 5313 2621 5376 magnus
2660 5294 2994 5378 Dionysius
3034 5294 3302 5359 scribit:
3335 5295 3463 5361 Hoc
