4300 6259
121 1785 194 1840 37

1097 515 1450 564 mumulo
1491 515 1556 562 IN
1596 515 1735 562 CAP.
1781 517 1868 562 111
1909 515 2187 564 sommis.
2233 533 2313 544 -
2355 515 2495 563 An‘r.
2542 517 2715 562 xxxn

3332 495 3455 560 509

1370 923 2024 1012 ARTICULUS
2101 925 2439 1010 XXXII

455 1202 848 1251 sserANATm
889 1203 1168 1250 RBSIDUAE
1210 1200 1434 1248 PAn‘rls
1475 1200 1662 1246 umus
1704 1197 2033 1245 nuonsscnn
2075 1198 2353 1245 caprum
2398 1200 2411 1244 :
2457 1199 2621 1254 Qum!
2664 1201 2869 1246 AUTE!
2911 1200 3117 1246 ΤΔΝΤΔ
3160 1200 3345 1248 SIGNA

1447 1298 1736 1344 anssm·
1776 1297 1951 1344 lasus
1993 1296 2201 1344 comm
2244 1297 2361 1343 ms.

491 1579 843 1645 ElNCEPS
881 1579 1236 1644 ostenditur
1263 1578 1622 1641 Judaeorum
1661 1575 1852 1640 obsti·
1878 1573 1932 1636 A
1960 1576 2275 1640 audiendo
2312 1597 2348 1638 a
2386 1585 2449 1640 te
2487 1579 2872 1643 didicimus?
2903 1581 3171 1644 Auditus
3210 1582 3456 1664 quippe

523 1689 670 1743 nata
718 1678 993 1761 perfidia
1045 1677 1417 1760 prophetice
1470 1675 1854 1758 praenuntia-

351 1788 431 1842 ta.
482 1783 694 1849 Quum
741 1789 958 1840 autem
1007 1787 1190 1838 canta
1231 1777 1446 1854 siqua,
1487 1793 1632 1856 quae
1682 1792 1852 1836 nunc

61 1891 318 1942 Joann-sx.
347 1877 671 1959 descripta
719 1884 890 1950 sunt,
936 1883 1156 1957 utpote
1199 1892 1213 1937 :
1269 1873 1654 1937 illuminatio
1705 1872 1851 1936 caeci

41 1957 178 2062 ‘nii-a.
193 2031 256 2067 ιι,
273 2019 322 2058 ι-

37 2082 106 2122 44.

65 2155 180 2185 vers.
211 2143 288 2186 28.

47 2481 215 2585 gutth-
231 2495 324 2532 xxi,

139 2663 214 2717 38

353 1977 511 2052 nati,
571 1976 900 2038 suscitatio
960 1973 1198 2048 Lazari,
1260 1972 1623 2054 impetratio
1681 1972 1853 2035 vocis

352 2076 676 2156 coelestis3
725 2074 975 2155 fecisset
1020 2072 1199 2135 lesus
1246 2091 1463 2133 coram
1502 2073 1616 2132 eie.
1664 2070 1856 2132 Multa

351 2183 568 2238 autem
597 2173 780 2254 signa
808 2181 964 2234 tunc
993 2169 1165 2245 fecit,
1200 2177 1354 2252 puta
1389 2170 1456 2232 in
1488 2170 1590 2233 die
1618 2168 1858 2232 Palma-

353 2293 524 2348 rum,
557 2291 704 2354 quae
728 2272 999 2335 Ioannes
1038 2288 1166 2333 non
1207 2268 1449 2331 recitat.
1482 2268 1657 2331 Unde
1686 2269 1856 2350 apud

350 2371 716 2434 Matthaeum
782 2369 1131 2442 inducitur,
1194 2369 1364 2450 quod
1429 2385 1630 2449 quum
1690 2375 1856 2429 esset

355 2471 424 2533 in
481 2470 747 2551 templo,
798 2475 1204 2531 accesserunt
1260 2467 1339 2529 ad
1397 2483 1546 2528 eum
1596 2466 1743 2529 caeci
1793 2472 1855 2527 et

355 2569 596 2643 claudi,
645 2567 1020 2648 curavitque
1058 2584 1187 2629 eos.
1223 2568 1373 2628 Non
1409 2568 1744 2626 credebant
1781 2566 1856 2626 in

353 2689 536 2738 eum,
575 2667 704 2729 imo
751 2683 872 2728 nec
917 2664 1000 2738 ei,
1043 2673 1118 2724 ut
1156 2683 1360 2724 sermo
1397 2665 1593 2725 Isaioe
1635 2665 1860 2740 imple-

1961 1683 2058 1737 est
2103 1694 2329 1738 sensus
2368 1678 2744 1760 disciplinae,
2788 1681 3139 1742 secundum
3178 1680 3459 1744 Philoso-

1965 1773 2190 1854 phum.
2234 1773 2307 1836 Et
2352 1775 2532 1856 juxta
2572 1777 2968 1859 Apostolum,
3011 1779 3193 1842 Fides
3242 1787 3337 1843 est
3380 1798 3457 1842 ex
3488 1801 3751 1852 Rom.x,¹·1.

1963 1873 2207 1934 auditu.
2240 1873 2371 1948 Vel,
2414 1874 2563 1946 Quis
2604 1877 2875 1939 credidit
2919 1878 3166 1940 auditui
3216 1887 3454 1954 nostro,

1965 1971 2028 2033 id
2067 1977 2165 2033 est
2210 1973 2423 2036 verbis
2473 1975 2861 2056 propheticis
2910 1995 3055 2058 quae
3096 1977 3459 2040 audivimus

1963 2089 2000 2132 a
2039 2073 2142 2132 te?
2174 2069 2470 2143 Quamvis
2508 2073 2681 2135 enim
2708 2073 2903 2138 Judaei
2946 2075 3159 2138 dicant
3188 2075 3461 2159 Prophe-

1966 2168 2045 2230 tis
2080 2187 2148 2230 se
2189 2170 2467 2244 credere,
2500 2178 2711 2234 tamen
2744 2174 3098 2236 secundum
3130 2175 3457 2237 veritatem

1966 2266 2058 2328 eis
2107 2287 2233 2331 non
2284 2270 2571 2344 credunt,
2614 2270 2767 2352 quia
2806 2290 2931 2335 non
2986 2273 3307 2355 recipiunt
3354 2291 3461 2338 ve-

1969 2384 2103 2428 ram
2152 2384 2372 2430 eorum
2418 2369 2902 2450 expositionem,
2944 2372 3055 2434 sed
3098 2372 3457 2446 litteralem,

1969 2465 2310 2540 carnalem,
2359 2473 2423 2528 et
2469 2467 2965 2549 superficialem,
3013 2489 3158 2552 quae
3204 2471 3457 2534 occidit.
3492 2487 3752 2540 neomuto.

1969 2562 2144 2625 Unde
2193 2562 2475 2627 Salvator
2524 2566 2773 2629 locutus
2830 2575 2928 2629 est
2979 2568 3211 2632 Judaeis
3260 2569 3463 2632 incre-

1972 2661 2138 2724 dulis
2168 2680 2183 2724 ε
2217 2660 2279 2723 Si
2320 2663 2661 2726 crederetis
2697 2664 2911 2748 Moysi,
2951 2667 3291 2730 crederetis
3336 2666 3465 2731 for·
3528 2685 3753 2738 launna,

354 2777 544 2828 retur
569 2785 759 2846 quem
785 2765 986 2825 dimit.
1009 2761 1180 2834 Quod
1209 2761 1319 2836 ait,
1343 2761 1420 2823 Ut
1449 2779 1658 2825 sermo
1686 2761 1860 2824 lsaiae
1895 2758 1942 2820 B
1970 2760 2132 2822 sitan
2164 2768 2227 2822 et
2256 2761 2438 2823 mihi.
2465 2765 2549 2824 Ec
2578 2765 2916 2826 brachium
2948 2767 3241 2836 Domini,
3273 2766 3336 2828 id
3366 2775 3465 2829 est
3490 2751 3559 2790 ⁴⁶·

356 2865 760 2948 impleretur,
794 2860 1282 2942 intelligendum
1310 2868 1407 2922 est
1437 2859 1862 2923 concomitan-

353 2973 476 3038 ter,
521 2981 648 3026 non
699 2959 1057 3024 causaliter.
1099 2959 1234 3022 Non
1279 2958 1452 3020 enim
1491 2958 1572 3021 ob
1619 2958 1740 3022 hoc
1783 2957 1863 3019 fi-

356 3064 506 3126 dem
543 3061 692 3123 Jesu
730 3065 1134 3141 spreverunt,
1168 3064 1239 3119 ut
1276 3056 1682 3120 verificarent
1722 3075 1862 3120 ver-

355 3161 441 3224 ba
492 3159 690 3222 Isaiae.
740 3157 843 3221 Sic
893 3157 1066 3220 enim
1122 3155 1450 3220 novissent
1497 3155 1722 3218 Isaiam
1779 3156 1858 3217 de

358 3277 586 3324 eorum
616 3255 1038 3320 excaecatione
1068 3254 1550 3337 praenuntiasse,
1585 3262 1648 3316 et
1686 3254 1860 3335 quod

355 3359 542 3421 Jesus
581 3364 749 3418 esset
788 3355 1078 3419 Christus
1115 3371 1307 3434 quem
1338 3353 1526 3415 lsaias
1569 3352 1864 3435 praedixit

359 3475 490 3520 non
521 3453 966 3535 recipiendum
997 3471 1034 3514 a
1064 3450 1300 3533 populo
1325 3451 1708 3526 Judaeorum,
1744 3469 1862 3533 pro

359 3553 593 3634 majori
644 3559 822 3634 parte
859 3567 1102 3614 eorum.
1145 3547 1266 3611 Sed
1306 3566 1383 3610 ex
1421 3549 1864 3612 incredulitate

361 3652 654 3736 ipsorum
705 3656 1046 3713 consecuta
1095 3655 1192 3709 est
1237 3647 1528 3729 impletio
1577 3647 1860 3711 vaticinii

359 3750 572 3830 Isaiae3
607 3767 726 3811 nec
755 3749 964 3811 solum
995 3747 1190 3822 Isaiae,
1216 3748 1326 3809 sed
1356 3747 1620 3829 insuper
1649 3746 1860 3823 David,

362 3857 428 3912 et
453 3849 764 3922 Jeremiae,
788 3866 861 3910 ac
892 3846 1190 3908 Danielis.
1215 3845 1536 3928 Scriptum
1567 3855 1662 3909 est
1688 3846 1862 3909 enim

1969 2858 2187 2932 Filius,
2223 2858 2424 2921 virtus
2463 2867 2526 2921 et
2572 2860 2885 2942 sapientia
2928 2861 3148 2938 Patris,
3184 2863 3461 2926 Verbum
3495 2882 3755 2934 {cor-‚naa

1969 2957 2395 3039 omnipoten8‚
2439 2977 2554 3040 per
2600 2961 2771 3041 quod
2818 2960 2983 3023 facta
3030 2970 3179 3025 sunt
3226 2964 3460 3042 omnia,
3492 2983 3756 3036 mam-‚a

1968 3058 2079 3117 oui
2105 3060 2464 3118 revelatum
2502 3060 2641 3119 est?
2680 3059 2743 3121 id
2792 3068 2909 3137 est,
2956 3062 3175 3142 paucis
3223 3061 3467 3126 Judaeo-

1971 3173 2111 3215 rum
2164 3154 2565 3218 notificatum
2615 3166 2710 3219 est
2760 3176 2873 3240 per
2930 3159 3461 3224 illuminationem

1970 3253 2309 3328 internam,
2354 3262 2542 3336 prout
2589 3256 2654 3317 in
2703 3256 2965 3320 Actibus
3012 3256 3232 3321 Petrus
3283 3266 3467 3322 testa-

1971 3359 2076 3413 tur
2128 3370 2142 3414 :
2196 3351 2358 3414 Deus
2408 3353 2579 3415 dedit
2627 3373 2775 3417 eum
2832 3357 3241 3420 manifestum
3290 3358 3459 3434 fieri,
3512 3381 3756 3432 Aemate.

1973 3467 2098 3512 non
2130 3451 2305 3513 omni
2338 3451 2597 3533 populo,
2633 3454 2743 3515 sed
2782 3455 3049 3518 testibus
3088 3475 3125 3518 a
3154 3457 3278 3520 Deo
3312 3477 3466 3540 prae-
3492 3445 3562 3485 ⁴¹·

1972 3548 2300 3610 ordinatis.
2356 3549 2595 3612 Dicitur
2650 3559 2861 3614 autem
2908 3553 3105 3616 Filius
3157 3555 3263 3616 Dei
3326 3553 3465 3618 bra-

1974 3645 2192 3708 chium
2236 3645 2454 3722 Patris,
2496 3648 2650 3728 quia
2693 3667 2807 3731 per
2853 3651 3065 3733 ipsum
3109 3651 3275 3715 facta
3316 3662 3466 3716 sunt

1974 3745 2209 3806 omnia.
2243 3745 2327 3807 De
2358 3765 2486 3826 quo
2513 3746 2702 3809 Isaias
2735 3766 2750 3811 :
2784 3747 3031 3814 Paravit
3056 3751 3325 3832 (inquit)
3351 3752 3468 3815 Do-
3506 3763 3571 3807 1⁸·
3592 3777 3659 3816 ιιι,
3682 3766 3748 3808 ¹⁰·

1975 3843 2188 3905 minus
2226 3843 2559 3906 brachium
2601 3854 2889 3909 sanctum
2928 3868 3113 3911 suum
3159 3850 3222 3911 in
3263 3851 3465 3914 oculis

364 3950 434 4012 in
487 3949 656 4011 libro
703 3947 1095 4010 Psalmorum
1148 3963 1162 4008 :
1215 3945 1647 4008 Obscurentur
1692 3945 1862 4009 oculi
1898 3943 1941 4007 C
1973 3942 2263 4005 omnium
2302 3943 2612 4023 gentium.

197 4105 271 4144 m·
321 4065 590 4144 ,eorum
641 4063 722 4108 ne
765 4044 1041 4108 videant.
1089 4043 1164 4105 Et
1208 4043 1509 4106 Ieremias
1555 4039 1644 4106 ait
1691 4063 1704 4108 :
1751 4045 1868 4107 Re-

365 4145 531 4228 liqui
583 4145 845 4208 domum
895 4159 1124 4216 meam,
1174 4141 1387 4204 dimisi
1449 4142 1865 4206 hereditatem

365 4262 575 4307 meam
602 4262 618 4324 ;
652 4241 826 4305 dedit
855 4249 1075 4303 contra
1102 4258 1205 4302 me
1237 4258 1456 4303 vocem
1488 4261 1688 4316 suam,
1725 4242 1866 4305 ideo

364 4341 542 4406 odivi
580 4359 744 4403 eam.
779 4338 996 4400 Daniel
1034 4355 1294 4419 quoque
1331 4337 1493 4400 dixit
1526 4356 1540 4401 :
1573 4338 1706 4403 Non
1748 4341 1870 4402 erit

365 4440 510 4522 ejus
555 4437 858 4522 populuS,
892 4436 1006 4519 qui
1049 4453 1195 4498 eum
1241 4444 1582 4517 negaturus
1625 4445 1742 4499 est.

451 4538 689 4601 Deinde
729 4543 1057 4619 ponuntur
1097 4535 1290 4598 verba
1327 4535 1521 4611 lsaiae,
1557 4536 1622 4598 in
1663 4555 1874 4619 perso-

367 4657 454 4700 na
501 4636 960 4718 Prophetarum
1012 4632 1353 4714 loquentis.
1394 4637 1690 4704 Domine,
1723 4638 1870 4716 quis

365 4737 653 4798 credidit
681 4734 954 4795 auditui
990 4742 1204 4794 nostro
1227 4733 1258 4792 ἒ
1294 4731 1652 4796 Praevidens
1697 4734 1867 4797 enim

353 4834 559 4896 'Isaias
610 4833 676 4894 in
719 4831 961 4913 Spiritu
1005 4829 1254 4904 Sancto,
1297 4849 1489 4912 quam
1535 4832 1719 4912 pauci
1767 4832 1872 4895 Ju-

368 4935 652 4996 daeorum
705 4930 1064 5011 reciperent
1111 4927 1452 5003 Christum,
1502 4930 1871 4995 admirando

371 5030 648 5112 inquirit
689 5047 704 5092 ε
747 5027 1033 5103 Domine,
1067 5027 1214 5108 quis
1257 5027 1617 5090 Judaeorum
1658 5029 1870 5110 (quasi

2068 4044 2414 4118 Propterea
2463 4063 2594 4104 non
2633 4053 2934 4122 poterant
2981 4050 3255 4117 credere,
3307 4052 3467 4130 quia
3602 4059 3672 4116 39

1975 4141 2215 4200 iterum
2242 4141 2419 4200 dia-ic
2446 4142 2679 4210 Isaias,
2709 4150 3019 4224 quantum
3061 4146 3137 4207 ad
3182 4163 3463 4224 sensum,

1978 4256 2104 4300 non
2153 4239 2363 4318 quoad
2411 4236 2682 4301 formam
2726 4240 3091 4305 verborum.
3135 4243 3310 4306 Dicet
3350 4246 3468 4308 ali-

1977 4337 2124 4417 quis
2178 4357 2191 4400 :
2244 4335 2306 4399 Si
2366 4355 2491 4400 non
2554 4347 2844 4420 poterant
2899 4341 3157 4404 credere
3207 4352 3473 4426 propter

1981 4435 2382 4518 prophetiam
2421 4437 2615 4510 Isaiae,
2648 4455 2798 4519 ergo
2840 4438 2962 4521 ipsi
3008 4451 3393 4505 excusantur
3437 4464 3476 4507 a

1982 4535 2192 4616 culpa,
2243 4554 2446 4617 quum
2494 4553 2683 4598 omne
2734 4547 3063 4619 peccatum
3121 4540 3203 4603 sit
3253 4543 3478 4605 volun-

1981 4633 2236 4708 tarium,
2288 4640 2351 4695 et
2397 4633 2571 4697 Isaiae
2618 4636 3063 4716 praenuntiatio
3110 4639 3233 4701 erit
3288 4659 3477 4704 causa

1980 4731 2442 4794 incredulitatis
2502 4731 2810 4814 ipsorum.
2870 4733 3241 4812 Dicendum,
3302 4741 3476 4820 quod

1981 4829 2428 4912 praenuntiatio
2454 4829 2630 4894 Isaiae
2658 4851 2781 4895 non
2815 4830 2935 4895 fuit
2963 4852 3152 4896 causa
3178 4833 3477 4900 effectiva

1980 4928 2080 4993 vel
2128 4948 2168 4990 a
2216 4928 2435 5010 priori,
2480 4931 2587 4992 sed
2638 4949 2825 4992 causa
2872 4940 2934 4994 et
2980 4932 3233 5013 signum
3276 4953 3313 4996 a
3365 4955 3477 5017 po-

1983 5026 2254 5102 steriori,
2308 5025 2597 5108 perfidiae
2648 5027 3031 5091 Judaeorum.
3086 5029 3177 5092 Ex
3228 5032 3337 5095 illa
3383 5041 3478 5095 et-

371 5130 562 5204 dicat,
595 5126 838 5191 Modica
869 5145 1014 5208 pars
1044 5125 1297 5205 eorum)
1327 5125 1593 5188 credidit
1626 5126 1870 5189 auditui
1905 5127 1951 5189 D
1981 5125 2155 5188 enim
2210 5126 2542 5207 prophetia
2599 5127 2963 5207 agnoscitur
3020 5135 3083 5190 et
3142 5130 3471 5211 probatur,

373 5237 614 5304 nostro,
648 5227 713 5288 id
759 5233 857 5288 est
900 5225 1112 5288 verbis
1158 5243 1231 5286 ac
1273 5225 1590 5306 mysteriis
1641 5223 1870 5288 Christi

370 5345 519 5412 quae
555 5335 628 5390 tu
667 5325 854 5389 nobis
893 5323 1185 5387 revelasti
1226 5324 1305 5386 de
1334 5321 1602 5400 Christo,
1635 5332 1698 5386 et
1726 5341 1872 5406 quae

1981 5244 2108 5289 non
2153 5233 2466 5300 causatur,
2506 5225 2864 5290 Judaeorum
2906 5227 3248 5292 obstinatio
3288 5239 3478 5313 atque

1982 5323 2275 5407 perfidia.
2336 5323 2547 5400 Porro,
2598 5325 2768 5406 quod
2824 5325 2935 5402 ait,
2992 5324 3129 5390 Non
3184 5335 3479 5410 poterant
