4300 6259
892 504 1015 569 242

1674 522 2019 569 ENARRATIO
2065 524 2125 568 IN
2171 524 2306 569 CAP-
2355 521 2508 567 xxm
2551 521 2737 568 LUGAE.
2781 541 2863 551 -
2903 522 3046 567 An‘r.
3089 520 3235 567 xux

894 695 1143 756 hilarati
1203 694 1542 756 instantem
1600 701 1869 757 mortem
1928 694 2140 755 minus
2199 700 2394 755 attcn-
2423 690 2473 751 A
2503 693 2825 773 scriptam.
2869 692 3137 751 Litteris
3189 690 3449 759 Graeeis,
3496 698 3555 748 et
3605 688 3881 759 Latinis,
3926 694 3984 744 et

895 793 1136 864 derent,
1170 802 1360 874 atque
1405 792 1653 854 facilius
1700 792 2085 853 sustinerent
2120 811 2132 854 :
2171 799 2234 852 et
2276 791 2394 854 hoc

2505 792 2856 856 Hebraicis,
2877 791 2940 851 id
2972 788 3300 862 cst,tribus
3334 785 3794 869 principalibus
3825 804 3982 846 mun·

894 892 1035 955 idco
1064 891 1389 953 ordinasse
1422 900 1777 964 narrantur,
1811 891 2114 971 quoniam
2155 890 2221 950 in
2252 888 2397 952 Pro-
2503 889 2563 949 di
2617 888 3022 951 idiomatibus
3071 888 3331 969 scripsit
3377 886 3548 947 hunc
3595 884 3873 955 titulum,
3920 890 3983 944 ut

750 1019 830 1049 m
896 989 1132 1052 verbiis
1187 988 1478 1053 Salomon
1528 989 1812 1070 loquitur
1860 1007 1872 1051 ε
1921 988 2071 1050 Date
2122 988 2390 1049 siceram

894 1088 1334 1163 moerentibu8‚
1370 1096 1431 1149 et
1461 1088 1683 1151 vinum
1716 1088 1815 1150 his
1848 1088 1959 1169 qui
1991 1105 2205 1149 amaro
2243 1094 2392 1148 sunt

892 1187 1146 1265 anim03
1204 1186 1427 1248 bibant
1476 1194 1539 1248 et
1589 1185 2049 1249 obliviscantur
2096 1184 2390 1266 egestatis

892 1303 1043 1347 suae.
1094 1285 1161 1346 In
1213 1285 1559 1347 Jerusalem
1610 1303 1758 1365 ergo
1807 1286 1906 1363 (ut
1954 1284 2205 1361 dicunt)
2253 1282 2392 1345 fue-

894 1390 1041 1443 runt
1084 1382 1337 1445 feminae
1386 1384 1527 1464 pize,
1571 1402 1715 1464 quae
1760 1402 1874 1465 pro
1914 1382 2160 1446 Christo
2199 1389 2389 1463 atque

892 1481 1244 1546 latronibus
1290 1482 1477 1543 talem
1527 1490 1749 1563 potum
1793 1483 2226 1563 praestiterunt
2274 1480 2391 1542 mi-

892 1579 1110 1641 nistris
1162 1598 1176 1641 :
1228 1578 1339 1661 qui
1396 1598 1642 1642 veneno
1704 1580 1963 1643 invidiae
2024 1579 2222 1661 pleni,
2275 1597 2391 1661 pro

890 1677 999 1739 tali
1034 1684 1183 1760 potu
1215 1679 1525 1740 dederunt
1555 1678 1802 1741 Christo
1834 1679 2055 1740 vinum
2087 1677 2386 1751 fellitum,

891 1795 1091 1857 quum
1144 1776 1532 1857 protulisset,
1585 1775 1762 1848 Sitio,
1810 1777 1962 1857 quia
2008 1795 2134 1839 non
2183 1776 2388 1839 solum

2503 989 2816 1068 legeretur
2860 987 2941 1048 ab
2980 986 3278 1049 omnibus
3314 1005 3326 1047 :
3363 988 3491 1047 Hic
3516 993 3606 1045 est
3633 1004 3750 1044 rex
3775 986 3982 1043 Judoe-

2499 1107 2708 1147 orum.
2741 1085 3062 1147 Matthaeus
3103 1085 3222 1147 hoc
3261 1083 3512 1166 plenius
3551 1080 3865 1165 exprimit,
3895 1082 3981 1141 di-

2501 1203 2649 1246 cens
2695 1184 3003 1265 scriptum
3054 1182 3252 1245 fuisse
3300 1201 3312 1245 ε
3359 1181 3473 1244 Hic
3521 1188 3616 1243 est
3659 1180 3837 1243 Iesus
3875 1178 3983 1241 Na·
4053 1192 4194 1271 aaz}

2501 1301 2788 1355 zarenu3‚
2833 1300 2940 1343 rex
2987 1280 3369 1355 Judaeorum,
3421 1281 3484 1342 id
3535 1287 3628 1341 est
3675 1298 3862 1341 causa
3903 1278 3981 1340 ob
4007 1260 4184 1305 ¹¹'¹¹’³‘'

2501 1400 2694 1462 quam
2724 1379 3072 1443 crucifixus
3103 1386 3197 1441 est
3223 1379 3400 1441 Jesus
3432 1398 3468 1441 a
3495 1377 3818 1451 Nazareth,
3841 1377 3985 1458 quia

2501 1498 2568 1541 se
2627 1480 2788 1541 dixit
2844 1496 3055 1559 regem
3112 1477 3494 1541 Judaeorum.
3547 1478 3983 1539 Verumtamen

2503 1578 2732 1640 Pilatus
2774 1578 2872 1639 his
2906 1576 3116 1639 verbis
3149 1596 3274 1641 non
3313 1576 3677 1639 intendebat
3715 1574 3988 1637 affirma-

2503 1695 2569 1737 re
2607 1677 2776 1757 quod
2822 1676 3001 1737 Jesus
3053 1684 3219 1737 esset
3267 1693 3375 1737 rex
3412 1676 3792 1748 Judaeorum,
3837 1693 3989 1756 prae-

2502 1776 2721 1837 sertim
2771 1776 2976 1857 quoad
3031 1775 3375 1856 temporale
3415 1774 3486 1835 ac
3523 1782 3844 1835 terrenum
3887 1774 3990 1835 do-

890 1874 1305 1955 spiritualiter
1345 1883 1621 1936 nostram
1664 1874 1917 1937 sitiebat
1956 1875 2246 1948 salutem,
2281 1875 2390 1936 sed
2429 1874 2473 1935 B
2502 1874 2797 1947 minium,
2831 1891 2911 1934 ne
2947 1873 3269 1936 videretur
3310 1872 3671 1953 imperatori
3717 1871 3986 1933 rebellis.

889 1980 952 2033 et
994 1972 1385 2053 corporalem
1438 1972 1609 2033 sitim
1661 1971 1884 2034 habuit
1932 1972 2275 2033 maximam
2317 1991 2390 2033 ac

890 2088 1241 2150 poenosam,
1293 2088 1369 2131 ex
1419 2070 1719 2131 diuturna
1775 2070 2125 2134 afflictione
2177 2078 2236 2131 et
2286 2088 2386 2132 ve-

890 2166 1171 2228 hementi
1232 2166 1467 2242 labore,
1518 2187 1592 2229 ac
1641 2168 2079 2249 copiosissima
2134 2169 2387 2248 sangui-

893 2264 991 2325 nis
1036 2265 1455 2338 emanatione,
1490 2283 1566 2326 ex
1605 2284 1733 2346 qua
1771 2268 2094 2329 excessiva
2136 2266 2386 2329 siccitas

890 2360 1013 2424 fuit
1070 2363 1136 2423 in
1186 2380 1261 2425 eo
1308 2382 1571 2425 causans
1622 2363 2243 2427 vehementissimam
2306 2365 2388 2425 si-

890 2460 1028 2534 tim,
1072 2479 1215 2541 quae
1256 2460 1378 2524 fuit
1422 2462 1696 2524 maxima
1741 2480 1949 2543 poena.
1991 2463 2167 2525 Unde
2207 2462 2384 2526 Chri-

694 2593 778 2629 m.
847 2565 1024 2623 ‚stus
1067 2558 1155 2619 ait
1200 2558 1261 2620 in
1307 2558 1552 2623 Psalmo
1589 2578 1601 2622 :
1650 2561 1831 2621 Aruit
1876 2567 2178 2641 tanquam
2226 2568 2385 2623 testa

594 3262 675 3304 Pe.
688 3263 859 3311 xxxx-,9-

694 4434 765 4489 38

666 5268 836 5311 Mami.

612 5344 741 5379 nvn.
763 5332 830 5372 ³⁷.

890 2656 1091 2717 virtus
1133 2674 1292 2729 mea,
1335 2663 1397 2718 et
1441 2657 1655 2738 lingua
1704 2676 1845 2719 mea
1882 2659 2145 2720 adhaesit
2189 2657 2385 2720 fauci—

889 2754 1009 2816 bus
1041 2755 1221 2817 meis.
1256 2754 1375 2817 Sed
1406 2776 1520 2819 cur
1548 2763 1783 2818 tantam
1817 2756 1987 2818 sitim
2021 2758 2149 2839 pati
2184 2757 2386 2820 voluit

890 2851 1218 2915 Christus?
1269 2853 1390 2915 nisi
1453 2861 1521 2915 ut
1580 2874 1692 2917 nos
1753 2855 1980 2917 merito
2038 2874 2170 2917 suae
2221 2856 2380 2929 sitis,

889 2951 1242 3014 coelestium
1293 2952 1663 3015 deliciarum
1710 2952 2254 3034 superabundanti
2294 2953 2387 3016 af-

2503 1972 2676 2033 Unde
2733 1991 2879 2033 cum
2939 1973 3208 2052 quadam
3266 1972 3626 2034 Judaeorum
3679 1970 3989 2032 derisione

2501 2070 2592 2133 sic
2633 2071 2908 2153 scripsit,
2951 2078 3253 2151 tanquam
3303 2070 3540 2131 diceret
3580 2088 3594 2131 :
3637 2068 3799 2131 Ecce
3845 2087 3992 2149 qua-

2501 2170 2623 2231 lem
2675 2168 3110 2252 apparentiam
3169 2168 3378 2242 habet,
3431 2168 3601 2249 quod
3649 2168 3766 2229 iste
3817 2168 3990 2230 volu-

2499 2268 2620 2329 erit
2659 2286 2796 2329 esse
2838 2285 2946 2330 rex
2987 2267 3367 2330 Judaeorum.
3405 2267 3580 2329 Unde
3631 2266 3983 2348 pontifices,

2498 2365 2660 2428 lecto
2703 2366 2823 2428 hoc
2873 2365 3078 2439 titulo,
3129 2365 3436 2446 indignati
3487 2374 3654 2439 sunt,
3709 2364 3986 2426 dicentes

2498 2464 2691 2526 Pilato
2755 2482 2767 2525 :
2829 2462 2966 2526 Noli
3027 2463 3326 2535 scribere,
3389 2462 3515 2524 Rex
3574 2462 4219 2563 Judaeorum31023m.

2497 2564 2630 2636 sed,
2663 2562 2816 2643 quia
2855 2562 2992 2643 ipse
3031 2561 3210 2635 dixit,
3251 2560 3380 2623 Rex
3425 2579 3566 2622 sum
3604 2560 3983 2623 Judaeorum.
4015 2539 4132 2582 ²¹⁸⁶·

2499 2658 2844 2741 Respondit
2878 2659 3111 2721 Pilatus
3147 2677 3160 2720 :
3196 2657 3370 2730 Quod
3411 2658 3660 2739 scripsi,
3695 2658 3946 2739 scripsi.

2590 2762 2766 2820 Unus
2813 2766 3030 2818 autem
3073 2761 3154 2817 de
3191 2760 3294 2817 his
3339 2758 3458 2835 qui
3491 2759 3860 2834 pendebant
3899 2761 3993 2817 la-
4105 2758 4158 2813 39

2501 2858 2814 2925 ινοηίόιιε,
2871 2854 3115 2917 scilicet
3171 2874 3208 2916 a
3275 2854 3548 2917 sinistris
3617 2872 3986 2936 suspensus,

2497 2956 2968 3031 blasphemabat
2997 2974 3167 3024 eum,
3199 2955 3418 3013 dicens
3447 2974 3470 3013 .·
3499 2956 3580 3015 Si
3619 2964 3688 3013 tu
3715 2974 3778 3013 es
3811 2956 3992 3014 Chre·-

888 3048 1158 3112 sluentia
1214 3051 1507 3113 beatifice
1565 3071 1637 3113 ac
1690 3052 2156 3132 jucundissime
2213 3062 2389 3116 aeter-
2425 3056 2656 3122 estus,
2701 3055 2960 3113 salvum
3009 3052 3119 3128 fac
3170 3053 3592 3128 temetipsum,
3635 3062 3693 3113 ec
3741 3072 3882 3121 nos,
3929 3052 4016 3112 id·

890 3148 1118 3210 naliter
1160 3149 1561 3230 impleamur,
1606 3150 1771 3213 sicut
1826 3152 1890 3211 in
1942 3150 2187 3214 Psalmo
2237 3171 2391 3233 prae—

892 3246 1131 3309 dictum
1191 3255 1286 3308 est
1341 3266 1354 3309 :
1417 3248 1906 3310 Inebriabuntur
1962 3250 2042 3311 ab
2104 3250 2389 3311 ubertate

892 3346 1117 3408 domus
1159 3353 1303 3419 tuas,
1337 3355 1400 3407 et
1436 3353 1714 3409 torrente
1746 3347 2087 3429 voluptatis
2128 3356 2252 3410 tuae
2283 3367 2392 3429 po-

890 3443 1055 3506 tabis
1098 3462 1227 3505 θος.

959 3542 1441 3605 Consideremus
1470 3543 1755 3623 quotidie
1788 3544 1948 3606 hanc
1980 3544 2389 3607 novissimam

892 3638 1122 3703 Christi
1183 3658 1488 3715 mensam,
1550 3660 1677 3721 qua
1737 3651 1993 3724 propter
2050 3662 2164 3704 nos
2224 3643 2394 3704 ciba-

896 3747 995 3799 tus
1053 3747 1148 3800 est
1210 3737 1380 3812 felle,
1443 3746 1503 3799 et
1567 3748 1817 3820 potatus
1874 3749 2051 3803 aceto
2103 3760 2116 3803 :
2173 3740 2393 3821 sicque

894 3838 1212 3899 discamus
1252 3837 1377 3898 cibi
1422 3845 1486 3898 et
1528 3846 1714 3918 potus
1760 3838 2269 3920 superfluitatem
2320 3858 2394 3901 ac

896 3935 1284 4016 voluptatem
1336 3935 1555 4009 vitare,
1601 3954 1713 4017 per
1762 3936 2210 3999 abstinentiam
2263 3957 2396 3999 car-

898 4050 1041 4095 nem
1083 4033 1355 4095 libenter
1384 4053 1455 4095 ac
1488 4034 1944 4097 rationabiliter
1975 4037 2298 4116 castigare,
2335 4045 2397 4099 et

898 4132 975 4193 de
1016 4132 1387 4194 victualium
1428 4133 1732 4195 tenuitate
1775 4153 1899 4195 non
1940 4153 2341 4196 murmurare
2377 4152 2391 4197 ε

2497 3158 2612 3223 est,
2655 3169 2691 3211 a
2731 3158 2931 3212 morte
2975 3150 3088 3211 hac
3126 3149 3434 3231 corporali
3479 3169 3590 3212 nos
3621 3150 3816 3211 salva.
3850 3150 3992 3214 Por-

2500 3268 2589 3321 ro,
2625 3249 2976 3310 secundum
3015 3248 3372 3310 Matthaeum
3401 3256 3464 3309 et
3491 3247 3788 3321 Marcum,
3825 3257 3991 3309 uter·
4063 3260 4190 3327 unsri.

2499 3365 2624 3428 que
2653 3347 2813 3409 latro
2842 3346 3305 3409 convitiabatur
3333 3346 3600 3421 Christo,
3625 3346 3688 3409 id
3719 3354 3838 3421 est,
3865 3366 3992 3409 ver·
4015 3326 4208 3431 222·ss,

2499 3444 2580 3506 ba
2619 3444 3144 3526 improperatoria
3189 3464 3262 3506 ae
3302 3443 3670 3525 blasphema
3712 3444 3877 3505 dixit
3913 3445 3988 3506 ad
4015 3454 4074 3493 ³2-

2500 3561 2670 3604 eum.
2703 3542 2900 3604 Lucas
2934 3559 3083 3605 vero
3121 3561 3248 3606 non
3287 3541 3375 3604 ait
3410 3542 3552 3617 hoc,
3592 3541 3712 3604 nisi
3746 3542 3828 3604 de
3867 3560 3990 3605 uno

2500 3641 2762 3704 latrone.
2797 3640 2970 3712 Quod
3000 3641 3342 3721 dupliciter
3371 3642 3784 3703 concordatur
3818 3660 3832 3703 ε
3871 3641 3992 3723 pri-

2502 3758 2628 3812 m0,
2663 3740 2834 3820 quod
2863 3738 3186 3801 Matthaeus
3217 3745 3279 3801 et
3306 3738 3546 3800 Marcus
3585 3746 3825 3819 ponant
3855 3738 3992 3821 plu-

2505 3838 2633 3898 rale
2678 3856 2792 3917 pro
2833 3836 3162 3917 singulari,
3199 3844 3445 3898 utentes
3489 3844 3670 3917 tropo
3707 3855 3821 3898 seu
3863 3855 3992 3899 mo-

2505 3938 2584 3998 do
2631 3935 2957 4016 loquendi,
2992 3954 3120 4016 quo
3169 3935 3430 3997 societas
3479 3934 3712 3997 dicitur
3759 3934 3988 4006 facere,

2505 4034 2674 4115 quod
2709 4052 2874 4093 uuus
2910 4051 2986 4093 ex
3017 4050 3088 4094 ea
3121 4032 3300 4113 facit3
3335 4033 3632 4107 secundo,
3665 4034 3840 4113 quod
3873 4034 3996 4115 pri-

2507 4151 2610 4194 mo
2651 4131 2840 4194 ambo
2885 4131 3158 4193 latrones
3209 4130 3782 4213 improperaverint
3825 4132 3998 4194 Chri-

898 4230 1069 4311 quod
1116 4229 1381 4311 implere
1420 4232 1495 4292 ad
1538 4232 1861 4312 religiosos
1912 4241 2152 4314 spectat
2205 4233 2397 4314 potis·
2429 4232 2476 4293 D
2507 4239 2622 4305 sto,
2687 4231 2797 4291 sed
2857 4248 3022 4291 unus
3081 4248 3325 4304 eorum,
3385 4230 3538 4292 visis
3597 4230 3996 4293 mirabilibus

900 4346 1158 4389 simum.

980 4430 1146 4487 Erat
1176 4435 1391 4487 aulem
1429 4438 1488 4487 et
1517 4430 1973 4507 superscriptio
2012 4432 2254 4505 scripta
2293 4451 2398 4489 su-

894 4544 1014 4603 per
1050 4526 1268 4592 iilum,
1312 4524 1373 4586 id
1417 4533 1531 4598 cst,
1574 4526 1796 4587 titulus
1844 4535 2156 4601 exaratuS,
2199 4527 2398 4589 couti-

902 4642 1059 4685 nens
1126 4642 1378 4685 causam
1450 4623 1885 4687 crucifixionis
1954 4626 2209 4701 Christi,
2275 4626 2398 4689 fuit

900 4722 1081 4802 jussu
1121 4722 1292 4784 Pilati
1327 4722 1563 4785 affixus
1596 4724 1767 4785 cruci
1812 4724 1872 4785 iu
1921 4733 2095 4806 parte
2126 4725 2266 4805 ejus
2299 4745 2398 4786 su-

905 4820 1159 4901 periori.
1222 4821 1386 4883 Crux
1446 4823 1689 4904 quippe
1748 4823 1956 4903 primo
2016 4822 2137 4884 fuit
2205 4823 2396 4884 trium

902 4918 1329 4987 brachiorum,
1374 4920 1538 4981 sicut
1585 4929 1647 4982 et
1696 4921 1905 4983 littera
1951 4919 2079 4982 Tau
2127 4920 2251 5000 (T).
2306 4920 2400 4981 Pi-

902 5018 1065 5079 latus
1104 5034 1253 5079 vero
1290 5018 1531 5079 addidit
1560 5028 1621 5079 et
1660 5019 2068 5102 superposuit
2106 5026 2396 5099 quartam

903 5123 1169 5196 partem,
1216 5114 1322 5176 ubi
1369 5117 1579 5197 posuit
1628 5118 1926 5190 tabulam,
1973 5119 2037 5179 in
2078 5136 2206 5198 qua
2247 5119 2401 5179 scri-

906 5214 1032 5295 psit
1081 5213 1254 5276 hunc
1313 5214 1592 5277 titulum.
1645 5216 1818 5277 Unde
1870 5216 2194 5277 Matthaeus
2241 5216 2330 5276 ait
2382 5235 2395 5278 τ

884 5310 1256 5374 .Posuerunt
1292 5331 1483 5394 super
1512 5321 1702 5395 caput
1730 5313 1869 5394 ejus
1899 5333 2154 5376 causam
2197 5313 2400 5394 ipsius

2506 4348 2650 4410 quae
2695 4327 2935 4390 fiebant
2983 4328 3045 4389 in
3099 4327 3250 4390 solis
3304 4328 3749 4391 obscuratione
3793 4336 3999 4391 terrai-

2506 4444 2634 4507 que
2683 4426 2984 4499 motione,
3033 4426 3352 4507 poenituit‚
3406 4435 3468 4487 et
3517 4426 3756 4489 socium
3813 4446 3993 4488 suum

2508 4526 2573 4587 in
2625 4525 2866 4587 malitia
2914 4525 3355 4606 persistentem
3405 4526 3742 4606 redarguit.
3785 4524 3994 4606 Aliqui

2509 4624 2749 4698 dicunt,
2785 4623 2954 4704 quod
2993 4623 3322 4684 attendens
3362 4620 3588 4685 Christi
3634 4622 3994 4704 patientiam

2506 4730 2570 4783 ct
2598 4722 2945 4784 orationem
2977 4739 3104 4801 qua
3131 4720 3312 4794 dixit,
3335 4719 3533 4793 Pater,
3564 4720 3818 4801 ignosce
3850 4720 3992 4788 illis,

2509 4819 2630 4881 fuit
2671 4838 3013 4883 conversus
3053 4826 3114 4879 et
3157 4819 3470 4900 poenitens
3500 4818 3725 4890 factuS,
3759 4819 3994 4881 scilicet

2509 4928 2652 4981 ante
2683 4920 2833 4981 solis
2872 4918 3380 4981 obscurationem
3415 4936 3429 4980 :
3464 4918 3812 4999 praesertim
3845 4936 3996 4999 quo—

2512 5020 2680 5081 niam
2727 5018 2948 5091 Lucem,
2991 5016 3312 5079 Matthaeus
3353 5024 3415 5077 et
3451 5016 3689 5079 Marcus
3735 5018 3994 5079 recitant

2510 5118 2746 5181 factum
2800 5117 2967 5179 istud
3017 5116 3332 5178 latronum
3383 5123 3528 5177 ante
3575 5116 3725 5179 solis
3771 5116 3994 5180 ohscu-

2512 5216 2817 5278 rationem
2877 5214 3276 5294 aliorumque
3334 5214 3720 5276 mirabilium
3777 5233 3992 5296 perpc-

2512 5314 2867 5377 trationem.
2919 5312 3219 5373 Mirabilis
3267 5320 3480 5374 autem
3529 5311 3650 5374 fuit
3697 5312 3992 5394 patientia
