4300 6259
1118 1024 1661 1143 INDEX
1783 1022 2765 1147 GENERALIS

396 1640 752 1688 ENARRATlo
787 1640 848 1684 IN
882 1637 1264 1684 EVANGELIUM
1299 1637 1616 1683 SECUNDUM
1650 1635 1863 1683 LUCAM.

380 1803 682 1861 Articulus
726 1802 913 1857 XXVI.
953 1801 1257 1857 Enarratio
1305 1799 1542 1871 capituli
1590 1799 1742 1856 deci-

455 1893 537 1950 mi
572 1911 585 1948 :
616 1893 750 1948 Post
786 1891 910 1946 haec
948 1894 1141 1947 autem
1185 1890 1510 1963 designavit
1547 1890 1741 1944 Domi-

453 2002 566 2042 nus
607 1985 665 2039 et
698 1982 844 2038 alios
887 1981 1256 2053 septuaginta
1293 1983 1456 2038 duos.
1539 2025 1550 2036 .
1633 2025 1643 2036 .
1724 2026 1735 2036 .
1852 1984 1875 2037 1

376 2073 676 2132 Articulus
714 2071 927 2126 xxv11.
959 2071 1290 2127 Prosecutio
1333 2071 1740 2127 elucidationis

451 2165 628 2237 hujus
669 2161 882 2218 decimi
931 2161 1188 2232 capituli,
1231 2162 1302 2217 ab
1345 2179 1411 2217 eo
1455 2161 1580 2217 loco
1624 2179 1738 2233 quo

451 2253 668 2310 dicitur
697 2270 711 2308 :
742 2254 804 2308 In
847 2254 974 2324 ipsa
1009 2253 1152 2308 hora
1180 2252 1488 2308 exsultavit
1525 2251 1583 2306 in
1613 2251 1738 2323 Spi-

450 2344 570 2400 ritu
603 2345 814 2398 Sancto

378 2433 676 2490 Articulus
705 2431 944 2487 XXVIII.
978 2431 1296 2487 Declaratio
1329 2431 1578 2486 residuae
1610 2448 1738 2501 par-

450 2520 526 2576 tis
574 2521 752 2591 huJus
799 2517 1037 2589 capituli
1079 2518 1310 2582 decimi,
1351 2517 1570 2575 scilicet
1601 2537 1613 2573 :
1647 2519 1736 2574 In-

450 2609 624 2666 travit
660 2609 824 2666 Iesus
867 2608 925 2663 in
974 2608 1270 2680 quoddam
1317 2607 1638 2664 castellum.
1721 2651 1732 2663 .
1809 2611 1880 2665 22

377 2699 676 2756 Articulus
713 2699 898 2754 XXIX.
930 2697 1252 2753 Elucidatio
1287 2697 1522 2769 capituli
1564 2700 1740 2754 unde-

454 2789 594 2846 cimi
613 2807 626 2845 ε
645 2791 714 2844 Et
741 2787 959 2844 factum
990 2790 1092 2852 est,
1117 2804 1301 2858 quum
1331 2790 1479 2842 esset
1509 2787 1567 2842 in
1600 2805 1738 2859 quo-

451 2881 588 2934 dam
629 2879 755 2933 loco
793 2893 966 2932 orans
975 2917 1730 2931 .........
1808 2879 1878 2933 26

375 2967 672 3026 Articulus
693 2967 1200 3022 XXX Prosecutio
1229 2964 1606 3036 expositionis
1637 2967 1736 3022 hu-

436 3060 538 3132 jus
575 3056 872 3114 undecimi
913 3054 1168 3126 capituli,
1201 3073 1236 3111 a
1273 3055 1398 3110 loco
1439 3073 1552 3127 quo
1592 3056 1733 3111 dici-

445 3151 542 3204 tur
571 3164 584 3202 :
616 3147 752 3201 Erat
789 3145 952 3200 Jesus
989 3144 1226 3217 ejiciens
1269 3144 1649 3210 daemonium,
1679 3149 1736 3202 et

447 3237 592 3294 illud
625 3238 750 3292 erat
787 3237 1020 3290 mutum
1064 3276 1728 3289 ........
1807 3236 1877 3291 34

373 3324 672 3384 Articulus
700 3325 884 3379 XXXI.
917 3323 1238 3380 Elucidatio
1267 3323 1517 3379 residuae
1557 3323 1735 3395 partis

446 3417 624 3489 hujus
663 3413 962 3470 undecimi
1006 3412 1244 3484 capituli
1279 3414 1390 3467 :Et
1429 3430 1612 3484 quum
1653 3413 1734 3468 lo-

450 3506 742 3578 queretur,
775 3503 999 3576 rogavit
1037 3502 1203 3558 illum
1245 3502 1486 3573 quidam
1537 3501 1733 3559 Phari-

447 3612 597 3652 saeus
635 3597 701 3650 ut
737 3595 1049 3666 pranderet
1084 3593 1239 3663 apud
1279 3609 1338 3648 se
1346 3635 1728 3649 .....
1805 3596 1875 3650 43

378 3685 672 3742 Articulus
709 3683 920 3738 XXXII.
953 3681 1275 3739 Elucidatio
1314 3682 1550 3754 capituli
1593 3685 1733 3739 duo-

448 3775 660 3833 decimi
703 3791 716 3830 :
755 3773 948 3830 Multis
998 3777 1192 3830 autem
1241 3773 1428 3829 turbis
1485 3773 1732 3829 circum-

447 3865 755 3930 stantibus,
798 3863 878 3919 ita
927 3866 989 3918 ut
1025 3881 1084 3920 se
1133 3862 1381 3920 invicem
1432 3863 1734 3919 conculca-

444 3957 576 4011 rent
597 3995 1448 4008 ..........
1487 3995 1542 4032 -·
1624 3995 1635 4006 .
1717 3996 1728 4007 .
1805 3954 1876 4009 50

374 4044 669 4101 Articulus
698 4042 932 4098 XXXIII.
966 4042 1297 4098 Prosecutio
1326 4041 1732 4099 elucidationis

442 4134 618 4206 huJus
648 4131 884 4205 capituli
916 4130 1268 4194 duodecimi,
1291 4149 1324 4186 a
1353 4131 1479 4186 loco
1505 4147 1620 4202 quo
1650 4132 1734 4185 di-

443 4224 594 4280 citur
624 4241 637 4278 :
672 4221 939 4292 Dixitque
971 4221 1046 4276 ad
1076 4219 1395 4290 discipulos
1425 4236 1560 4276 suos
1621 4263 1632 4275 .
1716 4264 1727 4274 .
1805 4223 1870 4276 61

371 4311 666 4368 Articulus
694 4310 926 4365 XXXIV.
949 4307 1244 4380 Expositio
1273 4307 1522 4364 residuae
1551 4309 1733 4380 partis

443 4401 618 4473 hujus
648 4397 980 4456 duodecimi
1011 4396 1248 4468 capituli
1283 4414 1294 4452 :
1327 4398 1422 4453 Ait
1449 4401 1644 4455 autem
1677 4398 1728 4454 ei

443 4492 647 4546 Petrus
679 4506 693 4545 :
723 4487 984 4549 Domine,
1017 4488 1090 4543 ad
1131 4503 1237 4542 nos
1268 4487 1410 4542 dicis
1449 4488 1600 4544 hanc
1632 4505 1730 4560 pa-

445 4579 728 4642 rabolam,
770 4593 844 4632 an
893 4576 966 4632 ad
1014 4575 1264 4632 omnes?
1343 4618 1727 4631 .....
1804 4578 1876 4632 69

376 4669 672 4726 Articulus
716 4667 922 4722 XXXV.
955 4665 1250 4738 Expositio
1282 4665 1517 4736 capituli
1550 4666 1732 4722 tertii-

450 4759 663 4817 decimi
710 4775 723 4813 :
772 4757 1028 4813 Aderant
1074 4758 1268 4812 autem
1319 4755 1558 4826 quidam
1609 4755 1732 4827 ipso

451 4853 731 4920 tempore,
761 4845 1097 4902 nuntiantes
1138 4844 1217 4899 illi
1261 4846 1330 4900 de
1369 4845 1636 4901 Galilaeis.
1717 4885 1730 4899 .
1806 4846 1874 4900 76

379 4937 674 4993 Articulus
709 4935 942 4991 XXXVI.
984 4934 1315 4990 Prosecutio
1357 4934 1733 5007 expositionis

452 5026 629 5099 hujus
670 5023 908 5094 capituli
957 5021 1346 5089 tertiidecimi,
1388 5024 1461 5079 ab
1499 5039 1566 5080 eo
1612 5023 1735 5078 loco

449 5132 566 5188 quo
597 5114 812 5171 dicitur
843 5131 856 5169 ε
887 5115 954 5169 Et
985 5113 1104 5169 ibat
1140 5129 1243 5184 per
1273 5113 1529 5170 civitates
1557 5117 1613 5169 et
1643 5129 1734 5170 ca-

449 5206 634 5270 stella,
681 5205 894 5260 docens

382 5293 676 5352 Articulus
695 5293 957 5348 XXXVII.
971 5289 1293 5349 Elucidatio
1314 5290 1551 5364 capituli
1572 5307 1738 5364 quar-

2068 1617 2332 1674 tidecimi
2366 1636 2379 1673 :
2411 1621 2479 1674 Et
2509 1618 2725 1677 factum
2758 1627 2859 1685 est,
2894 1642 3077 1696 quum
3110 1627 3350 1685 intraret

2067 1707 2124 1763 in
2175 1709 2417 1763 domum
2468 1711 2773 1782 enjusdam
2828 1714 3107 1787 principis
3153 1717 3351 1774 Phari-

2067 1813 2317 1853 saeorum

1994 1887 2287 1944 Articulus
2317 1889 2598 1944 XXXVIII.
2614 1892 2691 1945 Ex
2701 1892 2907 1963 positio
2929 1895 3165 1966 capituli
3187 1898 3351 1969 quin-

2063 1978 2325 2034 tidecimi
2351 1997 2363 2033 :
2388 1981 2565 2036 Erant
2592 1985 2787 2038 autem
2820 1986 3355 2058 appropinquantes

2064 2069 2114 2124 ei
2154 2069 2451 2140 publicani
2497 2075 2551 2126 et
2595 2075 2940 2141 peccatores,
2974 2079 3037 2130 ut
3080 2078 3351 2135 audirent

2064 2156 2230 2214 illum
2300 2201 3342 2225 ............
3390 2172 3491 2227 102

1993 2246 2286 2304 Articulus
2324 2249 2556 2304 XXXIX.
2590 2250 2912 2307 Elucidatio
2942 2255 3181 2326 capituli
3221 2274 3347 2314 sex-

2064 2337 2324 2394 tidecimi
2360 2355 2371 2393 :
2406 2339 2641 2396 Dicebat
2677 2345 2873 2398 autem
2918 2346 2991 2400 ad
3030 2346 3348 2419 discipulos

2063 2443 2199 2482 suos
2240 2445 2252 2483 :
2291 2429 2475 2483 I-Iomo
2522 2429 2759 2501 quidam
2810 2438 2931 2489 erat
2979 2434 3154 2492 dives.
3232 2479 3246 2492 .
3329 2481 3341 2493 .
3388 2440 3490 2495 116

1991 2516 2286 2572 Articulus
2329 2518 2435 2572 XL.
2467 2519 2762 2590 Expositio
2806 2523 3041 2593 capituli
3086 2525 3345 2598 septimi-

2061 2606 2274 2662 decimi
2306 2624 2318 2661 :
2349 2609 2416 2661 Et
2444 2607 2525 2662 ait
2562 2610 2634 2664 ad
2666 2610 2981 2682 discipulos
3018 2630 3155 2669 suos
3185 2632 3198 2669 :
3232 2616 3344 2672 Im-

2063 2697 2333 2767 possibile
2378 2700 2464 2753 est
2505 2701 2568 2753 ut
2612 2714 2725 2753 non
2769 2701 3003 2757 veniant
3048 2705 3341 2761 scandala.
3386 2709 3488 2764 132

1992 2786 2283 2842 Articulus
2319 2788 2452 2843 XLI.
2492 2787 2811 2844 Elucidatio
2850 2791 3087 2863 capituli
3128 2796 3343 2850 octavi·

2060 2874 2274 2932 decimi
2316 2893 2329 2931 ε
2380 2877 2614 2934 Dicebat
2659 2882 2853 2936 autem
2902 2885 2959 2938 et
3004 2884 3341 2954 parabolam

2059 2966 2132 3020 ad
2165 2963 2312 3030 illos,
2338 2967 2615 3037 quoniam
2647 2973 2871 3039 oportet
2900 2987 3132 3043 semper
3156 2990 3339 3031 orare.
3384 2978 3487 3033 143

1989 3055 2284 3111 Articulus
2326 3056 2485 3111 XLII.
2526 3057 2845 3113 Elucidatio
2892 3061 3131 3131 capituli
3176 3065 3346 3120 noni-

2060 3143 2271 3200 decimi
2306 3163 2318 3200 :
2350 3146 2418 3200 Et
2456 3144 2751 3216 ingressus
2789 3150 3228 3218 perambulabat
3261 3154 3346 3210 Ie-

2062 3233 2248 3298 richo;
2281 3238 2338 3290 et
2366 3251 2495 3291 ecce
2523 3235 2611 3290 vir
2643 3237 2879 3294 nomine
2908 3239 3197 3302 Zacliaeus.
3231 3245 3338 3299 etc.
3385 3245 3487 3302 157

1989 3323 2284 3379 Articulus
2312 3325 2497 3380 XLIII.
2530 3325 2852 3382 Elucidatio
2880 3329 3117 3399 capItuli
3148 3331 3344 3389 vicesi—

2023 3402 2142 3467 'mi
2178 3429 2190 3467 :
2222 3414 2289 3468 Et
2329 3411 2543 3469 sactum
2582 3418 2671 3469 est
2707 3415 2765 3470 in
2806 3433 2923 3472 una
2961 3419 3209 3484 dierum,
3242 3423 3342 3477 do-

2060 3505 2223 3559 cente
2262 3502 2360 3557 illo
2400 3503 2681 3574 populum
2722 3504 2779 3560 in
2825 3507 3042 3578 templo
3080 3513 3137 3565 et
3171 3526 3342 3567 evan-

2059 3591 2337 3664 gelizante
2388 3634 3335 3656 ...........
3383 3601 3485 3657 172

1988 3682 2281 3739 Articulus
2312 3683 2490 3737 XLIV.
2522 3683 2843 3739 Elucidatio
2875 3685 3111 3756 capituli
3142 3689 3340 3745 vicesi-

2060 3771 2140 3826 mi
2186 3771 2359 3841 primi
2394 3789 2405 3826 :
2439 3772 2769 3843 Respiciens
2808 3777 3003 3830 autem
3048 3775 3226 3842 Jesus,
3259 3780 3341 3835 vi-

2059 3861 2231 3918 debat
2260 3877 2356 3917 eos
2386 3861 2483 3933 qui
2523 3861 2833 3918 mittebant
2861 3879 3107 3923 munera
3144 3884 3249 3924 sua
3280 3869 3336 3926 in

2059 3950 2531 4023 gazophylacium
2581 3995 3335 4014 .........
3381 3961 3483 4016 186

1987 4041 2281 4097 Articulus
2322 4042 2474 4096 XLV.
2509 4040 2827 4098 Declaratio
2868 4043 3117 4100 residua!
3161 4047 3341 4119 partis

2059 4130 2233 4203 hujus
2281 4131 2516 4202 capituli
2565 4131 2823 4187 vices1mi
2871 4133 3045 4204 primi
3088 4153 3100 4191 :
3146 4139 3335 4202 Quum

2057 4223 2254 4276 autem
2282 4220 2541 4277 videritis
2580 4221 2933 4278 circumdari
2972 4225 3043 4279 ab
3080 4227 3338 4284 exercitu

2056 4310 2396 4366 Jerusalem.
2488 4353 3335 4372 ..........
3382 4320 3483 4375 192

1985 4398 2282 4454 Articulus
2318 4399 2497 4454 XLVI.
2531 4398 2797 4455 Praefatio
2828 4400 2884 4456 in
2916 4403 3335 4473 expositionem

2059 4487 2371 4543 dominicae.
2410 4487 2695 4559 passionis
2732 4490 3056 4547 secundum
3100 4493 3335 4550 Lucam.
3380 4498 3482 4552 197

1987 4577 2281 4632 Articulus
2308 4577 2513 4632 XLVII.
2535 4577 2827 4650 Expositio
2858 4578 3143 4650 passionis
3170 4585 3225 4638 et
3253 4600 3341 4638 ca·

2060 4665 2229 4736 pituli
2273 4665 2531 4722 vicesimi
2576 4667 2813 4723 secundi
2849 4686 2862 4724 :
2895 4669 3341 4742 Appropinqua·

2057 4755 2155 4810 bat
2204 4759 2396 4810 autem
2448 4755 2569 4810 dies
2617 4755 2793 4812 festus
2832 4759 3203 4830 Azymorum,
3237 4761 3335 4832 qui

2059 4843 2274 4900 dicitur
2301 4845 2519 4900 Pascha
2581 4888 3333 4906 .........
3376 4853 3483 4907 204

1989 4935 2281 4991 Articulus
2317 4935 2549 4989 XLVIII.
2590 4935 2919 4991 Prosecutio
2960 4938 3340 5008 expositionis

2061 5023 2235 5095 liujus
2282 5022 2517 5094 capituli
2558 5023 2817 5080 vicesimi
2868 5026 3125 5088 secundi,
3176 5044 3211 5083 a
3257 5028 3337 5083 lo-

2061 5129 2128 5166 co
2179 5129 2294 5184 quo
2346 5112 2561 5168 dicitur
2600 5129 2611 5167 :
2653 5114 2764 5167 Vos
2807 5115 3003 5169 autem
3048 5115 3187 5172 estis
3237 5119 3336 5189 qui

2065 5201 2468 5273 permansistis
2526 5218 2755 5258 mecum
2809 5202 2868 5257 in
2916 5205 3338 5264 tentationibus

2066 5291 2213 5348 meis
2289 5331 3331 5352 ............
3372 5299 3479 5356 215
