4300 6259
162 1772 232 1825 16

101 2675 202 2717 Act.
223 2688 252 2724 t,
279 2677 318 2718 3.

173 3559 240 3614 17

175 4545 244 4600 18

1103 517 1453 564 ENARRATlo
1495 517 1557 562 IN
1601 517 1738 563 cAP.
1787 517 1892 562 xv!
1932 517 2209 565 JOANNts.
2255 537 2334 547 -
2380 519 2519 565 ART.
2566 520 2758 565 xxxix

3356 503 3478 566 559

367 684 680 765 competit
727 684 890 749 Patri
941 687 1204 768 spirare,
1249 696 1342 750 est
1392 688 1458 750 in
1507 708 1610 751 me
1653 709 1666 753 :
1711 689 1875 752 sicut
1904 690 1950 751 A
1983 690 2326 771 quirebant
2362 691 2414 752 si
2456 690 2617 753 sorte
2657 711 2822 753 unus
2865 709 3087 754 eorum
3125 699 3337 773 posset
3379 711 3475 754 sa-

365 786 498 842 tres
547 781 836 847 Personae
894 793 1042 846 sunt
1106 806 1270 848 unus
1320 787 1594 861 Creator,
1645 787 1876 869 quoni-

366 897 474 940 am
537 880 602 941 id
663 899 776 963 per
833 885 1004 964 quod
1065 885 1370 966 competit
1419 885 1580 947 Patri
1633 905 1868 960 creare,

367 985 466 1038 est
517 978 582 1040 in
633 979 792 1044 Filio
841 990 904 1043 et
951 981 1194 1064 Spiritu
1243 983 1490 1058 Sancto,
1536 1002 1653 1046 nec
1700 985 1872 1047 aliud

367 1075 602 1138 obstat.
650 1077 840 1141 Porro
887 1079 1163 1162 Spiritus
1213 1080 1478 1144 Sanctus
1528 1090 1623 1144 est
1671 1101 1868 1156 amor,

370 1174 515 1238 ideo
577 1178 862 1257 procedit
919 1197 956 1240 a
1004 1178 1349 1241 voluntate.
1403 1180 1705 1244 Voluntas
1763 1201 1876 1242 au-

368 1282 500 1335 tem
543 1275 610 1336 in
651 1275 828 1338 Patre
865 1285 929 1338 et
965 1276 1124 1341 Filio
1168 1286 1263 1341 est
1303 1298 1428 1340 una
1467 1297 1756 1342 numero.
1789 1279 1874 1342 De

369 1373 492 1435 hae
541 1375 808 1436 materia
865 1376 1068 1437 multa
1125 1377 1371 1439 inducit
1419 1378 1756 1440 Anselmus
1807 1379 1872 1440 in

369 1470 539 1535 libro
596 1474 676 1535 de
723 1471 1130 1537 Processione
1179 1473 1451 1556 Spiritus
1501 1475 1734 1538 Sancti.
1792 1480 1875 1538 Et

371 1572 806 1632 annuntiabit
842 1575 1018 1632 vobis
1057 1591 1200 1653 quae
1239 1574 1407 1635 dicta
1445 1583 1614 1649 sunt,
1653 1593 1765 1657 per
1807 1593 1874 1636 se

371 1668 474 1731 vel
523 1687 640 1751 per
679 1670 936 1751 angelos
979 1681 1252 1735 sanctoS.

457 1771 818 1841 Modicum,
849 1773 1079 1848 etjam
1117 1792 1244 1832 non
1287 1772 1586 1833 videbitis
1627 1794 1724 1834 me
1753 1794 1776 1833 .·
1811 1773 1874 1836 id

1983 788 2275 852 tisfacere
2302 790 2499 852 alteri.
2520 790 2768 864 Verum,
2792 810 2993 872 quum
3024 790 3143 853 hoc
3184 809 3307 852 non
3343 809 3475 872 pos·

1984 896 2145 962 sent,
2180 889 2601 950 decreverunt
2639 889 3025 969 interrogare
3062 888 3467 968 Magistrum:

1983 987 2094 1069 qui
2127 987 2335 1048 sciens
2366 995 2605 1049 secreta
2644 988 2851 1049 cordis
2888 1005 3131 1061 eorum,
3168 987 3475 1068 praevenit

1983 1086 2261 1160 eosdem,
2295 1086 2834 1167 quemadmodum
2879 1085 3193 1147 subditur.
3240 1088 3476 1163 Coqno-
3612 1089 3679 1144 19

1983 1186 2078 1242 vit
2125 1194 2341 1244 autem
2386 1188 2568 1245 Jesus
2624 1185 2782 1262 quia
2833 1186 3125 1244 volebant
3172 1203 3323 1245 eum
3370 1185 3477 1244 in-

1985 1291 2325 1359 terroyare.
2381 1281 2686 1355 ChristuS‚
2734 1301 2857 1344 non
2911 1281 3121 1345 solum
3172 1289 3240 1342 ut
3285 1281 3471 1357 DeuS‚

1982 1380 2090 1441 sed
2136 1379 2401 1461 insuper
2448 1387 2513 1441 ut
2562 1380 2772 1454 homo,
2816 1380 3108 1460 cognovit
3152 1380 3477 1444 universo-

1983 1497 2125 1538 rum
2171 1479 2455 1540 cordium
2501 1477 2733 1551 abdita,
2778 1486 2839 1539 et
2880 1478 3195 1559 quidquid
3239 1478 3304 1540 in
3350 1486 3477 1542 tota

1983 1581 2270 1638 creatura
2329 1596 2612 1657 unquam
2669 1576 2813 1650 fuit,
2865 1585 2981 1648 est,
3032 1585 3141 1638 aut
3196 1576 3337 1639 erit.
3392 1580 3474 1638 Ει

1981 1677 2161 1735 dimit
2213 1677 2305 1734 eis
2361 1695 2383 1735 .·
2433 1678 2527 1736 De
2582 1679 2697 1737 Ιιοο
2757 1676 3052 1754 quaeritis
3110 1677 3286 1736 inter
3342 1696 3469 1746 υοε,

1982 1774 2142 1852 quia
2188 1773 2340 1834 dimi
2387 1792 2409 1831 .·
2460 1775 2816 1845 Modicum,
2867 1781 2926 1832 ei
2987 1793 3115 1834 non
3173 1774 3475 1833 videbitis

369 1874 491 1940 est,
529 1886 734 1948 pauco
778 1875 1064 1950 tempore
1101 1870 1288 1932 tollar
1325 1889 1361 1932 a
1399 1878 1609 1933 vestro
1653 1872 1874 1954 adspe-
1914 1871 1956 1934 B
1983 1891 2118 1942 me,·
2145 1881 2205 1931 et
2244 1873 2483 1932 iterum
2522 1874 2874 1939 modicum,
2905 1881 2964 1932 et
2993 1873 3294 1932 videbitis
3334 1892 3431 1932 me
3449 1889 3472 1932 .·

370 1973 504 2038 ctu,
565 1966 864 2028 videlicet
925 1968 1005 2029 ab
1071 1969 1226 2031 hora
1285 1970 1872 2050 comprehensionis

366 2062 502 2144 jam
555 2063 976 2140 imminentiS,
1020 2084 1224 2148 usque
1264 2068 1342 2129 ad
1382 2068 1550 2129 diem
1594 2086 1876 2131 resurre-

369 2163 628 2236 ctioniS,
689 2164 756 2225 in
815 2184 944 2246 quo
1005 2165 1185 2227 vobis
1244 2167 1452 2228 denuo
1509 2168 1870 2248 appareb03

366 2271 432 2322 et
474 2264 717 2323 iterum
754 2265 1110 2334 modicum,
1147 2274 1208 2325 et
1241 2266 1540 2326 videbitis
1581 2287 1679 2327 me
1700 2287 1723 2325 .·
1755 2267 1873 2328 hoc

369 2367 489 2434 est,
552 2361 856 2442 praedicto
911 2369 1201 2444 tempore
1265 2363 1578 2444 passionis
1642 2383 1715 2426 ac
1776 2383 1875 2427 se-

373 2459 656 2540 pulturae
717 2478 876 2522 meae
937 2461 1275 2543 completo,
1346 2480 1565 2524 rursus
1624 2464 1874 2527 modico

372 2566 666 2639 tempore
715 2575 824 2621 ero
866 2558 1198 2622 vobiscum
1243 2560 1554 2641 corporali
1602 2580 1874 2642 praesen-

373 2655 484 2730 tia,
519 2656 763 2718 scilicet
807 2676 844 2718 a
885 2657 989 2718 die
1031 2658 1512 2721 resurrectionis
1554 2678 1758 2740 usque
1793 2661 1872 2723 ad

369 2755 836 2818 ascensionem.
859 2755 1122 2836 Propter
1151 2757 1322 2837 quod
1353 2756 1649 2819 subditur
1675 2761 1873 2838 :quia

371 2857 543 2914 vado
592 2857 682 2915 ad
731 2857 1016 2926 Patrem,
1061 2854 1124 2915 id
1174 2862 1290 2929 est,
1345 2855 1536 2918 coelos
1585 2874 1732 2918 mox
1778 2876 1874 2918 as-

369 2953 666 3026 cendam,
724 2950 831 3013 ubi
884 2952 1048 3014 Deus
1097 2951 1275 3014 Pater
1326 2954 1688 3034 specialiter
1735 2973 1874 3018 esse

1985 1969 2046 2030 id
2088 1978 2204 2043 est,
2240 1969 2467 2032 horum
2497 1969 2836 2033 verborum
2874 1969 3269 2032 intellectum
3300 1969 3478 2060 inve-

1981 2066 2247 2147 stigatis.
2292 2066 2384 2128 Ad
2426 2067 2600 2148 quod
2640 2066 2927 2130 Christus
2972 2067 3313 2149 respondet
3347 2086 3361 2130 :

2062 2167 2298 2234 Amen,
2329 2185 2513 2226 amen
2564 2166 2707 2224 dico
2760 2166 2959 2233 vobiS,
2991 2166 3149 2244 quia
3192 2165 3478 2242 plorabi-

1986 2263 2067 2323 tis
2111 2273 2171 2323 et
2214 2265 2452 2340 flebitis
2500 2282 2633 2332 vos,
2685 2262 2746 2324 id
2803 2270 2919 2336 est,
2974 2263 3145 2324 intus
3204 2270 3266 2324 et
3321 2261 3477 2326 l'oris

1984 2361 2296 2443 plangetis
2354 2361 2463 2423 illo
2508 2361 2770 2432 modico
2824 2369 3111 2442 tempore
3168 2379 3297 2442 quo
3350 2380 3475 2425 non

1985 2459 2248 2522 videbor
2294 2479 2330 2520 a
2379 2459 2580 2523 vobiS.
2621 2459 2943 2540 Tanquam
2995 2461 3163 2522 dicat
3205 2477 3219 2521 :
3262 2459 3376 2521 Per
3413 2460 3479 2522 id

1983 2559 2153 2640 quod
2194 2559 2348 2630 dixi,
2382 2557 2715 2630 Modicum,
2748 2564 2810 2618 et
2848 2576 2974 2620 non
3014 2556 3311 2619 videbitis
3351 2577 3473 2633 me,

1984 2655 2279 2736 significo
2317 2663 2571 2737 tempus
2615 2655 2927 2737 passionis
2969 2673 3125 2717 meae
3162 2662 3226 2717 et
3267 2656 3481 2738 sepul-

1984 2764 2162 2818 turae.
2218 2757 2512 2816 Mundus
2566 2764 2784 2814 autem
2834 2754 3167 2831 gaudebit,
3227 2753 3291 2815 id
3358 2761 3473 2829 est,

1983 2853 2288 2915 mundani
2318 2853 2349 2914 J
2355 2851 2536 2925 udaei,
2572 2852 2941 2922 sacerdotes
2976 2850 3211 2914 Scribas
3240 2859 3303 2913 et
3330 2850 3479 2913 Pha·

1986 2952 2150 3015 risaei
2207 2950 2652 3032 gloriabuntur
2706 2951 2784 3012 de
2842 2968 2983 3012 mea
3042 2950 3359 3014 occisione
3418 2959 3481 3014 et

3609 2175 3681 2232 20

367 3070 444 3113 ac
489 3050 777 3113 habitare
815 3051 1122 3113 asseritur
1157 3071 1169 3114 :
1219 3051 1360 3114 ideo
1404 3052 1701 3114 videbitis
1747 3071 1870 3130 me,
1911 3053 1955 3117 C
1985 3051 2334 3133 sepultura,
2370 3050 2778 3132 militumque
2808 3051 3113 3124 custodia,
3137 3050 3320 3130 quasi
3352 3069 3480 3112 cer-

371 3151 486 3213 sed
531 3169 656 3213 non
710 3151 841 3223 diu,
891 3151 1202 3232 corporali
1255 3151 1512 3213 intuitu.
1555 3151 1665 3214 Vel
1714 3153 1806 3215 sic
1857 3171 1870 3216 :

371 3247 534 3321 Quia
579 3249 658 3310 ad
706 3248 952 3310 Patrem
1002 3250 1182 3323 vado,
1217 3249 1280 3311 id
1320 3257 1435 3324 est,
1479 3268 1593 3332 per
1641 3251 1878 3332 passio-

377 3365 529 3409 nem
589 3349 780 3411 tendo
835 3349 913 3409 ad
975 3348 1228 3430 plenam
1278 3347 1809 3429 glorificationem
1858 3369 1872 3413 :

377 3446 526 3509 ideo
576 3445 827 3509 modico
879 3454 1165 3528 tempore
1218 3465 1344 3509 non
1398 3447 1696 3510 videbitis
1749 3467 1872 3510 me.

479 3547 814 3606 Dioeerunt
865 3565 1013 3623 erqo
1071 3565 1152 3604 ex
1207 3546 1551 3623 discipulis
1606 3548 1744 3624 ejus
1789 3551 1878 3608 ad

379 3646 684 3704 invicem.
738 3641 854 3704 Per
909 3643 1029 3706 hoc
1086 3645 1257 3725 quod
1309 3643 1710 3725 Evangelista
1763 3647 1874 3722 ait,

377 3741 472 3803 Ex
516 3741 854 3823 discipulis
897 3741 1060 3822 ejus,
1097 3741 1348 3804 videtur
1397 3742 1665 3806 innuere
1707 3745 1878 3826 quod

377 3860 510 3903 non
559 3858 780 3904 omnes
821 3839 1130 3922 Apostoli,
1166 3842 1271 3903 sed
1322 3841 1582 3923 quidam
1633 3861 1874 3918 eorum,

377 3940 682 4001 dixerunt
711 3957 856 4020 quae
885 3938 1405 4020 subsequuntur:
1433 3948 1494 4001 et
1527 3949 1679 4021 puto
1709 3943 1879 4023 quod

376 4037 476 4099 illi
518 4037 631 4118 qui
672 4037 966 4100 tardioris
1008 4045 1188 4099 erant
1231 4037 1493 4117 ingenii,
1530 4039 1878 4119 praesertim

377 4156 587 4218 quum
632 4135 826 4198 verba
866 4134 1002 4198 haec
1043 4135 1274 4197 Christi
1321 4136 1448 4198 sint
1489 4138 1762 4199 multum
1803 4140 1879 4200 ad

1985 3150 2032 3211 ti
2084 3150 2161 3211 de
2210 3149 2351 3222 hoc,
2385 3149 2557 3230 quod
2607 3152 3077 3210 resurrecturus
3121 3165 3246 3210 non
3290 3154 3475 3223 esset,

1986 3249 2096 3330 qui
2139 3255 2312 3311 tanto
2342 3247 2553 3329 lapide
2590 3245 2796 3308 fuerat
2832 3246 3105 3320 clausus,
3140 3238 3483 3308 militibus-
3564 3270 3731 3314 Mam.

1985 3365 2112 3429 que
2152 3345 2442 3408 vallatuS.
2476 3345 2651 3406 Unde
2691 3344 2893 3407 fertur
2931 3345 2997 3406 in
3034 3343 3281 3407 Psalmo
3314 3362 3327 3407 :
3362 3344 3483 3406 Ad-
3510 3339 3756 3442 22:32⁰&

1987 3463 2244 3510 versum
2304 3461 2406 3505 me
2456 3443 2642 3506 laetati
2703 3449 2852 3504 sunt
2908 3450 2971 3504 et
3022 3450 3477 3517 convenerunt,
3509 3459 3551 3500 4.
3761 3433 3773 3451 “

1986 3550 2360 3624 congregata
2416 3549 2566 3603 sunt
2624 3558 2817 3622 super
2872 3558 2977 3602 me
3031 3540 3305 3620 flagella.
3371 3542 3483 3602 Vos
3512 3523 3738 3638 xxffi‘gss:

1985 3655 2201 3706 autem
2232 3641 2783 3703 contristabimini
2812 3640 3023 3705 triduo
3054 3640 3275 3702 mortis
3308 3659 3477 3714 mete,
3536 3649 3609 3693 ¹²⁸-
3634 3664 3774 3704 xxm.

1988 3749 2250 3825 propter
2290 3759 2497 3803 meam
2543 3739 2947 3813 occisionem,
2985 3746 3257 3801 vestram
3302 3757 3338 3800 a
3382 3756 3484 3801 me
3517 3713 3582 3754 ¹⁵·

1987 3839 2450 3922 separationem
2483 3846 2545 3899 et
2576 3836 3027 3900 desolationem
3057 3837 3489 3898 inhonestam-

1989 3957 2115 4021 que
2154 3937 2391 4019 fugam.
2426 3935 2570 3999 Haec
2612 3934 2867 3997 tristitia
2908 3953 3031 3997 non
3078 3933 3202 3996 ruit
3242 3933 3483 4008 illicita,

1988 4036 2284 4118 quamvis
2324 4041 2636 4116 quantum
2675 4034 2752 4096 ad
2792 4033 3038 4114 aliquid
3078 4031 3273 4095 fuerit
3321 4031 3491 4095 inor-

1990 4135 2223 4207 dinata,
2253 4133 2570 4206 videlicet,
2604 4132 2757 4214 quia
2785 4133 2861 4194 de
2894 4130 3206 4212 corporali
3238 4148 3490 4192 recessu

381 4234 871 4314 intelligendum
920 4232 1152 4296 facilia.
1199 4237 1372 4303 Quid
1420 4245 1509 4296 est
1552 4239 1668 4296 hoc
1711 4241 1883 4315 quod
1909 4240 1957 4302 D
1992 4233 2223 4296 Christi
2273 4232 2465 4295 nimis
2522 4230 2841 4304 dolebant,
2894 4247 3012 4292 nec
3064 4229 3205 4311 ejus
3255 4229 3493 4311 passio-

377 4333 546 4394 dicit
605 4334 808 4399 nobis,
869 4334 1216 4404 Modicum,
1279 4341 1338 4392 et
1396 4354 1525 4395 non
1587 4335 1884 4394 videbitis

383 4452 504 4502 me,
551 4440 612 4492 et
653 4432 896 4492 iterum
935 4433 1277 4502 modicum,
1323 4441 1382 4492 et
1421 4434 1720 4492 videbitis
1760 4453 1875 4504 me,

380 4541 460 4601 et,
503 4531 672 4597 Quia
721 4531 887 4589 vado
935 4531 1024 4588 ad
1061 4532 1328 4590 Patrem
1352 4531 1382 4589 Ρ
1429 4531 1738 4590 Dicebant
1784 4551 1884 4590 er-

373 4649 458 4706 qo
499 4649 522 4688 .·
567 4628 742 4697 Quid
781 4637 872 4688 est
915 4630 1030 4687 hoc
1069 4630 1242 4706 quod
1286 4628 1452 4688 dicii
1500 4630 1701 4701 ηοὸίε,
1746 4632 1884 4691 Μο-

379 4728 658 4786 dicum?
688 4725 751 4786 id
783 4733 897 4798 est,
933 4724 1089 4806 quid
1128 4724 1426 4805 intelligit
1468 4726 1736 4789 dicendo
1781 4747 1885 4790 no-

378 4824 498 4897 bis,
520 4823 855 4898 Modicum,
881 4843 1030 4886 cum
1058 4823 1379 4886 additione
1407 4825 1880 4906 oppositorum?

379 4922 564 5004 quasi
624 4922 839 4984 dicant
891 4939 905 4984 ε
959 4920 1222 4983 Videtur
1279 4922 1686 4984 contrarietas
1744 4942 1882 4986 esse

381 5021 448 5083 in
499 5020 714 5084 verbis
763 5019 925 5101 ejus.
973 5021 1306 5084 Nescimus
1351 5023 1516 5099 quid
1565 5024 1876 5101 loquitur.

381 5119 666 5182 Forsitan
707 5137 784 5180 ex
824 5118 1178 5180 reverentia
1217 5117 1447 5180 Christi
1489 5118 1588 5180 vel
1633 5119 1876 5195 timore,

382 5239 509 5283 non
567 5219 888 5281 audebant
935 5217 1256 5280 Christum
1307 5217 1718 5297 interrogare,
1771 5221 1880 5282 sed

383 5317 550 5379 inter
579 5334 646 5378 se
676 5315 861 5397 quasi
903 5322 1144 5377 secrete
1175 5313 1608 5388 conferebant,
1642 5322 1706 5376 et
1735 5333 1882 5377 con-

1992 4350 2137 4393 nem
2186 4328 2669 4398 considerabant
2716 4328 2900 4410 quasi
2950 4327 3217 4389 salutem
3266 4327 3490 4389 mundi

1989 4438 2182 4511 atque
2213 4428 2541 4490 introitum
2576 4427 2721 4490 vitae
2750 4433 3021 4489 aeternae.
3054 4428 3185 4488 Sed
3216 4426 3489 4486 tristitia

1991 4537 2201 4589 vestra
2248 4535 2532 4586 vertetur
2570 4527 2642 4585 in
2685 4526 3031 4601 qaudium,
3067 4523 3131 4585 id
3180 4530 3295 4598 est,
3331 4541 3489 4604 prae-

1992 4627 2161 4688 dicto
2210 4623 2465 4687 moerori
2527 4623 2822 4685 succedet
2871 4621 3216 4685 consolatio
3262 4640 3488 4702 magna

1992 4724 2055 4786 in
2108 4723 2211 4786 die
2271 4721 2751 4784 resurrectionis
2800 4727 2860 4782 et
2909 4719 3231 4802 deincepS,
3283 4738 3484 4801 quum

1989 4839 2343 4904 apparuero
2383 4819 2585 4883 vobis.
2618 4817 2931 4881 Gaudium
2974 4835 3234 4900 quoque
3273 4817 3486 4879 infeli-
3533 4839 3775 4890 Joanmx,

1991 4921 2161 4982 cium
2198 4919 2557 4981 Judaeorum
2608 4917 2731 4980 cito
2776 4905 3166 4979 versum‘est
3214 4916 3279 4978 in
3331 4934 3486 4980 moe—
3512 4906 3581 4948 ²⁰·

1991 5035 2195 5081 rorem
2262 5024 2325 5078 et
2387 5017 2653 5088 luctum,
2713 5015 3015 5096 quoniam
3076 5014 3486 5078 vehementer

1990 5117 2329 5180 doluerunt
2380 5121 2442 5176 et
2488 5112 2903 5185 erubuerunt,
2955 5112 3213 5193 quando
3261 5111 3325 5174 in
3381 5111 3484 5173 die

1987 5214 2383 5276 Pentecostes
2432 5221 2495 5274 et
2554 5219 2769 5293 postea
2818 5216 3151 5292 coeperunt
3198 5209 3479 5290 Apostoli

1989 5314 2054 5376 in
2087 5312 2343 5377 nomine
2367 5311 2598 5375 Christi
2629 5319 2757 5373 tam
2788 5309 3310 5392 insuperabiliter
3334 5327 3483 5391 prae-
3526 5324 3629 5368 Aa.
3648 5339 3753 5373 ιω.
