4300 6259
108 829 127 871 1
148 830 343 874 Theon.
362 845 451 880 nv.

92 897 169 937 1⁵.

94 1121 457 1224 {tatthxxn

134 1519 151 1561 l
180 1521 323 1564 Cor.
352 1532 460 1570 xv,

98 1584 181 1626 52.

138 2312 299 2356 leid.
335 2314 433 2355 5¹.

1304 518 1657 591 chalamno
1699 545 1762 590 ιΝ
1804 543 1944 591 mr.
1990 545 2029 588 v
2069 543 2345 592 sofflms.
2391 565 2470 576 --
2513 547 2654 593 Aur.
2702 549 2807 595 xiv

3487 527 3606 593 373

490 725 857 798 resurgent.
889 718 1013 781 Ista
1042 727 1138 782 est
1167 737 1288 783 vox
1319 718 1550 783 Christi
1588 718 1665 780 de
1691 738 1819 800 qua
1849 717 2001 780 dicit
2031 714 2080 774 A
2111 716 2538 796 dejicerentur
2577 738 2612 780 a
2651 720 2832 784 coelo.
2874 721 3135 803 Propter
3171 722 3342 803 quod
3383 720 3609 783 asserit

484 815 843 898 Apostolus
879 837 893 881 τ
927 818 1235 892 Quoniam
1271 818 1410 900 ipse
1438 817 1742 881 Dominus
1775 818 1840 879 in
1869 817 2004 898 jus-

492 935 577 976 su
629 922 689 976 et
740 916 806 977 in
858 934 1013 980 voce
1050 917 1427 998 Archangeli
1468 924 1531 985 et
1570 917 1635 979 in
1674 916 1828 978 tuba
1867 915 1996 990 Dei,

492 1015 843 1078 descendet
884 1017 963 1078 de
1002 1015 1185 1079 coelo.
1228 1015 1315 1077 De
1356 1034 1485 1096 qua
1520 1017 1691 1098 apud
1728 1013 2003 1077 Matthae-

495 1131 615 1173 um
667 1113 963 1194 praedixit
1010 1112 1293 1177 Salvator
1336 1132 1349 1176 ε
1400 1112 1599 1175 Media
1646 1122 1830 1176 nocte
1878 1112 2003 1174 cla-

494 1229 645 1275 mor
680 1210 887 1274 factus
918 1219 1015 1274 est
1048 1231 1061 1275 ;
1096 1211 1257 1274 Ecce
1288 1229 1559 1294 sponsus
1602 1211 1798 1284 venit,
1834 1210 2001 1272 exite

492 1309 760 1373 obviam
807 1311 890 1372 ei.
940 1310 1219 1384 Qualiter
1268 1327 1417 1372 vero
1466 1327 1789 1391 quamque
1838 1309 2003 1371 cele-

494 1407 660 1470 riter
716 1407 835 1470 fiet
890 1409 1289 1471 resuscitatio
1354 1426 1717 1490 corporum,
1779 1400 2004 1490 pandit

493 1507 845 1590 Apostolus
898 1525 911 1570 :
971 1507 1037 1569 In
1095 1514 1438 1582 momento,
1492 1506 1558 1568 in
1620 1506 1752 1568 ictu
1807 1505 1997 1574 oculi,

494 1606 573 1668 in
622 1605 970 1669 novissima
1020 1605 1171 1667 tuba
1212 1623 1225 1667 :
1270 1612 1454 1667 canet
1498 1605 1671 1667 enim
1718 1604 1893 1678 tuba,
1942 1611 2006 1665 et

493 1704 739 1767 mortui
771 1711 1105 1785 resurgent
1134 1703 1509 1785 incorrupti.
1544 1703 1867 1776 Quomodo
1897 1721 2005 1764 au-

496 1811 631 1866 tem
684 1803 918 1866 mortui
969 1802 1263 1865 dicantur
1312 1802 1555 1876 audire,
1597 1799 1729 1881 jam
1774 1801 1999 1883 patuit.

2110 815 2530 879 Damascenus
2575 836 2588 880 z
2631 817 2805 891 Quod
2856 819 2920 880 in
2971 819 3212 900 angelis
3261 826 3357 882 est
3399 838 3602 894 casuS,

2110 912 2230 976 hoc
2280 914 2346 976 in
2392 915 2760 979 hominibus
2806 925 2901 980 est
2947 935 3158 997 mors;
3209 926 3272 980 et
3310 917 3604 980 Salomon

2110 1011 2178 1073 in
2219 1011 2615 1089 Ecclesiaste,
2659 1014 2720 1076 Si
2765 1016 3063 1079 ceciderit
3105 1017 3350 1098 lignum
3385 1016 3466 1078 ad
3501 1035 3606 1078 au·
3631 1033 3902 1085 Rectum.

2110 1119 2314 1172 strum
2363 1120 2473 1175 aut
2516 1115 2592 1176 ad
2642 1115 3030 1195 aquilonem,
3084 1115 3148 1176 in
3196 1131 3605 1197 quocumque

2109 1209 2248 1272 loco
2291 1211 2613 1291 ceciderit,
2659 1213 2749 1274 ibi
2793 1213 2932 1275 erit.

2191 1307 2533 1384 Postremo,
2574 1328 2686 1391 per
2716 1310 2836 1374 hoc
2865 1313 3035 1392 quod
3066 1311 3155 1373 ait
3187 1310 3602 1392 Evangelista,

2112 1405 2209 1467 vel
2271 1407 2482 1488 potius
2542 1408 2826 1472 Christus
2884 1427 2998 1491 per
3051 1427 3220 1484 eum,
3272 1408 3388 1482 Qui
3442 1408 3608 1471 bona

2111 1503 2421 1580 fecerunt,
2464 1513 2528 1567 et
2565 1507 2678 1587 qui
2722 1507 2888 1569 mala
2928 1515 3215 1589 egerunt,
3247 1515 3395 1588 etc.;
3439 1513 3610 1589 patet

2111 1601 2358 1665 insania
2397 1605 2848 1667 aestimantium
2889 1604 3087 1667 fidem
3130 1605 3268 1668 sine
3304 1605 3606 1688 operibus

2112 1719 2297 1783 posse
2328 1701 2592 1764 salvare.
2625 1703 2750 1766 Nec
2783 1711 2991 1766 tamen
3028 1705 3401 1786 putandum,
3436 1703 3608 1786 quod

2113 1799 2210 1862 illi
2249 1801 2576 1863 dumtaxat
2617 1802 3032 1864 salvabuntur
3067 1804 3179 1883 qui
3220 1819 3412 1884 opera
3451 1800 3611 1864 cari-

586 1905 673 1964 Ει
705 1904 1048 1980 procedent
1082 1903 1200 1980 qui
1237 1903 1402 1960 bona
1433 1900 1749 1977 fecerunt,
1796 1899 1860 1961 id
1910 1905 2004 1960 est
2040 1895 2089 1958 B
2116 1898 2258 1960 tatis
2290 1899 2390 1961 vel
2420 1900 2641 1962 saltem
2683 1901 3049 1964 interiorem
3079 1899 3218 1982 ejus
3255 1908 3468 1963 actum
3504 1900 3611 1962 ha-

493 2001 787 2063 finaliter
817 1998 1239 2085 consummati
1268 2006 1461 2079 atque
1491 1997 1736 2060 inventi
1768 1997 1834 2059 in
1866 2014 2007 2079 ope-

496 2099 685 2162 ribus
733 2098 1101 2172 meritoriis,
1146 2099 1219 2159 in
1264 2098 1793 2158 resurrectionem
1834 2098 2006 2165 vitoe,

497 2199 573 2260 id
614 2205 731 2272 est,
770 2195 1028 2258 felicem
1071 2194 1579 2257 immutationem
1624 2211 2010 2274 consequen-

497 2306 633 2360 tur.
692 2295 923 2358 Omnes
982 2294 1156 2356 enim
1219 2295 1646 2374 resurgemuS,
1712 2293 1821 2356 sed
1880 2311 2005 2356 non

496 2412 729 2460 omnes
768 2391 1277 2456 immutabimur.
1312 2390 1463 2454 Nam
1497 2390 2009 2453 immutabuntur

494 2494 618 2576 qui
680 2491 1099 2556 mutabuntur
1158 2490 1223 2552 in
1278 2491 1533 2564 meliuS,
1582 2489 2008 2572 adipiscentes

493 2591 1034 2656 resurrectionem
1067 2588 1533 2673 pertingentem
1563 2588 1631 2650 in
1652 2588 1856 2650 -vitam
1884 2588 2011 2668 glo-

500 2693 743 2754 riosam
772 2699 965 2771 atque
996 2689 1342 2752 coelestem.
1362 2688 1490 2756 Qui
1514 2708 1660 2747 vero
1686 2690 1861 2748 mala
1884 2707 2011 2764 eye-

498 2800 694 2860 runt‚
732 2790 797 2852 id
842 2795 937 2850 est
986 2787 1051 2848 in
1102 2784 1551 2867 iniquitatibus
1602 2785 2005 2866 deprehensi,

502 2897 573 2952 et
621 2889 687 2950 in
739 2887 911 2950 vitiis
960 2884 1337 2949 mortalibus
1385 2883 1538 2946 hinc
1588 2883 1843 2958 sublati,
1897 2883 2010 2964 qui

2114 1997 2393 2060 buerunt
2436 2017 2449 2062 ε
2495 2000 2910 2063 salvabuntur
2958 1993 3130 2063 enim
3179 1999 3452 2062 infantes
3501 1998 3612 2061 ba-

2118 2097 2356 2178 ptizati,
2409 2106 2472 2160 et
2520 2098 2892 2161 naturaliter
2940 2099 3152 2162 stolidi
3211 2097 3611 2180 Baptismatis

2116 2195 2291 2260 sonte
2333 2197 2557 2259 renati.
2600 2196 2708 2260 His
2750 2216 2900 2262 vero
2946 2217 3090 2280 quae
3138 2200 3215 2261 de
3262 2196 3613 2260 distinctio-

2118 2314 2199 2357 ne
2245 2296 2713 2378 resurgentium
2757 2297 2922 2360 dicta
2971 2304 3141 2372 sunt,
3194 2303 3495 2360 consonat
3543 2295 3615 2357 il-

2118 2394 2227 2457 lud
2278 2393 2554 2457 Danielis
2599 2413 2612 2458 :
2658 2394 3084 2477 Evigilabunt,
3135 2395 3245 2457 alii
3296 2395 3364 2457 in
3417 2394 3610 2458 vitam

2126 2501 2449 2568 aeternam,
2495 2493 2602 2556 alii
2653 2494 2720 2555 in
2765 2492 3206 2576 opprobrium,
3249 2501 3321 2555 ut
3361 2493 3615 2556 videant

2117 2609 2395 2673 semper.

2199 2689 2504 2763 Quoniam
2545 2709 2694 2772 ergo
2732 2690 2928 2752 Filius
2970 2689 3077 2753 Dei
3117 2690 3226 2772 qui
3277 2689 3482 2753 factus
3521 2697 3614 2752 est

2121 2807 2266 2851 caro
2316 2796 2377 2851 et
2424 2787 2618 2850 frater
2671 2796 2904 2863 noster,
2945 2789 3308 2864 advocatuS‚
3352 2788 3618 2870 propiti-

2120 2895 2257 2950 ator
2291 2894 2353 2948 et
2388 2886 2717 2968 proximus
2758 2893 2993 2961 noster,
3029 2886 3217 2948 habet
3247 2886 3439 2950 vitam
3479 2885 3619 2950 son-

3641 2417 3758 2462 Doen.
3780 2432 3846 2470 xu,
3863 2420 3904 2460 2.

3682 2803 3846 2848 Ioann-
3876 2818 3907 2856 ι,

3647 2868 3712 2918 Ης
3733 2867 3907 2911 Marta,

3646 2943 3788 2979 xxvm,
3828 2932 3908 2982 ¹⁰3

386 3021 399 3028 —
503 2987 635 3050 sibi
684 2986 885 3049 finem
936 2984 1233 3048 ultimum
1290 2983 1752 3047 constituerunt
1804 2981 1868 3043 in
1919 3000 2014 3044 re-
2121 2985 2334 3061 talem,
2387 2985 2956 3068 supereffluentem
3007 2992 3070 3046 et
3117 2983 3616 3048 indefectibilem
3647 2991 3908 3044 mbr-1¹³¹.

116 3113 287 3156 Rom.
312 3108 466 3159 „aa
500 3087 631 3150 bus
681 3084 961 3159 caduciS,
1005 3083 1397 3146 adhaerentes
1448 3088 1751 3144 creaturae
1800 3080 2011 3162 potius
2051 3075 2095 3138 C
2123 3085 2190 3147 in
2234 3085 2598 3166 semetipso,
2640 3085 3013 3146 accedamus
3063 3101 3315 3165 semper
3351 3085 3430 3146 ad
3469 3102 3616 3146 eum

126 3609 301 3652 [δον.
322 3605 472 3653 ἣίῧ·

504 3204 707 3268 quam
754 3181 1053 3256 Creatori,
1098 3180 1441 3263 procedent
1488 3181 1563 3240 in
1609 3180 2015 3239 resurrectio-

504 3305 659 3346 nem
691 3283 977 3361 judicii,
1026 3281 1091 3342 id
1142 3286 1259 3352 est,
1316 3277 1844 3340 resurrectionem
1904 3276 2015 3338 ha-

504 3382 757 3446 bebunt
821 3382 1189 3443 damnosam
1257 3397 1330 3440 ac
1392 3377 1712 3450 miseram,
1774 3375 2014 3457 pertin-

502 3490 763 3563 gentem
801 3480 879 3542 ad
922 3475 1385 3560 reprobationis
1422 3473 1735 3555 judicium
1768 3474 1845 3536 de
1883 3492 2013 3555 quo

506 3579 673 3643 dixit
715 3577 1055 3660 Apostolus
1089 3594 1103 3638 :
1138 3573 1257 3638 Eos
1301 3571 1615 3655 quii'oris
1662 3578 1809 3634 sunt
1847 3571 2011 3632 Deus

504 3677 847 3760 judicabit.
889 3675 957 3738 In
1002 3672 1177 3756 quali
1223 3672 1395 3735 enim
1441 3671 1855 3753 dispositione
1898 3688 2011 3732 seu

504 3776 851 3840 affectione
888 3774 1105 3836 anima
1140 3771 1378 3834 recedit
1404 3789 1441 3832 a
1471 3787 1756 3851 corpore,
1792 3768 1857 3830 in
1900 3767 2010 3830 tali

506 3873 893 3940 aeternaliter
942 3877 1293 3954 permanet,
1347 3875 1410 3930 et
1466 3867 1819 3930 secundum
1871 3885 2010 3928 eam

398 3956 413 3964 ’
502 3974 831 4056 judicatur
880 3969 1347 4054 praemiumque
1393 3974 1703 4029 aeternum
1751 3965 2012 4029 sortitur

506 4094 547 4136 a
596 4073 723 4135 Deo
775 4089 789 4134 :
843 4071 1011 4133 sicut
1056 4066 1264 4148 angeli
1322 4071 1745 4148 apostatantes
1794 4064 2013 4127 incon-

510 4169 897 4236 vertibiliter
962 4171 1222 4230 manent
1288 4164 1355 4227 in
1420 4162 1837 4244 dispositione
1902 4160 2012 4222 illa

2122 3201 2271 3244 cum
2329 3182 2518 3264 plena
2571 3181 2833 3255 fiducia,
2887 3189 2957 3242 ut
3010 3181 3284 3262 gloriose
3332 3181 3618 3245 vivificet

2124 3300 2258 3355 neS,
2302 3288 2364 3342 et
2402 3282 2480 3343 de
2519 3280 2918 3363 plenitudine
2966 3280 3262 3343 torrentis
3312 3299 3442 3343 suae
3480 3281 3619 3344 dul-

2123 3378 2395 3442 cissimae
2431 3379 2576 3443 vitae
2615 3380 2804 3441 corda
2848 3385 3060 3440 nostra
3098 3377 3320 3440 saltem
3362 3376 3618 3458 perfun-

2123 3477 2246 3550 dat,
2298 3477 2414 3539 etsi
2473 3479 2753 3541 nondum
2815 3476 3107 3538 inebriet.
3161 3476 3445 3557 Denique
3494 3495 3614 3540 vox

2122 3576 2261 3656 ejus
2320 3576 2646 3650 terribilis,
2697 3594 2890 3656 quam
2941 3592 3160 3638 omnes
3220 3574 3454 3637 mortui
3507 3593 3618 3636 au-

2123 3675 2319 3748 dient,
2353 3693 2481 3755 qua
2516 3681 2684 3738 totus
2726 3673 2956 3735 tinniet
2995 3673 3295 3746 munduS,
3329 3679 3394 3734 et
3429 3680 3618 3734 tarta-

2122 3791 2228 3834 rea
2267 3773 2540 3835 claustra
2579 3772 2908 3854 patebunt,
2939 3771 3177 3851 jugiter
3221 3771 3473 3833 insonet
3507 3790 3617 3832 au-

2123 3872 2299 3934 ribus
2344 3879 2572 3935 nostrae
2620 3870 2878 3949 mentis3
2925 3876 2988 3931 et
3031 3869 3378 3950 cogitemus
3425 3889 3612 3951 quam

2121 3970 2509 4032 horrendum
2549 3969 2633 4030 sit
2671 3967 2952 4030 incidere
2993 3967 3058 4028 in
3099 3985 3323 4028 manus
3373 3967 3480 4028 Dei
3523 3967 3616 4030 vi-

2122 4068 2348 4141 ventis,
2401 4086 2616 4150 quam·
2651 4067 3063 4129 metuendum
3120 4066 3242 4127 erit
3297 4065 3456 4128 illud
3511 4065 3613 4147 ju-

3649 3054 3736 3107 ¹2ss
3750 3054 3906 3100 loam-

3645 3139 3689 3176 ιι,
3709 3125 3807 3178 ¹,2.

3641 3989 3782 4034 Hebr.
3791 3992 3882 4042 ¹⁷³¹
3893 4021 3905 4033 .

2120 4167 2384 4240 dicium,
2429 4185 2621 4248 quam
2664 4163 3124 4229 inaestimabilis
3166 4164 3456 4245 angustia
3498 4165 3614 4226 im·
3677 4223 3684 4228 .

508 4267 777 4332 mentali
846 4285 921 4330 ac
976 4265 1205 4329 vitiosa
1260 4263 1325 4325 in
1389 4280 1517 4344 qua
1571 4267 1752 4323 erant
1806 4278 2005 4342 quum
2041 4261 2091 4324 D
2121 4265 2397 4348 piorum.
