4300 6259
1227 513 1578 561 mmai-io
1620 514 1684 560 m
1725 514 1862 561 car.
1906 513 1970 559 vt
2009 514 2287 561 semis.
2333 534 2413 547 —-
2454 518 2596 563 aar.
2643 516 2795 565 xvm
3445 498 3567 565 399

449 682 678 746 diendi
728 684 926 747 vitam
964 692 1290 765 aeternam,
1325 702 1437 747 seu
1481 685 1813 748 obtinendi
1850 685 1962 748 be-
1989 685 2040 746 A
2068 704 2181 748 seu
2234 688 2572 769 perversis,
2615 689 2726 771 qui
2777 690 3076 751 dixerunt
3122 708 3135 752 :
3178 688 3405 752 Anima
3453 708 3564 752 no-
3592 711 3859 765 Nummus.

447 780 742 844 atificam
803 782 1037 847 divinae
1089 784 1380 847 essentiae
1433 785 1768 848 visionem.
1823 786 1956 859 Vel,
2067 792 2194 846 stra
2226 794 2486 849 nauseat
2515 806 2709 869 super
2737 787 2879 851 cibo
2910 788 3031 852 isto
3062 788 3406 851 levissimo.
3430 788 3561 851 lllis

453 880 654 943 habet
679 881 874 944 vitam
903 884 1120 962 gratiae
1151 882 1406 945 realiter
1431 883 1494 945 in
1523 883 1960 966 praesenti.Qui
2069 883 2313 966 quippe
2371 884 2493 946 fuit
2560 886 2741 967 panis
2806 886 2915 949 ille
2973 886 3311 969 insipidus.
3370 886 3563 949 Justis

451 978 633 1042 enim
675 980 876 1042 credit
916 980 979 1043 in
1013 980 1358 1058 Christum,
1395 982 1585 1045 habet
1615 983 1956 1046 Christum.
2069 1000 2220 1046 vero
2268 983 2507 1065 optime
2554 985 2860 1066 sapiebat,
2912 986 3449 1066 quemadmodum
3500 986 3565 1047 in

449 1076 537 1139 Et
579 1078 803 1160 utique
840 1078 1124 1162 Christus
1164 1088 1258 1143 est
1295 1080 1422 1143 vita
1461 1088 1713 1155 aeterna,
1748 1100 1963 1164 quem·
2069 1079 2236 1143 libro
2278 1080 2615 1164 Sapientiae
2662 1082 3011 1146 scribitur:
3044 1083 3274 1146 Panem
3318 1085 3397 1146 de
3445 1102 3569 1147 coe—
3636 1108 3857 1167 sunm,

54 1182 258 1226 lom·
285 1198 404 1237 nv.
450 1179 806 1241 admodum
857 1187 1244 1242 contestatur
1279 1200 1292 1245 :
1327 1181 1456 1262 Ego
1503 1201 1643 1243 sum
1689 1181 1812 1256 via,
1857 1201 1963 1245 ve-
2072 1179 2132 1243 lo
2166 1179 2511 1261 praestitisti
2552 1181 2666 1256 eiS,
2700 1199 2888 1244 omne
2930 1182 3456 1244 delectamentum
3502 1182 3566 1244 in
3596 1175 3753 1225 ²⁰³¹·

455 1278 615 1339 ritas
675 1286 742 1340 et
791 1278 938 1340 vita.
990 1278 1261 1341 Joannes
1313 1298 1572 1361 quoque
1632 1280 1698 1342 in
1757 1281 1963 1363 prima
2072 1296 2140 1340 se
2169 1278 2506 1341 habentem
2538 1287 2602 1341 et
2628 1280 2835 1343 omnis
2867 1281 3109 1363 saporis
3140 1280 3512 1343 suavitatem
3549 1299 3564 1344 ε

85 1380 408 1435 Noenu-v,
453 1395 578 1438 sua
625 1376 714 1439 ait
759 1376 1074 1440 Canonica
1108 1396 1121 1440 :
1159 1378 1272 1439 Hic
1319 1386 1414 1440 est
1454 1397 1641 1442 verus
1691 1379 1852 1442 Deus
1901 1386 1963 1441 et
2070 1378 2147 1439 ad
2197 1378 2368 1459 quod
2426 1377 2597 1439 enim
2654 1378 2931 1461 quisque
2982 1379 3253 1454 volebat,
3307 1397 3571 1443 conver-

61 1445 144 1487 ΞΟ·
173 1512 270 1565 43
454 1476 594 1537 vita
631 1482 887 1537 aeterna.
923 1480 1059 1554 Eyo
1089 1497 1232 1537 sum
1255 1479 1455 1554 panis
1487 1480 1636 1540 vicoe
1674 1477 1965 1541 substan—
2071 1475 2343 1537 tebatur.
2387 1475 2471 1537 De
2518 1476 2647 1538 illis
2688 1494 2838 1540 vero
2884 1476 3244 1539 carnalibus
3293 1483 3565 1552 tantum,

450 1574 700 1636 tialiter
735 1581 927 1656 atque
959 1574 1318 1637 causaliter.
1350 1574 1535 1638 Panis
1576 1596 1717 1638 sum
1751 1577 1964 1640 omnia
2073 1592 2199 1636 non
2240 1573 2600 1636 carnalibus
2641 1575 2832 1636 simul
2875 1583 2938 1637 et
2976 1574 3417 1657 spiritualibus
3463 1596 3570 1657 pa-

453 1692 732 1756 pascens
767 1692 781 1737 :
819 1692 946 1737 non
994 1681 1205 1736 tamen
1257 1674 1324 1737 in
1374 1693 1770 1757 quemquam
1817 1696 1965 1740 con·
2072 1671 2299 1745 tribus,
2334 1673 2618 1755 loquitur
2650 1672 2933 1736 Christus
2962 1674 3192 1736 Judaeis
3221 1674 3347 1736 alio
3377 1674 3515 1739 loco
3548 1694 3563 1737 :

453 1780 698 1842 vertor,
752 1780 865 1834 aut
921 1781 1155 1848 mutor,
1208 1774 1317 1835 sed
1373 1773 1654 1836 fideliter
1701 1776 1965 1837 mandu-
2071 1769 2583 1847 MurmuratoreS,
2645 1771 2766 1834 filii
2828 1780 3391 1847 murmuratorum,
3454 1773 3569 1835 im·
3648 1793 3814 1837 Maian.

451 1879 712 1934 cantem
754 1879 1054 1935 converto
1092 1870 1158 1934 in
1198 1890 1321 1935 me.
1356 1871 1510 1934 Sum
1550 1872 1738 1935 etiam
1783 1874 1962 1956 panis
2000 1874 2046 1937 B
2075 1868 2245 1951 plete
2285 1888 2648 1932 mensuram
2692 1878 2942 1953 patrum
2986 1879 3369 1934 vestrorum·
3597 1869 3709 1907 ‘¹¹¹¹'
3735 1859 3803 1899 ³²·

450 1970 630 2047 vine,
664 1969 818 2052 quia
846 1970 1248 2033 sumentibus
1278 1971 1467 2052 digne
1497 1973 1575 2035 do
1607 1972 1800 2035 vitam
1826 1992 1967 2053 gra-
2154 1966 2459 2030 Subditur
2500 1986 2648 2049 ergo
2690 1968 2769 2029 dc
2814 1986 2975 2050 pane
3016 1986 3165 2031 vero
3205 1968 3405 2041 vitali,
3440 1987 3566 2032 non

449 2066 568 2130 tiae
615 2068 679 2130 in
742 2068 1061 2150 praesenti,
1113 2076 1176 2130 et
1225 2069 1420 2131 vitam
1475 2070 1694 2151 gloriae
1752 2070 1814 2131 in
1866 2069 1966 2131 lu-
2072 2066 2328 2147 figurali
2372 2068 2717 2141 dumtaxat,
2753 2066 3046 2149 quamvis
3096 2074 3157 2129 et
3201 2067 3384 2149 panis
3426 2066 3570 2130 vitae

111 2194 254 2224 vm.
283 2184 376 2225 as.
452 2174 629 2229 turo.
688 2166 773 2229 De
821 2166 940 2229 hoc
992 2168 1186 2231 verbo
1245 2166 1542 2250 superius
1592 2168 1760 2230 dicta
1817 2174 1966 2230 sunt
2072 2184 2265 2248 quem
2306 2166 2412 2228 dat
2448 2166 2754 2241 Christus,
2798 2166 2881 2228 sit
2917 2166 3133 2247 aliquo
3177 2167 3367 2229 modo
3406 2164 3572 2246 figu-
3675 2172 3690 2186 ’

453 2265 672 2347 plura.
2074 2264 2313 2327 rativus
2363 2264 2536 2326 illius
2584 2264 2767 2346 panis
2816 2263 3090 2327 coelestis
3136 2263 3201 2326 in
3251 2264 3454 2346 patria
3492 2265 3570 2327 de

545 2365 784 2427 Deinde
824 2365 1080 2427 inanem
1121 2365 1566 2446 gloriationem
1605 2365 1964 2428 Judaeorum
2071 2381 2201 2443 quo
2250 2362 2316 2424 in
2364 2362 2531 2424 Luca
2581 2362 2849 2424 habetur
2898 2381 2911 2426 z
2955 2362 3179 2424 Beatus
3229 2363 3341 2445 qui
3391 2382 3571 2425 man·
3640 2380 3746 2425 Luc.
3774 2395 3857 2433 m,

454 2463 545 2525 de
591 2482 826 2547 manna
885 2463 1433 2545 praesumentium,
1488 2462 1774 2527 Christus
1822 2481 1965 2526 eva·
2073 2460 2332 2523 ducabit
2380 2479 2605 2543 panem
2666 2461 2732 2522 in
2784 2478 2977 2542 regno
3028 2461 3156 2523 Dei.
3208 2464 3339 2524 Hic
3385 2462 3566 2544 panis
3598 2447 3664 2488 ¹⁵·
3702 2498 3774 2555 50

179 2572 274 2627 49
454 2570 633 2625 cuat.
670 2565 900 2626 Patres
939 2565 1138 2623 vestri
1181 2566 1743 2625 manducaverunt
1783 2584 1968 2623 man·
2074 2560 2217 2622 vitae
2265 2559 2343 2621 de
2388 2578 2518 2641 quo
2566 2558 2805 2621 dictum
2856 2566 2971 2634 est,
3025 2568 3243 2642 utpote
3287 2560 3566 2623 Verbum

454 2681 556 2721 na
595 2663 664 2721 ire
711 2664 980 2731 deserto,
1017 2670 1076 2721 et
1116 2663 1360 2723 mortui
1399 2671 1572 2723 sunt.
1617 2661 1824 2723 Palam
1871 2668 1968 2723 est
2074 2657 2493 2732 incarnatum,
2548 2658 2646 2721 vel
2714 2676 2945 2740 corpus
3004 2659 3419 2733 dominicum,
3480 2669 3571 2721 est

451 2761 639 2843 quod
670 2760 905 2824 mortui
944 2767 1094 2823 sunt
1130 2768 1334 2824 morte
1367 2768 1626 2823 naturae.
1661 2759 1781 2823 Sed
1815 2761 1968 2843 quia
2063 2758 2265 2835 panis
2307 2760 2388 2817 de
2432 2760 2584 2818 coelo
2620 2759 3024 2818 descendens.
3067 2756 3346 2820 Verbum
3397 2758 3569 2819 enim

449 2877 614 2921 mox
662 2857 982 2932 subditur,
1026 2858 1138 2920 Hic
1181 2867 1277 2919 est
1320 2857 1502 2940 panis
1543 2859 1620 2920 de
1661 2858 1822 2922 coelo
1862 2859 1969 2920 de-
2073 2855 2401 2917 descendit
2439 2874 2553 2938 per
2590 2854 3111 2930 incarnationem,
3146 2863 3209 2918 et
3241 2856 3388 2919 novi
3421 2854 3573 2918 effe-

451 2958 800 3031 scendenS‚
835 2963 906 3019 ut
945 2957 998 3019 si
1028 2958 1174 3039 quis
1213 2956 1692 3019 manducaverit
1719 2975 1796 3019 ex
1828 2957 1966 3038 ipso
2077 2962 2215 3017 ctus
2256 2953 2758 3036 productionem.
2794 2953 3035 3036 Corpus
3068 2962 3282 3017 autem
3313 2955 3574 3017 descen-

451 3075 591 3119 non
642 3056 972 3131 moriatur,
1023 3063 1269 3118 certum
1319 3062 1414 3117 est
1462 3055 1634 3136 quod
1683 3054 1967 3137 loquitur
2003 3058 2047 3122 C
2077 3053 2189 3128 dit,
2217 3053 2370 3134 quia
2400 3054 2633 3116 virtute
2661 3051 2936 3135 Spiritus
2966 3052 3177 3116 Sancti
3209 3052 3571 3129 formatum,

452 3156 544 3217 de
595 3164 797 3219 morte
844 3155 1073 3237 culpae.
1125 3154 1254 3218 Hoc
1303 3154 1474 3216 enim
1527 3153 1810 3217 Christus
1862 3155 1968 3216 ad·
2078 3169 2203 3214 non
2259 3151 2413 3233 quia
2468 3153 2547 3214 de
2602 3152 2763 3215 coelo
2809 3151 3094 3215 allatum.
3148 3152 3569 3227 DescendenS,

446 3254 632 3337 jecit,
657 3254 1106 3335 distinguendo
1137 3254 1304 3316 inter
1343 3273 1574 3336 panem
1602 3253 1744 3316 vitae
1773 3272 1964 3336 quem
2078 3250 2364 3333 inquam,
2398 3251 2476 3312 ad
2518 3248 2659 3325 hoc,
2703 3260 2777 3313 uc
2811 3253 2872 3311 si
2910 3253 3058 3331 quis
3096 3272 3179 3312 em
3216 3254 3353 3330 ipso
3394 3272 3576 3314 man-

451 3356 606 3435 ipse
647 3354 774 3425 dat,
813 3360 877 3415 et
921 3372 1174 3415 manna.
1216 3352 1339 3416 Sed
1391 3353 1702 3435 numquid
1745 3370 1966 3415 omnes
2074 3352 2434 3417 ductaverit,
2483 3350 2967 3413 manducatione
3024 3351 3463 3414 sacramentali
3513 3359 3576 3414 et

453 3460 680 3535 patres
707 3451 1067 3515 Judaeorum
1098 3452 1211 3534 qui
1241 3470 1474 3513 manna
1502 3450 1785 3524 edebant,
1811 3469 1969 3513 mor·
2075 3448 2391 3531 spirituali
2423 3448 2635 3522 simul,
2672 3448 2771 3511 vel
2802 3448 3219 3531 spiritualiter
3249 3451 3575 3512 dumtaxat

451 3552 559 3614 tui
611 3558 763 3613 sunt
802 3559 1004 3614 morte
1054 3550 1312 3632 culpae?
1351 3546 1487 3610 Non
1541 3548 1783 3628 utique,
1817 3549 1968 3629 quia
2074 3548 2183 3628 (de
2239 3548 2476 3630 quibus
2534 3548 2599 3609 in
2659 3548 2951 3628 sequenti
2998 3548 3269 3612 articulo
3319 3549 3571 3630 plenius

455 3668 590 3713 nec
643 3648 907 3733 MoyseS,
961 3666 1079 3711 nec
1134 3647 1364 3722 Aaron,
1419 3664 1536 3708 nec
1591 3646 1799 3720 Josue,
1852 3665 1968 3709 nec
2078 3646 2306 3721 dicam,
2342 3644 2464 3708 Deo
2493 3646 3029 3728 praesmnte),n.on
3058 3649 3383 3709 moriatur
3411 3666 3572 3710 mor·

454 3748 662 3813 ceteri
700 3747 856 3828 justi
891 3746 1066 3809 illius
1105 3746 1442 3809 exercitus.
1473 3744 1783 3827 Loquitur
1821 3762 1970 3825 ergo
2076 3752 2138 3807 te
2186 3745 2391 3828 culpae
2437 3744 2503 3806 in
2554 3744 2871 3827 praesenti,
2907 3744 3005 3808 vel
3055 3752 3259 3808 morte
3308 3746 3568 3809 damna·-

450 3848 753 3910 Salvator
799 3847 876 3907 de
932 3845 1219 3927 patribus
1275 3844 1633 3907 Judaeorum
1692 3862 1970 3925 quorum
2079 3844 2267 3907 tionis
2326 3852 2577 3906 aeternae
2631 3843 2695 3905 in
2756 3842 2995 3918 futuro,
3049 3862 3193 3925 quae
3246 3851 3341 3906 est
3397 3864 3567 3907 mors
3598 3858 3861 3914 Apoen‚¹¹;

455 3944 736 4025 vestigia
784 3943 888 4007 isti
946 3943 1371 4017 sectabantur,
1423 3950 1575 4025 puta
1621 3942 1968 4005 incredulis
2077 3942 2374 4004 secunda.
3594 3924 3864 4029 {f'⁶'¹⁴³¹¹¹'

1519 4322 2171 4409 ARTICULUS
2246 4323 2543 4407 XVIII

683 4572 1042 4621 enuclnA'rlo
1086 4570 1364 4619 RBSIDUAE
1406 4571 1622 4617 PARTIS
1665 4572 1849 4618 umus
1892 4570 2171 4617 currum
2216 4570 2412 4628 snx'rl,
2457 4572 2537 4615 AB
2578 4572 2653 4617 Ro
2706 4571 2852 4619 Loco
2895 4572 3011 4628 Quo
3052 4570 3294 4618 mnu-un
3340 4572 3354 4616 :

1231 4670 1347 4715 mo
1391 4670 1508 4715 SUM
1550 4668 1731 4715 PANIS
1773 4670 1970 4727 vlvus,
2013 4667 2112 4723 Qui
2156 4668 2234 4713 DE
2276 4666 2455 4713 COELO
2498 4668 2813 4717 nasanm.

591 4921 1168 4987 ACRAMENTUM
1229 4921 1638 4985 Eucharistiae
1696 4921 1970 4985 instituit
2000 4922 2047 4983 D
2078 4921 2983 5004 incomprehensibilissimum
3031 4922 3573 5005 utilissimumque

611 5022 898 5086 Christus
937 5022 1280 5104 dupliciter
1312 5040 1325 5084 ε
1362 5021 1590 5104 primo,
1626 5020 1818 5083 verbo
1857 5038 1967 5082 seu
2080 5020 2390 5095 consistit,
2426 5021 2663 5083 idcirco
2700 5022 2779 5083 ad
2819 5019 3285 5083 excludendum
3316 5039 3570 5084 omnem

460 5122 869 5200 assertione3
920 5120 1222 5195 secundo,
1276 5119 1442 5183 facto
1485 5138 1597 5181 seu
1645 5137 1970 5182 consecra·
2078 5136 2357 5181 errorem
2401 5137 2474 5181 ac
2521 5118 3004 5192 dubitationem,
3057 5119 3342 5182 Christus
3390 5137 3573 5201 aper-

462 5224 667 5286 tione.
710 5220 796 5281 De
843 5218 1051 5302 prima
1090 5226 1300 5281 autem
1348 5218 1746 5282 institutione
1797 5237 1967 5281 nunc
2077 5216 2322 5279 tissime
2359 5223 2583 5278 tractat
2619 5216 2697 5277 de
2736 5224 3127 5279 sacramento
3164 5218 3284 5281 hoc
3326 5214 3487 5299 ipso.

463 5320 703 5403 agitur.
765 5316 842 5380 Et
902 5317 1210 5399 quoniam
1275 5325 1739 5379 sacramentum
1796 5316 1965 5379 istud
2162 5318 2297 5394 Eyo
2333 5336 2477 5377 sum
2514 5316 2712 5392 panis
2756 5317 2943 5376 vivus
2972 5336 2995 5377 .·
3025 5314 3177 5397 quia
3214 5316 3567 5378 secundum
3700 5324 3769 5383 51
