4300 6259
853 507 976 574 390

1633 527 1982 576 mammo
2023 528 2088 575 m
2130 529 2271 576 cAP.
2316 530 2380 574 vt
2420 528 2700 577 mamus.
2745 551 2826 561 —
2867 530 3010 578 Aur.
3056 531 3184 579 xvn

860 699 1159 782 discipuli
1192 701 1331 781 ejus
1371 702 1835 764 descenderunt
1863 704 1938 764 ad
1972 721 2166 778 mare,
2201 722 2357 785 qua-
2385 701 2438 762 A
2467 712 2702 766 monte.
2736 703 2811 766 Et
2849 708 3200 769 secundum
3242 704 3541 779 Marcum,
3573 723 3776 785 quum
3819 721 3957 764 sero
4015 719 4210 764 namu.

859 797 913 859 si
963 798 1222 881 proprio
1270 807 1445 862 motu
1495 799 1613 862 hoc
1660 799 1985 864 facientes.
2020 800 2140 864 Sed
2185 803 2356 883 apud

567 915 831 965 uanam.
862 895 1220 959 Matthaeum
1280 897 1532 978 legitur,
1593 901 1764 980 quod
1823 898 2107 964 Christus
2164 902 2356 983 jussit

568 982 636 1024 ²²·
862 1015 967 1059 eos
999 997 1241 1076 ingredi
1274 997 1488 1058 navim
1514 1017 1529 1073 ;
1562 1005 1625 1059 et
1651 1000 1820 1080 apud
1852 998 2147 1075 Marcum,
2183 1002 2355 1082 quod

598 1113 833 1164 aaran,
865 1095 1069 1175 coegit
1116 1113 1222 1158 eos
1270 1096 1348 1158 ad
1408 1095 1547 1159 hoc.
1601 1096 1883 1179 Itemque
1934 1099 2038 1161 hic
2097 1100 2353 1174 dicitur,

568 1179 637 1220 ⁴⁵·
865 1195 1036 1276 quod
1074 1194 1251 1256 Jesus
1292 1202 1355 1255 et
1393 1195 1689 1277 discipuli
1734 1205 2045 1260 venerunt
2088 1197 2360 1280 Caphar-

868 1311 1101 1372 naum3
1153 1292 1241 1355 ibi
1291 1311 1441 1355 vero
1489 1293 1779 1368 habetur,
1827 1297 1998 1376 quod
2047 1306 2360 1359 venerunt

570 1408 838 1461 naemu,
868 1392 932 1453 in
982 1398 1211 1453 terram
1257 1390 1551 1466 Genesar,
1585 1391 1720 1454 sive
1757 1391 2159 1457 Genesareth.
2204 1395 2362 1458 Rur-

574 1470 835 1586 ξῖἳῦἔω·
866 1508 1103 1572 susque
1153 1490 1257 1552 hic
1306 1489 1559 1564 dicitur,
1601 1493 1772 1572 quod
1815 1511 2016 1574 quum
2060 1494 2360 1576 discipuli

867 1589 1218 1652 voluissent
1253 1588 1465 1650 Iesum
1514 1589 1579 1650 in
1622 1590 1835 1654 navim
1883 1592 2194 1674 accipere,
2242 1602 2361 1655 sta-

866 1687 982 1749 tim
1015 1686 1136 1749 fuit
1166 1687 1345 1749 navis
1373 1688 1451 1749 ad
1482 1695 1713 1750 terram
1742 1708 1757 1766 ;
1801 1689 1891 1751 ibi
1920 1697 2156 1765 autem,
2190 1692 2362 1772 quod

574 1800 838 1914 5⁶:⁸22&
868 1785 1113 1849 introiit
1170 1785 1401 1847 navim.
1454 1784 1544 1847 Ob
1601 1787 1735 1849 haec
1796 1787 1950 1849 dicit
2001 1787 2366 1870 Chrysosto-

574 1927 721 1977 ηδ’.
866 1984 1217 2064 loquuntur
1253 1981 1576 2045 Matthaeus
1626 1993 1688 2046 et
1727 1984 2016 2060 Joanne5‚
2068 1987 2363 2067 quamvis

868 2083 934 2144 in
978 2081 1195 2142 multis
1240 2081 1596 2144 conveniat.

948 2179 1337 2260 Augustinus
1398 2198 1545 2243 vero
1603 2181 1757 2243 dicit
1812 2182 2182 2264 oppositum
2236 2202 2250 2246 ε
2303 2191 2366 2245 et

862 2281 989 2344 hoc
1027 2279 1241 2342 verius
1292 2285 1467 2360 puto,
1513 2287 1582 2341 ut
1626 2287 1797 2361 patet
1835 2298 1911 2342 ex
1950 2280 2365 2344 circumstan-

867 2378 954 2440 tia
1000 2376 1381 2458 evangelicae
1428 2377 1827 2439 narrationis.
1872 2377 2164 2442 Rationes
2215 2399 2364 2444 vero

867 2476 1293 2560 chrysostomi
1338 2476 1756 2549 solverentur,
1801 2477 2069 2542 dicendo
2112 2480 2190 2541 ad
2238 2479 2366 2561 pri-

868 2594 1059 2650 mam,
1108 2575 1277 2657 quod
1328 2575 1621 2656 quamvis
1670 2575 1971 2658 discipuli
2020 2577 2222 2640 invite
2271 2595 2368 2640 se-

869 2674 1253 2757 parabantur
1297 2693 1335 2735 a
1378 2672 1645 2748 Christo,
1688 2675 1962 2738 libenter
2010 2685 2219 2758 tamen
2269 2695 2368 2738 se-

869 2774 1149 2836 cundum
1215 2772 1523 2835 rationem
1585 2772 1965 2835 obediebant
2017 2788 2032 2833 :
2099 2782 2163 2837 et
2218 2793 2366 2856 ergo

868 2872 1333 2934 descenderunt
1400 2872 1479 2933 ad
1544 2870 1756 2934 navim
1826 2874 2179 2935 secundum
2246 2873 2367 2935 im-

870 2969 1119 3052 perium
1169 2968 1421 3032 Christi.
1467 2968 1560 3031 Ad
1608 2971 1949 3032 secundam
2000 2971 2362 3048 dicendum,

2467 800 2704 864 factum
2747 812 2933 878 esset,
2967 802 3090 865 fuit
3134 802 3426 866 navicula
3465 802 3530 864 in
3580 801 3788 863 medio
3830 819 3960 861 ma·
3981 792 4046 831 ⁴⁷·

2471 901 2546 961 ri.
2582 899 2682 962 Sic
2723 901 3160 982 spiritualiter,
3197 902 3347 963 dum
3389 900 3674 963 Christus
3711 898 3822 979 qui
3866 907 3959 960 est

2468 999 2579 1060 lux
2631 1017 2779 1062 vera
2828 1018 2954 1063 non
3001 1000 3198 1072 adest,
3245 998 3522 1061 tenebrae
3568 999 3817 1071 adsunt,
3863 1016 4213 1072 ca-Jm1,9.

2469 1096 2597 1177 ligo
2628 1097 2998 1178 ignorantia*
3026 1106 3088 1161 et
3123 1099 3385 1180 peccati,
3419 1096 3744 1159 tribulatio
3772 1103 3960 1178 atque

2471 1197 2752 1258 tentatio.
2790 1199 2975 1258 Mare
3014 1207 3256 1264 autem,
3299 1206 3481 1257 vento
3525 1213 3756 1272 mayno
3795 1198 3964 1271 flan-
4081 1203 4139 1256 18

2475 1305 2552 1366 ce,
2587 1302 2649 1357 et
2686 1313 2882 1375 aquas
2911 1295 3188 1375 agitante
3219 1311 3328 1356 seu
3363 1301 3824 1366 commovente,
3855 1313 3962 1352 ex-

2469 1395 2790 1470 surgebat,
2842 1392 3412 1456 intumescentibus
3474 1391 3778 1454 fluetibus
3826 1391 3964 1470 ejus

2474 1491 2541 1552 in
2588 1498 2854 1564 tantum,
2897 1492 3067 1572 quod
3113 1491 3293 1554 navis
3338 1489 3692 1571 jactabatur
3735 1489 3801 1550 in
3844 1487 3967 1550 slu-

2475 1589 2704 1652 ctibus.
2739 1589 3188 1662 Pariformiter,
3221 1589 3480 1652 absente
3510 1588 3750 1650 auxilio
3779 1597 3966 1669 atque

2477 1688 2809 1770 praesentia
2849 1688 3101 1762 Christi,
3135 1696 3344 1751 motus
3377 1687 3588 1750 vitiosi
3630 1687 3969 1767 insurgunt

2479 1787 2542 1849 in
2588 1787 2793 1850 nobis.

867 1904 1032 1958 muS,
1067 1884 1236 1966 quod
1269 1902 1394 1946 non
1427 1883 1508 1945 sit
1536 1886 1754 1947 eadem
1798 1903 1896 1948 res
1924 1895 2100 1967 gesta
2128 1888 2206 1948 de
2238 1907 2364 1969 qua
2405 1886 2448 1948 B
2559 1891 2772 1956 Quum
2809 1890 3225 1963 remiqassent
3252 1905 3398 1964 erqo
3439 1885 3740 1968 discipuli
3781 1888 3971 1965 quasi
4099 1899 4153 1952 19

2472 1989 2686 2047 stadia
2729 1988 2969 2064 viqinci
3006 1987 3292 2065 quinque
3329 1995 3444 2046 aut
3484 1986 3782 2062 triqinta.
3817 1983 3973 2046 Cau-

2476 2103 2544 2147 sa
2593 2083 3044 2166 remigationis,
3090 2085 3439 2146 seeundum
3486 2083 3644 2147 alios
3693 2081 3976 2163 Evange-

2475 2182 2673 2258 listaS‚
2707 2183 2734 2245 f
2740 2183 2830 2244 uit
2858 2181 3161 2265 quoniam
3197 2190 3420 2244 ventus
3450 2181 3477 2244 f
3483 2182 3574 2243 uit
3601 2180 3693 2244 eis
3725 2190 3974 2244 contra-
4001 2199 4216 2242 uatum.

2477 2283 2608 2344 rius
2653 2301 2666 2344 ε
2713 2289 3047 2364 propterea
3097 2299 3220 2344 non
3262 2287 3554 2362 poterant
3603 2281 3970 2362 procedere,
4001 2261 4215 2376 {f'ss‘m'

2476 2381 2586 2442 sed
2645 2380 3009 2442 nitebantur
3065 2380 3141 2441 ad
3202 2377 3520 2442 Christum
3579 2378 3806 2440 redire.
3869 2377 3974 2440 Sic

2477 2479 2596 2542 viri
2637 2477 2870 2552 devoti,
2905 2478 3056 2539 dum
3102 2477 3584 2558 tempestatibus
3626 2477 3977 2558 persecuti-

2475 2597 2671 2641 onum
2711 2577 3030 2658 variisque
3077 2575 3590 2640 tribulationibus
3629 2577 3972 2657 agitantur,

2477 2683 2935 2739 convertuntur
2971 2681 3033 2736 et
3067 2682 3472 2737 revertuntur
3509 2675 3584 2736 ad
3623 2673 3972 2748 Christum,

2479 2782 2550 2836 ut
2577 2774 2717 2855 ejus
2747 2774 3021 2855 gratiosa
3052 2773 3386 2855 praesentia
3418 2772 3848 2848 consolentur,
3885 2773 3980 2834 di-

2479 2881 2691 2936 centes
2742 2890 2887 2934 cum
2934 2871 3260 2934 Psalmista
3303 2889 3316 2934 :
3359 2870 3723 2952 Usquequo,
3767 2869 3978 2933 Domi·
4017 2891 4208 2940 ennii.

2480 2990 2580 3046 ne,
2625 2970 3022 3034 oblivisceris
3071 2988 3175 3032 me
3222 2969 3286 3031 in
3335 2962 3604 3031 finem?
3632 2968 3978 3051 Usquequo

868 3068 1041 3149 quod
1088 3067 1361 3130 Genesar
1405 3068 1789 3148 quandoque
1847 3076 1941 3130 est
2000 3088 2231 3132 nomen
2281 3069 2370 3131 ci·
2407 3077 2449 3139 C
2479 3070 2710 3133 avertis
2769 3068 2996 3130 faciem
3053 3075 3226 3130 tuam
3274 3087 3311 3129 a
3359 3070 3512 3130 me?
3563 3067 3740 3130 Unde
3786 3074 3852 3129 et
3912 3069 3977 3130 in

869 3165 1103 3240 vitatiS,
1138 3171 1201 3227 et
1237 3166 1621 3246 quandoque
1662 3165 1933 3246 regionis
1974 3167 2040 3228 in
2082 3187 2229 3248 qua,
2268 3166 2368 3230 vel

866 3263 1047 3346 juxta
1083 3282 1298 3345 quam,
1333 3272 1428 3326 est
1465 3263 1687 3326 civitas
1720 3263 2156 3345 Capharnaum
2199 3266 2318 3328 sita
2351 3285 2364 3329 :

870 3362 1092 3443 sicque
1123 3361 1435 3425 veniendo
1465 3361 1925 3443 Capharnaum,
1963 3373 2276 3427 venerunt
2309 3372 2370 3426 et

868 3458 1161 3535 Genesar,
1205 3460 1269 3521 id
1312 3468 1407 3522 est
1452 3460 1516 3522 in
1567 3461 1744 3523 illam
1794 3461 2215 3542 provinciam.
2259 3461 2369 3525 Vel

870 3559 1233 3635 dicendum,
1284 3561 1457 3640 quod
1509 3560 1715 3642 primo
1764 3560 2216 3643 applicuerunt
2262 3561 2373 3625 Ca-

872 3658 1249 3740 pharnaum,
1311 3666 1529 3741 postea
1594 3657 1886 3722 Genesar.
1956 3658 2047 3722 Ad
2118 3661 2368 3723 tertiam

870 3757 1235 3831 dicendum,
1297 3757 1468 3838 quod
1526 3757 1820 3838 quamvis
1877 3757 2145 3821 Ioannes
2206 3759 2371 3821 dicat

872 3855 1085 3917 navim
1126 3856 1337 3918 statim
1371 3854 1570 3918 fuisse
1600 3856 1677 3917 ad
1708 3863 1965 3931 terram,
2000 3875 2123 3920 non
2159 3864 2368 3919 tamen

871 3962 1057 4034 negat
1082 3953 1295 4016 Iesum
1329 3954 1543 4018 navim
1576 3954 1864 4017 intrasse.
1898 3991 1980 4001 —
2008 3954 2369 4018 Secundum

871 4053 1034 4115 banc
1075 4070 1223 4133 ergo
1277 4053 1656 4135 positionem
1706 4055 2080 4135 exponenda
2126 4063 2223 4116 est
2273 4055 2372 4118 lit-

870 4158 1004 4213 tera
1043 4151 1198 4226 haec,
1242 4158 1312 4213 ut
1353 4151 1538 4214 dictis
1578 4151 1844 4216 Matthaei
1883 4172 1956 4215 ac
1993 4152 2180 4216 Marci
2223 4173 2372 4218 con-

872 4249 1109 4312 cordet.

671 4354 739 4410 17
954 4351 1041 4410 Et
1069 4368 1271 4428 quum
1310 4349 1737 4410 ascendissent
1777 4348 2072 4431 discipuli
2116 4353 2370 4420 navim,

871 4446 1052 4529 juxta
1094 4454 1483 4530 praeceptum
1534 4447 1787 4523 Christi,
1831 4460 2142 4511 venerunt
2193 4459 2373 4512 trans

874 4565 1053 4606 mare
1100 4545 1451 4608 Tiberiadis
1503 4554 2078 4629 praememoratum,
2133 4551 2207 4609 in
2259 4551 2375 4610 Ca-

864 4646 1266 4722 pharnaum.
1314 4643 1463 4719 Hoc,
1516 4646 1868 4708 secundum
1916 4645 2167 4722 Bedam,
2219 4646 2373 4710 dici-

873 4748 977 4804 tur
1009 4760 1120 4824 per
1157 4743 1699 4825 anticipationem.
1732 4743 1907 4806 Unde
1946 4742 2114 4806 infra
2153 4746 2373 4807 recitat

872 4838 1271 4921 Evangelista
1311 4841 1601 4904 ordinem
1643 4841 1817 4917 facti,
1858 4844 2178 4924 quomodo
2219 4843 2372 4906 illuc

875 4945 1208 5000 venerunt.
1242 4941 1329 5000 Εἰ
1367 4942 1635 5002 tenebra?
1659 4942 1809 5020 jam
1845 4945 2034 5021 factae
2061 4951 2274 5011 erant,
2307 4941 2371 5003 id

872 5044 968 5097 est
1011 5037 1403 5119 principium
1451 5037 1673 5112 noctis,
1706 5047 1766 5098 et
1808 5058 1937 5099 non
1980 5049 2241 5098 venerae
2283 5043 2372 5100 ad

870 5153 971 5193 eos
1002 5137 1205 5207 Iesus,
1251 5136 1551 5199 videlicet
1587 5137 1665 5198 ad
1713 5137 2062 5218 discipulos
2114 5156 2260 5200 suos
2301 5137 2366 5200 in

579 5240 847 5294 Mam-xm
873 5233 1109 5294 navim.
1170 5233 1345 5297 Unde
1407 5237 1759 5298 secundum
1818 5235 2199 5310 Matthaeum,
2263 5253 2371 5298 ve-

580 5306 646 5348 ²³'
876 5347 1061 5412 spere
1120 5331 1307 5408 facto,
1368 5332 1492 5396 fuit
1549 5334 1758 5396 adhuc
1822 5334 2001 5397 lesus
2063 5334 2236 5398 solus
2299 5334 2364 5397 in

2476 3170 2628 3233 Jona
2663 3168 2933 3230 babetur
2967 3187 2980 3230 :
3016 3168 3220 3241 Quum
3259 3167 3726 3248 angustiaretur
3765 3167 3830 3231 in
3876 3185 3980 3230 me
4017 3195 4218 3240 Jonas.

2482 3267 2746 3350 spiritus
2807 3283 3010 3340 meuS,
3072 3265 3321 3328 Domini
3383 3266 3744 3328 recordatus
3803 3285 3975 3328 sum.

2482 3365 2765 3428 Stadium
2811 3363 3044 3426 dicitur
3081 3371 3302 3426 octava
3345 3383 3490 3445 pars
3535 3363 3850 3425 milliariS.

2578 3466 2807 3526 Vident
2836 3464 3052 3524 Jesum
3092 3465 3526 3523 ambulantem
3565 3482 3760 3540 super
3800 3483 3981 3524 mare

2483 3564 2652 3626 circa
2678 3569 2965 3644 quartam
2999 3560 3280 3642 vigiliam
3321 3562 3544 3636 noctiS,
3580 3561 3877 3624 videlicet
3913 3563 3978 3624 in
4007 3583 4220 3631 mima.

2483 3661 2707 3724 ultima
2765 3659 2966 3722 noctis
3025 3667 3223 3741 parte,
3279 3657 3749 3741 propinquante
3795 3647 4218 3754 auro-ffssfffl

2483 3774 2572 3816 ra.
2607 3755 2696 3818 Ex
2736 3774 2865 3837 quo
2907 3763 3076 3838 patet
3116 3757 3283 3838 quod
3316 3755 3612 3838 discipuli
3657 3763 3785 3820 tota
3813 3775 3980 3839 pene
4049 3745 4061 3760 ’

2484 3862 2666 3917 nocte
2708 3855 2776 3916 in
2819 3855 3034 3918 labore
3076 3863 3138 3917 et
3182 3855 3466 3937 periculo
3506 3862 3708 3917 erant.
3741 3855 3982 3917 Ambu-

2483 3952 2636 4015 lavit
2681 3962 2892 4016 autem
2929 3954 3106 4016 Jesus
3155 3972 3348 4036 super
3395 3973 3570 4016 mare
3612 3972 3726 4036 per
3765 3956 3978 4018 dotem

2481 4053 2801 4134 agilitatiS,
2834 4054 3185 4115 secundum
3215 4051 3560 4134 Hugonem.
3595 4051 3770 4125 Quod
3808 4073 3982 4117 com-

2481 4151 2762 4215 muniter
2818 4170 2945 4215 non
3004 4159 3304 4228 tenetur3
3365 4153 3476 4214 sed
3533 4152 3704 4233 quod
3759 4151 3982 4215 divina

2405 4252 2452 4314 D
2482 4250 2715 4313 virtute
2757 4251 2848 4312 sic
2893 4250 3172 4327 incessit,
3204 4250 3510 4331 gravitate
3553 4249 3650 4312 sui
3691 4251 3980 4332 corporis

2481 4367 2608 4412 non
2647 4355 2870 4430 agente
2909 4349 2976 4411 in
3014 4367 3244 4431 aquam
3285 4367 3422 4410 eam
3464 4348 3823 4424 dividendo,
3861 4349 3983 4412 sic-

2481 4454 2552 4509 ut
2590 4447 2805 4510 divina
2843 4447 3078 4510 virtute
3117 4447 3282 4528 ignis
3323 4446 3642 4509 interdum
3682 4465 3808 4509 non
3851 4447 3981 4529 agit

2482 4565 2596 4610 suo
2641 4546 2848 4609 calore
2891 4545 2954 4607 in
3001 4565 3234 4628 corpus
3277 4546 3650 4618 humanum,
3695 4554 3765 4608 ut
3805 4554 3980 4628 patet

2483 4645 2546 4707 in
2579 4643 2832 4707 Daniele
2863 4645 2939 4706 de
2970 4643 3174 4706 tribus
3206 4643 3443 4726 pueriS,
3478 4651 3540 4705 et
3576 4642 3715 4705 aliis
3753 4644 3978 4706 multis
4003 4661 4218 4711 vas-,125⁰-

2483 4744 2548 4806 in
2599 4762 2763 4806 novo
2813 4743 3231 4806 Testamento.
3265 4746 3353 4805 Et
3391 4743 3777 4821 proximum
3817 4745 3980 4803 navi

2478 4845 2654 4920 fieri,
2695 4841 2756 4904 id
2800 4850 2895 4904 est
2936 4841 3454 4924 appropinquare
3497 4839 3828 4903 naviculae.
3875 4840 3978 4902 Sic

2482 4941 2705 5022 utique
2735 4942 2989 5021 quando
3031 4940 3093 5001 in
3126 4939 3418 5001 maximis
3457 4937 3978 5001 tribulationibus

2482 5058 2726 5113 sumuS,
2771 5039 2858 5100 ita
2901 5045 2969 5100 ut
3010 5039 3114 5102 vix
3159 5039 3237 5100 de
3282 5037 3578 5100 evasione
3619 5054 3974 5118 speremus,

2481 5137 2532 5198 si
2578 5137 2972 5217 suspiramus
3019 5137 3096 5198 ad
3139 5135 3372 5210 Iesum,
3417 5153 3561 5198 mox
3609 5135 3979 5217 experimur

2480 5235 2844 5316 piissimum
2901 5234 3040 5314 ejus
3095 5252 3455 5308 occursum,
3506 5232 3714 5314 fitque
3769 5234 3978 5316 proxi-

2479 5353 2621 5396 mus
2673 5333 2840 5409 navi,
2889 5333 2953 5396 id
3001 5339 3096 5394 est
3143 5331 3441 5395 Ecclesiae
3486 5330 3974 5396 adversitatibus
