4300 6259
80 1148 255 1193 lCor.
278 1164 355 1194 ιι

52 1214 121 1255 ss.

54 1543 295 1598 epm·
304 1547 389 1598 11,

72 2146 155 2188 Pa.
174 2159 391 2194 uxnv,

63 2631 197 2674 Osee
216 2643 275 2682 u,
305 2631 391 2673 u.

96 3522 195 3566 «1οὸ
216 3535 287 3573 ιι,
312 3524 391 3563 Η.

1219 482 1573 531 malumno
1616 485 1680 530 ΙΝ
1721 483 1860 530 GAP.
1907 483 1975 530 111
2014 484 2294 532 JOANMS.
2340 505 2422 516 ·—
2462 489 2604 534 ΛΒΤ.
2649 488 2756 535 vm

3419 467 3540 534 327

508 648 784 732 Insuper
825 650 1111 716 Christus
1152 655 1429 718 ostendit
1469 655 1755 719 ordinem
1806 654 1938 737 spi·
1967 654 2019 716 A
2128 659 2243 718 Sic
2269 668 2360 718 est
2395 661 2604 720 omnis
2640 662 2759 739 qui
2786 670 2982 721 natus
3009 670 3098 722 est
3126 680 3208 720 eoe
3242 660 3488 739 spiritu
3516 677 3541 717 .·

420 743 687 809 ritualis
736 749 1229 830 regenerationis
1279 768 1394 832 per
1442 751 1672 814 simile.
1720 753 1939 830 Spiri-

420 853 564 918 tus,
622 853 690 908 ut
750 855 903 929 puta
962 847 1238 931 Spiritus
1296 849 1582 924 Sanctus,
1636 853 1749 911 ubi
1798 854 1937 912 vult

416 945 667 1021 spirat,
715 945 779 1008 id
828 953 947 1022 est,
1000 947 1378 1030 potestative
1424 968 1497 1012 ac
1545 948 1743 1012 libere
1799 967 1939 1030 gra-

420 1041 591 1104 tiam
644 1052 901 1125 praestat
948 1046 1051 1108 cui
1109 1046 1441 1127 placuerit,
1494 1046 1662 1110 sicut
1705 1046 1937 1109 fatetur

360 1140 775 1223 Apostolus
828 1161 843 1206 :
896 1143 1124 1206 Omnia
1168 1153 1469 1227 operatur
1528 1165 1693 1208 unus
1745 1153 1937 1228 atque

424 1237 605 1301 idem
634 1239 931 1323 SpirituS,
947 1241 1239 1305 dividens
1271 1243 1537 1324 singulis
1571 1251 1757 1326 prout
1788 1244 1939 1307 vult.

424 1335 597 1400 Deus
647 1356 929 1421 namque
974 1348 1276 1423 operatur
1324 1341 1391 1404 in
1440 1342 1769 1416 creaturiS,
1808 1361 1935 1405 non

419 1437 810 1500 necessitate
858 1445 1121 1514 naturai,
1170 1441 1282 1502 sed
1341 1440 1666 1503 liberrima
1713 1440 1938 1504 volun-

419 1542 580 1609 tate,
618 1543 809 1618 prout
835 1538 915 1599 ad
944 1532 1253 1619 Ephesios
1282 1539 1369 1601 ait
1396 1539 1783 1621 Apostolus:
1818 1538 1933 1612 Qui

420 1633 650 1697 omnia
678 1643 979 1716 operatur
1014 1630 1365 1699 secundum
1399 1638 1796 1719 propositum
1828 1657 1935 1702 vo-

422 1731 701 1796 luntatis
740 1752 892 1798 suae.
926 1739 1015 1796 E't
1051 1755 1267 1796 vocem
1302 1737 1443 1813 ejus
1482 1738 1701 1808 audis,
1730 1737 1796 1799 id
1840 1745 1935 1800 est

424 1829 631 1894 verba
670 1849 864 1894 sacroe
892 1830 1236 1914 Scripturae
1272 1833 1579 1896 divinitus
1618 1834 1928 1898 revelatae.
1970 1837 2017 1900 B
2048 1833 2429 1914 verborum3

424 1927 567 2002 Vel,
603 1928 835 1993 Vocem
882 1930 1045 2011 ejus,
1088 1931 1154 1994 id
1192 1938 1289 1993 θεῖ
1338 1932 1651 1996 internam
1700 1934 1937 1996 allocu-

420 2025 699 2100 tionem,
730 2025 913 2088 audis
948 2046 961 2089 :
996 2045 1073 2090 eo
1120 2029 1309 2092 modo
1349 2047 1480 2110 quo
1525 2029 1615 2091 ait
1661 2029 1936 2093 Psalmo-

420 2123 739 2206 graphus,
797 2123 1067 2187 Audiam
1129 2125 1289 2206 quid
1351 2126 1643 2208 loquatur
1702 2127 1769 2189 in
1830 2145 1933 2190 me

424 2221 739 2285 Dominus
778 2221 964 2285 Deus.
1004 2221 1111 2285 Est
1140 2224 1313 2286 enim
1351 2225 1605 2288 auditus
1644 2224 1929 2302 interior,

424 2339 564 2402 quo
622 2319 883 2384 divinus
940 2321 1281 2385 instinctus
1342 2323 1715 2405 percipitur,
1778 2325 1931 2386 dum

424 2419 629 2482 sentit
670 2437 739 2482 se
785 2421 979 2485 homo
1021 2421 1291 2484 interius
1339 2423 1531 2502 tangi,
1566 2423 1801 2500 doceri,
1834 2441 1936 2486 ac-

424 2517 641 2592 cendi,
675 2519 837 2600 rapi,
871 2519 1105 2584 resolvi
1143 2526 1208 2582 et
1240 2519 1589 2583 absorberi.
1622 2521 1799 2584 Unde
1844 2521 1934 2583 ait

426 2616 737 2680 Dominus
787 2634 905 2699 per
950 2615 1105 2680 Osee
1148 2636 1163 2680 :
1204 2617 1437 2681 Ducam
1488 2637 1627 2682 eam
1670 2619 1737 2682 in
1786 2619 1935 2683 soli-

422 2715 745 2790 tudinem,
778 2723 843 2778 et
880 2715 1106 2798 loquar
1139 2717 1216 2779 ad
1256 2736 1365 2781 cor
1395 2717 1558 2798 ejus.
1593 2716 1933 2799 Nunquam

419 2813 811 2878 Nicodemus
861 2814 1202 2877 salubriter
1246 2814 1526 2879 venisset
1570 2817 1648 2878 ad
1689 2816 1927 2891 Iesum,

422 2912 551 2975 nisi
594 2913 762 2975 hanc
793 2930 1015 2976 vocem
1052 2911 1327 2995 Spiritus
1364 2912 1575 2977 Sancti
1616 2915 1931 2976 internam

2047 753 2111 816 id
2153 762 2270 829 est,
2306 756 2372 817 in
2419 757 2676 820 homine
2715 758 3132 840 spiritualiter
3175 765 3412 831 renato,
3447 763 3544 818 est

2046 852 2290 934 aliquid
2349 854 2578 918 scitum
2635 875 2708 918 ac
2761 855 3193 930 manifestum,
3247 855 3544 918 videlicet

2048 951 2187 1034 ipsa
2216 970 2488 1034 persona
2516 955 2867 1017 secundum
2898 973 2986 1030 se,
3011 961 3076 1016 et
3100 953 3344 1035 aliquid
3375 953 3545 1036 igno-

2046 1057 2207 1125 tum,
2232 1051 2386 1131 quia
2415 1051 2586 1114 intus
2618 1053 3029 1117 invisibiliter
3058 1052 3450 1124 reformatur,
3479 1059 3543 1114 et

2047 1148 2124 1210 de
2169 1149 2406 1210 carnali
2450 1168 2522 1212 ac
2566 1151 2831 1232 perdit0,
2867 1150 3218 1233 spiritualis
3258 1156 3323 1212 et
3361 1148 3540 1212 filius

2044 1246 2381 1327 adoptivus
2439 1246 2722 1310 efficitur
2778 1248 3271 1330 imperceptibili
3325 1247 3542 1328 gratiae

2045 1339 2390 1405 infusione.
2424 1341 2599 1416 Quod
2641 1345 2814 1406 enim
2853 1344 3086 1426 aliquis
3126 1343 3192 1406 in
3223 1343 3542 1426 Baptismo

2046 1440 2138 1502 sic
2171 1440 2558 1516 melioratur,
2593 1442 2725 1505 sola
2753 1441 2884 1504 fide
2911 1450 3225 1504 tenemus.
3252 1440 3364 1503 Vel
3394 1440 3486 1503 sic
3521 1459 3536 1504 :

2043 1536 2147 1600 Sic
2193 1546 2289 1600 est
2329 1540 2536 1602 omnis
2587 1541 2699 1622 qui
2749 1549 2933 1602 natus
2983 1548 3079 1603 est
3121 1558 3199 1603 ex
3247 1539 3476 1622 spiritu
3520 1556 3534 1602 ε

2046 1636 2107 1698 id
2155 1644 2270 1711 est,
2305 1638 2370 1699 in
2417 1639 2888 1718 regeneratione
2927 1637 3204 1702 hominis
3245 1637 3411 1712 talis,
3445 1644 3542 1699 est

2042 1735 2288 1816 aliquid
2345 1736 2629 1812 evidens3
2691 1737 2936 1800 scilicet
2995 1755 3162 1819 aqua
3219 1742 3284 1798 et
3335 1734 3542 1799 forma

2474 1841 2542 1897 et
2569 1834 2813 1916 aliquid
2843 1834 3151 1909 abditum,
3186 1841 3338 1915 puta
3366 1833 3542 1916 prin-

2043 1931 2284 2014 cipium
2317 1931 2686 1995 effectivum
2719 1932 3227 2014 regenerationiS,
3245 1932 3416 2014 quod
3445 1937 3542 1994 est

2042 2028 2318 2112 Spiritus
2361 2029 2667 2112 Sanctus;
2710 2037 2774 2093 et
2810 2031 2962 2094 item
3007 2030 3160 2093 finis
3200 2029 3363 2112 ejuS,
3395 2047 3541 2110 quae

2042 2138 2138 2192 est
2180 2130 2505 2193 beatitudo
2547 2138 2801 2194 aeterna.

2119 2228 2260 2290 Istae
2305 2227 2730 2309 expositiones
2790 2229 3142 2311 procedunt
3188 2228 3536 2290 secundum

2040 2326 2462 2389 intentionem
2494 2325 2849 2407 Augustini.
2871 2327 3350 2408 Chrysostomus
3390 2343 3541 2390 vero

2042 2424 2305 2506 exponit
2333 2425 2412 2486 de
2441 2430 2648 2500 vento,
2673 2424 2758 2485 ita
2786 2424 2959 2506 quod
2989 2423 3340 2486 secundum
3371 2440 3534 2500 eum,

2043 2522 2328 2586 Christus
2388 2521 2635 2584 inducit
2684 2521 3054 2603 exemplum
3111 2519 3413 2583 sensibile
3459 2521 3540 2583 ad

2042 2619 2530 2700 intelligentiam
2588 2619 3056 2701 praedictorum.
3106 2620 3423 2697 Spiritus,
3473 2619 3538 2681 id

2042 2726 2140 2780 θεῖ
2178 2724 2405 2780 ventus
2432 2717 2540 2798 (de
2579 2735 2709 2798 quo
2747 2717 2812 2779 in
2846 2715 3092 2780 Psalmo
3125 2735 3138 2779 :
3171 2715 3376 2778 Flabit
3414 2716 3539 2798 spi·
3580 2739 3825 2792 raam,

2043 2817 2204 2878 ritus
2252 2815 2413 2896 ejuS,
2456 2821 2519 2877 et
2554 2813 2764 2877 fluent
2805 2833 3028 2896 aquae;
3081 2821 3145 2876 et
3186 2833 3428 2889 rursuS,
3460 2813 3538 2876 Et
3563 2804 3828 2916 ssmm

2040 2915 2214 2976 stetit
2263 2913 2526 2995 spiritus
2578 2912 2917 2994 procellae),
2969 2914 3078 2973 ubi
3116 2917 3272 2985 vult,
3308 2912 3371 2975 id
3414 2919 3531 2990 est,

418 3011 731 3073 audisset.
782 3013 921 3073 Sed
961 3031 1091 3072 non
1132 3013 1255 3072 acis
1306 3016 1481 3073 unde
1528 3015 1747 3074 veniat
1794 3011 1933 3094 Spi—
1966 3010 2009 3074 C
2039 3013 2107 3075 in
2148 3031 2278 3094 quo
2326 3011 2692 3087 inclinatur,
2737 3013 2966 3092 spirat,
3007 3009 3072 3072 id
3119 3017 3232 3088 est,
3272 3009 3426 3090 flat3
3474 3023 3538 3075 et

422 3109 589 3172 ritus
637 3108 931 3184 Sanctus,
982 3107 1046 3170 id
1105 3116 1221 3185 est,
1271 3112 1594 3191 quomodo
1652 3117 1931 3174 mentem

420 3207 568 3289 ejus
628 3207 743 3270 ubi
800 3207 1001 3289 spirat
1056 3215 1119 3270 et
1172 3208 1457 3290 loquitur
1514 3209 1927 3291 ingrediatur,

422 3325 557 3370 non
604 3305 910 3389 percipis,
941 3316 1059 3368 aut
1095 3326 1221 3385 quo
1260 3310 1481 3380 vadat,
1515 3308 1579 3370 id
1620 3315 1737 3383 est,
1769 3327 1929 3390 qua-

421 3404 577 3467 liter
634 3405 887 3466 recedat
937 3404 1211 3486 ignoras.
1262 3404 1439 3468 Unde
1496 3423 1613 3488 per
1655 3406 1769 3470 Job
1829 3406 1931 3468 in-

422 3502 690 3565 ducitur
739 3520 755 3564 :
808 3499 872 3564 Si
924 3501 1173 3565 venerit
1216 3503 1295 3564 ad
1346 3520 1470 3576 me,
1524 3521 1650 3566 non
1700 3502 1931 3566 videbo

420 3620 619 3682 eum;
672 3607 735 3662 et
782 3600 835 3662 si
884 3599 1219 3664 recesserit
1266 3619 1303 3662 a
1350 3618 1475 3674 me,
1523 3619 1649 3664 non
1696 3600 1931 3664 intelli-

415 3718 590 3782 gam.
609 3699 745 3763 Imo
774 3699 993 3761 nullus
1024 3699 1225 3763 viator
1254 3699 1375 3762 scit
1403 3699 1931 3762 certitudinaliter

416 3798 671 3879 absque
730 3797 1138 3871 revelatione,
1188 3815 1271 3858 an
1330 3795 1604 3879 Spiritus
1662 3796 1927 3859 Sanctus

418 3895 601 3958 sitin
642 3895 788 3977 ipso
826 3913 941 3976 per
967 3895 1235 3975 gratiam
1271 3902 1523 3975 gratum
1560 3894 1922 3971 facientem,

417 3994 577 4077 quia
622 4001 779 4056 tunc
826 3993 1018 4057 sciret
1066 4011 1135 4055 se
1183 3993 1444 4076 dignum
1494 4011 1729 4058 amore.
1781 3994 1927 4060 Ideo

418 4095 545 4156 hoc
589 4092 781 4154 modo
818 4090 1097 4174 Spiritus
1139 4089 1405 4154 Sanctus
1447 4091 1927 4174 imperceptibi-

2040 3132 2276 3178 vocem,
2309 3111 2374 3172 id
2414 3117 2511 3172 est
2557 3127 2809 3184 sonum,
2842 3109 2984 3188 ejus
3021 3111 3241 3180 audiS,
3267 3112 3377 3171 sed
3403 3130 3536 3172 non-

2038 3211 2168 3271 scis
2210 3211 2383 3270 unde
2424 3211 2669 3279 veniat,
2706 3218 2824 3270 aut
2866 3227 2990 3289 quo
3037 3209 3236 3268 vadat
3281 3215 3531 3284 ventuS,

2041 3307 2104 3371 id
2144 3315 2242 3370 est
2270 3314 2514 3369 certum
2546 3306 2758 3370 locum
2789 3306 2899 3368 ubi
2929 3303 3089 3367 flare
3118 3303 3399 3387 incipiat,
3434 3305 3536 3370 vel

2039 3407 2320 3469 desistat.
2363 3404 2508 3467 Haec
2554 3403 2865 3486 expositio
2913 3422 3040 3466 non
3081 3402 3329 3467 videtur
3371 3403 3537 3466 mul-

2040 3513 2178 3567 tum
2221 3494 2606 3566 con'veniens
2648 3502 2840 3565 aliis:
2874 3500 3083 3563 Primo
3126 3507 3188 3562 et
3235 3501 3530 3578 maxime,

2037 3602 2343 3684 quoniam
2373 3599 2658 3664 Christus
2696 3600 2818 3662 hoc
2847 3598 2984 3662 loco
3020 3597 3391 3680 frequenter
3421 3618 3538 3683 per

2038 3699 2360 3783 spiritum,
2396 3697 2708 3760 intellexit
2740 3695 3046 3779 Spiritum
3078 3695 3400 3772 Sanctum,
3433 3699 3534 3762 vel

2036 3796 2436 3881 spiritualem
2487 3795 2850 3858 essentiam.
2889 3795 3066 3857 Unde
3111 3813 3240 3859 non
3287 3802 3382 3858 est
3431 3814 3535 3860 ve-

2037 3895 2306 3960 risimile
2344 3894 2516 3975 quod
2557 3911 2731 3955 nunc
2769 3893 2836 3954 in
2876 3893 3094 3955 eodem
3139 3892 3300 3968 1000,
3335 3893 3536 3956 nomi-

2037 4013 2117 4056 ne
2157 3993 2445 4075 spirituS,
2481 3991 2769 4072 designet
2806 4009 2939 4054 rem
2975 3991 3387 4066 materialem,
3421 4010 3534 4054 seu

2038 4099 2314 4156 ventum.
2333 4089 2636 4163 Secunde,
2663 4088 2966 4170 quoniam
2999 4095 3187 4152 vento
3217 4108 3345 4153 non
3375 4108 3536 4153 com-

418 4190 571 4254 liter
626 4187 827 4263 venit,
880 4188 1606 4271 imperceptibiliterque
1662 4189 1920 4252 recedit.
1956 4192 2007 4253 D
2036 4189 2198 4273 petit
2259 4187 2516 4271 proprie
2575 4187 2886 4251 voluntas.
2940 4185 3170 4260 Tertio,
3231 4187 3535 4268 quoniam

418 4288 534 4352 Vel
584 4287 679 4350 sic
712 4305 727 4350 ε
762 4286 996 4350 Vocem
1038 4287 1180 4367 ejus
1226 4287 1429 4362 audi5‚
1474 4288 1583 4350 sed
1632 4306 1759 4351 non
1801 4288 1925 4350 scis

422 4388 596 4450 unde
635 4385 851 4450 veniat
887 4405 1010 4450 vox
1052 4385 1192 4460 ista,
1224 4392 1334 4448 aut
1372 4404 1500 4468 quo
1540 4387 1725 4449 vadat
1761 4387 1921 4469 ipsa,

422 4486 491 4548 id
550 4493 668 4560 est,
731 4483 795 4546 id
852 4503 891 4546 a
946 4503 1075 4566 quo
1140 4482 1447 4566 inspirata
1504 4491 1620 4560 est,
1684 4485 1927 4548 scilicet

424 4582 826 4666 principium
874 4581 1037 4663 ejuS,
1091 4583 1263 4664 quod
1311 4589 1407 4644 est
1453 4579 1727 4664 Spiritus
1776 4581 1927 4644 San-

422 4689 591 4756 ctus,
627 4681 693 4743 id
741 4698 1001 4762 quoque
1038 4681 1116 4743 ad
1160 4681 1333 4762 quod
1376 4681 1598 4756 tendit,
1633 4681 1929 4744 videlicet

422 4787 662 4845 aeterna
713 4778 1011 4853 felicitas,
1062 4797 1209 4860 quae
1264 4785 1361 4841 est
1404 4778 1559 4842 finis
1609 4779 1677 4842 in
1732 4799 1923 4862 quem

424 4879 631 4943 tendit
680 4895 796 4941 seu
843 4877 1175 4941 ordinatur
1221 4875 1567 4960 Scriptura,
1614 4886 1763 4941 sunt
1808 4879 1929 4941 tibi

424 4978 663 5060 ignota,
718 4975 1023 5058 quoniam
1076 4976 1209 5040 sola
1252 4975 1387 5039 fide
1444 4984 1763 5052 tenentur,
1811 4996 1929 5041 nec

427 5083 703 5160 possunt
750 5074 817 5137 in
861 5074 981 5138 hac
1021 5073 1150 5138 vita
1195 5075 1545 5138 secundum
1590 5076 1929 5138 essentiam

428 5175 605 5249 sciri,
665 5193 873 5256 quum
922 5181 1137 5236 tamen
1190 5191 1310 5237 vox
1368 5172 1487 5236 ista
1542 5173 1931 5236 sensibiliter

432 5271 850 5357 percipiatur.

2040 4295 2232 4351 vento
2274 4285 2531 4369 proprie
2561 4304 2686 4349 non
2719 4285 3018 4349 convenit
3046 4303 3190 4360 vox,
3222 4304 3425 4366 quum
3454 4286 3536 4349 sit

2035 4405 2135 4448 res
2188 4384 2552 4458 inanimata,
2596 4385 2705 4447 sed
2756 4402 2971 4448 sonus.
3013 4381 3264 4458 Quarto,
3306 4382 3536 4465 quoni-

2033 4503 2137 4547 am
2187 4483 2424 4546 scimus
2471 4483 2644 4564 quod
2684 4488 2910 4546 ventus
2953 4481 3126 4545 venit
3172 4480 3252 4543 ab
3289 4481 3536 4562 aquilo-

2036 4601 2137 4656 ne,
2175 4582 2275 4644 vel
2316 4586 2550 4652 austro,
2583 4586 2646 4641 et
2681 4587 2848 4642 recte
2880 4580 3198 4662 procedat,
3232 4597 3360 4643 non
3397 4587 3536 4643 ten-

2035 4683 2192 4744 dens
2241 4680 2309 4742 in
2359 4686 2602 4761 partem
2656 4678 3036 4760 oppositam.
3086 4677 3533 4740 Verumtamen

2036 4781 2158 4842 ista
2213 4778 2334 4840 tria
2385 4784 2758 4858 argumenta
2821 4776 2981 4840 solvi
3041 4784 3322 4858 possent,
3382 4776 3537 4859 quia

2036 4877 2362 4960 Scriptura
2399 4876 2770 4956 frequenter
2808 4873 3115 4937 adscribit
3143 4875 3534 4938 voluntatem

2038 4976 2230 5039 rebus
2272 4972 2656 5048 inanimatiS,
2703 4979 2772 5033 ut
2809 4991 3012 5054 quum
3057 4972 3293 5034 dicitur
3331 4973 3398 5036 in
3434 4973 3535 5037 Jo-

2038 5092 2152 5138 sue
2187 5093 2201 5136 :
2235 5073 2396 5147 Quid
2437 5071 2561 5134 sibi
2606 5071 2830 5135 volunt
2871 5070 3114 5153 lapides
3156 5071 3305 5134 istit
3348 5071 3535 5135 Simi-
3559 5097 3828 5148 mum.

2038 5173 2186 5235 liter
2226 5189 2468 5245 vocem,
2504 5177 2574 5231 ut
2615 5188 2816 5251 quum
2858 5170 2936 5232 ad
2981 5169 3336 5235 Corinthios
3379 5170 3532 5234 dicit

2039 5269 2378 5353 AP⁰⁸t⁰l¹18
2423 5287 2438 5332 ἰ
2480 5267 2627 5341 Quae
2675 5267 2814 5331 sine
2861 5267 3075 5330 anima
3121 5275 3270 5331 sunt
3313 5287 3532 5334 vocem
3561 5238 3827 5347 ⁷¹.⁶⁰''¹'''
