4300 6259
818 459 899 524 88
1587 479 1936 526 ammi-10
1978 477 2042 524 m
2082 476 2222 524 mr.
2267 475 2379 523 xm
2422 477 2610 524 Lucis.
2656 496 2736 507 —
2774 479 2918 524 aar.
2963 478 3154 525 xxxvi

822 667 1016 712 nunc.
1051 649 1144 713 Ab
1174 659 1388 717 austro
1418 651 1704 726 veniunt,
1739 651 1849 733 qui
1886 648 2314 712 arridentibus
2344 647 2394 708 A
2425 649 2660 712 torium
2720 651 3044 731 potestatis
3100 650 3384 727 HerodiS,
3431 653 3589 730 quia
3635 652 3916 712 Herodes

824 745 947 806 sibi
980 749 1323 830 prosperiS,
1350 749 1552 812 nihilo
1582 749 1795 812 minus
1825 746 1949 810 Deo
1977 747 2310 820 inhaerent,
2430 751 2568 809 vult
2611 759 2668 809 te
2704 751 3006 810 occidere.
3048 748 3222 823 Quod
3271 751 3348 812 de
3393 748 3636 812 Herode
3681 747 3915 830 Antipa
4240 821 4241 836 χ

826 843 891 905 in
924 845 1156 908 talibus
1185 848 1311 911 Deo
1348 848 1579 929 gratias
1621 846 1987 920 referenteS,
2024 852 2086 908 et
2115 845 2314 925 magis
2422 844 2563 908 filio
2593 845 2854 910 Herodis
2884 847 3278 923 Ascalonitae,
3306 848 3418 929 qui
3449 846 3677 910 occidit
3705 845 3914 909 infan-
3981 861 4196 910 Maxim,

824 942 1152 1007 offendere
1192 954 1567 1020 metuenteS,
1613 946 1777 1008 sicut
1813 944 1879 1006 B.
1914 944 2131 1007 Petrus
2173 943 2317 1006 hor·
2426 951 2541 1020 tes,
2595 951 2691 1007 est
2738 945 3246 1026 intelligendum.
3299 945 3509 1018 Porro,
3561 947 3912 1008 secundum
3943 927 4014 968 ¹⁸·

536 1057 689 1101 lpetr.
706 1060 797 1109 n,9.

589 1645 755 1690 Ezech.

536 1721 694 1759 xxxvii,
716 1713 759 1752 9.

624 1930 696 1986 30

540 3236 681 3292 Αροσ.
702 3250 746 3288 ιι,
760 3237 801 3279 4.

540 3528 557 3573 1
574 3527 678 3574 eor.
691 3530 803 3581 κήξ..

824 1049 994 1104 tatur
1036 1062 1049 1106 :
1090 1043 1329 1107 Gratias
1378 1046 1543 1125 agite
1580 1044 1727 1120 Deo,
1766 1044 1877 1126 qui
1919 1063 2029 1106 vos
2070 1043 2318 1105 vocavit

828 1141 893 1204 in
942 1143 1315 1206 admirabile
1352 1144 1569 1207 lumen
1610 1162 1819 1205 suum.
1854 1143 2012 1205 Hinc
2052 1142 2318 1223 insuper

828 1247 1092 1315 constat,
1126 1244 1297 1324 quod
1340 1243 1662 1306 moraliter
1697 1241 1912 1316 fando,
1956 1241 2034 1303 ab
2074 1241 2318 1303 oriente

830 1340 1094 1402 veniunt
1124 1341 1391 1415 nobileS,
1415 1341 1494 1404 ab
1523 1341 1850 1404 occidente
1882 1339 2214 1421 ignobileS,
2238 1339 2317 1401 ab

826 1445 1040 1502 austro
1089 1439 1337 1515 divites,
1381 1440 1459 1502 ab
1508 1440 1807 1522 aquilone
1855 1456 2214 1521 pauperes:
2259 1446 2322 1499 et

830 1537 907 1598 de
956 1537 1056 1599 his
1113 1538 1412 1602 omnibus
1470 1539 1669 1621 aliqui
1728 1538 2165 1601 salvabuntur.
2227 1536 2320 1597 Ad

828 1636 998 1717 quod
1042 1636 1201 1698 illud
1252 1636 1600 1700 Ezechielis
1645 1644 1970 1719 coaptatur
2014 1655 2027 1699 ε
2071 1636 2122 1697 Α
2165 1656 2322 1718 qua-

829 1742 973 1798 tuor
1029 1736 1235 1798 ventis
1294 1737 1438 1800 coeli
1498 1736 1667 1811 veni,
1720 1736 2006 1818 spiritua,
2056 1734 2322 1798 insuffla

831 1853 1025 1915 super
1062 1833 1429 1899 interfectos
1469 1835 1645 1908 istOS,
1690 1841 1752 1896 et
1792 1834 2195 1898 reviviscant.

911 1934 995 1993 Ec
1031 1953 1166 1992 ecce
1201 1944 1354 1994 sunt
1398 1934 1757 2005 novissimi,
1802 1935 1919 2012 qui
1960 1943 2149 1994 erant
2180 1934 2322 2010 pri-

828 2031 949 2099 mi,
989 2030 1109 2093 hoc
1150 2037 1265 2106 est,
1310 2029 1531 2105 Judaei,
1566 2031 1677 2112 qui
1721 2038 1867 2092 ante
1908 2029 2177 2110 gentiles
2221 2029 2321 2092 fu-

828 2135 1016 2189 erunt
1055 2128 1132 2189 ad
1180 2128 1410 2192 Christi
1450 2128 1649 2191 fidem
1687 2129 2019 2206 admoniti,
2061 2137 2321 2211 propter

828 2242 1007 2287 suam
1039 2225 1545 2288 incredulitatem
1578 2233 1726 2288 sunt
1764 2225 1913 2288 facti
1953 2227 2218 2288 extremi
2259 2235 2321 2289 et

828 2322 1060 2397 ultimi,
1111 2323 1175 2385 id
1232 2331 1329 2386 est
1378 2324 1699 2387 conversis
1755 2323 2103 2405 gentilibus
2158 2331 2322 2406 post-

830 2421 1148 2502 ponendi3
1190 2431 1249 2482 et
1287 2433 1441 2483 sunt
1472 2424 1708 2500 primi,
1738 2425 1857 2502 qui
1892 2433 2080 2484 erant
2110 2425 2323 2484 novis-

824 2521 1005 2590 simi,
1035 2521 1153 2583 hoc
1182 2528 1296 2595 est,
1327 2521 1597 2602 gentiles
1629 2521 1916 2584 conversi
1960 2521 2320 2585 incredulos

828 2627 1287 2698 praecesserunt
1313 2619 1580 2700 ludaeos,
1614 2620 1724 2702 qui
1755 2628 1901 2682 ante
1928 2621 2198 2700 gentiles
2229 2619 2323 2682 fu-

827 2722 1017 2777 erunt
1058 2716 1283 2780 vocati.
1328 2718 1652 2780 Interdum
1702 2737 1961 2800 quoque
2012 2719 2322 2800 contingit

827 2815 998 2896 quod
1040 2812 1254 2896 primi,
1290 2816 1354 2878 id
1398 2823 1494 2878 est
1534 2816 1599 2878 in
1638 2816 1839 2897 gratia
1888 2825 2079 2898 atque
2124 2818 2324 2880 virtu-

827 2912 1001 2974 tibus
1041 2911 1474 2994 perfectioreS,
1518 2913 1689 2977 fiunt
1732 2915 2087 2991 novissimi,
2123 2916 2189 2978 id
2228 2925 2323 2979 est

2428 1043 2755 1126 Cyrillum,
2791 1043 3085 1108 Pharisaei
3116 1045 3182 1106 hi
3217 1045 3334 1107 ista
3365 1044 3529 1107 malo
3557 1043 3690 1106 zelo
3718 1043 3914 1107 locuti

2401 1150 2599 1218 sunt,
2633 1151 2936 1224 tanquam
2979 1143 3301 1224 provocati
3342 1150 3559 1206 contra
3597 1141 3915 1205 Christum

2431 1249 2693 1323 propter
2735 1241 2930 1304 verba
2972 1241 3198 1324 ipsius,
3232 1241 3472 1323 quibus
3513 1241 3782 1321 gentiles
3817 1240 3924 1302 Ju-

2431 1339 2582 1403 daeis
2633 1340 3002 1422 praeposuit.
3049 1340 3169 1402 Alii
3221 1340 3484 1421 quidam
3533 1339 3919 1408 existimant,

2431 1439 2601 1521 quod
2653 1437 2815 1502 forte
2863 1439 3061 1521 aliqui
3113 1457 3332 1502 eorum
3373 1439 3542 1502 bono
3581 1438 3715 1501 zelo
3750 1437 3928 1500 dixe-

2435 1547 2583 1600 runt
2631 1537 2770 1600 ista.
2837 1537 2961 1600 Cur
3010 1546 3223 1600 autem
3270 1536 3545 1600 Herodes
3603 1536 3926 1618 quaesierit

2433 1636 2750 1699 Christum
2788 1635 3098 1710 occidere,
3132 1635 3332 1717 aliqui
3371 1635 3715 1718 opinantur
3752 1636 3926 1716 quod

2434 1735 2574 1798 ideo
2619 1753 2632 1797 :
2681 1734 2984 1816 quoniam
3027 1733 3325 1797 audiebat
3370 1741 3460 1796 tot
3500 1732 3701 1795 millia
3741 1733 3922 1814 sequi

2358 1831 2403 1893 B
2433 1819 2774 1907 Christum,
2811 1832 3254 1915 suspicabatur
3292 1851 3372 1894 ne
3403 1831 3565 1894 forte
3602 1850 3639 1892 a
3677 1831 3923 1894 Christo

2431 1939 2734 2012 tanquam
2796 1949 2832 1992 a
2895 1929 3148 1994 Galilaeo
3212 1930 3634 1994 concitaretur
3697 1930 3922 1994 seditio

2431 2038 2649 2094 contra
2689 2047 2956 2110 regnum
2998 2048 3208 2091 suum.
3243 2029 3353 2090 Vel
3395 2028 3557 2092 forte
3595 2027 3921 2090 finxerunt

2431 2131 2622 2203 istud,
2659 2135 2731 2190 ut
2759 2127 3079 2191 Christum
3109 2135 3420 2190 terrerent
3447 2134 3510 2189 et
3538 2126 3914 2208 effugarent.

2525 2231 2608 2290 Et
2647 2229 2744 2288 ait
2783 2228 2921 2286 illis
2949 2247 2972 2286 .·
3005 2231 3124 2294 Ite,
3165 2226 3362 2286 dicite
3401 2227 3589 2302 vulpi
3628 2226 3761 2294 illi,
3800 2223 3920 2286 hoc

2431 2334 2526 2389 est
2565 2325 2792 2388 callido
2832 2331 2896 2385 et
2933 2324 3149 2387 doloso
3179 2323 3427 2386 Herodi.
3459 2322 3694 2404 Vulpes
3732 2322 3924 2404 quip-

2433 2443 2536 2507 pe,
2587 2424 2939 2486 secundum
2993 2420 3240 2496 Bedam,
3283 2427 3378 2484 est
3423 2420 3656 2482 animal
3700 2419 3924 2481 fraude

2434 2524 2721 2606 plenum,
2757 2521 2821 2583 in
2864 2520 3066 2584 foveis
3109 2521 3186 2582 ad
3227 2519 3657 2582 insidiandum
3699 2519 3922 2594 latenS,

2432 2622 2624 2686 odore
2671 2619 2924 2692 foetenS,
2983 2625 3044 2680 et
3093 2637 3420 2700 nunquam
3481 2617 3707 2679 itinere
3757 2624 3928 2680 recto

2434 2720 2758 2783 incedens.
2792 2717 2895 2781 Sic
2926 2717 3226 2800 princeps
3258 2717 3542 2798 iniquuS,
3571 2723 3665 2778 est
3694 2715 3928 2777 animal

2434 2839 2549 2902 per
2581 2818 2774 2882 vitam
2807 2817 3160 2891 bestialem,
3195 2816 3452 2880 dolosus
3484 2833 3598 2897 per
3627 2813 3934 2877 callidita-

2433 2927 2584 2993 tem,
2629 2918 2694 2979 in
2731 2916 2934 2981 foveis
2974 2917 3197 2990 latenS,
3232 2915 3352 2977 hoc
3391 2923 3488 2976 est
3527 2914 3932 2977 simulatione

831 3010 1101 3093 pejoreS,
1143 3013 1297 3093 quia
1345 3013 1649 3093 paulatim
1699 3021 2055 3097 tepescunt,
2098 3033 2325 3096 quem-
2356 3015 2399 3078 C
2433 3025 2494 3080 et
2557 3016 2927 3099 duplicitate
2986 3033 3166 3077 suam
3238 3013 3612 3096 pravitatem
3669 3013 3933 3076 abscon-

831 3111 1173 3173 admodum
1213 3110 1279 3172 in
1320 3111 1696 3195 Apocalypsi
1728 3112 1889 3176 Deus
1922 3113 2173 3177 cuidam
2207 3115 2325 3176 im-

834 3216 1131 3291 properat
1162 3228 1175 3273 :
1210 3209 1420 3274 Habeo
1458 3211 1795 3275 adversum
1833 3221 1917 3287 te,
1950 3214 2123 3294 quod
2169 3213 2326 3275 cari-

832 3314 1025 3369 tatem
1054 3313 1229 3370 tuam
1261 3308 1535 3390 primam
1567 3309 1903 3391 reliquisti.
1932 3310 2322 3391 Augustinus

830 3424 1089 3488 quoque
1124 3425 1137 3469 :
1175 3406 1336 3481 Vidi,
1371 3407 1604 3489 inquit,
1639 3409 1859 3472 cedros
1898 3408 2119 3472 Libani
2165 3411 2326 3472 ceci-

833 3503 1022 3567 disse.
1057 3505 1201 3567 Ideo
1239 3515 1454 3568 monet
1493 3506 1829 3588 Apostolus
1864 3526 1877 3570 :
1910 3505 2025 3580 Qui
2059 3515 2201 3583 stat,
2238 3509 2326 3573 vi-

831 3604 973 3666 deat
1002 3620 1081 3665 ne
1112 3604 1305 3666 cadat.
1330 3603 1516 3666 Fiunt
1543 3605 1733 3666 etiam
1766 3605 1981 3686 primi,
2001 3607 2112 3687 qui
2146 3615 2326 3670 erant

2434 3119 2612 3189 denS,
2647 3122 2838 3197 atque
2869 3114 3178 3176 insidians
3211 3131 3325 3194 per
3355 3113 3763 3193 excogitatam
3795 3130 3930 3174 ver-

2435 3215 2691 3288 sutiam,
2737 3213 2967 3276 foetens
3019 3230 3132 3294 per
3174 3211 3406 3273 malam
3445 3209 3700 3284 famam,
3737 3228 3930 3272 curve

2435 3315 2738 3376 incedens
2771 3330 2885 3394 per
2915 3310 3460 3375 conversationem
3492 3309 3816 3391 injustam.
3843 3308 3932 3372 Si-

2434 3412 2571 3474 mili
2637 3412 2828 3474 modo
2893 3411 3058 3472 Deus
3119 3426 3233 3492 per
3289 3408 3510 3470 Isaiam
3580 3407 3931 3472 nominavit

2432 3510 2638 3573 Achaz
2688 3509 2974 3591 vulpem.
3031 3511 3190 3570 Ecce
3237 3508 3428 3584 ejicio
3475 3508 3821 3574 daemonia,
3869 3518 3929 3568 ec

2432 3612 2744 3671 sanitates
2765 3608 3061 3685 perficio,
3086 3607 3206 3669 hoc
3236 3613 3352 3681 est,
3387 3604 3718 3685 languidos
3749 3623 3922 3680 cure,

832 3701 1177 3776 novissimi,
1204 3703 1357 3764 dum
1389 3703 1679 3766 homines
1711 3703 1921 3767 vitiosi
1954 3705 2324 3786 poenitendo
2435 3709 2624 3769 hodie
2650 3718 2709 3768 et
2738 3727 2904 3775 cras,
2938 3705 3003 3767 id
3033 3710 3148 3778 est,
3185 3723 3356 3766 nunc
3395 3710 3456 3766 et
3494 3710 3778 3784 tempore
3816 3722 3928 3785 op-

831 3809 1125 3863 crescunt
1152 3801 1217 3863 in
1251 3801 1420 3865 viros
1451 3801 1762 3864 virtutum
1790 3820 1803 3864 :
1839 3802 1903 3866 in
1936 3804 2173 3886 quibus
2207 3805 2325 3867 im-
2436 3815 2731 3889 portuno,
2765 3822 3104 3887 quousque
3153 3803 3217 3866 in
3267 3820 3529 3884 corpore
3578 3801 3682 3884 hic
3724 3802 3925 3864 subsi-

835 3897 1045 3980 pletur
1083 3898 1240 3962 illud
1278 3899 1584 3982 Apostoli,
1618 3900 1734 3963 Ubi
1776 3902 2123 3964 abundavit.
2168 3903 2323 3966 deli·
2436 3913 2553 3968 sto.
2590 3904 2736 3968 Cras
2765 3904 2937 3966 enim
2970 3902 3036 3965 in
3076 3901 3419 3984 Scripturis
3457 3901 3768 3982 accipitur
3807 3920 3920 3982 pro

832 4004 1028 4072 ctum,
1075 3999 1547 4079 superabundat
1594 4007 1657 4062 et
1700 4001 1921 4082 gratia.
1974 4000 2317 4078 Postremo,
2431 4010 2718 4084 tempore
2750 4002 3135 4083 propinquo,
3169 4000 3333 4062 sicut
3373 4000 3440 4061 in
3479 3998 3701 4062 Genesi
3732 3998 3917 4062 Jacob

830 4094 1048 4170 Primi,
1083 4095 1202 4159 hoc
1243 4103 1338 4158 est
1375 4097 1589 4177 magni
1628 4106 1691 4161 et
1729 4099 1951 4182 inclyti
1993 4100 2057 4161 in
2090 4101 2322 4164 saeculo
2433 4100 2668 4162 effatur
2719 4119 2732 4162 z
2792 4099 2938 4163 Cras
2999 4098 3408 4180 respondebit
3462 4097 3621 4159 mihi
3676 4096 3920 4177 justitia
3980 4117 4192 4162 cmm.

833 4193 974 4268 isto,
1009 4202 1157 4256 sunt
1200 4194 1265 4256 in
1304 4193 1523 4258 futuro
1563 4197 1815 4272 saeculo,
1852 4199 2107 4279 quando
2152 4200 2324 4262 dam·
2355 4199 2404 4260 D
2434 4217 2594 4262 mea.
2639 4201 2726 4260 Ec
2778 4201 2968 4259 tertia
3016 4199 3124 4257 die
3168 4215 3593 4266 consummor,
3637 4195 3756 4258 hoc
3801 4203 3914 4270 est,
3944 4183 4005 4224 ³³·
4240 4199 4241 4204 ’

832 4299 1085 4367 nantur,
1129 4293 1502 4374 novissimi3
1544 4302 1607 4356 et
1645 4295 1757 4376 qui
1798 4295 1906 4359 hic
1947 4304 2324 4378 reputantur
2434 4297 2645 4360 statim
2690 4303 2831 4379 post
2876 4303 3127 4378 tempus
3177 4294 3508 4377 praefatum
3546 4293 3819 4370 occidar,
3859 4301 3920 4355 et

833 4390 1184 4466 novissimi,
1227 4391 1290 4453 id
1330 4398 1427 4454 est
1464 4391 1621 4455 viles
1660 4400 1724 4454 et
1773 4395 2073 4476 despecti,
2119 4395 2185 4457 in
2227 4395 2324 4458 fu·
2435 4395 2876 4478 implebuntur
2903 4413 3047 4476 quae
3076 4395 3154 4456 de
3194 4411 3296 4455 me
3327 4392 3756 4476 praedixerunt
3780 4391 3921 4455 Pro-

832 4494 975 4552 turo
1005 4487 1175 4551 fiunt
1204 4489 1418 4570 primi,
1453 4491 1607 4552 dum
1638 4491 1913 4554 humiles
1946 4493 2010 4554 in
2052 4494 2323 4558 coelesti-
2435 4494 2663 4577 phetae.

834 4585 955 4648 bus
1004 4586 1359 4650 exaltantur
1410 4607 1424 4651 ε
1477 4607 1623 4651 nam
1675 4597 1743 4652 ut
1788 4589 2017 4654 Paulus
2062 4592 2318 4670 fatetur,
2532 4595 2981 4656 Verumtamen
3009 4600 3251 4668 oportet
3279 4609 3398 4663 me,
3423 4588 3544 4652 hoc
3571 4595 3686 4664 est,
3707 4589 3786 4650 ad
3817 4589 3918 4652 ho-
4041 4592 4110 4648 33

540 3912 669 3956 Rom.
682 3927 722 3963 v,
735 3914 802 3956 2⁰.

542 4695 559 4739 1
574 4695 679 4740 Cor.
695 4709 724 4747 ι,
738 4698 805 4740 2⁷.

632 4983 699 5040 31

834 4682 982 4757 Quae
1012 4684 1204 4748 stulta
1232 4694 1382 4749 sunt
1409 4687 1630 4750 mundi
1662 4688 1851 4769 elegit
1878 4689 2057 4765 DeuS,
2085 4698 2155 4753 ut
2184 4711 2325 4756 con-

834 4781 1059 4845 fundat
1098 4783 1436 4866 sapienteS,
1474 4792 1536 4847 et
1574 4785 1833 4848 infirma
1872 4789 2093 4851 mundi
2134 4789 2323 4871 elegit

835 4880 1021 4958 Deus,
1055 4889 1125 4943 ut
1167 4882 1512 4945 confundat
1552 4882 1758 4947 fortia.

913 4982 997 5042 In
1036 4982 1179 5058 ipsa
1215 4984 1345 5053 die,
1376 5000 1505 5064 qua
1543 4982 1827 5046 Christus
1876 4986 2067 5049 verba
2111 4987 2322 5049 statim

839 5078 1184 5161 praehabita
1216 5080 1395 5156 dixit,
1430 5092 1824 5144 accesserunt
1853 5087 2124 5163 quidam
2156 5088 2326 5147 Pha-

836 5179 1197 5249 risaeorum,
1226 5181 1504 5241 dicentes
1533 5182 1645 5240 ilci
1672 5202 1697 5241 .·
1725 5183 1863 5243 Emi
1892 5183 1969 5244 de
1999 5189 2166 5246 terra
2207 5184 2323 5246 hac

837 5271 1122 5349 Galilaeae,
1154 5285 1213 5334 et
1244 5279 1404 5338 vade
1430 5280 1602 5351 hinc,
1639 5278 1881 5341 scilicet
1922 5286 2101 5342 extra
2138 5283 2323 5343 terri-

2434 4693 2682 4755 minum
2723 4691 2992 4753 salutem
3033 4688 3310 4770 expedit,
3345 4695 3406 4749 et
3435 4705 3537 4749 me
3576 4687 3774 4761 decet,
3809 4706 3918 4750 seu

2432 4791 2624 4853 etiam
2655 4788 3029 4852 necessitate
3061 4786 3486 4849 conditionata
3515 4801 3772 4846 necesse
3800 4793 3917 4858 est,

2435 4897 2504 4950 ut
2552 4885 2999 4971 praeordinatio
3056 4884 3273 4947 divina
3331 4890 3393 4944 et
3450 4882 3798 4964 prophetiae
3844 4883 3922 4944 de

2433 5006 2575 5050 mea
2604 4985 2898 5069 passione
2936 4984 3324 5066 impleantur
3361 4982 3428 5043 in
3468 4999 3590 5054 me,
3623 4981 3833 5052 hodie,
3863 4991 3924 5042 et

2433 5107 2600 5156 crae,
2630 5095 2690 5146 et
2727 5085 3020 5164 sequenti
3055 5084 3186 5154 die,
3220 5081 3338 5144 hoc
3378 5086 3475 5142 est
3515 5097 3628 5160 per
3668 5085 3921 5160 tempus

2431 5183 2902 5266 aliquantulum
2928 5181 3059 5263 jam
3098 5197 3359 5243 currens
3401 5178 3653 5259 citoque
3690 5173 3923 5238 finien-

2435 5283 2610 5358 dum,
2663 5281 2829 5344 sicut
2873 5279 3231 5362 expositum
3291 5283 3404 5352 est,
3457 5277 3809 5345 ambulare,
3858 5275 3918 5336 id
