4300 6259
168 3141 230 3195 11

85 4435 242 4494 Luem,
263 4441 332 4484 2¹.

85 4532 175 4620 'lob
185 4539 333 4588 κιιίδ,

1103 511 1454 558 ENARRATIO
1496 512 1560 558 IN
1603 511 1742 557 cAP.
1787 511 1892 556 XVI
1933 509 2209 557 somms.
2257 527 2336 540 --
2377 511 2520 556 ΛΒΤ.
2567 509 2759 556 xxxix

371 775 585 837 omnis
648 786 922 859 potestas
981 781 1047 843 in
1108 782 1267 845 coelo
1325 789 1387 843 et
1447 781 1512 842 in
1573 789 1759 854 terra,
1814 787 1876 842 et

69 875 548 952 Aa.1,2¹.quod
600 893 726 937 non
771 885 939 940 esset
983 877 1047 939 in
1089 878 1305 959 aliquo
1349 877 1473 939 alio
1513 877 1682 938 salus
1727 896 1740 939 :
1785 877 1877 938 id-

371 988 449 1034 eo
486 970 919 1037 obediendum
962 975 1085 1038 fuit
1127 977 1332 1058 ipsius
1375 975 1730 1057 praeceptis.
1765 975 1876 1036 Vel

371 1070 466 1132 sic
510 1089 524 1132 τ
568 1071 806 1154 Arguet
853 1077 1168 1137 mundum
1217 1076 1294 1137 de
1331 1075 1578 1156 justitia
1618 1074 1872 1148 Christi,

370 1187 568 1248 quam
613 1189 739 1233 non
775 1179 1268 1254 acceptaverunt
1307 1173 1536 1254 iniqui,
1571 1172 1725 1254 quia
1762 1189 1877 1252 ego

369 1267 450 1328 ad
493 1266 742 1330 Patrem
782 1271 941 1333 vado
985 1289 999 1334 :
1045 1289 1161 1353 per
1204 1272 1376 1353 quod
1423 1278 1592 1352 patet
1632 1268 1878 1351 justitia

370 1382 536 1436 mea,
605 1367 900 1430 videlicet
958 1370 1132 1450 quod
1198 1369 1364 1432 dicta
1419 1369 1876 1450 Prophetarum

373 1462 732 1540 verificavi,
785 1466 949 1528 Patri
1003 1467 1069 1528 in
1117 1467 1416 1530 omnibus
1464 1468 1742 1542 obedivi,
1797 1467 1879 1528 ir-

373 1562 970 1642 reprehensibiliter
1009 1565 1164 1628 vixi.
1209 1565 1351 1629 Ideo
1393 1567 1776 1648 acceptanda
1815 1573 1878 1627 et

370 1659 683 1723 imitanda
722 1660 848 1724 fuit
883 1663 1133 1744 justitia
1170 1682 1333 1738 mea,
1371 1664 1669 1727 videlicet
1707 1665 1877 1746 justa

371 1761 774 1824 conversatio
803 1779 966 1823 mea.
1003 1761 1212 1826 Tertio
1252 1762 1344 1824 sic
1380 1781 1392 1825 :
1427 1763 1662 1842 Arguet
1693 1783 1876 1825 mun-

3362 491 3483 556 557

65 771 90 800 ι
94 695 312 810 καειίιιδ..
371 675 527 738 tiam
570 677 826 758 Christi,
861 682 1178 758 videlicet,
1213 685 1384 765 quod
1427 684 1568 746 data
1606 682 1664 745 ei
1709 690 1878 745 esset
1906 680 1958 741 Α
1985 680 2381 761 cogitationis
2429 687 2767 754 tumorem,
2804 679 2986 742 valde
3028 678 3255 742 timere
3299 679 3483 741 debe-

123 773 192 801 vm

1985 798 2128 840 mus
2179 778 2423 840 divinoe·
2454 777 2717 859 justitiae
2763 777 3132 858 judicialem
3182 776 3475 857 rigorem.

1985 875 2144 939 Hinc
2203 877 2375 939 enim
2424 875 2643 938 Petrus
2702 875 2958 937 habet:
3012 874 3074 936 Si
3129 875 3287 936 Deus
3336 893 3483 956 pee-
3542 890 3714 936 uem.
3746 905 3774 943 ι,

1987 975 2279 1037 cantibus
2344 974 2585 1056 angelis
2650 993 2774 1037 non
2836 974 3144 1056 pepercit,
3208 974 3317 1035 sed
3378 955 3552 1034 ru-⁴
3573 957 3613 997 ⁹·

1987 1072 2283 1135 dentibus
2353 1072 2587 1135 inferni
2656 1073 2989 1147 detract08‚
3052 1073 3118 1133 in
3176 1079 3483 1134 tartarum

1986 1173 2245 1234 tradidit
2302 1172 2696 1246 cruciandOS‚
2761 1171 2937 1235 novit
2997 1169 3302 1234 Dominus
3366 1169 3487 1232 ini-

1987 1289 2146 1352 quos
2192 1271 2256 1332 in
2308 1271 2475 1333 diem
2518 1270 2743 1352 judicii
2789 1270 3161 1332 cruciandos
3208 1287 3480 1333 servare.

1988 1368 2293 1451 Denique,
2346 1369 2495 1432 licet
2543 1368 2831 1432 diabolus
2881 1388 2918 1430 a
2976 1368 3295 1450 principio
3352 1386 3484 1430 suae

1989 1467 2191 1529 ruinae
2221 1467 2303 1529 sit
2328 1467 2671 1548 judicatuS,
2707 1474 2768 1528 et
2810 1466 2875 1528 in
2909 1466 3039 1528 fine
3080 1465 3294 1528 saeculi
3328 1483 3486 1547 quo-

1989 1567 2324 1629 dammodo
2378 1565 2783 1648 judicanduS‚
2846 1564 3205 1647 specialiter
3267 1573 3480 1626 tamen

1984 1664 2306 1746 judicatus
2361 1664 2485 1726 fuit
2542 1684 2577 1726 a
2634 1663 2881 1727 Christo
2940 1670 3354 1727 conversante
3414 1662 3480 1725 in

1987 1764 2225 1825 mundo
2269 1782 2281 1826 z
2327 1763 2439 1845 qui
2486 1782 2687 1844 quum
2739 1770 3104 1838 tentaretur,
3149 1761 3310 1824 dixit
3349 1760 3481 1822 dia-

369 1859 528 1920 dum
589 1859 668 1920 de
723 1859 971 1940 justitia
1037 1861 1456 1936 credentium,
1489 1862 1874 1943 'praesertim
1912 1865 1958 1928 B
1985 1860 2153 1936 bolo,
2187 1861 2354 1922 Vade
2394 1868 2581 1935 retro,
2626 1855 2889 1940 Satana3
2936 1868 2997 1921 et
3040 1860 3215 1934 alias,
3257 1858 3321 1920 Si
3361 1858 3481 1923 for·
3525 1879 3724 1926 Manu..
3729 1897 3771 1934 v.

367 1955 823 2037 Apostolorum
867 1977 880 2021 :
924 1957 990 2020 id
1029 1965 1144 2032 est,
1188 1959 1656 2040 comparatione
1692 1959 1876 2040 justi-

369 2054 476 2116 tiae
523 2053 818 2117 fidelium
869 2055 1068 2136 magis
1119 2057 1510 2120 damnabiles
1559 2066 1766 2132 erunt,
1814 2067 1876 2120 et

367 2153 514 2216 ideo
562 2161 912 2235 arguentur
969 2156 1140 2236 quod
1188 2155 1500 2236 justitiam
1563 2157 1877 2220 credenti-

370 2271 482 2314 um
527 2272 653 2315 non
695 2261 847 2315 sunt
885 2254 1130 2334 secuti3
1169 2255 1320 2335 quia
1358 2273 1474 2336 ego
1511 2257 1589 2317 ad
1633 2255 1874 2318 Patrem

371 2354 557 2426 vado,
601 2353 666 2415 id
714 2360 832 2428 est,
886 2353 952 2415 in
1003 2361 1214 2417 vestro
1263 2363 1606 2436 conspectu
1655 2374 1875 2418 ascen-

370 2451 454 2512 do
489 2469 502 2514 :
543 2459 888 2534 propterea
931 2451 1166 2514 imitari
1210 2452 1526 2515 debebant
1560 2453 1872 2535 justitiam

369 2548 528 2611 fidei
575 2558 828 2612 vestrae.
862 2549 1093 2613 Omnes
1135 2552 1565 2634 expositiones
1609 2554 1744 2616 istae
1786 2554 1875 2617 vi-

371 2648 609 2708 dentur
653 2647 804 2710 satis
855 2649 1062 2710 redire
1105 2649 1172 2711 in
1217 2649 1410 2712 idem.
1445 2653 1530 2712 Et
1551 2652 1702 2728 jam
1741 2671 1870 2713 non

373 2749 678 2806 videbitis
715 2767 818 2808 me
857 2747 935 2808 ad
976 2757 1253 2829 tempuS,
1299 2766 1415 2811 nec
1459 2767 1534 2812 eo
1577 2751 1764 2813 modo
1806 2758 1874 2812 ut

371 2863 570 2918 nunc,
613 2844 857 2907 scilicet
906 2844 970 2907 in
1023 2864 1211 2908 carne
1260 2847 1532 2923 mortali,
1577 2867 1695 2910 nec
1744 2857 1872 2911 tam

372 2941 747 3024 frequenter
790 2951 854 3004 et
895 2943 1260 3007 continuate
1305 2952 1373 3006 ut
1413 2953 1580 3022 ante,
1616 2947 1872 3028 quando

373 3049 786 3104 conversatus
829 3060 972 3102 sum
1017 3040 1183 3104 inter
1227 3061 1358 3106 vos‚

479 3143 576 3202 De
617 3139 881 3218 judicio
939 3151 1158 3202 autem
1214 3141 1635 3218 discretionis„
1697 3145 1870 3226 quod

368 3236 766 3319 abjecerunt,
800 3239 900 3301 vel
950 3239 1184 3302 divinae
1228 3239 1662 3317 discussioniS,
1698 3243 1870 3324 quod

369 3355 496 3400 non
545 3338 918 3413 timuerunt,
951 3345 1172 3418 arguet
1216 3357 1345 3413 eoS,
1380 3342 1538 3419 quia
1566 3343 1868 3418 princeps

365 3436 570 3514 hujus
612 3438 869 3508 mundi,
916 3435 980 3498 id
1018 3443 1114 3497 est
1156 3437 1446 3500 diabolus
1490 3457 1637 3500 cum
1681 3440 1868 3501 satel-

367 3534 590 3596 litibus
641 3535 774 3596 suis
823 3537 1165 3598 mundanis
1215 3537 1583 3600 hominibus
1629 3558 1867 3621 praeva-

362 3632 506 3694 lens
555 3651 630 3694 ac
680 3633 1037 3708 dominans,
1067 3636 1218 3713 jam
1249 3637 1596 3714 ⁸judicatus
1642 3647 1750 3710 est,
1800 3638 1866 3701 id

363 3740 462 3794 est
511 3729 886 3813 reprobatus
937 3741 1128 3813 atque
1171 3734 1503 3796 damnatus
1551 3755 1588 3797 a
1638 3754 1760 3812 me,
1803 3744 1865 3799 et

362 3829 520 3892 item
581 3831 658 3892 de
716 3831 906 3892 corde
972 3830 1264 3893 fidelium
1331 3832 1679 3897 electorum
1735 3835 1866 3917 eje-

362 3935 528 3990 ctus.
563 3927 639 3989 Et
677 3927 797 3990 hoc
824 3928 1140 4010 judicium
1175 3931 1466 3993 homines
1506 3931 1866 3996 debuerunt

362 4027 691 4089 attendere
740 4046 888 4089 cum
939 4045 1088 4090 vera
1135 4028 1535 4105 discretione,
1582 4031 1862 4114 itemque

363 4125 620 4188 diabolo
669 4133 974 4207 tanquam
1031 4125 1234 4206 ejecto
1283 4135 1344 4188 et
1392 4128 1559 4192 victo
1616 4129 1864 4194 fortiter

1984 1959 2106 2021 tior
2149 1959 2259 2022 illo
2301 1959 2762 2042 supervenerit,
2810 1931 3106 2020 universa
3150 1977 3299 2020 vasa
3338 1945 3561 2048 ejus¹2
3525 2007 3633 2049 Luc
3647 2009 3772 2060 Μ’,

1984 2057 2283 2139 diripiet3
2317 2074 2689 2138 rursusque,
2722 2055 2903 2119 Nunc
2943 2056 3242 2140 princeps
3282 2055 3477 2137 hujus
3508 2068 3675 2112 Μαωι.
3692 2041 3773 2124 ’xm'

1985 2157 2207 2219 mundi
2252 2156 2546 2237 ejicietur
2586 2155 2777 2218 foras.
3508 2133 3611 2236 23οα
3582 2207 3725 2238 cmx
3698 2209 3771 2250 ιιι,

2077 2259 2313 2317 Adhuc
2363 2259 2569 2318 multa
2624 2256 2701 2317 de
2758 2255 3091 2318 credendis
3148 2263 3211 2316 et
3266 2253 3482 2318 obser·
3510 2259 3576 2299 ³¹·

1985 2355 2229 2429 vandis,
2273 2356 2351 2417 de
2398 2354 2716 2435 mysteriis
2766 2354 2996 2418 Christi
3047 2362 3111 2417 et
3158 2353 3475 2428 Ecclesiae,
3620 2323 3686 2378 ¹²

1983 2453 2060 2514 de
2099 2461 2264 2516 statu
2306 2453 2522 2516 saeculi
2561 2452 2763 2514 futuri
2804 2453 3480 2534 consummationeque

1985 2553 2229 2626 mundi,
2282 2553 2477 2613 habeo
2526 2553 2717 2624 vobis,
2767 2551 2949 2633 quasi
2998 2551 3236 2613 futuris
3284 2551 3479 2614 totius

1983 2651 2206 2712 mundi
2256 2648 2641 2724 doctoribus,
2693 2652 2933 2720 dicere,
2983 2657 3051 2712 ut
3110 2649 3365 2732 possitis
3415 2656 3479 2710 et

1981 2748 2138 2812 alios
2188 2747 2576 2828 informare3
2624 2750 2735 2808 sed
2780 2769 2911 2809 non
2952 2751 3217 2826 potestis
3264 2747 3479 2811 omnia

1985 2847 2093 2908 illa
2135 2857 2398 2925 portare
2446 2847 2513 2908 in
2564 2847 2771 2921 corde,
2827 2847 2888 2908 id
2938 2855 3033 2909 est
3082 2864 3329 2928 capere,
3383 2847 3481 2908 in-

1981 2946 2287 3027 telligere,
2323 2946 2617 3019 retinere,
2650 2948 2836 3007 modo
2866 2965 2888 3006 .·
2918 2945 3223 3027 quoniam
3266 2945 3480 3027 inqui-

1909 3047 1952 3110 C
1981 3045 2088 3118 eti,
2123 3046 2334 3107 tristes
2374 3053 2436 3106 et
2476 3043 2686 3126 pavidi
2730 3044 2901 3106 estis.
2934 3043 3261 3107 Passiones
3302 3044 3476 3107 enim

1979 3162 2183 3224 quum
2240 3143 2480 3205 fuerint
2538 3144 2968 3217 vehemente3‚
3020 3150 3234 3206 actum
3294 3143 3478 3206 ratio-

1980 3243 2078 3304 nis
2123 3241 2397 3304 multum
2442 3241 2821 3324 impediunt.
2866 3241 3041 3304 Unde
3081 3242 3294 3304 anima
3333 3243 3477 3325 qui-

1977 3343 2249 3404 escendo
2296 3340 2375 3403 fit
2422 3341 2723 3423 prudenS.
2770 3339 2845 3402 Et
2891 3338 3004 3404 Job
3057 3341 3147 3402 ait
3194 3359 3207 3404 :
3255 3340 3473 3424 Neque

1978 3459 2239 3522 possum
2297 3446 2585 3501 metuens
2646 3440 3051 3520 respondere.
3116 3439 3260 3503 Ideo
3316 3460 3476 3522 quo-

1975 3557 2102 3620 que
2148 3556 2276 3601 non
2336 3545 2623 3619 poterant
2686 3555 2932 3619 capere,
2987 3537 3291 3619 quoniam
3340 3558 3475 3601 car-

1977 3637 2149 3698 nales
2214 3643 2276 3698 et
2334 3637 2520 3698 rudes
2576 3634 2839 3696 fuerunt
2894 3643 2957 3697 et
3014 3635 3465 3719 improeparati.

1978 3739 2189 3805 Quum
2239 3743 2449 3795 autem
2501 3735 2745 3795 venerit
2796 3734 2909 3794 ille
2957 3737 3255 3812 Spiritus
3307 3739 3472 3796 veri·
3610 3748 3677 3804 13

1979 3836 2149 3905 tatis,
2186 3835 2429 3894 docebit
2480 3852 2586 3893 vos
2632 3852 2887 3893 omnem
2936 3835 3292 3905 veritatem,
3342 3853 3467 3898 non

1975 3932 2354 4014 simpliciter
2408 3949 2685 4004 omnem,
2738 3931 2850 3993 sed
2910 3950 3165 3994 omnem
3216 3933 3294 3995 de
3340 3952 3470 4014 qua

1975 4050 2146 4093 nunc
2193 4031 2437 4112 loquor,
2472 4029 2768 4094 videlicet
2809 4028 3024 4093 omnia
3072 4050 3219 4113 quae
3265 4032 3468 4097 habeo

1973 4128 2155 4192 vobis
2213 4129 2423 4191 dicere
2478 4129 2557 4190 ad
2617 4135 2889 4190 vestram
2949 4129 3217 4191 salutem
3277 4139 3469 4212 atque

3520 3358 3603 3403 lob
3614 3374 3672 3412 ιι,
3686 3363 3753 3404 35.

363 4223 687 4298 reluctari,
736 4224 937 4288 divini
998 4243 1255 4307 quoque
1311 4225 1538 4306 judicii
1589 4228 1863 4308 rigorem
1897 4232 1944 4292 D
1972 4225 2269 4290 Ecclesiae
2298 4227 2803 4300 instructionem,
2839 4227 3156 4307 quomodo
3187 4227 3315 4290 dixi
3345 4231 3470 4309 (ca-

361 4341 436 4384 ac
481 4328 853 4404 potestatem
893 4324 1121 4399 vereri,
1155 4343 1231 4387 eo
1270 4327 1441 4406 quod
1480 4326 1642 4388 Dcus
1688 4328 1866 4409 prin-

363 4420 578 4502 cipem
627 4420 822 4502 hujus
869 4423 1092 4483 mundi
1153 4430 1278 4484 tam
1341 4431 1683 4505 potentem,
1738 4425 1866 4490 for-

363 4526 496 4580 tem
545 4526 882 4594 armatum,
929 4537 1138 4600 regem
1189 4519 1472 4583 filiorum
1521 4525 1859 4606 superbiae‚

366 4617 554 4697 cujus
618 4618 910 4699 potestati
971 4637 1097 4681 non
1164 4627 1260 4681 est
1317 4628 1590 4701 potestas
1648 4623 1865 4706 aliqua

365 4733 564 4797 super
606 4723 839 4777 terram
888 4716 1356 4799 comparabiliS‚
1401 4727 1528 4781 tam
1578 4721 1863 4785 districte

365 4813 766 4877 damnaverit
806 4833 820 4877 :
863 4832 940 4876 ex
991 4834 1119 4897 quo
1173 4823 1342 4897 patet
1390 4819 1562 4898 quod
1605 4817 1862 4900 fragiles

365 4911 852 5000 imbecillesque
927 4912 1215 4977 homines
1291 4913 1594 4978 facillime
1666 4920 1866 5000 possit

365 5010 692 5072 damnare.
745 5010 820 5072 Et
869 5012 1112 5093 utique,
1166 5013 1219 5074 si
1281 5032 1620 5095 pensemus
1669 5036 1863 5127 quam

367 5109 682 5172 horrende
731 5116 794 5172 et
835 5109 1211 5174 festinanter
1253 5112 1416 5174 Deus
1461 5133 1497 5174 a
1547 5113 1866 5198 principio

297 5207 728 5312 principem
787 5209 1149 5273 daemonum
1207 5229 1355 5274 cum
1415 5211 1546 5273 suis
1605 5211 1869 5276 fautori-

297 5271 490 5368 2'bus
521 5305 754 5387 dejecit
782 5314 846 5369 et
875 5308 1339 5384 condemnavit,
1376 5318 1636 5392 propter
1667 5329 1865 5374 unum

1976 4325 2181 4407 pitulo
2237 4325 2647 4408 praecedenti)
2698 4343 2711 4386 :
2764 4322 2987 4386 Omnia
3044 4344 3467 4409 quaecumque
3512 4343 3758 4398 Joanmv,

1973 4423 2189 4487 audivi
2233 4442 2270 4485 a
2308 4424 2485 4485 Patre
2530 4441 2694 4497 meo,
2738 4431 2885 4486 nota
2926 4422 3049 4486 feci
3093 4423 3295 4487 vobis.
3337 4425 3465 4491 Hoc
3498 4410 3563 4453 ¹⁵·

1974 4522 2098 4585 fuit
2135 4522 2201 4584 in
2244 4523 2346 4584 die
2385 4521 2779 4585 Pentecostes
2817 4521 3176 4603 impletum,
3211 4526 3465 4604 quando

1975 4620 2249 4702 Spiritus
2298 4620 2548 4684 Domini
2598 4619 2867 4702 replevit
2916 4620 3303 4701 primitivam
3352 4621 3465 4686 Ec·
3512 4649 3721 4700 mam

1973 4720 2233 4782 clesiam
2294 4719 2358 4781 in
2415 4718 2716 4783 omnibus
2773 4719 2852 4780 ad
2911 4717 3115 4801 ipsam
3176 4729 3466 4802 spectan-

1972 4818 2168 4881 tibus.

2055 4917 2362 4998 Deinceps
2402 4915 2685 4979 Christus
2724 4915 3000 4980 ostendit
3037 4935 3153 4978 cur
3190 4916 3465 5000 Spiritus

1975 5015 2240 5078 Sanctus
2283 5015 2365 5078 sit
2404 5016 2483 5077 ad
2527 5015 2971 5077 instruendum
3018 5023 3143 5077 tam
3189 5017 3469 5098 perfecte

1977 5115 2264 5177 idoneuS.
2302 5115 2447 5176 Non
2484 5115 2661 5175 enim
2700 5118 2996 5194 loquetur
3034 5135 3075 5175 a
3111 5119 3463 5196 semetipse,

1979 5215 2097 5275 hoc
2145 5220 2260 5286 est,
2303 5231 2429 5275 non
2480 5230 2590 5276 vos
2637 5212 3029 5275 illuminabit
3070 5232 3185 5294 per
3234 5215 3474 5279 allocu—

1979 5311 2219 5374 tionem
2253 5309 2587 5387 internam,
2622 5311 2855 5374 virtute
2892 5319 3003 5374 aut
3039 5313 3307 5376 scientia
3344 5333 3471 5378 non
