4300 6259
789 491 908 556 154

1577 513 1928 560 mantano
1967 514 2030 560 m
2071 515 2213 562 m.
2256 513 2411 562 xm
2448 515 2643 562 Lm.
2682 533 2767 546 —
2806 515 2950 561 m.
2996 515 3097 562 m

785 683 942 743 duas
989 683 1318 748 occidetur
1351 685 1674 766 Christus;
1707 696 1770 750 et
1818 707 1934 770 per
1973 687 2287 769 Sophoni-
2312 686 2365 747 A
2388 707 2499 748 sus
2538 689 2927 750 Nazarenus
2964 689 3299 757 transiret,
3334 687 3477 750 ideo
3512 685 3621 748 alii
3662 703 3879 748 seeum

487 787 758 843 δορὶ-ιβ·
782 800 910 854 am,
957 781 1266 865 Exspecta
1311 803 1438 857 me,
1481 786 1640 848 dicit
1683 787 2012 862 DominuS‚
2063 788 2128 848 in
2178 788 2283 850 die

785 882 1268 945 resurrectionis
1311 903 1468 946 meae
1507 885 1574 946 in
1617 885 1932 948 futurum.

871 979 1088 1062 ltaque
1135 980 1422 1044 Christus
1481 984 1842 1066 passionem
1889 1003 2068 1046 suam
2121 1004 2285 1067 prae—

781 1077 964 1143 dixit.
997 1087 1068 1139 ut
1111 1097 1186 1140 ea
1235 1080 1517 1162 impleta,
1558 1100 1636 1144 ex
1683 1083 1792 1144 tali
1845 1084 2283 1164 praenuntiati-

781 1195 904 1239 one
961 1177 1404 1241 roboraremur
1449 1181 1516 1241 in
1575 1180 1726 1254 fide,
1777 1183 2050 1244 scientes
2104 1183 2281 1263 quod

781 1277 990 1336 sciens
1027 1285 1092 1338 et
1131 1286 1518 1358 spontaneus
1549 1280 1724 1341 venit
1761 1281 1838 1342 ad
1879 1280 2279 1362 passionem3

783 1373 958 1443 item,
1005 1382 1076 1436 ut
1122 1376 1426 1458 discipuli
1475 1378 1574 1439 sui
1625 1385 1912 1460 tempore
1957 1397 2090 1442 suae
2137 1399 2283 1461 pas-

779 1473 978 1535 sionis
1035 1475 1248 1536 minus
1307 1476 1720 1539 turbarentur
1773 1485 1836 1539 et
1891 1478 2280 1540 seandaliza-

781 1582 1020 1649 rentur,
1039 1583 1544 1638 resurrecturum
1579 1595 1840 1658 quoque
1867 1576 2283 1640 confiderent.

777 1670 994 1734 lacula
1029 1673 1202 1734 enim
1248 1675 1516 1756 praevisa
1557 1675 1772 1737 minus
1817 1674 2074 1738 laedunt.

875 1773 956 1832 Ec
1005 1772 1136 1848 ipsi
1181 1774 1358 1832 nihil
1397 1773 1632 1834 horum
1680 1775 2173 1843 intellexerunt,
2216 1783 2281 1834 et

2390 786 2757 847 transirent.

2470 886 2559 946 Ee
2602 887 2939 954 clamavit,
2976 887 3201 944 dt'eens
3236 906 3261 944 .·
3290 888 3443 946 Iesu
3486 885 3595 961 fili
3644 883 3877 952 David,

2390 985 2689 1044 miserere
2716 985 2867 1042 mei.
2888 981 3186 1054 Quamvis
3224 983 3395 1046 enim
3423 982 3635 1044 lesum
3668 999 3880 1063 eorpo-

2390 1080 2605 1142 raliter
2634 1099 2955 1162 nunquam
2986 1081 3259 1150 vidisset.
3282 1089 3487 1144 tamen
3516 1099 3594 1143 ex
3622 1079 3881 1143 aliorum

2390 1179 2591 1240 relatu
2624 1187 2687 1240 et
2714 1177 2884 1241 fama
2912 1197 3059 1241 eum
3090 1181 3405 1260 cognovit,
3438 1179 3881 1258 Christumque

2390 1278 2681 1340 credidit.
2734 1277 2811 1340 Et
2860 1279 3165 1360 quoniam
3224 1287 3395 1341 tanta
3442 1297 3589 1340 eum
3641 1277 3885 1339 audivit

2390 1385 2791 1458 perpetrasse
2838 1376 3167 1450 miracula,
3200 1396 3347 1438 cum
3388 1375 3611 1458 grandi
3654 1375 3885 1438 clamo-

2390 1493 2481 1547 re,
2525 1491 2604 1536 ex
2650 1475 2897 1537 ardenti
2948 1475 3237 1536 sanitatis
3282 1473 3543 1546 affectu,
3590 1473 3883 1536 clamavit

2390 1581 2463 1634 ut
2498 1572 2621 1634 sibi
2664 1579 3084 1636 succurreret.
3116 1572 3351 1635 Filium
3392 1589 3654 1653 quoque
3688 1570 3879 1632 David

2390 1673 2659 1743 vocavit,
2692 1671 2995 1754 quoniam
3044 1672 3216 1754 apud
3262 1671 3507 1734 Judaeos
3556 1670 3877 1751 vulgatum

2386 1769 2533 1842 fuit,
2567 1779 2631 1832 et
2670 1789 2835 1853 pene
2862 1770 3163 1833 omnibus
3190 1770 3537 1851 cognitum,
3566 1769 3739 1851 quod
3772 1786 3879 1830 rex

777 1877 920 1927 erat
949 1871 1209 1929 verbum
1255 1873 1434 1930 istud
1468 1872 1916 1932 absconditum
1943 1875 2026 1932 ab
2059 1875 2181 1939 eis,
2212 1873 2275 1934 id
2314 1867 2360 1928 B
2387 1868 2640 1930 Messias
2686 1887 2767 1931 ex
2814 1868 3011 1931 David
3068 1868 3313 1930 semine
3362 1875 3747 1930 nasceretur.
3796 1868 3879 1928 R

775 1974 873 2026 est
921 1967 1338 2047 incognitum,
1370 1979 1430 2028 et
1468 1989 1600 2029 non
1639 1972 2091 2046 intelliyebant
2133 1991 2279 2048 quoe

771 2067 1160 2126 dicebantur
1185 2084 1224 2126 a
1260 2065 1508 2130 Christo
1551 2068 1632 2130 de
1668 2087 1784 2130 sua
1824 2068 1942 2131 hac
1981 2068 2277 2150 passione

773 2172 838 2224 et
885 2165 1370 2228 resurrectione.
1423 2165 1490 2228 ln
1539 2185 1670 2247 quo
1721 2175 1894 2249 patet
1941 2185 2169 2247 magna
2214 2175 2277 2228 et

775 2263 938 2324 mira
991 2281 1214 2325 eorum
1273 2265 1674 2347 simplicitas,
1728 2285 1932 2347 quum
1987 2265 2277 2328 Christus

771 2367 900 2423 tam
959 2363 1438 2426 evidentissime
1499 2364 1891 2446 loqueretur.
1949 2363 2070 2426 Sed
2133 2365 2277 2447 ejus

774 2461 1176 2542 praeentiam
1218 2470 1466 2523 tantum
1509 2463 1830 2536 amabant,
1863 2465 2038 2544 quod
2083 2464 2279 2526 verba

773 2560 852 2620 de
905 2578 1020 2620 sua
1073 2558 1394 2624 ablatione
1439 2569 1504 2622 et
1549 2570 1756 2625 morte
1805 2563 1998 2624 corda
2051 2581 2279 2624 eorum

777 2676 900 2720 non
935 2657 1370 2729 intraverunt:
1401 2668 1464 2721 et
1493 2660 1728 2734 denuo,
1760 2661 2064 2741 quoniam
2097 2661 2277 2725 Chri-

777 2765 912 2817 stus
957 2755 1052 2818 eis
1097 2757 1450 2839 saepissimc
1491 2759 1554 2819 in
1607 2758 1928 2840 parabolis
1977 2759 2283 2840 loqueba-

777 2863 905 2924 tur,
952 2855 1142 2916 etiam
1193 2873 1342 2917 eum
1393 2875 1566 2917 nunc
1621 2856 1866 2938 aliquid
1917 2857 2279 2939 parabolice

781 2951 958 3032 loqui
1001 2951 1164 3015 forte
1208 2952 1536 3033 putabant.

2384 1971 2505 2048 qui
2532 1971 2857 2046 proeibanc
2882 1967 3121 2040 lesum,
3153 1967 3321 2029 sicut
3365 1985 3579 2048 regem
3618 1966 3879 2048 quidam

2387 2067 2747 2149 precedere
2794 2067 3023 2132 solent.
3058 2067 3478 2145 increpabant
3502 2085 3651 2126 eum
3686 2074 3759 2126 ut
3788 2075 3881 2125 ta-

2384 2174 2577 2234 ceret,
2622 2164 2725 2226 vel
2782 2163 3081 2226 attaediati
3128 2162 3515 2226 clamoribus
3566 2163 3731 2244 ejus,
3780 2160 3877 2223 vel

2384 2271 2741 2324 metuentes
2772 2279 2853 2324 ne
2882 2261 3169 2324 Christus
3198 2261 3339 2341 ejus
3378 2259 3763 2323 clamoribus
3788 2259 3883 2322 of-

2384 2362 2775 2434 fenderetur,
2826 2360 2929 2423 vel
2975 2361 3130 2442 quia
3176 2359 3477 2423 nolebant
3526 2357 3648 2420 iter
3692 2376 3877 2420 suum

2384 2480 2533 2524 cum
2590 2459 2841 2523 Christo
2902 2459 3230 2521 retardari.
3280 2461 3427 2534 Ipse
3482 2477 3627 2518 vero
3682 2461 3880 2516 multo

2384 2561 2599 2635 maqt's
2652 2560 2977 2619 clamabat
3028 2579 3055 2617 .·
3104 2559 3245 2618 Fili
3290 2559 3533 2628 David,
3588 2557 3882 2615 miserere

2386 2659 2528 2719 mei.
2564 2657 2763 2719 Tanto
2790 2655 3091 2738 equidem
3128 2654 3269 2735 ejus
3304 2652 3563 2716 affectio
3591 2654 3657 2715 in
3692 2671 3761 2714 se
3794 2653 3883 2734 ip-

2388 2775 2457 2818 sa
2501 2755 2981 2828 incendebatur,
3022 2761 3086 2816 et
3124 2752 3347 2816 fortior
3378 2752 3767 2832 calidiorque
3802 2750 3883 2814 fi·-

2388 2854 2555 2928 ebat,
2584 2863 2779 2936 atque
2817 2852 2883 2914 in
2917 2851 3329 2915 valentiorem
3368 2849 3877 2914 vociferationem

2388 2953 2625 3035 erupit,
2692 2959 2935 3033 quanto
3006 2949 3313 3030 majorem
3378 2949 3879 3013 contrarietatem

869 3054 1136 3110 Factum
1163 3061 1254 3110 est
1281 3061 1524 3118 autem,
1554 3073 1754 3131 quum
1793 3055 2283 3132 appropinqua-
2317 3047 2363 3110 C
2387 3071 2463 3114 ae
2494 3051 2915 3114 resistentiam
2956 3049 3269 3112 sentiebat
3300 3067 3315 3110 ε
3348 3049 3881 3130 quemadmodum

783 3157 880 3206 ret
913 3147 1094 3208 lesus
1135 3151 1392 3208 Iericho
1433 3149 1698 3215 civitati.
1731 3171 1934 3211 σει-ωε
1978 3153 2279 3229 quidam,

491 3267 756 3318 ιιι-μμ.
783 3246 896 3326 qui
945 3263 984 3305 a
1027 3243 1230 3309 Marco
1275 3244 1665 3320 BartimaeuS‚
1702 3247 1766 3309 id
1811 3257 1910 3309 est
1953 3248 2132 3310 filius
2180 3249 2285 3310 Ti-

783 3343 926 3404 maei
977 3351 1258 3410 vocatur.
1289 3346 1542 3404 sedebat
1577 3365 1754 3405 secus
1797 3348 2001 3416 viam,
2035 3350 2283 3408 mendi-

503 3455 756 3504 ιιεαιιι,
783 3461 959 3501 cans.
1019 3439 1086 3502 ln
1145 3439 1430 3504 Matthaeo
1487 3440 1722 3522 legitur
1776 3442 2062 3505 Christus
2121 3444 2281 3507 duos

493 3521 642 3562 2⁹4⁸.

591 5311 664 5366 ³7

785 3557 983 3600 meos
1015 3538 1432 3608 illuminasse.
1465 3559 1666 3621 quum
1696 3541 1900 3603 abiret
1927 3562 1966 3604 a
1991 3543 2279 3614 saricho:

493 3651 762 3742 agamus
785 3646 850 3698 et
875 3635 1116 3699 Marcus
1154 3637 1378 3699 scribit
1417 3657 1618 3700 unum
1649 3657 1886 3701 caecum
1927 3641 2285 3703 illuminas-

787 3753 876 3801 se.
909 3754 1112 3816 quum
1139 3754 1178 3796 a
1207 3736 1468 3817 praefata
1503 3737 1664 3798 urbe
1699 3738 2054 3800 discederet
2085 3757 2102 3801 :
2139 3740 2281 3802 ideo

783 3834 1044 3913 quidam
1089 3834 1312 3896 dicunt
1357 3837 1530 3916 quod
1579 3836 1698 3897 iste
1739 3856 1944 3898 caecus
1987 3838 2068 3899 sit
2115 3837 2281 3900 alius

783 3930 865 3992 ab
915 3931 1088 4010 illis3
1137 3932 1246 3994 alii
1295 3933 1518 3995 dicunt
1563 3935 1738 4014 quod
1785 3933 1868 3996 sit
1925 3955 2092 3998 unus
2145 3937 2285 4000 illo-

786 4049 954 4098 rum.
985 4038 1050 4090 et
1075 4031 1248 4110 quod
1275 4031 1532 4104 dicitur,
1563 4032 1768 4104 Quum
1807 4033 2286 4117 appropinqua-

787 4137 904 4193 ret.
937 4137 1286 4209 exponunt,
1319 4129 1540 4192 Adhuc
1573 4149 1698 4192 non
1729 4131 1915 4212 longe
1947 4141 2134 4208 esset,
2170 4152 2281 4194 seu

2388 3151 2681 3231 quaedam
2710 3149 3071 3232 qualitates,
3104 3155 3175 3210 ut
3214 3147 3419 3228 frigus
3456 3154 3521 3208 et
3548 3146 3737 3220 calor,
3772 3164 3884 3228 per

2388 3248 2909 3331 antiperistasim,
2962 3247 3083 3310 boe
3130 3255 3227 3308 est
3272 3245 3371 3308 sui
3420 3244 3881 3328 appositionem

2390 3348 2713 3420 contrarii,
2748 3347 3189 3409 intenduntur.
3220 3343 3557 3426 Propterea
3582 3345 3673 3407 ait
3698 3343 3885 3426 Chry-

2388 3455 2705 3509 sostomus
2736 3464 2753 3508 t
2786 3444 2955 3507 Talis
2990 3453 3087 3505 est
3116 3451 3339 3505 natura
3376 3441 3555 3517 fidei,
3592 3451 3661 3504 ut
3684 3460 3885 3524 quan—

2388 3553 2457 3608 to
2504 3545 2705 3625 magis
2751 3551 3021 3611 vetatur.
3072 3561 3149 3605 eo
3202 3542 3401 3622 magis
3446 3541 3813 3604 accenditur
3864 3559 3879 3602 :

2391 3651 2655 3727 propter
2678 3644 2853 3724 quod
2890 3642 3059 3704 servi
3088 3641 3197 3703 Dei
3238 3641 3305 3702 in
3335 3639 3883 3722 persecutionibus

2390 3762 2517 3806 non
2550 3741 2931 3811 vincuntur:
2965 3739 3299 3820 virtusque
3337 3736 3493 3800 fidei
3532 3737 3597 3800 in
3640 3737 3887 3820 pericu-

2390 3841 2469 3902 lis
2516 3849 2615 3902 est
2658 3857 2905 3912 secura,
2942 3837 3009 3900 in
3058 3837 3395 3900 securitate
3438 3853 3589 3900 vero
3636 3835 3889 3918 pericli-

2389 3946 2580 4001 tatur.
2614 3939 2833 4020 ltaque
2874 3937 3167 4005 dicendo,
3202 3935 3317 3998 Fili
3360 3933 3579 4007 David,
3614 3952 3889 3997 comme-

2392 4045 2597 4100 morat
2629 4037 2883 4118 generis
2912 4036 3307 4116 dignitatem,
3342 4042 3411 4095 ut
3438 4040 3650 4116 captet
3686 4032 3885 4114 ipsius

2390 4135 2925 4205 benevolentiam,
2962 4142 3025 4196 et
3074 4134 3163 4216 pii
3210 4152 3285 4196 ac
3335 4133 3617 4196 liberalis
3664 4131 3881 4216 patris,

789 4244 990 4307 prope
1045 4227 1398 4288 exsisteret.
1449 4229 1534 4288 Et
1581 4249 1780 4308 quum
1828 4233 2092 4290 audiret
2141 4241 2282 4292 tur·
2314 4235 2365 4296 D
2392 4235 2637 4298 scilicet
2694 4234 2893 4296 sancti
2956 4231 3175 4306 David,
3240 4231 3534 4314 exemplo
3590 4237 3887 4315 provocet

789 4327 934 4384 laam
977 4335 1490 4403 proeeereuntem.
1539 4325 1714 4388 Multi
1777 4346 2056 4409 namque
2107 4329 2285 4392 ibant

789 4439 938 4482 cum
977 4421 1148 4494 lesu,
1181 4422 1413 4483 diversi
1455 4423 1736 4486 diversas
1783 4425 1867 4487 ob
1915 4445 2160 4500 caum,
2196 4427 2287 4488 vi-

791 4519 1019 4581 delieet
1065 4519 1366 4582 aviditate
1415 4520 1668 4584 videndi
1727 4524 2057 4598 miracula,
2106 4526 2289 4588 audi-

791 4617 938 4679 endi
977 4617 1499 4699 eloquentissima
1533 4629 1598 4682 et
1635 4621 2104 4702 sapientissima
2143 4623 2287 4704 ejus

793 4715 1007 4785 verba,
1039 4715 1430 4798 suscipiendi
1461 4719 1812 4800 corporalia
1839 4721 2161 4795 alimenta,
2196 4740 2289 4785 re-

791 4815 1072 4896 eipiendi
1129 4815 1624 4880 consolationem
1682 4836 1761 4881 ex
1823 4821 1966 4900 ejus
2022 4823 2285 4889 intuitu,

793 4921 854 4973 et
912 4910 1398 4976 aedifimtionem
1454 4933 1534 4977 ex
1587 4916 1730 4996 ejus
1791 4917 1920 4980 vita
1973 4927 2036 4981 et
2099 4920 2291 4983 mori-

793 5009 961 5076 bus:
1013 5011 1278 5092 quidam
1325 5031 1496 5081 vero,
1549 5021 1618 5076 ut
1673 5014 2084 5080 observarent
2139 5037 2291 5080 eum

795 5117 857 5170 et
905 5119 1296 5171 accusarent.
1341 5113 1792 5189 Interroyabat
1838 5119 2004 5194 quid
2045 5119 2163 5176 hoe
2199 5139 2293 5176 es-

793 5219 912 5276 see,
941 5209 1006 5270 id
1043 5217 1162 5275 est,
1205 5229 1324 5271 cur
1359 5217 1572 5272 tantus
1611 5212 1700 5273 ibi
1745 5215 2022 5296 populus
2055 5215 2197 5281 iret.
2230 5225 2295 5277 et

799 5305 916 5387 qui
955 5315 1190 5370 essent.
1229 5310 1560 5370 Dia-erunt
1595 5319 1814 5372 autem
1853 5315 1943 5383 ei,
1979 5316 2155 5392 quod
2190 5317 2297 5374 Je-

2392 4353 2541 4395 eum
2583 4333 2661 4394 ad
2704 4331 3135 4394 clementiam.

2482 4435 2681 4494 Stans
2706 4441 2923 4492 autem
2950 4433 3155 4500 Jesus‚
3170 4430 3377 4506 jussit
3416 4429 3607 4489 illum
3644 4430 3887 4489 adduci

2394 4535 2483 4592 ad
2508 4551 2595 4591 se.
2628 4529 2873 4592 Poterat
2904 4528 3127 4609 utique
3164 4546 3291 4590 non
3328 4526 3671 4588 adductum
3700 4533 3764 4587 et
3792 4543 3887 4588 re-

2396 4637 2567 4691 mote
2612 4629 2939 4689 sedentem
2988 4624 3375 4697 illuminare,
3420 4624 3529 4686 sed
3576 4624 3655 4685 ad
3698 4622 3889 4704 glori—

2396 4747 2499 4790 am
2546 4727 2651 4788 Dei
2690 4723 3313 4805 aedificationemque
3360 4721 3603 4804 populi,
3634 4723 3711 4784 ad
3760 4739 3891 4784 suae

2397 4825 2587 4888 etiam
2632 4823 3185 4887 confirmationem
3232 4820 3553 4892 doctrinas,
3586 4827 3649 4882 et
3686 4839 3893 4884 corro-

2398 4921 2795 4986 borationem
2838 4919 2993 4981 fidei
3040 4927 3291 4990 nostro,
3324 4916 3528 4980 voluit
3566 4917 3732 4978 istud
3778 4916 3895 4978 mi-

2402 5020 2689 5084 raculum
2730 5016 3069 5081 manifeste
3104 5025 3299 5097 atque
3338 5015 3685 5078 solenniter
3720 5013 3899 5076 exhi-

2402 5120 2576 5182 bere.
2608 5153 2689 5164 ·-
2716 5117 3007 5198 Denique
3042 5115 3165 5177 hoc
3202 5132 3367 5194 opus
3404 5112 3631 5175 Christi
3672 5110 3893 5174 sectari

2404 5216 2712 5280 deberent
2752 5213 3019 5297 praelati.
3052 5212 3379 5294 principes
3416 5220 3481 5272 et
3514 5210 3759 5291 judices
3788 5227 3900 5272 no-

2404 5315 2547 5388 stri,
2582 5321 2803 5396 utpote
2840 5319 3029 5385 stare,
3060 5329 3263 5392 quum
3301 5309 3593 5372 audirent
3622 5315 3733 5370 aut
3766 5325 3900 5371 cer-

4030 4435 4107 4491 ⁴0
