4300 6259
553 1281 744 1387 {Joanm
758 1294 816 1331 ιιι,

579 1349 620 1389 θ.

644 2061 711 2115 12

555 4244 738 4349 ‚fam
747 4258 816 4294 vn,

843 488 965 554 464

1627 508 1974 557 mammo
2019 508 2082 553 IN
2125 506 2263 593 Q.
2308 508 2351 553 X
2390 506 2667 555 somma.
2712 528 2793 539 --
2832 508 2976 556 ΛΒΤ.
3022 510 3169 557 XXVI

845 679 954 739 sed
995 685 1056 740 et
1095 679 1367 761 quilibet
1410 679 1804 743 Christianus
1845 687 2098 741 tenetur
2135 679 2201 740 in
2244 698 2342 741 ca-
2372 678 2424 739 A
2452 678 2610 741 tium
2652 679 3081 744 subtrahendo
3114 700 3129 744 :
3164 682 3334 763 quod
3374 682 3555 745 valde
3591 681 3945 744 absurdum

845 795 920 837 su
976 777 1256 839 animam
1315 798 1494 841 suam
1557 798 1672 861 pro
1728 796 2140 860 quocumque
2200 796 2343 859 pro-

845 875 1018 939 ximo
1077 894 1333 958 ponere,
1385 885 1602 959 utpote
1661 878 1714 939 si
1775 877 2101 960 proximus
2159 876 2343 938 aliter

847 984 1176 1055 peccatum
1208 976 1474 1038 mortale
1505 995 1630 1039 non
1665 976 1864 1058 possit
1893 975 2183 1037 evadere.
2204 973 2346 1046 Qui-

846 1072 1004 1134 libet
1049 1074 1220 1135 cnim
1275 1082 1524 1136 tenetur
1572 1075 1717 1156 plus
1760 1074 2023 1154 diligere
2061 1073 2342 1135 animam

847 1172 1120 1252 proximi
1188 1192 1382 1254 quam
1453 1174 1779 1255 propriam
1848 1172 2104 1254 pellem.
2168 1171 2344 1233 Unde

845 1271 1014 1351 apud
1042 1270 1346 1333 Ioannem
1375 1272 1688 1353 scriptum
1721 1278 1816 1333 est
1850 1288 1864 1334 ε
1898 1270 1966 1332 ln
1997 1270 2116 1333 hoc
2154 1287 2344 1351 appa·
2380 1338 2389 1345 ,

848 1369 976 1431 ruit
1024 1372 1248 1432 caritas
1301 1370 1428 1445 Dei,
1480 1370 1784 1451 quoniam
1833 1369 1942 1431 ille
1991 1387 2106 1450 pro
2156 1368 2341 1432 nobis

844 1467 1123 1529 animam
1153 1487 1330 1531 suam
1365 1468 1613 1551 posuit;
1651 1475 1713 1530 et
1742 1487 1857 1531 nos
1889 1467 2195 1530 debemus
2228 1485 2344 1549 pro

847 1566 1148 1630 fratribus
1187 1568 1430 1631 animas
1481 1586 1739 1651 ponere.
1782 1566 1846 1629 Si
1897 1567 2017 1628 ista
2049 1573 2145 1628 est
2186 1566 2343 1630 ratio

849 1667 980 1730 veri
1041 1683 1153 1729 seu
1202 1666 1354 1730 boni
1414 1666 1705 1748 pastoriS,
1759 1665 1975 1727 nullus
2037 1664 2345 1747 praelatio-

847 1783 994 1827 nem
1033 1782 1143 1827 seu
1192 1784 1412 1828 curam
1452 1764 1811 1826 animarum
1853 1770 2195 1845 praesumat
2232 1782 2345 1845 op-

2451 785 2566 839 est.
2601 777 2665 840 Si
2710 779 2880 841 enim
2934 799 3058 843 non
3111 788 3314 861 potest
3360 798 3509 843 oves
3552 799 3589 842 a
3632 780 3946 862 corporali

2453 876 2708 939 laesione
2748 877 2847 940 vel
2886 879 3099 940 damni
3142 878 3423 941 illatione
3462 886 3812 961 protegere,
3846 879 3949 940 de·

2452 973 2559 1036 bet
2617 983 2826 1038 tamen
2890 995 2993 1039 eas
3062 978 3139 1039 ad
3205 977 3571 1058 patientiam
3640 977 3943 1051 animare,

2452 1075 2761 1156 exemplis
2818 1073 3189 1139 Sanctorum
3236 1077 3349 1157 qui
3406 1076 3605 1138 multa
3660 1076 3949 1157 graviora

2454 1173 2739 1254 perpessi
2778 1181 2947 1247 sunt,
2983 1174 3317 1247 consolari,
3349 1172 3581 1237 futurae
3620 1174 3767 1237 vitae
3802 1174 3949 1236 bea-

2450 1270 2790 1332 titudinem
2833 1290 3348 1346 commemorare,
3390 1272 3611 1354 sicque
3658 1272 3946 1335 subditos

2452 1386 2598 1431 suos
2642 1367 2721 1430 ab
2762 1368 3046 1433 interiori
3091 1370 3347 1433 laesione
3384 1389 3458 1432 ac
3501 1380 3704 1434 morte
3747 1371 3947 1453 eripe-

2454 1483 2541 1539 re,
2584 1475 2774 1548 atque
2817 1468 2883 1530 in
2931 1468 3230 1531 omnibus
3281 1486 3348 1531 se
3388 1469 3601 1551 ipsum
3652 1469 3779 1531 illis
3818 1468 3948 1533 for-

2454 1563 2743 1627 titudinis
2786 1567 3149 1649 exemplum
3195 1567 3501 1649 praebere.

2538 1666 2619 1724 Εἰ
2658 1667 2853 1743 lupus
2890 1664 3023 1745 jam
3066 1665 3272 1727 dictus
3316 1668 3514 1743 rapit,
3556 1666 3621 1728 id
3663 1674 3779 1741 est,
3814 1685 3947 1729 suae

2454 1761 2762 1824 voluntati
2802 1782 2875 1825 ac
2913 1762 3287 1844 malignitati
3324 1763 3560 1838 subdit,
3598 1775 3661 1825 et
3700 1767 3948 1844 disper·

848 1871 978 1925 tare
1010 1862 1107 1925 vel
1137 1863 1428 1945 adipisci,
1463 1863 1584 1925 nisi
1617 1880 1684 1924 se
1715 1869 1902 1925 tantae
1931 1860 2341 1943 perfectionis
2380 1862 2427 1925 B
2446 1862 2569 1937 qit,
2613 1860 2675 1922 id
2724 1868 2841 1936 est,
2882 1861 2961 1924 ab
3010 1862 3435 1925 ecclesiastica
3484 1863 3745 1937 unitate,
3792 1864 3947 1925 cari·

847 1961 1151 2025 inveniat.

927 2062 1368 2123 Meroenarius
1405 2070 1644 2133 autem,
1677 2070 1757 2132 et,
1801 2077 1916 2141 pro
1965 2058 2028 2120 id
2068 2064 2185 2131 est,
2226 2057 2345 2138 qui

845 2178 972 2221 non
1022 2169 1113 2220 est
1156 2168 1376 2236 pastor
1424 2175 1636 2231 veruS,
1688 2164 1752 2219 et
1798 2175 1876 2218 ex
1926 2156 2340 2236 consequenti

845 2276 962 2320 nec
993 2264 1226 2340 pastor.
1260 2257 1499 2339 Itaque,
1534 2256 1975 2330 MercenariuS,
2010 2254 2074 2317 id
2105 2261 2201 2317 est
2229 2254 2345 2316 fal-

843 2376 952 2419 sus
1013 2364 1245 2439 pastor,
1296 2356 1410 2437 qui
1469 2354 1837 2437 temporalis
1898 2354 2189 2417 utilitatis
2247 2354 2344 2416 in—

840 2454 1006 2516 tuitu
1037 2471 1150 2517 seu
1181 2454 1424 2536 proprii
1456 2454 1618 2516 lucri
1648 2452 1908 2527 affectu,
1935 2452 2048 2533 qui
2082 2460 2343 2534 propter
2385 2455 2393 2464 ’

841 2553 1095 2616 divitias
1151 2560 1342 2634 atque
1391 2552 1650 2614 delicias
1701 2552 1801 2616 vel
1861 2552 2084 2614 mundi
2146 2551 2344 2614 hono-

842 2670 942 2713 res
998 2671 1070 2714 ac
1127 2651 1458 2725 vanitates„
1522 2649 1676 2713 facit
1731 2668 1804 2712 ea
1861 2668 2005 2731 quae
2063 2649 2218 2711 facit
2275 2649 2341 2711 in

843 2750 1138 2832 pastorali
1187 2748 1427 2823 officie,
1473 2767 1598 2812 non
1651 2748 1901 2811 sincero
1947 2766 2162 2811 amore
2209 2748 2344 2809 ani-

841 2868 1090 2911 marum
1133 2847 1376 2929 proprii
1416 2846 1648 2928 gregis,
1682 2848 1760 2909 ad
1798 2846 2211 2909 obtinendam
2251 2847 2343 2909 vi-

841 2956 967 3010 tam
1017 2956 1338 3010 aeternam.
1387 2946 1586 3023 Cujus
1635 2965 1760 3007 non
1811 2955 1964 3005 sunt
2011 2964 2155 3005 oves
2192 2966 2343 3023 pro-

2453 1965 2579 2020 tate
2617 1968 2808 2040 atque
2852 1959 3099 2040 justitia
3139 1960 3388 2036 dividit,
3420 1982 3581 2022 oves.
3616 1960 3681 2022 Si
3730 1969 3941 2024 tamen

2452 2056 2580 2118 sint
2623 2075 2773 2120 oves
2823 2076 2937 2140 per
2996 2059 3633 2140 praedestinationem,
3686 2061 3943 2122 tandem

2453 2162 2879 2231 revertuntur,
2932 2175 3049 2219 nec
3098 2165 3387 2239 pereunt.
3430 2157 3589 2220 Hinc
3637 2177 3755 2239 per
3794 2158 3944 2220 Eze-

2452 2252 2721 2315 chielem
2753 2253 3053 2317 Dominus
3084 2254 3368 2337 loquitur
3401 2275 3414 2318 :
3449 2256 3763 2337 Dispersae
3792 2263 3944 2319 sunt
4022 2274 4189 2319 εκιι..

2450 2369 2600 2414 oves
2650 2370 2827 2428 meae,
2870 2371 2943 2416 eo
2991 2354 3163 2434 quod
3205 2373 3327 2417 non
3374 2362 3543 2416 esset
3590 2364 3822 2437 pastor.
3862 2354 3941 2416 Et
3966 2342 4171 2388 ‘¹¹¹'·⁵·

2450 2448 2743 2513 Salomon
2793 2450 3132 2533 profitetur
3175 2470 3187 2514 :
3232 2450 3345 2513 Ubi
3397 2470 3522 2515 non
3572 2460 3668 2515 est
3712 2452 3942 2534 guber·
3962 2471 4226 2525 Pro-‚mi

2452 2556 2652 2624 nator,
2700 2550 2976 2633 populus
3017 2556 3289 2613 corruet.

2530 2650 2973 2711 Mercenarius
3021 2660 3234 2710 autem
3283 2650 3461 2726 fuqit
3506 2650 3739 2731 (modis
3790 2669 3943 2731 prae-

2451 2745 2645 2827 fatis),
2698 2749 2856 2826 quia
2906 2748 3343 2807 mercenarius
3390 2755 3479 2807 est
3522 2768 3544 2807 .·
3590 2748 3654 2809 id
3702 2755 3817 2822 est,
3868 2766 3943 2810 ea

2452 2846 2694 2908 ratione
2730 2845 3033 2927 competit
3072 2844 3193 2906 sibi
3242 2845 3615 2907 imminente
3658 2844 3942 2928 periculo

2452 2944 2692 3025 fugere,
2711 2944 3013 3025 quoniam
3044 2944 3415 3026 temporalia
3444 2946 3795 3018 commoda,
3814 2964 3941 3009 non

4090 2654 4153 2709 13

837 3047 1029 3125 prioe,
1073 3045 1136 3106 id
1185 3051 1300 3117 est,
1342 3044 1420 3105 ad
1457 3059 1653 3124 quem
1693 3060 1816 3105 non
1867 3042 2189 3123 pertinent
2227 3060 2343 3124 per
2378 3042 2422 3106 C
2452 3043 2807 3125 spiritualia
2852 3036 3273 3105 subditorum'
3311 3042 3488 3104 lucra
3534 3062 3647 3105 seu
3704 3043 3947 3107 emolu-

841 3143 1247 3207 dilectionem
1275 3149 1337 3203 et
1367 3141 1642 3204 debitam
1675 3140 2341 3224 sollicitudinem,quia

841 3261 968 3306 non
1020 3241 1253 3323 quaerit
1306 3239 1750 3323 principaliter
1809 3248 2000 3321 atque
2056 3239 2342 3303 finaliter

843 3342 1080 3405 bonum
1114 3340 1333 3404 ovium
1367 3358 1641 3412 suarum,
1667 3338 1776 3400 sed
1809 3338 2140 3420 proprium
2176 3357 2343 3403 emo-

842 3440 1198 3502 lumentum
1249 3437 1628 3519 carnaleque
1671 3438 2100 3511 commodum,
2145 3438 2341 3501 vitam

841 3539 1099 3613 lautam,
1132 3537 1414 3619 quietam
1447 3546 1510 3598 et
1539 3535 1797 3598 mollem
1825 3554 1840 3616 ;
1894 3538 2091 3608 videt,
2125 3536 2187 3599 id
2222 3544 2337 3611 est,

843 3636 1214 3711 considerat,
1253 3634 1547 3717 percipit,
1591 3634 1692 3696 vel
1743 3633 2159 3714 corporaliter
2196 3653 2345 3697 con-

845 3734 1056 3816 spicit,
1111 3737 1338 3812 lupum
1391 3733 1773 3799 venientem,
1824 3731 1888 3793 id
1941 3738 2036 3793 est
2093 3732 2344 3796 haereti-

844 3852 1013 3907 cum,
1064 3840 1427 3915 tyrannum,
1481 3836 1951 3912 persecutorem
2002 3830 2099 3892 vel
2160 3832 2345 3894 sedu—

846 3938 1106 4007 ctorem,
1148 3930 1260 4012 qui
1301 3929 1532 4011 quaerit
1572 3928 1817 3990 animas
1860 3926 2019 3989 falsa
2057 3929 2344 3992 doctrina

849 4030 1137 4104 inficere,
1191 4028 1291 4092 vel
1345 4046 1612 4109 corpora
1660 4026 1971 4089 violenter
2026 4028 2339 4109 occidere,

846 4136 955 4191 aut
1000 4145 1257 4209 gregem
1304 4127 1382 4188 ad
1434 4132 1690 4208 peecata
1745 4124 2068 4187 inducere.
2121 4125 2208 4188 De
2256 4134 2345 4188 ta-

2452 3147 2685 3213 menta,
2721 3138 3031 3219 requirit;
3080 3148 3140 3199 et
3182 3158 3311 3199 non
3348 3140 3627 3217 pertinet
3668 3144 3757 3201 ad
3796 3160 3943 3202 eum

2449 3242 2529 3300 de
2564 3240 2810 3309 ovibus,
2844 3237 2909 3299 id
2948 3244 3064 3312 est,
3097 3237 3458 3300 ordinatum
3499 3237 3804 3301 affectum
3838 3241 3947 3301 de-

2450 3338 2779 3419 bitamque
2826 3335 3221 3416 diligentiam
3269 3355 3394 3400 non
3452 3337 3643 3399 habet
3684 3339 3764 3401 ad
3812 3356 3941 3401 eaS.

2450 3436 2726 3498 Pertinet
2774 3434 2995 3515 utique
3042 3436 3119 3497 ad
3170 3452 3318 3497 eum
3366 3435 3445 3497 de
3492 3435 3741 3512 ovibus,
3786 3456 3947 3520 quo—

2453 3536 2625 3597 niam
2656 3552 2759 3596 eas
2794 3550 3051 3615 pascere
3080 3532 3420 3615 obligatur,
3452 3542 3516 3596 et
3554 3536 3713 3599 ratio
3743 3536 3823 3598 de
3849 3536 3945 3598 eis

2451 3634 2530 3696 ab
2582 3634 2722 3716 ipso
2771 3633 3174 3713 requiretur3
3217 3632 3327 3694 sed
3376 3650 3499 3696 non
3550 3634 3827 3715 pertinet
3862 3636 3946 3698 ad

2452 3750 2599 3795 eum
2640 3732 2718 3794 de
2748 3730 2997 3805 ovibuS,
3034 3730 3097 3793 id
3136 3737 3249 3805 est,
3286 3731 3680 3812 pertinenter
3718 3751 3786 3795 se
3816 3752 3947 3797 non

2454 3831 2643 3893 habet
2698 3830 2774 3891 ad
2832 3847 2961 3891 eas.
3014 3828 3289 3890 Pertinet
3344 3847 3495 3909 ergo
3538 3830 3617 3891 ad
3666 3849 3815 3893 eum
3866 3833 3947 3895 de

2451 3929 2701 4003 ovibuS,
2738 3928 3089 3990 secundum
3125 3926 3435 4007 justitiam
3480 3928 3624 4009 Dei3
3656 3930 3769 3991 sed
3814 3950 3941 3994 non

2454 4027 2749 4110 pertinet,
2792 4033 3102 4107 quantum
3141 4026 3217 4087 ad
3256 4008 3532 4088 debitam
3577 4045 3819 4089 curam.

2531 4126 2641 4187 His
2687 4125 2900 4205 itaque
2939 4122 3151 4187 verbis
3195 4124 3377 4187 docet
3421 4122 3725 4201 Salvator,
3758 4128 3943 4207 ⁵quod

848 4227 1018 4290 libus
1065 4225 1367 4307 equidem
1415 4224 1588 4306 lupis
1636 4223 1789 4286 dicit
1837 4221 2119 4286 Salvator
2172 4241 2186 4286 :
2238 4225 2343 4287 At·
2374 4225 2423 4286 D
2454 4232 2665 4306 pastor
2719 4221 2953 4285 habere
3006 4221 3193 4283 debet
3251 4221 3479 4285 fortem
3526 4242 3600 4285 ac
3647 4224 3943 4286 stabilem

848 4326 1088 4390 tendite
1119 4342 1157 4385 a
1194 4322 1372 4385 falsis
1416 4321 1767 4404 prophetis,
1801 4320 1914 4402 qui
1956 4322 2224 4384 veniunt
2264 4324 2342 4385 ad

849 4445 960 4491 vos
999 4424 1065 4485 in
1107 4421 1500 4487 vestimentis
1541 4420 1780 4493 ovium,
1815 4419 2200 4482 intrinsecus
2238 4440 2343 4482 au-

845 4533 974 4587 tem
1023 4528 1172 4585 sunt
1214 4519 1352 4602 lupi
1397 4536 1678 4600 rapaceS.
1714 4516 2148 4581 Persecutores
2191 4537 2342 4584 vero

843 4629 906 4685 et
934 4619 1208 4704 tyranni,
1243 4625 1531 4701 potentes
1570 4624 1634 4678 et
1663 4615 1890 4679 divites
1932 4616 2126 4696 hujus
2158 4636 2342 4679 mun—

842 4722 929 4797 di,
978 4728 1128 4783 sunt
1172 4718 1309 4800 lupi
1357 4717 1583 4799 aperti.
1627 4718 1713 4777 Et
1751 4717 2030 4777 dimittit
2071 4736 2236 4787 ovea,
2275 4716 2341 4779 id

841 4827 958 4895 est,
999 4818 1175 4900 gregi
1221 4835 1335 4879 suo
1375 4814 1660 4878 debitum
1704 4814 2016 4876 auxilium
2059 4832 2185 4876 non
2225 4814 2342 4876 im-

843 4919 1084 5002 pendit,
1130 4936 1246 4978 nec
1293 4913 1673 4977 adversariis
1712 4912 1929 4975 ovium
1978 4912 2192 4975 debito
2241 4932 2341 4976 or-

842 5018 992 5081 dine
1021 5035 1088 5079 se
1117 5014 1404 5097 opponit,
1440 5012 1582 5075 illos
1613 5010 2241 5085 excommunicando,
2276 5019 2341 5073 et

843 5115 1263 5199 improbando
1301 5112 1524 5176 eorum
1573 5109 1796 5172 falsam
1837 5109 2211 5183 doctrinam,
2255 5110 2340 5172 ir-

845 5212 1606 5291 rationabilissimumque
1654 5226 1934 5271 errorem
1984 5214 2339 5270 monstran-

846 5315 958 5396 do;
989 5324 1047 5376 et
1074 5313 1279 5391 fuyit,
1308 5310 1410 5375 vel
1440 5310 1650 5373 locum
1685 5308 2011 5381 mutando,
2047 5305 2148 5370 vel
2179 5306 2339 5370 sola-

2452 4323 2845 4385 mansionem
2890 4339 3035 4383 cum
3083 4320 3312 4383 ovibus
3356 4320 3510 4396 suiS,
3546 4329 3617 4383 ut
3659 4329 3945 4404 protegat

2450 4440 2556 4483 eas
2592 4420 2673 4483 ab
2702 4438 2971 4483 occursu
3009 4418 3247 4491 hostili,
3281 4427 3571 4481 metuens
3610 4438 3691 4481 ne
3720 4439 3797 4484 eo
3836 4421 3945 4482 ab-

2451 4526 2648 4592 sente,
2683 4518 2897 4600 lupus,
2932 4516 2995 4578 id
3038 4525 3133 4578 est
3176 4516 3375 4579 hostis
3421 4516 3765 4580 invisibilis
3810 4519 3944 4581 sive

2449 4615 2746 4690 visibilis,
2788 4615 3108 4696 dispergat
3144 4621 3207 4676 et
3248 4614 3451 4696 rapiat
3487 4633 3659 4689 oveS,
3694 4616 3947 4679 videns—

2447 4734 2575 4797 que
2640 4715 2865 4795 lupum
2931 4712 3315 4787 venientem,
3377 4713 3657 4775 clamitet
3724 4721 3941 4778 contra

2448 4832 2618 4887 eum,
2660 4819 2723 4874 et
2764 4811 3078 4892 quidquid
3119 4811 3286 4873 valet
3334 4830 3449 4893 pro
3492 4812 3703 4893 gregis
3754 4812 3941 4875 faciat

2447 4910 2751 4974 custodia.
2804 4910 2963 4971 Hinc
3011 4918 3229 4973 contra
3277 4910 3569 4991 indignos
3622 4928 3941 4973 mercena-

2449 5010 2703 5090 riosque
2734 5016 3031 5089 pastoreS,
3057 5015 3275 5071 contra
3302 5008 3709 5089 negligentes,
3734 5027 3937 5071 carna·

2445 5109 2539 5171 les
2572 5125 2645 5169 ac
2676 5106 2886 5187 pigros
2927 5106 3238 5187 praelatOS,
3272 5106 3573 5168 scribitur
3608 5108 3779 5189 apud
3818 5106 3935 5169 lsa-

2448 5208 2575 5269 iam
2618 5224 2631 5267 :
2675 5204 3109 5287 Speculatores
3158 5206 3329 5280 caeci,
3364 5223 3552 5268 canes
3602 5206 3761 5268 muti
3807 5224 3927 5269 non
3958 5224 4205 5274 1·.·.n‚10.

2447 5304 2725 5371 valentes
2754 5303 3003 5381 latrare,
3034 5304 3317 5367 videntes
3348 5323 3508 5370 vana
3536 5313 3598 5368 et
3624 5306 3929 5368 dormien-
