4300 6259
74 2042 271 2085 lom-mn
283 2064 319 2093 ι,

64 2106 164 2147 Mt.

1132 484 1483 534 ικΑιιιιΑι-ιο
1524 485 1589 532 m
1630 485 1768 533 car.
1812 484 1968 533 xxm
2011 486 2200 533 Lura.
2247 506 2328 519 --
2367 488 2512 535 aar.
2558 489 2703 535 xux
3351 472 3472 537 235

340 659 555 728 esset,
588 661 653 716 et
692 654 787 719 sie
823 656 1201 735 gravissime
1243 665 1589 740 peccasset,
1620 658 1733 722 Dei
1770 659 1869 722 Fi·
1892 655 1945 718 A
2056 657 2179 722 Sed
2227 668 2450 723 contra
2497 662 2618 725 hoc
2657 662 2909 725 videtur
2945 663 3116 743 quod
3156 662 3220 724 in
3273 660 3473 726 Marco

338 750 527 813 lium
576 752 788 817 taliter
834 754 1167 837 flagellari,
1220 758 1531 833 coronari,
1573 759 1757 822 illudi
1806 766 1869 822 et

342 852 617 932 percuti
657 851 970 917 faciendo.
1003 853 1193 937 Magis
1233 875 1495 939 quoque
1530 877 1724 939 quam
1759 878 1870 921 an-

338 956 423 1011 te
464 950 683 1013 timuit
718 952 931 1015 Jesum
968 955 1279 1029 occidere,
1314 974 1396 1017 ne
1434 955 1599 1018 forte
1633 956 1865 1020 Filium

340 1046 471 1111 Dei
532 1050 898 1132 perimeret.
951 1050 1072 1116 Sed
1130 1055 1299 1116 unde
1360 1054 1611 1129 Pilatus,
1663 1076 1865 1138 quum

342 1155 529 1209 esset
556 1149 815 1229 gentilis
845 1158 1037 1231 atque
1076 1152 1425 1227 idololatra,
1459 1154 1733 1217 habebat
1762 1175 1868 1219 no-

342 1246 400 1307 ti
414 1246 567 1308 tiam
600 1247 737 1310 veri
766 1247 907 1310 Dei?
927 1248 1003 1311 Et
1032 1253 1749 1335 respondendum,quod
1779 1254 1867 1317 in-

342 1352 455 1407 ter
482 1345 732 1409 Judaeos
763 1345 1127 1423 habitando,
1160 1350 1406 1432 aliquid
1435 1352 1597 1415 forte
1628 1355 1705 1417 de
1734 1372 1868 1417 om-

346 1444 721 1525 nipotentia
758 1454 823 1508 et
856 1446 1187 1527 majestate
1225 1450 1460 1512 summi
1504 1451 1647 1525 Dei,
1670 1470 1863 1534 quem

342 1541 659 1606 Israelitae
708 1543 1021 1618 colebant,
1054 1546 1320 1611 audivit.
1354 1547 1663 1611 Omnibus
1712 1568 1867 1630 quo-

346 1658 509 1721 que,
552 1648 624 1702 ut
669 1640 955 1722 loquitur
1006 1642 1449 1719 DamascenuS,
1494 1647 1866 1709 naturaliter

350 1738 601 1801 inserta
646 1758 758 1801 seu
810 1740 1011 1803 indita
1058 1751 1155 1805 est
1202 1744 1479 1825 cognitio
1518 1746 1863 1808 exsistendi

1974 757 2226 838 legitur,
2261 758 2408 821 Erat
2453 767 2666 822 autem
2715 760 2868 824 hora
2915 760 3118 833 tertia,
3159 768 3222 823 et
3267 761 3474 823 cruci·
3526 775 3766 827 aaran,

1973 855 2258 919 fixerunt
2305 876 2451 920 eum
2497 877 2511 921 ε
2553 876 2704 940 ergo
2750 868 2898 922 ante
2950 860 3201 922 tertiam
3249 860 3472 924 horam
3501 839 3570 882 ²⁵·

1976 955 2208 1019 Pilatus
2251 957 2415 1020 sedit
2463 976 2580 1040 pro
2624 957 2953 1033 tribunali,
2986 959 3286 1040 quoniam
3339 978 3476 1023 cer-

1974 1065 2109 1118 tum
2161 1064 2256 1119 est
2300 1056 2512 1119 Jesum
2573 1057 2782 1139 primo
2838 1055 3038 1120 fuisse
3091 1058 3470 1139 judicatum,

1975 1174 2168 1236 quam
2217 1154 2390 1218 cruci
2439 1174 2820 1238 appensum.
2863 1155 3032 1218 Infra
3079 1175 3338 1239 quoque
3387 1158 3476 1219 ait

1973 1254 2196 1329 LucaS,
2230 1256 2403 1336 quod
2450 1264 2585 1317 erat
2625 1256 2778 1318 hora
2821 1255 3004 1336 quasi
3046 1262 3240 1328 sexta,
3274 1275 3478 1337 quan·
3541 1278 3563 1305 v

1975 1353 2055 1415 do
2097 1350 2558 1414 crucifixerunt
2605 1371 2774 1415 eum.
2809 1351 3131 1415 Matthaeus
3171 1371 3321 1417 vero
3360 1353 3469 1428 ait,

1974 1452 2144 1532 quod
2193 1450 2273 1512 ab
2318 1450 2472 1513 hora
2511 1459 2686 1514 sexta
2725 1470 2928 1532 usque
2976 1453 3054 1513 ad
3105 1470 3334 1515 nonam
3385 1460 3475 1513 te-

1977 1548 2190 1611 nebrae
2221 1547 2400 1611 factae
2431 1559 2575 1611 sunt
2603 1568 2792 1632 super
2824 1550 3180 1612 universam
3211 1557 3470 1613 terram:
3502 1547 3528 1576 ¹

1975 1653 2037 1708 et
2076 1654 2206 1711 toto
2245 1654 2531 1730 tempore
2581 1647 2692 1711 illo
2735 1647 3036 1732 pependit
3070 1648 3354 1712 Christus
3406 1650 3471 1712 in

1978 1745 2170 1825 ligno.
2205 1746 2576 1820 Dicendum,
2610 1748 2781 1828 quod
2823 1748 2976 1809 hora
3015 1755 3190 1809 sexta
3224 1746 3322 1811 vel
3367 1767 3478 1830 pa-

351 1837 560 1900 Deum
607 1857 621 1901 :
665 1840 777 1901 sed
826 1846 889 1901 et
935 1840 1121 1903 multi
1163 1842 1498 1922 gentilium
1550 1851 1866 1907 noverunt
1902 1839 1949 1901 B
1979 1863 2122 1906 rum
2167 1853 2334 1918 ante,
2369 1844 2718 1907 crucifixus
2767 1854 2862 1907 est
2907 1846 3107 1919 Jesus‚
3143 1854 3213 1907 ut
3249 1846 3478 1909 asserit

352 1954 502 1998 esse
546 1956 747 1999 unum
790 1938 989 2000 Deum
1032 1938 1437 2002 altissimum.

443 2034 517 2096 Et
556 2036 883 2115 ingressus
924 2044 1019 2099 est
1058 2036 1289 2100 iterum
1331 2038 1566 2102 Pilatus
1599 2039 1663 2101 in
1706 2058 1865 2121 prae-

354 2133 621 2208 torium,
665 2141 729 2196 et
776 2134 938 2197 dixit
984 2136 1060 2198 ad
1109 2136 1321 2199 Jesum
1358 2137 1583 2200 :Unde
1630 2156 1699 2200 es
1744 2140 1863 2199 tu?

351 2230 662 2304 Quamvis
702 2233 873 2295 enim
904 2234 1037 2314 jam
1077 2243 1223 2297 ante
1252 2236 1533 2298 audisset
1571 2238 1740 2318 quod
1771 2237 1867 2299 Je-

352 2350 465 2392 sus
517 2338 687 2393 esset
738 2332 817 2394 de
858 2330 1131 2407 Galilaea,
1168 2352 1341 2396 nunc
1386 2342 1600 2397 tamen
1649 2334 1866 2399 audito

350 2431 529 2510 quod
569 2429 839 2493 dixisset
874 2448 945 2492 se
981 2449 1121 2495 esse
1162 2432 1389 2495 Filium
1431 2433 1563 2508 Dei,
1599 2434 1866 2515 diligen-

352 2529 483 2591 tius
534 2529 767 2610 quoerit
806 2531 885 2591 de
924 2530 1063 2594 loco
1111 2538 1174 2592 et
1214 2532 1534 2614 principio
1578 2552 1709 2597 suae
1757 2553 1879 2595 na-.

351 2626 648 2707 avimus,
680 2646 759 2689 an
804 2628 1050 2690 scilicet
1080 2646 1227 2691 vere
1258 2630 1337 2692 de
1377 2630 1501 2693 Deo
1540 2631 1623 2692 sit
1654 2639 1860 2705 natuS,

351 2743 431 2786 an
476 2742 554 2787 ex
588 2724 984 2788 hominibus.
1017 2726 1196 2789 Jesus
1236 2735 1446 2791 autem
1485 2747 1861 2811 responsum

354 2842 479 2887 non
544 2826 742 2900 dedit,
796 2825 965 2889 sicut
1022 2845 1137 2909 per
1181 2827 1406 2890 Isaiam
1457 2827 1581 2891 fuit
1640 2830 1866 2912 praedi-

1975 1943 2198 2005 Lucas.
2242 1944 2386 2007 Ideo
2426 1944 2579 2005 dicit
2615 1943 2908 2018 JoanneS,
2941 1945 3110 2025 quod
3153 1953 3284 2006 erat
3325 1945 3478 2007 hora

1978 2041 2111 2105 fere
2140 2050 2330 2118 sexta,
2355 2044 2508 2125 quia
2536 2042 2658 2104 fuit
2687 2050 2832 2104 ante
2863 2050 3126 2105 sextam.
3155 2041 3276 2106 Sed
3304 2045 3477 2125 quod

1976 2141 2216 2203 Marcus
2265 2143 2354 2204 ait
2401 2143 2478 2204 de
2526 2141 2712 2203 tertia
2759 2140 2934 2213 hora,
2972 2142 3091 2205 hoc
3133 2141 3352 2204 retulit
3398 2143 3477 2204 ad

1976 2240 2262 2302 animum
2299 2240 2681 2314 Judaeorum,
2716 2239 2868 2320 quia
2907 2240 3018 2301 illa
3056 2240 3210 2303 hora
3253 2240 3478 2303 clama-

1979 2347 2208 2402 verunt
2263 2357 2277 2399 :
2330 2337 2525 2413 Tolle,
2579 2336 2886 2417 crucifige
2942 2355 3113 2399 eum.
3165 2338 3274 2399 Vel
3337 2338 3476 2401 ideo

1977 2436 2131 2498 dicit
2181 2435 2300 2498 hoc
2349 2434 2608 2510 Marem,
2643 2436 2797 2516 quia
2843 2434 3192 2497 crucifixus
3241 2442 3336 2497 est
3381 2436 3477 2497 Je-

1976 2554 2083 2596 sus
2124 2534 2290 2596 inter
2324 2534 2570 2596 tertiam
2613 2542 2674 2595 et
2713 2540 2954 2595 sextam
2990 2552 3004 2596 ε
3041 2533 3327 2596 medium
3365 2554 3475 2595 au-

1975 2639 2103 2694 tem
2146 2650 2258 2714 per
2299 2639 2642 2713 utrumque
2683 2638 3110 2695 extremorum
3157 2631 3473 2712 significa-

1978 2737 2100 2803 tur,
2153 2730 2306 2811 quia
2353 2730 2596 2811 aliquid
2653 2729 2990 2811 participat
3038 2730 3113 2792 de
3173 2737 3465 2811 utroque.

2055 2828 2293 2890 Deinde
2332 2828 2555 2891 scribit
2582 2828 2850 2891 Joannes
2885 2846 2898 2889 :
2933 2826 3008 2889 Et
3047 2827 3206 2889 dixit
3235 2826 3469 2889 Pilatus
3498 2845 3763 2897 Joannau,

92 2935 247 2987 ιιωι,
297 2970 309 2980 .
356 2932 533 2987 ctum
570 2923 807 2997 :Quasi
848 2944 1049 3006 agnus
1082 2944 1289 2989 coram
1335 2929 1635 2990 tondente
1664 2947 1731 2991 se
1762 2930 1865 2992 ob-
1971 2926 2202 2990 Judaeis
2257 2945 2268 2989 :
2325 2925 2486 2989 Ecce
2546 2946 2654 2988 rex
2706 2934 2933 2989 vester.
2988 2926 3116 2989 Hoc
3165 2927 3242 2988 ad
3301 2926 3466 2988 deri·
3500 2910 3567 2958 ¹⁴’
3590 2910 3657 2951 ¹⁵·

356 3032 696 3087 mutescet.
750 3025 918 3088 Dixit
973 3044 1125 3107 ergo
1171 3026 1408 3089 Pilatus
1462 3046 1476 3090 :
1530 3028 1678 3091 Mihi
1738 3048 1862 3092 non
1894 3023 1937 3086 C
1974 3026 2216 3088 sionem
2279 3025 2532 3088 illorum
2594 3024 2774 3086 dixit.
2827 3024 2926 3086 llli
2973 3032 3182 3086 autem
3236 3025 3469 3087 clama-

354 3123 689 3205 loqueris?
738 3122 955 3187 Nescis
1013 3124 1165 3206 quia
1223 3132 1603 3207 potestatem
1664 3126 1865 3190 habeo
1972 3123 2127 3186 bant
2161 3142 2174 3186 ε
2211 3123 2404 3197 Tolle,
2431 3122 2603 3196 tolle,
2639 3121 2945 3202 crucifige
2977 3140 3146 3185 eum.
3182 3122 3347 3185 Dixit
3376 3122 3468 3185 eis

352 3222 737 3303 crucifigere
778 3230 861 3297 te,
896 3232 959 3285 et
997 3230 1371 3305 potestatem
1415 3224 1617 3288 habeo
1653 3226 1865 3288 dimit-
1971 3221 2204 3285 Pilatus
2241 3240 2255 3284 ε
2294 3221 2522 3302 Regem
2566 3228 2846 3284 vestrum
2888 3221 3304 3301 crucifigam?
3356 3221 3472 3283 Re-

352 3328 483 3383 tere
528 3324 637 3383 te?
675 3321 853 3383 Jesus
897 3329 1109 3383 autem
1156 3322 1484 3405 respondit
1518 3340 1531 3386 ε
1570 3323 1704 3386 Non
1756 3323 1864 3401 ha·n
1970 3322 2366 3402 sponderunt
2407 3318 2747 3402 pontifices
2790 3338 2803 3382 ε
2851 3318 2988 3383 Νοιι
3033 3319 3342 3381 habemus
3375 3338 3469 3381 re-

349 3419 535 3482 beres
591 3426 965 3501 potestatem
1026 3420 1223 3482 ullam
1282 3428 1501 3484 contra
1558 3440 1683 3495 me,
1737 3422 1861 3483 nisi
1968 3436 2111 3499 gem
2163 3417 2286 3480 nisi
2338 3417 2665 3481 Caesarem.
2708 3416 2905 3491 Tunc,
2951 3426 3021 3479 ut
3064 3418 3150 3479 ait
3197 3416 3471 3480 Matthae-

352 3519 570 3581 datum
622 3517 739 3580 tibi
789 3525 956 3580 esset
1004 3519 1299 3599 desuper,
1335 3518 1579 3581 scilicet
1626 3538 1665 3581 a
1712 3519 1857 3596 Deo,
1971 3536 2068 3589 uS,
2123 3515 2346 3579 videns
2394 3516 2629 3578 Pilatus
2679 3516 2832 3598 quia
2889 3514 3049 3577 nihil
3102 3514 3462 3596 proficeret,
3562 3536 3733 3580 maten.

70 3630 282 3683 nomm.
312 3669 323 3679 .
353 3617 451 3681 vel
503 3637 541 3679 a
592 3616 875 3681 Romano
922 3617 1215 3698 imperio.
1269 3617 1320 3680 A
1367 3618 1491 3682 Deo
1541 3619 1713 3681 enim
1766 3630 1862 3683 est
1968 3617 2079 3678 sed
2138 3616 2337 3695 magis
2387 3615 2700 3677 tumultus
2751 3614 2957 3687 fieret,
2999 3621 3258 3695 accepta
3301 3632 3468 3694 aqua
3495 3600 3761 3649 ⁸¹V¹¹‘²⁴¹²⁵·

349 3717 561 3778 omnis
614 3722 927 3799 potestas3
962 3716 1071 3778 sed
1123 3717 1449 3798 potestatis
1496 3716 1719 3781 abusio
1767 3719 1865 3781 in-

1968 3715 2122 3777 lavit
2167 3734 2394 3775 manus
2443 3734 2587 3776 suas
2639 3731 2850 3776 coram
2901 3712 3159 3794 populo,
3193 3712 3412 3773 dicens
3449 3730 3462 3774 :

348 3823 443 3877 est
480 3813 859 3877 hominibus
898 3833 976 3878 ex
1018 3832 1317 3897 perversa
1356 3822 1418 3877 et
1459 3815 1715 3897 propria
1754 3836 1863 3880 vo—
1964 3814 2274 3877 Innocens
2305 3831 2422 3893 ego
2453 3830 2594 3873 sum
2624 3830 2661 3873 a
2700 3810 3006 3890 sanguine
3041 3809 3196 3890 justi
3230 3809 3462 3889 hujus:

345 3911 616 3974 luntate.
671 3911 1010 3993 Propterea
1067 3912 1181 3993 qui
1242 3930 1343 3974 me
1401 3913 1659 3975 tradidit
1716 3914 1855 3989 tibi,
1967 3929 2077 3973 vos
2136 3910 2446 3985 videritis,
2505 3910 2624 3973 hoe
2682 3918 2798 3983 est,
2853 3927 2962 3971 vos
3021 3907 3146 3989 ipsi
3207 3917 3466 3990 pensate

348 4010 555 4091 majus
606 4017 940 4091 peccatum
984 4010 1195 4072 habet.
1230 4008 1304 4071 Et
1346 4010 1577 4073 exinde
1616 4030 1860 4092 quaere-
1966 4008 2120 4089 quid
2171 4008 2378 4089 agitis.
2431 4008 2583 4089 quia
2633 4026 2758 4070 non
2808 4024 2944 4087 egO,
2997 4006 3105 4067 sed
3157 4024 3267 4069 vos
3315 4023 3463 4067 eum

342 4108 449 4171 bat
478 4108 719 4171 Pilatus
750 4108 1073 4171 dimittere
1102 4127 1271 4183 eum,
1298 4108 1593 4171 videlicet
1620 4109 1853 4185 Jesum,
1964 4106 2275 4169 occiditis.
2309 4104 2384 4167 Et
2434 4105 2824 4186 respondens
2876 4102 3212 4165 universus
3263 4122 3466 4185 popu-

341 4208 531 4271 etiam
565 4207 769 4289 magis
799 4226 995 4290 quam
1024 4214 1193 4269 ante.
1219 4207 1653 4271 consideravit
1682 4208 1853 4271 enim
1886 4210 1935 4273 D
1967 4203 2065 4265 lus
2113 4204 2272 4267 dixit
2307 4222 2320 4266 ε
2354 4204 2623 4284 Sanguis
2672 4202 2812 4283 ejus
2863 4220 3057 4284 super
3097 4220 3210 4265 nos
3251 4208 3316 4263 et
3361 4220 3465 4263 su-

342 4305 780 4369 innocentiam
818 4312 1011 4387 atque
1048 4304 1423 4368 modestiam
1464 4305 1717 4368 Christi.
1749 4306 1853 4368 Ju-
1964 4320 2079 4384 per
2116 4301 2290 4365 filios
2337 4308 2608 4375 nostrOS,
2643 4301 2762 4364 hoc
2809 4307 2924 4373 est,
2964 4299 3146 4363 nobis
3196 4310 3256 4363 et
3306 4298 3461 4361 filiis

342 4404 456 4467 daei
508 4411 724 4466 autem
775 4402 1182 4466 clamabant:
1218 4403 1281 4465 Si
1332 4404 1506 4466 hunc
1558 4403 1847 4479 dimittis,
1964 4401 2197 4464 nostris
2246 4400 2598 4481 imputetur
2637 4397 2870 4461 effusio
2919 4397 3246 4478 sanguinis
3295 4397 3457 4477 ejus,

341 4519 467 4565 non
518 4520 589 4563 es
636 4500 881 4564 amicus
933 4500 1212 4565 Caesaris.
1250 4500 1466 4565 Omnis
1516 4504 1687 4564 enim
1736 4504 1849 4584 qui
1961 4499 2008 4562 Ο
2038 4497 2618 4562 obtenebratissimi
2651 4496 3208 4577 crudelissimique
3236 4496 3455 4568 sudaei,

341 4617 408 4662 se
448 4618 665 4681 regem
714 4598 887 4673 facit,
923 4599 988 4661 id
1028 4606 1143 4673 est,
1181 4600 1439 4682 propria
1478 4600 1850 4663 auctoritate
1962 4598 2075 4679 qui
2116 4615 2244 4660 non
2285 4596 2490 4659 solum
2526 4614 2634 4659 vos
2676 4595 2872 4677 ipsos,
2907 4595 3014 4656 sed
3055 4601 3117 4655 et
3156 4592 3326 4657 filios
3360 4614 3460 4657 ve—

342 4716 555 4779 regem
602 4716 673 4760 se
720 4698 969 4771 asserit,
1022 4698 1397 4761 contradicit
1445 4697 1692 4772 Caesari‚
1735 4699 1849 4779 qui

344 4796 676 4878 prohibuit
712 4796 853 4858 hoc.
891 4794 1225 4876 Potestque
1268 4814 1382 4877 per
1411 4794 1713 4858 Caesarem
1755 4796 1851 4859 in-

342 4894 541 4974 telligi
572 4893 889 4967 TiberiuS,
922 4893 1044 4955 sub
1074 4911 1203 4974 quo
1242 4892 1591 4955 crucifixus
1632 4900 1729 4955 est
1753 4894 1849 4957 Je-

346 5010 471 5053 sus.
504 4990 740 5054 Pilatus
791 5008 941 5072 ergo
988 5010 1191 5072 quum
1231 4990 1512 5053 audisset
1552 4990 1666 5054 hos
1716 5010 1847 5054 ser-

347 5108 583 5165 moneS‚
618 5089 885 5153 adduxit
932 5088 1100 5152 foras
1137 5089 1375 5162 Jesum,
1410 5096 1473 5151 et
1520 5088 1682 5150 sedit
1732 5108 1845 5171 pro

348 5186 671 5251 tribunali.
724 5186 872 5250 Erat
918 5194 1127 5249 autem
1178 5186 1519 5252 Parasceve
1570 5187 1839 5264 Paschae,

353 5284 501 5348 hora
534 5285 717 5369 quasi
758 5292 957 5349 sexta.

1961 4703 2125 4759 stros
2156 4703 2283 4757 tam
2317 4692 2798 4776 incomparabili
2831 4700 3018 4773 atque
3047 4693 3288 4756 enormi
3321 4711 3460 4775 pec-

1960 4801 2098 4856 cato
2141 4792 2488 4865 involvitis,
2523 4799 2587 4853 et
2625 4791 2945 4855 Christum
2987 4789 3165 4854 vobis
3207 4792 3272 4853 in
3318 4791 3456 4873 lege

1958 4910 2033 4954 ac
2077 4889 2408 4972 Prophetis
2465 4890 2871 4970 promissum,
2925 4898 3050 4952 tam
3103 4889 3454 4951 irreveren-

1958 5000 2055 5053 ter
2102 4988 2420 5051 tractatis!
2470 4988 2776 5070 Denique,
2819 4988 3112 5050 exaudita
3169 4996 3265 5050 est
3310 5007 3450 5050 ora-

1957 5090 2045 5152 tio
2095 5096 2324 5161 vestra,
2361 5095 2423 5147 et
2473 5086 2762 5167 pervenit
2809 5105 3002 5168 super
3041 5104 3151 5149 vos
3202 5086 3296 5147 ira
3343 5087 3448 5148 Dei
3494 5102 3750 5154 lucan.

1959 5205 2163 5269 usque
2201 5186 2269 5248 in
2319 5184 2517 5247 finem
2555 5204 2568 5247 ε
2603 5185 2772 5246 sicut
2815 5191 2879 5247 et
2917 5183 3245 5246 Psalmista
3293 5204 3452 5266 prae-
3484 5168 3584 5280 ’ξι
3607 5250 3749 5287 mm,

1955 5285 2135 5361 dixit,
2169 5284 2500 5367 alloquens
2531 5282 2728 5347 Deum
2764 5301 2778 5346 :
2813 5280 3087 5345 Effunde
3119 5300 3315 5366 super
3341 5301 3450 5347 eos
3481 5302 3550 5342 ιε.
