4300 6259
1122 521 1478 570 RNARRATIO
1520 522 1583 569 m
1626 521 1765 569 cAP.
1810 521 1917 569 xv!
1958 521 2149 570 Lucss.
2193 541 2274 552 —
2315 523 2460 570 Am.
2505 523 2698 570 xxxlx

3349 505 3470 568 125

344 686 523 766 quod
592 706 783 754 nemo
838 692 1157 774 corrigere
1222 700 1432 776 potest
1485 711 1681 775 quem
1746 691 1856 754 ille
1886 692 1937 753 A
1971 711 2061 768 ro,
2102 692 2259 755 finis
2306 693 2492 768 intra,
2534 695 2686 776 quia
2733 700 2795 756 et
2837 693 2974 776 ipse
3024 694 3102 755 ad
3150 692 3308 774 legis
3355 691 3467 756 ob-

348 784 719 866 despexerit
738 792 763 851 2

444 885 926 969 Consequenter
971 890 1259 955 Christus
1308 892 1589 956 breviter
1636 891 1855 972 tangit,

348 1003 468 1047 cur
498 984 795 1050 Pharisaei
839 1007 965 1052 non
998 989 1361 1053 debuerunt
1400 1009 1468 1053 se
1499 999 1718 1055 contra
1747 1008 1862 1052 sua

347 1084 759 1162 documenta,
810 1087 1049 1168 quibus
1110 1097 1545 1170 paupertatem
1596 1088 1864 1170 opulen-

348 1181 459 1244 tiae
510 1185 813 1265 praetulit,
850 1194 914 1248 et
960 1185 1365 1249 affluentiam
1412 1186 1858 1269 temporalium

154 1287 216 1342 16
348 1298 577 1342 rerum
628 1282 950 1358 dissuasit,
1004 1283 1368 1348 defendere.
1415 1289 1553 1348 Leoe
1594 1295 1654 1346 ec
1696 1288 1860 1347 Pro-

336 1381 561 1456 phetoe
598 1401 799 1461 usque
834 1385 924 1444 ad
950 1386 1294 1453 Joannem,
1325 1384 1445 1447 hoc
1486 1390 1603 1458 est,
1638 1381 1863 1464 legalia

342 1484 409 1538 et
465 1479 841 1561 prophetica
890 1481 1002 1543 illa
1048 1483 1385 1564 promissa,
1439 1481 1676 1564 quibus
1730 1481 1863 1544 cul—

344 1576 603 1640 toribus
642 1576 754 1640 Dei
792 1581 1243 1662 temporalium
1288 1580 1677 1643 abundantia
1716 1598 1862 1662 pro-

342 1675 747 1752 mittebatur,
820 1696 1027 1759 usque
1091 1680 1171 1741 ad
1235 1679 1492 1742 Joannis
1568 1679 1861 1760 Baptistae

344 1775 871 1855 praedicationem
902 1779 1319 1841 duraverunt.
1357 1782 1463 1841 Εω
1489 1799 1558 1839 eo
1586 1797 1859 1856 reynum

1972 792 2353 855 servantiam
2397 793 2756 856 tenebatur.

2040 893 2125 951 Et
2156 893 2366 952 omnis
2397 893 2468 952 in
2500 895 2674 952 illud
2705 893 2840 952 vim
2868 891 3058 970 facit,
3090 890 3151 952 id
3183 897 3299 964 est,
3334 889 3476 971 qui-

1973 1009 2251 1072 cumque
2293 1007 2556 1071 regnum
2598 990 2904 1054 coelorum
2943 990 3211 1071 adipisci
3254 989 3477 1070 satagit

1974 1096 2037 1150 et
2072 1097 2374 1162 meretur,
2411 1106 2668 1151 necesse
2707 1097 2804 1150 est
2843 1097 2911 1150 ut
2961 1106 3075 1170 per
3113 1089 3344 1152 bonam
3386 1088 3478 1151 vi-

1974 1187 2277 1250 olentiam
2329 1187 2540 1249 vincat
2587 1205 2654 1248 se
2704 1187 2940 1268 ipsum,
2996 1206 3226 1268 corpus
3285 1205 3474 1248 suum

1976 1283 2306 1347 subdendo
2337 1284 2612 1366 spiritui,
2637 1291 2700 1346 et
2731 1284 3054 1366 propriam
3086 1283 3475 1347 voluntatem

1977 1381 2284 1444 voluntati
2327 1382 2770 1464 mandatisque
2809 1383 2917 1444 Dei
2953 1401 2966 1445 ε
3001 1383 3172 1464 quod
3208 1380 3476 1445 difficile

1976 1487 2200 1555 exstat,
2254 1480 2656 1562 potissimum
2719 1480 2782 1542 in
2845 1481 3164 1562 principio
3215 1498 3478 1544 conver-

1976 1579 2196 1642 sionis.
2251 1579 2579 1642 Passiones
2629 1598 2907 1662 namque
2955 1588 3106 1642 sunt
3154 1579 3370 1654 forteS,
3414 1587 3476 1642 et

1975 1677 2143 1738 viam
2183 1677 2445 1757 justitiae
2483 1677 2854 1741 continuare
2894 1696 3097 1758 usque
3136 1678 3203 1739 in
3245 1677 3470 1757 finem,

1975 1795 2101 1839 non
2150 1783 2245 1838 est
2297 1776 2700 1838 mediocriter
2752 1775 3136 1840 laboriosum
3184 1777 3474 1858 (propter

340 1875 475 1934 Dei
501 1878 1022 1953 evanqezizatur,
1048 1877 1171 1941 hoc
1199 1887 1316 1953 est,
1349 1897 1387 1940 a
1416 1884 1702 1959 tempore
1731 1894 1861 1957 quo
1898 1876 1945 1938 B
1972 1875 2143 1956 quod
2191 1874 2280 1936 ait
2327 1874 2653 1936 Psalmista
2688 1893 2702 1936 ε
2736 1872 2997 1956 Propter
3037 1873 3228 1937 verba
3276 1874 3474 1938 labio·
3513 1891 3760 1944 P8.xv1,4.

340 1969 623 2034 Joannes
664 1975 1009 2055 praedicare
1058 1993 1322 2039 exorsus
1366 1984 1482 2050 est,
1528 1980 1861 2057 coeperunt

342 2070 637 2134 coelestia
686 2071 853 2136 bona
898 2073 1237 2137 manifeste
1282 2073 1590 2156 promitti,
1624 2081 1687 2136 et
1732 2074 1861 2136 vita

342 2175 589 2230 aeterna
638 2170 874 2247 doceri,
905 2180 1101 2254 atque
1140 2173 1502 2253 evangelica
1552 2170 1859 2254 perfectio

343 2267 711 2347 praedicari,
744 2287 889 2350 quae
936 2289 1151 2334 amore
1202 2271 1633 2353 spiritualium
1678 2268 1860 2332 coele—

344 2365 685 2447 stiumque
720 2367 1039 2432 bonorum
1078 2370 1156 2432 ad
1196 2369 1643 2451 temporalium
1683 2367 1863 2430 indu-

344 2464 437 2526 cit
486 2473 954 2548 contemptum.
997 2467 1158 2530 Hinc
1204 2467 1529 2530 Matthaeus
1579 2465 1803 2528 scribit
1840 2484 1853 2528 :

86 2573 313 2662 mnam.
344 2561 541 2624 Venit
568 2563 839 2627 Joannes
881 2566 1232 2647 praedicans
1272 2565 1338 2628 in
1372 2567 1642 2640 deserto,
1676 2573 1739 2626 et
1768 2565 1861 2626 di-

126 2667 161 2678 ··
342 2677 503 2722 cens
538 2680 555 2724 :
592 2661 1035 2726 Poenitentiam
1082 2663 1269 2744 agite,
1313 2662 1861 2745 appropinquabit

340 2759 527 2822 euim
588 2778 859 2842 regnum
916 2760 1250 2826 coelorum.
1308 2760 1585 2844 Tempus
1642 2769 1859 2824 autem

340 2859 826 2939 praedicationis
873 2860 1130 2924 loannis
1182 2867 1245 2922 et
1293 2859 1526 2924 Christi
1580 2859 1861 2942 discipu-

342 2956 697 3039 lorumque
744 2957 907 3039 ejuS,
942 2965 1273 3040 reputatur
1314 2977 1517 3021 unum
1560 2965 1623 3020 et
1661 2959 1855 3032 idem,

1974 1991 2115 2034 rum
2175 1980 2431 2035 tuorum
2489 1989 2604 2052 ego
2664 1971 2976 2034 custodivi
3036 1972 3170 2034 vias
3227 1971 3464 2052 duras),

1969 2071 2266 2152 quamvis
2298 2069 2595 2152 perfectis
2625 2071 2882 2132 caritate
2911 2067 3307 2133 ferventibus
3337 2088 3472 2132 sua-

1970 2186 2048 2232 ve
2078 2169 2160 2230 sit
2195 2168 2420 2249 jugum
2451 2167 2560 2230 Dei
2602 2175 2664 2230 et
2703 2167 2842 2230 leve
2873 2187 3033 2232 onus
3070 2168 3271 2250 ipsius
3307 2186 3320 2231 :
3354 2167 3468 2249 qui
3521 2186 3762 2239 flauam,

1970 2267 2212 2340 dicunt,
2247 2267 2426 2328 Viam
2465 2267 2906 2330 mandatorum
2947 2275 3204 2330 tuorum
3244 2286 3472 2330 cucur·
3499 2251 3762 2365 ³23⁸·mm'

1970 2366 2047 2440 ri,
2101 2384 2306 2446 quum
2356 2365 2628 2428 dilatasti
2687 2384 2794 2428 cor
2843 2383 3109 2447 meum3
3162 2366 3466 2449 itemque,
3499 2377 3566 2420 ³2-

1970 2463 2036 2526 In
2087 2464 2191 2526 via
2241 2463 2751 2528 testimoniorum
2811 2471 3068 2528 tuorum
3124 2465 3470 2528 delectatus
3528 2483 3645 2528 teta.
3670 2486 3734 2526 ιι.

1968 2581 2133 2636 sum,
2170 2563 2335 2626 sicut
2365 2563 2432 2625 in
2461 2563 2760 2626 omnibus
2792 2562 3056 2626 divitiis.
3091 2564 3308 2646 Itaque
3337 2583 3472 2627 om-

1971 2660 2071 2723 nis
2130 2662 2396 2723 tendens
2447 2661 2512 2722 in
2569 2661 2728 2724 illud
2788 2679 3076 2742 regnum,
3131 2664 3260 2728 vim
3318 2663 3471 2726 facit

1969 2759 2377 2842 sibimetipsi.
2431 2759 2590 2822 Hinc
2637 2760 2704 2821 in
2759 2759 3044 2825 Matthaeo
3091 2761 3324 2825 clarius
3381 2764 3472 2826 ait

1969 2857 2255 2921 Christus
2289 2857 2623 2938 :Regnum
2670 2857 2978 2922 coelorum
3024 2860 3156 2923 vim
3205 2861 3464 2943 patitur,
3521 2885 3764 2938 Macran,

1969 2964 2032 3018 et
2078 2956 2342 3020 violenti
2392 2956 2650 3038 rapiunt
2701 2956 2882 3020 illud.
2934 2957 3258 3035 Praeterea,
3309 2967 3468 3022 teste
3498 2950 3565 2992 ¹²·

340 3055 503 3136 quia
532 3056 905 3138 praedicatio
930 3055 1187 3120 Ioannis
1216 3056 1595 3139 dispositiva
1626 3054 1752 3118 fuit
1780 3057 1859 3118 ad
1896 3055 1940 3119 C
1967 3054 2287 3134 Gregorio,
2340 3054 2602 3136 quidam
2652 3055 2911 3137 rapiunt
2964 3075 3230 3138 regnum
3281 3059 3471 3121 coelo-

338 3152 699 3228 Christum,
733 3163 798 3218 et
836 3154 1085 3218 modico
1117 3163 1405 3237 tempore
1435 3154 1666 3218 Christi
1707 3173 1861 3237 prae-

340 3252 737 3316 dicationem
789 3253 1133 3335 praecessit,
1170 3253 1283 3335 qui
1333 3253 1617 3336 apertius
1664 3271 1858 3335 quam

338 3349 623 3413 loannes
663 3359 1101 3434 paupertatem
1142 3353 1417 3426 edocuit,
1452 3351 1861 3433 coelestisque

340 3450 531 3531 regni
580 3449 1045 3512 beatitudinem
1094 3449 1573 3531 evangelizavit,
1608 3457 1671 3512 et
1718 3449 1859 3531 ipso

337 3547 619 3628 jubente
668 3547 969 3630 discipuli
1015 3549 1179 3629 ejus.
1223 3549 1400 3612 Unde
1449 3549 1517 3611 in
1566 3548 1732 3612 libro
1780 3549 1859 3611 de

338 3645 814 3709 Ecclesiasticis
854 3646 1255 3728 dogmatibus
1300 3647 1535 3710 dicitur
1568 3664 1581 3709 :
1618 3645 1857 3710 Bonum

339 3752 443 3807 est
506 3743 843 3807 facultates
900 3764 1049 3808 cum
1102 3747 1501 3828 possessione
1560 3745 1857 3828 pauperi-

340 3843 471 3906 bus
534 3861 817 3925 erogare,
870 3843 1103 3906 melius
1162 3851 1259 3906 est
1302 3863 1447 3906 cum
1506 3843 1857 3908 intentione

341 3942 669 4024 sequendi
717 3941 1061 4016 Christum,
1104 3949 1307 4004 totum
1355 3941 1549 4004 simul
1597 3943 1852 4018 donare,

340 4049 407 4104 et
456 4039 829 4104 absolutum
873 4059 909 4102 a
952 4039 1382 4103 sollicitudine
1424 4059 1569 4103 cum
1611 4040 1857 4104 Christo

342 4157 565 4221 egere.

1971 3172 2113 3215 rum
2165 3170 2279 3234 per
2326 3152 2614 3215 omnium
2659 3153 3105 3234 abjectionem,
3149 3154 3258 3218 alii
3307 3156 3469 3219 illud

1970 3257 2334 3314 mercantur
2398 3269 2513 3332 per
2576 3250 3122 3335 eleemosynarum
3189 3255 3469 3336 largitio-

1972 3369 2141 3422 nem,
2193 3349 2304 3411 alii
2357 3349 2422 3411 id
2467 3347 2763 3412 furantur
2811 3369 2926 3432 per
2971 3353 3283 3415 occultam
3333 3373 3476 3417 san·-

1971 3447 2274 3520 ctitatem,
2327 3445 2436 3508 alii
2492 3445 2676 3527 quasi
2729 3446 3202 3529 compelluntur
3251 3449 3464 3532 ipsum

1968 3544 2300 3626 acquirere
2359 3560 2475 3625 per
2523 3542 2940 3625 temporalem
2995 3547 3465 3611 adversitatem.

1967 3644 2186 3726 Itaque
2215 3662 2253 3705 a
2280 3641 2558 3724 propriis
2589 3641 2761 3705 vitiis
2793 3661 2918 3706 non
2952 3644 3300 3722 vincamur,
3335 3666 3472 3729 pas-

1968 3742 2260 3806 sionibus
2311 3759 2437 3803 non
2477 3739 2845 3815 subdamur,
2882 3743 3094 3822 pravis
3137 3754 3471 3808 consuetu-

1968 3841 2228 3903 dinibus
2276 3837 2626 3901 efficaciter
2673 3839 3078 3916 reluctemur,
3124 3841 3464 3925 implentes

1968 3939 2129 4001 illud
2179 3937 2484 4019 Apostoli,
2523 3936 2764 4000 Labora
2809 3937 2976 4000 sicut
3022 3939 3228 4003 bonus
3277 3943 3462 4006 miles
3517 3961 3556 4006 11
3583 3964 3690 4009 rim.
3708 3980 3752 4018 u,

1968 4038 2200 4102 Christi
2254 4056 2268 4100 ε
2325 4044 2394 4098 ut
2440 4036 2781 4118 impleatur
2829 4036 2891 4098 in
2943 4037 3127 4100 nobis
3175 4041 3346 4122 quod
3395 4042 3460 4105 in
3491 4027 3532 4068 ³·

1966 4135 2344 4219 Apocalypsi
2385 4135 2656 4216 spondet
2692 4133 2993 4210 Salvator,
3028 4137 3318 4202 Vincenti
3360 4141 3466 4203 da-
3492 4161 3628 4218 Apoe.
3653 4166 3752 4214 n‚·1.

428 4237 783 4310 Postrem0‚
824 4235 907 4298 ob
956 4253 1211 4298 causam
1260 4242 1643 4316 praetactam,
1678 4237 1860 4298 Joan-
1888 4241 1937 4303 D
1968 4236 2049 4298 bo
2099 4236 2287 4297 edere
2336 4234 2415 4296 de
2464 4233 2636 4313 ligno
2680 4233 2844 4309 vitae,
2878 4236 3052 4316 quod
3099 4244 3196 4299 est
3243 4237 3310 4300 in
3354 4259 3466 4322 pa-

342 4353 463 4397 nes
520 4340 785 4398 vocatur
840 4333 1025 4414 quasi
1085 4333 1345 4396 horizon
1404 4351 1517 4394 seu
1574 4334 1857 4397 medium

342 4433 593 4498 veteris
630 4441 696 4495 et
730 4431 1111 4512 evangelicae
1151 4431 1333 4512 legiS,
1372 4431 1655 4512 itemque
1702 4432 1857 4496 finis

342 4532 511 4614 legis
564 4539 629 4594 et
675 4529 1067 4613 principium
1120 4531 1502 4611 evangelicae
1549 4531 1853 4595 veritatis.

342 4632 571 4697 Potius
612 4639 822 4694 tamen
862 4629 1168 4711 competit
1197 4629 1443 4692 Christo
1481 4649 1619 4692 esse
1657 4629 1857 4693 finem

341 4730 535 4812 legiS‚
581 4729 735 4810 quia
772 4727 976 4809 legem
1016 4728 1309 4810 implevit
1356 4747 1731 4810 cessareque
1768 4728 1860 4791 fe-

342 4831 457 4905 cit,
515 4835 584 4889 et
628 4826 855 4908 figurae
905 4827 1203 4907 legalium
1252 4845 1326 4889 ac
1373 4828 1671 4891 vaticinia
1717 4828 1860 4893 Pro-

346 4928 698 5010 phetarum
740 4926 805 4988 in
844 4927 983 5008 ipso
1018 4934 1168 4988 sunt
1204 4926 1567 5008 adimpleta.
1602 4926 1863 5009 Propter

92 5027 529 5109 nou.1‚⁴.quod
582 5024 896 5106 scriptum
944 5033 1039 5087 est
1072 5043 1086 5088 :
1122 5024 1293 5086 Finis
1343 5023 1499 5105 legis
1547 5033 1641 5087 est
1684 5026 1862 5089 Chri-

82 5141 319 5194 sm.·,1⁷.
350 5133 523 5202 stus;
560 5131 625 5186 et
654 5123 720 5185 in
749 5123 1005 5197 loanne,
1034 5124 1275 5186 Veritas
1307 5141 1421 5205 per
1447 5123 1658 5186 Jesum
1690 5124 1862 5188 Chri·

348 5230 529 5286 stum
577 5221 743 5284 facta
788 5229 905 5284 est.
948 5220 1107 5283 Hinc
1153 5221 1354 5302 aliqui
1405 5221 1646 5296 dicunt,
1688 5224 1861 5302 quod

350 5319 649 5384 Christus
678 5317 804 5382 fuit
838 5318 993 5381 finis
1025 5319 1181 5400 legis
1216 5326 1427 5400 extra3
1456 5318 1724 5382 Joannes
1756 5337 1864 5383 ve-

1968 4335 2181 4398 radiso
2221 4333 2331 4396 Dei
2373 4333 2523 4395 mei.

2050 4433 2358 4514 Deinceps
2408 4431 2694 4495 Christus
2742 4434 3037 4509 ostendit,
3087 4437 3258 4517 quod
3308 4457 3468 4520 prae-

1970 4533 2229 4594 inducta
2277 4549 2404 4594 non
2461 4529 2726 4612 protulit
2773 4541 2843 4594 ut
2893 4531 3048 4612 legis
3101 4535 3346 4598 veritati
3397 4536 3464 4598 in

1968 4631 2186 4713 aliquo
2226 4631 2573 4710 derogaret,
2608 4648 2808 4710 quum
2847 4637 2909 4692 et
2947 4631 3012 4692 in
3055 4630 3340 4698 Matthaeo
3374 4642 3468 4697 te-

1970 4738 2172 4792 stetur
2208 4747 2222 4790 :
2255 4727 2386 4791 Non
2436 4728 2580 4789 veni
2629 4727 2873 4790 solvere
2921 4728 3146 4811 legem,
3185 4733 3295 4794 sed
3345 4733 3465 4794 im·
3525 4755 3691 4802 Mami
3708 4773 3752 4812 v,

1971 4828 2168 4911 plere.
2205 4826 2496 4888 Facilius
2532 4835 2622 4886 est
2658 4829 2886 4888 ‹2oean
2925 4837 2984 4888 et
3024 4836 3260 4889 terram
3291 4849 3464 4907 proe-
3491 4821 3556 4862 ¹⁷·

1973 4928 2186 4998 terire,
2247 4925 2367 4988 hoc
2432 4930 2528 4985 est
2589 4924 2951 4999 annihilari,
3012 4933 3325 5006 quantum
3383 4929 3461 4991 ad
3599 4873 3666 4930 Π

1969 5024 2323 5088 absolutam
2362 5021 2888 5103 omnipotentiam
2928 5022 3057 5096 Dei,
3091 5023 3211 5087 hoc
3250 5025 3461 5106 ipsum

1972 5122 2248 5206 potentis
2290 5140 2404 5203 per
2441 5122 2638 5184 solam
2687 5139 2818 5184 suae
2857 5123 3352 5186 conservationis
3394 5125 3468 5186 li—

1971 5220 2267 5284 berrimae
2323 5219 2841 5295 subtractionem,
2894 5220 3074 5301 juxta
3131 5221 3289 5284 illud
3345 5221 3468 5284 Ma·
3527 5283 3562 5327 u
3595 5283 3736 5328 um

1974 5319 2376 5383 chabaeorum
2440 5335 2456 5379 ι
2515 5317 2638 5380 Nos
2703 5317 2768 5380 in
2833 5319 3270 5402 omnipotente
3339 5321 3464 5386 Deo
3492 5348 3673 5400 mma.
