4300 6259
1079 531 1428 579 manaa-rio
1469 530 1532 575 ιΝ
1575 527 1714 574 οη.
1759 527 1865 574 xlv
1906 525 2181 572 JOANNIS.
2228 545 2308 554 —-
2352 526 2492 573 aar.
2539 528 2707 574 xxxv
3322 508 3440 572 527

336 703 752 766 credendum.
800 703 867 765 in
931 703 1234 785 aliquem,
1299 703 1422 765 nisi
1492 702 1558 762 in
1621 717 1842 764 verum
1875 703 1924 764 A
1954 699 2106 760 dum
2156 705 2545 780 praetactum.
2580 698 2769 762 Porro
2818 699 2882 760 in
2935 699 3157 780 patria,
3190 715 3267 760 ex
3315 696 3445 779 spi—

339 801 566 876 Deum,
619 821 821 883 quum
873 800 1035 864 fides
1089 803 1170 864 sit
1220 802 1421 864 virtus
1471 797 1840 879 theologica,
1955 797 2185 859 ritibus
2230 797 2532 878 angelicis
2582 805 2643 859 et
2692 797 3009 872 humanis,
3045 816 3154 859 seu
3204 796 3443 877 angelis

341 899 532 981 cujus
582 899 908 981 objectum
947 907 1042 962 est
1080 900 1242 962 Deus
1289 917 1398 961 seu
1439 899 1669 962 veritas
1721 895 1849 978 pri·
1955 905 2018 958 et
2047 887 2431 972 hominibuS‚
2459 915 2583 958 una
2610 905 2854 960 constat
2883 905 2945 958 et
2981 895 3311 958 resultabit
3340 894 3447 956 Ec-

343 1017 452 1060 ma
484 1017 499 1060 :
533 1000 829 1080 quamvis
869 1000 1060 1062 alicui
1093 999 1192 1062 vel
1235 1017 1348 1080 per
1383 997 1664 1079 aliquem
1705 1014 1848 1078 pos—
1957 995 2170 1068 clesia,
2203 1014 2348 1076 quae
2387 1003 2646 1059 vocatur
2684 995 3107 1077 triumphanS‚
3145 995 3230 1057 ita
3276 995 3445 1075 quod
3540 995 3551 1002 ’

343 1097 432 1159 εἰῖ
479 1099 676 1172 credi,
728 1100 1269 1180 quemadmodum
1327 1098 1406 1160 de
1455 1097 1848 1159 Praecursore
1958 1094 2193 1174 singuli
2251 1095 2585 1157 hominum
2632 1095 2975 1158 electorum
3033 1094 3109 1156 ad
3167 1093 3447 1174 aliquem

347 1195 686 1258 inductum
724 1204 821 1258 est
854 1215 867 1258 :
900 1196 1014 1258 Hic
1051 1196 1227 1258 venit
1275 1196 1339 1257 in
1381 1193 1842 1266 testimonium,
1961 1192 2673 1275 pertinebunt-chorum
2716 1211 2828 1254 seu
2867 1191 3156 1254 ordinem
3200 1191 3452 1271 angelo-

349 1299 422 1354 ut
469 1311 692 1357 omnes
751 1296 1082 1357 crederent
1140 1313 1254 1376 per
1307 1293 1511 1355 illum.
1565 1292 1848 1374 Denique
1960 1312 2123 1354 rum.
2176 1293 2407 1375 Sicque
2457 1293 2810 1354 secundum
2858 1291 3289 1355 differentiam
3340 1311 3449 1353 an—

346 1392 450 1454 his
500 1392 714 1456 verbis
762 1395 1036 1456 ostendit
1085 1411 1152 1455 se
1202 1391 1486 1456 Christus
1539 1392 1630 1454 sic
1681 1389 1849 1454 occi-
1956 1392 2306 1474 gelicorum
2359 1392 2677 1464 ordinum,
2728 1391 2931 1473 accipi
2987 1399 3191 1473 potest
3245 1391 3452 1453 diver-

345 1491 654 1565 dendum,
691 1500 761 1554 ut
795 1499 1008 1554 tamen
1051 1492 1441 1554 incessanter
1483 1497 1850 1572 permaneat
1961 1492 2109 1553 sitas
2147 1490 2498 1553 coelestium
2541 1489 2967 1564 mansionum,
3000 1508 3144 1570 quae
3188 1508 3311 1551 non
3356 1497 3453 1551 est

347 1589 558 1661 vivuS,
615 1596 837 1671 potens
894 1608 962 1651 se
1023 1590 1234 1672 ipsum
1293 1589 1620 1662 suscitare,
1674 1605 1851 1649 suos-
1960 1588 2371 1671 corporaliter
2416 1589 2804 1670 accipienda.
2850 1588 2965 1651 Ubi
3008 1588 3301 1650 vitandus
3350 1595 3450 1650 est

345 1705 474 1768 que
507 1687 878 1768 discipulOS,
913 1707 1074 1769 quos
1103 1688 1516 1770 corporaliter
1544 1685 1845 1758 deseruit,
1958 1706 2134 1749 error
2182 1686 2523 1760 Eustachii,
2576 1687 2689 1767 qui
2743 1686 2903 1750 dixit
2950 1704 3026 1748 ex
3078 1685 3450 1750 hominibus

347 1803 730 1848 conservare
764 1805 777 1848 :
814 1804 929 1868 per
962 1788 1134 1868 quod
1179 1786 1540 1850 consolatur
1590 1793 1848 1849 moestos
1963 1785 2421 1868 praedestinatis
2462 1785 2781 1848 decimum
2812 1785 3078 1848 chorum
3124 1784 3447 1859 constitui,

349 1883 726 1965 discipulos,
779 1904 940 1966 quos
999 1903 1219 1946 rursus
1269 1884 1628 1948 consolatur
1681 1902 1852 1946 com·
1887 1887 1934 1950 Β
1964 1885 2048 1946 ita
2077 1885 2249 1966 quod
2279 1891 2507 1965 praeter
2545 1884 2863 1947 Christum
2896 1891 2957 1946 et
2987 1882 3126 1964 ejus
3169 1883 3455 1946 beatissi-

351 1982 816 2047 mcmoratione
861 1992 924 2046 et
972 1985 1428 2066 pollicitatione
1483 1983 1714 2045 futurae
1761 1981 1852 2044 fe-
1963 2003 2131 2046 mam
2167 1982 2571 2056 Genitricem,
2606 1982 2820 2044 nullus
2867 1981 3198 2045 hominum
3241 1989 3455 2064 posset

39 1211 204 1255 Ionan.
225 1214 314 1262 ι,“ἲ.

355 2081 641 2144 licitatis.

437 2183 523 2242 In
560 2183 747 2241 domo
778 2183 1002 2244 Patris
1043 2184 1186 2254 mei,
1223 2182 1288 2244 id
1327 2188 1422 2243 est
1461 2180 1527 2242 in
1571 2178 1854 2242 Ecclesia

351 2277 801 2360 triumphanti,
863 2279 929 2340 in
996 2281 1236 2344 coelesti
1308 2278 1721 2353 beatitudine,
1785 2278 1850 2339 in

351 2377 559 2458 patria
609 2376 962 2452 Beatorum,
1005 2381 1370 2440 mansiones
1408 2382 1631 2440 multae
1673 2386 1850 2447 sunt,

349 2475 416 2537 id
465 2482 562 2537 est
609 2474 846 2538 diversi
899 2477 1132 2557 gradus
1181 2477 1612 2558 praemiorum,
1660 2475 1851 2538 variae

349 2574 691 2654 dignitates
739 2581 803 2636 et
851 2574 1290 2638 distinctiones
1349 2574 1416 2637 in
1475 2575 1854 2656 participan-

1963 2083 2039 2144 ad
2079 2082 2381 2162 angelicae
2424 2080 2835 2144 beatitudinis
2886 2079 3290 2162 parilitatem,
3325 2080 3457 2143 imo

1966 2199 2084 2242 nec
2121 2181 2200 2242 ad
2246 2181 2615 2262 angelorum
2662 2179 2871 2241 infimi
2916 2179 3158 2242 ordinis
3202 2180 3460 2261 aequali-

1966 2286 2155 2340 tatem
2218 2280 2597 2360 pertingere,
2658 2287 3250 2361 quantumcumque
3311 2298 3457 2360 pro-

1965 2377 2209 2441 ficeret.
3152 2407 3191 2430 .-

2039 2477 2125 2539 De
2154 2476 2253 2539 his
2284 2476 2731 2540 differentibus
2762 2477 3199 2540 mansionibus
3229 2479 3456 2541 domus

1965 2576 2160 2639 Patris
2189 2575 2405 2638 aeterni
2438 2574 2640 2656 accipi
2683 2583 2889 2657 potest
2926 2577 3094 2657 quod
3133 2576 3289 2638 dicit
3327 2575 3458 2638 Sal-

349 2673 433 2736 do
457 2671 836 2750 fruitionem
876 2672 1175 2736 bonitatis
1207 2673 1462 2748 divinae,
1499 2674 1850 2735 secundum

351 2770 528 2852 quod
581 2770 646 2832 in
687 2771 983 2852 praesenti
1028 2772 1157 2834 vita
1201 2771 1446 2833 fuerint
1483 2772 1716 2852 gradus
1764 2777 1855 2832 at-

351 2887 484 2950 que
513 2869 953 2932 distinctiones
995 2870 1389 2944 meritorum,
1423 2869 1660 2950 quibus
1703 2887 1857 2951 prae-

357 2968 489 3030 mia
516 2968 1029 3049 correspondent.
1051 2967 1127 3029 Et
1158 2968 1436 3031 caritatis
1465 2968 1699 3031 fervori
1733 2987 1860 3031 cor-

1967 2683 2143 2739 vator
2177 2693 2190 2737 ε
2223 2673 2429 2736 Facite
2468 2673 2649 2736 vobis
2693 2674 2930 2738 amicos
2970 2674 3047 2736 de
3096 2693 3457 2738 mammona
3486 2695 3748 2748 manno.

1966 2773 2342 2856 iniquitatiS,
2378 2779 2445 2834 ut
2486 2791 2687 2854 quum
2732 2771 3111 2847 defeceritis,
3145 2772 3459 2854 recipiant

1967 2891 2077 2935 vos
2110 2872 2175 2933 in
2204 2879 2437 2934 aeterna
2466 2870 2890 2933 tabernacula.
2915 2870 3457 2944 Quemadmodum

1967 2971 2137 3033 enim
2184 2970 2453 3034 viatores
2503 2969 2571 3031 in
2613 2968 2849 3050 quibus
2898 2969 3061 3032 Deus
3106 2988 3221 3052 per
3259 2970 3459 3034 fidem

359 3068 704 3150 respondet
752 3085 824 3129 ac
882 3069 1066 3130 datur
1113 3068 1447 3150 praemium
1497 3067 1854 3141 essentiale,
1895 3072 1938 3136 C
1969 3077 2030 3132 et
2069 3069 2334 3150 gratiam
2383 3067 2644 3142 habitat,
2679 3068 2978 3130 dicuntur
3023 3069 3269 3144 domus,
3306 3080 3461 3134 tem—

357 3168 534 3248 quod
582 3173 678 3228 est
727 3165 887 3230 visio
937 3165 1043 3228 Dei
1095 3185 1209 3248 per
1254 3166 1556 3249 speciem.
1605 3167 1862 3249 Propter
1975 3169 2149 3252 plum
2206 3174 2270 3228 et
2322 3166 2602 3229 Ecclesia
2659 3166 2788 3240 Dei,
2842 3166 3089 3229 dicente
3137 3168 3457 3250 Apostol0‚

359 3265 536 3347 quod
585 3263 750 3328 visio
793 3264 901 3326 Dei
953 3263 1020 3326 in
1069 3265 1392 3328 mentibus
1447 3267 1864 3348 comprehen-
1971 3267 2307 3349 Templum
2338 3265 2443 3327 Dei
2476 3273 2765 3327 sanctum
2796 3273 2911 3339 est,
2935 3267 3104 3347 quod
3136 3267 3287 3329 estis
3318 3287 3462 3350 vos;
3492 3291 3754 3339 leon-‚uma

359 3382 582 3427 sorum
637 3363 1056 3443 distinguitur
1101 3370 1414 3445 quantum
1467 3365 1544 3427 ad
1593 3366 1860 3446 gradum
1971 3383 2341 3447 rursusque,
2397 3364 2681 3427 Christus
2730 3364 2941 3426 fidelis
2990 3363 3113 3427 fuit
3162 3365 3225 3427 in
3278 3368 3464 3431 domo
3538 3391 3753 3442 mamm.

359 3460 798 3544 perfectioniS,
834 3463 1186 3524 secundum
1228 3463 1401 3544 quod
1449 3482 1614 3524 unus
1655 3463 1719 3524 in
1760 3463 1863 3527 via
1970 3485 2104 3540 sua,
2138 3483 2283 3546 quae
2320 3465 2547 3527 domus
2588 3481 2810 3525 sumus
2856 3481 2968 3526 nos
3006 3481 3020 3525 :
3055 3465 3146 3526 sic
3185 3483 3469 3547 compre·
3494 3457 3535 3502 ⁵·
3556 3457 3596 3497 ⁶·

359 3560 716 3622 ferventius
747 3558 970 3621 dilexit
1007 3559 1204 3621 Deum
1235 3579 1427 3641 quam
1470 3561 1651 3624 alter.
1687 3562 1860 3624 Unus
1973 3565 2295 3636 hensoreS,
2331 3562 2395 3623 in
2435 3561 2671 3643 quibus
2713 3561 2955 3624 habitat
2991 3561 3154 3624 Deus
3196 3581 3309 3645 per
3338 3565 3468 3644 glo—

361 3659 539 3722 enim
593 3657 828 3720 clarius
881 3658 1186 3732 intuetur,
1237 3677 1312 3721 ac
1369 3661 1620 3723 dulcius
1673 3669 1864 3742 atque
1975 3663 2155 3736 riam,
2191 3661 2490 3723 dicuntur
2529 3660 2753 3722 domus
2802 3667 2863 3720 et
2906 3660 3239 3742 templum,
3272 3669 3467 3744 atque

367 3756 715 3840 perfectius
773 3755 1010 3817 fruitur
1058 3756 1183 3820 Deo
1232 3776 1424 3838 quam
1478 3758 1656 3833 alter,
1708 3779 1869 3840 quo-
1975 3758 2427 3841 triumphatrix
2482 3757 2761 3820 Ecclesia
2821 3756 3038 3832 Patris,
3090 3759 3166 3820 de
3224 3779 3353 3842 qua
3399 3763 3465 3823 in

369 3858 541 3919 niam
582 3855 861 3918 caritatis
900 3853 1157 3918 affectio
1194 3858 1400 3937 aperit
1443 3876 1868 3940 capacemque
1976 3858 2348 3942 Apocalypsi
2383 3857 2651 3919 habetur
2685 3876 2698 3920 τ
2733 3856 2964 3920 Civitas
3005 3876 3132 3921 non
3167 3867 3307 3938 eget
3335 3860 3467 3923 sole
3519 3878 3759 3933 amam,

369 3955 576 4018 efficit
615 3962 895 4018 mentem
934 3954 1206 4016 amantis
1249 3955 1509 4017 amanti.
1545 3956 1718 4018 Unde
1753 3957 1867 4038 qui
1979 3975 2187 4039 neque
2232 3956 2403 4032 luna,
2437 3973 2583 4016 nam
2624 3955 2872 4018 claritas
2921 3955 3029 4017 Dei
3082 3956 3469 4020 illuminabit
3497 3943 3565 3984 ²³·

369 4053 698 4118 ardentius
733 4051 928 4114 Deum
969 4052 1212 4126 dilexit,
1249 4053 1500 4134 plenius
1544 4071 1690 4116 eum
1732 4075 1872 4137 par-
1979 4076 2138 4130 eam,
2173 4063 2235 4117 et
2273 4054 2531 4117 lucerna
2568 4053 2709 4134 ejus
2744 4062 2841 4115 est
2871 4055 3107 4135 Agnus.
3143 4054 3217 4117 Et
3254 4057 3330 4118 ad
3360 4057 3471 4120 Ga-

369 4154 618 4235 ticipat,
666 4151 967 4233 possidet,
1016 4151 1267 4212 retinet.
1979 4155 2132 4217 latas
2172 4154 2504 4236 Apostolus
2548 4152 2681 4214 ait:
2717 4151 2828 4214 llla
2875 4171 3021 4234 quae
3069 4171 3323 4216 sursum
3374 4164 3471 4217 θεῖ
3527 4173 3761 4226 calaum,

452 4251 713 4334 Oportet
761 4249 946 4322 scire,
997 4251 1170 4330 quod
1219 4249 1542 4314 beatitudo
1589 4251 1708 4314 ista
1757 4269 1869 4314 seu
1903 4253 2343 4329 DJerusalem,
2379 4251 2579 4313 libera
2624 4259 2739 4324 est,
2782 4269 2924 4332 quae
2974 4259 3069 4313 est
3115 4260 3316 4315 mater
3362 4274 3473 4319 no-
3498 4239 3567 4280 ²⁶·

105 4961 346 5014 Matthia,

92 5027 128 5074 ⁹,
151 5028 212 5068 10.

371 4351 592 4414 divina
620 4349 843 4412 fruitio
874 4348 1216 4429 dupliciter
1246 4349 1719 4413 consideratur:
1747 4349 1874 4412 Pri-

372 4469 502 4531 mo,
556 4465 672 4530 per
719 4446 1256 4528 comparationem
1313 4447 1390 4508 ad
1451 4467 1638 4509 suum
1699 4449 1876 4530 obje-

373 4557 572 4622 ctum,
596 4546 771 4628 quod
797 4552 892 4607 est
923 4545 1083 4606 Deus
1119 4563 1132 4606 ε
1165 4552 1230 4606 et
1257 4545 1348 4607 sic
1381 4565 1506 4608 una
1533 4554 1645 4619 est,
1673 4566 1876 4629 aequa-

373 4649 456 4710 lis
507 4655 573 4708 et
617 4644 1007 4717 indistincta,
1041 4644 1192 4725 quia
1233 4662 1310 4707 ex
1361 4653 1539 4726 parte
1587 4645 1695 4708 Dei
1747 4667 1874 4710 non

376 4747 570 4808 babet
596 4744 866 4826 gradum
904 4750 1011 4804 aut
1046 4741 1497 4806 differentiam.
1531 4744 1708 4807 Unde
1746 4765 1876 4810 om-

377 4843 573 4907 nibus
625 4844 688 4904 in
743 4842 926 4903 vinea
973 4840 1082 4902 Dei
1131 4841 1588 4916 laborantibuS,
1645 4844 1878 4906 dicitur

378 4942 552 5005 idem
611 4939 909 5002 denarius
969 4937 1102 4999 dari
1162 4937 1452 5010 diurnus,
1516 4957 1629 5020 per
1686 4959 1875 5021 quem

381 5041 512 5103 vita
544 5038 910 5118 designatur
939 5043 1193 5098 aeterna.
1229 5035 1540 5110 Secundo,
1575 5056 1690 5119 per
1719 5056 1882 5101 com-

383 5137 777 5221 parationem
813 5137 891 5198 ad
930 5134 1313 5216 subjectum,
1347 5137 1518 5217 quod
1557 5143 1654 5197 est
1702 5154 1880 5198 mens

381 5242 591 5299 creata
639 5233 763 5296 Deo
823 5234 1000 5295 unita
1053 5252 1066 5296 ε
1119 5233 1342 5314 sicque
1388 5233 1877 5309 diversificatur,

381 5333 870 5416 multiplicatur,
904 5331 1338 5412 distinguitur,
1373 5332 1724 5395 secundum
1757 5351 1885 5396 mo—

1982 4361 2130 4414 stra.
2165 4351 2230 4413 In
2273 4350 2388 4412 hac
2418 4352 2605 4413 domo
2646 4349 2861 4412 multae
2894 4356 3042 4412 sunt
3082 4352 3467 4428 mansioneS,

1982 4449 2283 4530 quoniam
2338 4455 2582 4509 mentes
2648 4446 2912 4511 istorum
2971 4447 3135 4510 Deus
3200 4450 3471 4513 diversis

1983 4546 2187 4610 modis
2234 4546 2562 4609 inhabitat.
2597 4545 2807 4609 Nihilo
2849 4547 3064 4609 minus
3110 4556 3317 4629 potest
3362 4568 3475 4631 per

1984 4646 2240 4708 domum
2272 4643 2469 4706 Patris
2510 4644 2777 4726 intelligi
2822 4645 3032 4726 ipsum
3075 4645 3306 4709 coelum
3346 4665 3479 4709 em-

1987 4761 2275 4825 pyreum,
2310 4744 2478 4824 quod
2518 4750 2614 4804 est
2650 4743 2885 4806 summi
2925 4742 3110 4824 Regis
3146 4745 3474 4826 palatium,

1988 4842 2293 4921 locusque
2340 4839 2670 4904 Beatorum
2712 4859 2725 4903 :
2770 4842 2834 4921 in
2884 4861 3016 4923 quo
3066 4851 3215 4905 sunt
3264 4844 3480 4907 multae

1988 4939 2369 5013 mansiones,
2394 4939 2546 5019 quia
2575 4940 2639 5000 in
2671 4938 2917 5002 civibus
2950 4941 3145 5021 hujus
3178 4941 3300 5004 loci
3333 4950 3480 5005 sunt

1989 5038 2301 5100 distinctae
2343 5037 2747 5118 praemiorum
2794 5039 3335 5121 participationes·

2071 5137 2148 5196 Si
2177 5155 2301 5213 quo
2334 5135 2577 5203 minus,
2608 5134 2671 5196 id
2702 5142 2817 5208 est,
2846 5133 2899 5196 si
2928 5136 3111 5198 aliter
3140 5145 3331 5210 esset,
3367 5156 3478 5200 seu

1991 5233 2205 5295 minus
2253 5250 2445 5312 quam
2494 5232 2673 5295 vobis
2728 5251 2897 5295 nunc
2946 5233 3101 5307 dixi,
3154 5235 3474 5310 videlicet,

1991 5331 2045 5395 si
2091 5331 2223 5413 jam
2274 5330 2339 5392 in
2381 5331 2568 5395 domo
2608 5331 2803 5394 Patris
2849 5332 3209 5396 mansiones
3259 5328 3480 5398 multila
