4300 6259
1097 529 1450 576 munaxrm
1493 530 1556 575 m
1596 527 1734 576 car.
1782 528 1888 575 xlv
1927 527 2205 576 sommis.
2248 547 2329 560 ——
2368 529 2511 576 aar.
2556 530 2747 576 xxxin
3350 511 3472 576 539

363 718 599 763 verum
640 719 946 774 amorem,
981 700 1712 783 contemplationemque
1754 701 1874 762 sin·
1903 699 1956 760 A
1985 701 2180 783 pitur.
2217 703 2415 770 Quem
2453 703 2661 762 mittet
2696 704 2899 764 Pater
2935 721 2958 761 .·
2999 718 3125 763 non
3168 699 3473 762 missione

363 802 629 862 ceram?
678 799 1004 874 Praeterea,
1059 799 1301 881 ubique
1348 806 1410 861 et
1459 800 1522 862 in
1573 799 1873 862 omnibus
1985 800 2169 863 locali
2211 800 2309 862 vel
2357 807 2531 863 motu
2576 800 2909 882 corporali,
2952 818 3155 880 quum
3198 797 3472 881 Spiritus

361 905 468 960 est
508 898 694 972 Deua,
729 900 839 960 sed
881 899 1024 962 illos
1065 897 1378 960 inhabitat
1409 897 1472 961 in
1513 897 1750 978 quibus
1781 907 1878 960 est
1985 898 2251 961 Sanctus
2308 899 2391 960 sit
2451 898 2611 960 Deus
2668 899 3041 972 immensuS‚
3092 897 3307 960 omnia
3366 897 3479 958 im-

365 1015 490 1079 per
529 999 696 1061 dona
731 999 950 1079 gratiae
986 1007 1237 1079 gratum
1277 997 1592 1070 facientiS‚
1623 991 1688 1060 et
1721 1007 1878 1060 tam-
1989 998 2194 1079 piem,
2243 1017 2359 1060 nec
2402 997 2562 1070 loco,
2612 1015 2729 1059 nec
2774 1005 3081 1080 tempore,
3130 1015 3249 1058 nec
3288 996 3482 1058 actio-

365 1097 484 1159 diu
517 1096 846 1170 inhabitat,
871 1097 1180 1179 quamdiu
1213 1105 1622 1179 perseverant
1653 1096 1716 1159 in
1746 1116 1880 1178 gra·
1990 1114 2070 1157 ne
2111 1095 2473 1178 mutabilis:
2508 1097 2618 1158 sed
2658 1097 2961 1160 missione
2993 1095 3333 1179 spirituali,
3369 1113 3483 1178 per

369 1197 482 1258 tia.
537 1195 656 1268 Qui
713 1204 919 1258 autem
981 1203 1268 1278 tempore
1326 1195 1690 1260 tentationis
1739 1216 1880 1259 suc·
1989 1194 2379 1258 infusionem
2439 1196 2751 1259 donorum
2808 1194 3132 1268 paracleti,
3189 1202 3259 1256 ut
3316 1192 3481 1256 mitti

368 1294 712 1370 cumbunt,
774 1313 902 1358 non
971 1293 1284 1357 stabiliter
1347 1283 1784 1357 inhabitantur
1842 1313 1880 1356 a
1990 1294 2238 1356 dicatur
2290 1293 2532 1357 ratione
2583 1293 2683 1355 sui
2738 1292 3008 1356 effectus
3064 1311 3257 1374 quem
3306 1291 3485 1355 Patre

67 1406 212 1460 Aroe·
236 1419 337 1456 m.
369 1393 524 1456 Deo.
552 1391 714 1458 Hinc
746 1392 812 1456 in
844 1392 1222 1476 Apocalypsi
1251 1392 1521 1456 Joannes
1549 1393 1638 1455 ait
1671 1411 1684 1456 :
1720 1392 1879 1456 Ecce
1991 1392 2243 1455 volente
2302 1399 2518 1454 causat
2576 1392 2639 1454 in
2692 1391 2981 1455 rationali
3032 1399 3360 1472 creatura3
3411 1393 3482 1452 in

372 1491 862 1554 tabernaculum
906 1491 1016 1554 Dei
1057 1510 1204 1554 cum
1250 1491 1641 1568 hominibuS,
1675 1499 1738 1555 et
1781 1492 1881 1554 ha·
1989 1495 2254 1554 nomine
2302 1512 2461 1560 meo,
2514 1492 2577 1554 id
2634 1499 2731 1554 est
2788 1493 2853 1555 in
2916 1510 3039 1566 me,
3092 1509 3207 1574 per
3266 1509 3367 1554 me
3423 1497 3489 1552 et

371 1590 612 1653 bitabit
653 1609 798 1653 cum
845 1590 960 1652 eis·
1992 1598 2255 1673 propter
2302 1609 2424 1654 me.
2473 1590 2653 1652 Pater
2703 1590 2873 1653 enim
2926 1590 3141 1654 omnia
3187 1596 3487 1672 operatur

141 1683 218 1738 24
457 1690 594 1759 Qui
623 1709 752 1750 non
781 1691 1010 1767 diliyic
1041 1709 1164 1757 me,
1193 1709 1512 1750 sermones
1555 1709 1720 1750 meos
1749 1710 1874 1751 non
1992 1707 2107 1771 per
2164 1689 2395 1752 Filium
2454 1689 2805 1752 secundum
2860 1687 2997 1751 Filii
3060 1688 3482 1762 divinitatem,

368 1799 612 1850 servat.
664 1788 989 1851 Interdum
1049 1796 1258 1850 tamen
1319 1795 1529 1851 servat
1585 1807 1691 1852 cos
1751 1807 1881 1850 me-
1991 1795 2053 1850 et
2093 1806 2208 1871 per
2246 1788 2477 1851 Filium
2516 1789 2867 1850 secundum
2910 1794 3200 1850 naturam
3243 1806 3488 1850 assum·
3525 1833 3535 1840 .

371 1886 660 1960 moriter,
717 1905 836 1949 nec
895 1894 967 1948 ut
1022 1886 1295 1962 obediat,
1357 1887 1467 1948 sed
1530 1894 1599 1949 ut
1655 1887 1879 1969 praedi-
1915 1897 1962 1959 Β
1991 1895 2188 1969 ptam,
2243 1886 2305 1948 id
2360 1893 2475 1960 est,
2528 1904 2643 1968 per
2695 1886 2919 1948 merita
2974 1885 3286 1967 unigeniti
3344 1885 3483 1948 Filii

368 1987 600 2060 cando,
635 1985 978 2067 loquendo,
1012 1985 1296 2049 docendo
1325 2003 1438 2047 seu
1469 1985 1872 2067 disputando,
1989 1985 2111 2058 sui,
2165 1986 2270 2047 dat
2328 1984 2511 2047 nobis
2572 1984 2896 2058 virtutem,
2959 1992 3024 2046 et
3076 1985 3366 2066 gratiam,
3424 1993 3489 2048 et

367 2086 600 2148 doctus
657 2091 980 2167 appareat,
1045 2083 1144 2146 vel
1209 2083 1560 2166 temporale
1622 2083 1876 2146 lucrum
1987 2085 2154 2147 dona
2200 2081 2475 2165 Spiritus
2524 2081 2734 2145 Sancti
2782 2083 2859 2145 ad
2907 2083 3176 2163 gloriam
3225 2082 3481 2158 Christi,

368 2183 697 2247 sortiatur.
745 2182 818 2244 Et
859 2182 1013 2265 quia
1064 2201 1189 2246 non
1240 2189 1449 2245 servat
1499 2200 1612 2264 per
1661 2182 1878 2245 obedi·
1987 2188 2049 2243 et
2086 2189 2155 2243 ut
2186 2183 2609 2263 perducamur
2637 2182 2715 2243 ad
2747 2179 3067 2243 Christum
3110 2189 3341 2244 nostrae
3379 2181 3487 2244 be-

365 2281 612 2344 entiam
657 2280 854 2344 verba
901 2298 1064 2355 mea,
1114 2280 1350 2344 idcirco
1400 2299 1526 2344 non
1578 2280 1876 2361 diligetur
1986 2279 2317 2342 atitudinis
2358 2279 2620 2343 fontem.
2656 2283 2779 2341 Ille
2820 2299 2926 2340 vos
2954 2281 3200 2340 docebit
3234 2281 3486 2351 omnia,

366 2400 406 2443 a
463 2379 644 2442 Patre
692 2397 856 2453 meo,
903 2398 1020 2442 nec
1070 2380 1402 2442 veniemus
1451 2381 1528 2442 ad
1576 2398 1746 2441 eum.
1795 2383 1876 2441 Ec
1989 2396 2112 2440 non
2156 2377 2534 2460 simpliciter
2562 2377 2799 2458 omnia,
2832 2378 2941 2438 sed
2980 2377 3194 2440 omnia
3234 2379 3313 2440 de
3342 2377 3487 2460 qui-

365 2498 727 2540 sermonem
757 2499 946 2558 quem
977 2479 1259 2538 audistis
1289 2496 1366 2540 ex
1408 2495 1517 2541 ore
1549 2495 1710 2552 meo,
1747 2497 1874 2538 non
1987 2477 2107 2538 bus
2155 2476 2588 2558 subjungitur,
2620 2486 2680 2538 et
2716 2486 3011 2554 suyqerec
3053 2478 3227 2537 vobis
3262 2478 3484 2538 omnia

365 2585 458 2636 esc
491 2597 694 2644 meus,
727 2577 1080 2638 secundum
1114 2577 1286 2656 quod
1319 2577 1509 2639 homo
1544 2595 1710 2651 sum,
1743 2583 1879 2637 tan-
1986 2596 2404 2656 quaecumque
2430 2577 2659 2636 dixero
2691 2576 2863 2636 vobis
2893 2596 2917 2635 .·
2948 2575 3011 2636 id
3043 2582 3160 2650 est,
3189 2574 3488 2638 universa

367 2693 566 2757 quam
629 2673 1002 2757 principalis
1061 2673 1335 2738 doctoris
1392 2673 1492 2736 vel
1551 2674 1872 2749 locuturis,
1986 2693 2130 2755 quae
2178 2673 2359 2737 vobis
2418 2693 2589 2736 nunc
2649 2674 2926 2756 praedico
2979 2673 3079 2736 vel
3142 2673 3481 2756 praedicavi

367 2775 483 2834 sed
511 2775 654 2851 ejus
681 2774 800 2852 qui
837 2773 1016 2833 misit
1057 2793 1154 2834 me
1181 2773 1433 2843 Patris,
1465 2772 1578 2853 qui
1621 2790 1734 2854 per
1774 2790 1876 2834 me
1989 2773 2249 2855 proprio
2297 2791 2426 2846 ore,
2468 2791 2613 2854 quae
2654 2791 2778 2835 non
2832 2772 3094 2854 potestis
3145 2773 3334 2836 modo
3384 2772 3483 2834 in-

109 2885 168 2926 12.
201 2900 262 2932 lx.
296 2889 340 2937 ε,
373 2871 677 2954 loquitur·
711 2879 1014 2951 tanquam
1063 2888 1178 2952 per
1225 2871 1500 2950 legatum
1551 2877 1612 2932 et
1662 2871 1871 2951 magni
1987 2872 2272 2952 telligere
2311 2879 2568 2953 propter
2599 2888 2821 2933 eorum
2862 2870 3382 2953 profunditatem,
3416 2877 3481 2933 et

67 2949 188 3002 ³⁸¹¹*
211 2948 338 2992 ¹⁴³¹·
373 2969 627 3033 consilii
678 2968 1000 3049 angelum,
1054 2969 1406 3031 secundum
1463 2969 1635 3050 quod
1686 2969 1874 3032 homo
1988 2969 2179 3032 vestri
2236 2969 2473 3049 ingenii
2526 2969 2905 3040 tarditatem,
2953 2976 3308 3050 vestraeque
3352 2969 3482 3032 ani-

85 3079 340 3134 Jmm-n.
374 3088 544 3131 sum.
596 3066 817 3130 Simile
865 3074 962 3130 est
1006 3068 1176 3149 quod
1227 3085 1422 3148 supra
1470 3066 1631 3129 dixit
1679 3085 1692 3130 ε
1745 3065 1875 3129 Mea
1914 3075 1956 3139 C
1987 3087 2105 3131 mae
2168 3067 2556 3149 multiplices
2625 3067 2949 3150 passiones
3010 3067 3326 3131 actionem
3384 3069 3481 3130 in-

75 3146 136 3184 ¹⁸'
374 3167 667 3231 doctrina
709 3185 834 3229 non
879 3173 978 3228 est
1015 3183 1174 3240 mea,
1209 3167 1317 3227 sed
1358 3165 1499 3246 ejus
1542 3165 1654 3247 qui
1701 3165 1877 3227 misit
1984 3168 2276 3230 tellectus
2346 3167 2787 3250 impedienteS,
2859 3166 3157 3228 videlicet
3223 3175 3484 3249 propter

373 3285 501 3329 me.
563 3264 956 3346 Augustinus
1015 3272 1078 3326 et
1133 3263 1468 3344 Gregorius
1531 3265 1623 3326 sic
1683 3282 1875 3346 expo—
1983 3285 2278 3348 magnam
2318 3265 2661 3340 tristitiam,
2694 3265 3010 3338 timorem,
3047 3265 3351 3340 dolorem,
3387 3265 3483 3328 in-
3576 3301 3589 3314 —

375 3372 540 3427 nunt
591 3383 604 3427 ε
657 3362 965 3436 Quoniam
1014 3361 1300 3425 Christus
1349 3370 1446 3424 est
1493 3363 1762 3426 verbum
1811 3369 1875 3424 et
1984 3373 2187 3427 struet
2238 3384 2348 3428 vos
2414 3363 2690 3446 Spiritus
2750 3364 3015 3428 Sanctus
3081 3382 3196 3446 per
3253 3381 3477 3445 super·

373 3481 585 3528 sermo
629 3462 850 3536 PatriS,
902 3461 1044 3524 ideo
1091 3479 1300 3525 sermo
1347 3479 1538 3542 quem
1590 3461 1876 3542 loquitur
1984 3463 2336 3525 naturalem
2394 3462 2624 3524 mentis
2672 3469 2897 3524 vestrae
2944 3461 3474 3525 illuminationem

374 3563 686 3637 Christus,
729 3580 855 3625 non
899 3567 996 3622 est
1038 3560 1292 3634 Christi,
1335 3561 1446 3622 sed
1494 3559 1714 3635 Patris,
1757 3560 1870 3642 qui
1979 3562 2543 3643 (quemadmodum
2604 3561 2759 3623 dicit
2816 3560 3154 3643 Apostolus
3216 3578 3231 3622 z
3296 3559 3474 3623 Dabit
3526 3576 3766 3624 urinam.

369 3662 597 3744 genuit
652 3660 955 3722 Verbum.
1007 3658 1128 3721 Sed
1188 3658 1308 3722 hoc
1367 3677 1590 3720 verum
1650 3666 1745 3720 est
1793 3659 1872 3721 de
1983 3660 2098 3723 tibi
2160 3660 2463 3722 Dominus
2524 3659 2587 3720 in
2647 3658 2945 3722 omnibus
3005 3641 3543 3738 intellectum);⁷·

374 3761 580 3824 Verbo
638 3759 917 3822 increato
965 3764 1028 3819 et
1084 3775 1376 3847 sermone
1433 3764 1689 3830 aeterno,
1744 3773 1900 3821 non·
1982 3767 2044 3821 et
2081 3766 2393 3839 suggeret,
2429 3758 2492 3820 id
2530 3765 2647 3831 est,
2684 3757 3207 3821 commemorabit
3242 3774 3353 3819 seu
3395 3757 3472 3819 ad

371 3858 624 3924 sonanti
690 3857 788 3920 vel
859 3856 1242 3920 transitorio.
1307 3855 1592 3919 Christus
1658 3863 1870 3918 autem
1983 3856 2355 3920 memoriam
2386 3857 2663 3930 reducet,
2699 3855 2878 3918 vobis
2910 3856 3122 3918 omnia
3152 3874 3476 3937 quaecum-

373 3977 550 4021 nunc
589 3955 866 4018 maxime
904 3954 1188 4035 loquitur
1227 3955 1304 4015 de
1346 3971 1638 4016 sermone
1679 3972 1872 4035 quem
1981 3975 2109 4039 que
2149 3955 2369 4018 dixero
2406 3955 2609 4019 vobis.
2646 3953 2788 4016 Haec
2826 3955 2996 4016 enim
3041 3973 3157 4036 pro
3199 3954 3475 4017 maxima

373 4055 664 4140 protulit,
717 4061 780 4116 et
825 4052 938 4135 qui
999 4070 1184 4114 aures
1237 4045 1700 4134 discipulorum
1759 4050 1873 4113 im·
1984 4065 2161 4138 parte
2202 4054 2385 4118 obliti
2429 4062 2609 4116 erant
2644 4052 2949 4135 Apostoli,
2982 4052 3135 4134 quia
3172 4059 3233 4114 et
3271 4072 3471 4135 quum

369 4155 665 4228 mutavit,
719 4160 1020 4234 tanquam
1071 4150 1394 4232 objectum
1452 4151 1706 4213 auditus
1757 4151 1874 4213 im·
1982 4154 2377 4227 dicebantur,
2415 4172 2539 4217 non
2580 4152 3031 4215 intellexerunt
3058 4170 3131 4214 ea
3170 4150 3469 4233 perfecte,

369 4255 723 4318 mediatum
761 4270 834 4314 ac
878 4250 1234 4334 proprium.
1277 4249 1548 4346 Persona
1591 4267 1739 4312 vero
1783 4250 1872 4312 lo-
1906 4256 1952 4318 D
1985 4271 2100 4316 nec
2149 4252 2425 4315 firmiter
2472 4252 2934 4334 impresserunt
2978 4249 3322 4323 memoriae,
3365 4268 3473 4311 va·

369 4371 580 4436 quens
633 4369 758 4414 non
807 4349 1066 4412 auditur
1114 4367 1228 4431 per
1275 4366 1364 4421 se,
1419 4348 1518 4412 vel
1568 4355 1870 4429 tanquam
1984 4352 2096 4414 riis
2154 4350 2615 4415 afflictionibus
2673 4348 2959 4431 impediti
2987 4368 3003 4428 3
3054 4349 3164 4410 sed
3210 4347 3472 4410 veniens

369 4451 697 4533 objectum
740 4449 1018 4522 audituS,
1051 4448 1160 4510 sed
1204 4446 1522 4509 mediante
1564 4465 1739 4510 sono.
1982 4451 2048 4513 in
2116 4469 2224 4515 eos
2288 4449 2562 4532 Spiritus
2631 4447 2895 4511 Sanctus
2963 4446 3211 4509 reduxit
3278 4447 3476 4510 oblita

163 4553 232 4607 25
455 4553 611 4612 Haec
651 4553 900 4609 locutu-3
941 4568 1088 4608 sum
1133 4548 1332 4616 vobi-3,
1363 4548 1544 4623 apud
1586 4565 1690 4606 vos
1737 4566 1873 4607 ma-
1981 4551 2058 4612 ad
2099 4567 2320 4612 eorum
2360 4546 2754 4620 memoriam,
2788 4545 3093 4626 adjiciens
3128 4545 3470 4609 oblitorum

161 4650 230 4705 26
371 4669 531 4711 nens
561 4646 976 4729 corporaliter
1005 4653 1069 4707 et
1097 4643 1456 4708 visibiliter.
1491 4646 1871 4706 Paracletus
1983 4657 2046 4710 et
2113 4651 2677 4709 rememoratorum
2746 4643 3229 4724 intelligentiam
3296 4643 3477 4705 lucu-

367 4756 613 4814 autem,
676 4745 740 4808 id
802 4753 899 4807 est
960 4744 1301 4806 advocatus
1363 4751 1428 4805 et
1487 4742 1866 4816 consolator,
1981 4745 2241 4807 lentam.

109 4878 208 4910 m..
239 4873 303 4914 ie.
369 4852 634 4929 propter
671 4862 891 4906 causas
939 4841 1130 4925 paulo
1177 4847 1323 4903 ante
1366 4841 1678 4915 inductaS,
1720 4843 1871 4918 Spi-
2061 4845 2297 4905 Pacem
2335 4841 2647 4902 internam
2692 4847 2755 4901 et
2798 4838 3215 4922 spiritualem,
3254 4858 3470 4920 pacem
3607 4859 3677 4914 27

365 4947 540 5005 ritus
587 4945 892 5005 Sanctus.
947 4941 1201 5004 Constat
1248 4941 1418 5021 quod
1471 4957 1870 5021 unaquaeque
1976 4940 2214 5021 gratiae,
2262 4957 2479 5020 pacem
2526 4938 2664 5012 viae,
2710 4957 2833 5000 non
2882 4935 3225 5020 perfectam
3266 4955 3476 5018 neque

365 5041 730 5126 hypostasis
797 5039 881 5102 sit
949 5038 1214 5120 spiritus
1279 5045 1342 5100 et
1409 5044 1685 5100 sanctus.
1748 5036 1868 5100 Sed
1979 5037 2369 5109 continuam,
2414 5037 2521 5098 sed
2572 5033 3026 5117 perficiendam
3080 5043 3138 5096 et
3186 5042 3475 5116 perpetu-

362 5161 570 5224 quum
618 5139 806 5202 tertia
852 5137 1124 5202 Persona
1171 5137 1406 5198 dicitur
1454 5136 1717 5218 proprio
1766 5155 1870 5200 no-
1977 5137 2231 5209 andam,
2274 5136 2571 5214 relinquo
2614 5135 2804 5205 vobis,
2850 5133 2914 5195 id
2956 5141 3073 5206 est,
3118 5132 3469 5195 habendam

364 5240 542 5302 mine
581 5237 859 5321 Spiritus
898 5235 1186 5309 SanctuS,
1231 5234 1352 5298 hoc
1398 5235 1569 5317 quod
1609 5235 1864 5308 dicitur,
1978 5241 2040 5296 et
2087 5233 2563 5296 custodiendam
2614 5231 2935 5313 praecipio,
2983 5231 3113 5294 imo
3154 5239 3217 5294 et
3267 5230 3473 5294 confe-

359 5336 640 5421 Spiritus
689 5334 979 5410 SanctuS,
1033 5352 1151 5417 pro
1200 5352 1326 5395 una
1375 5333 1651 5397 dictione
1702 5333 1868 5395 acci-
1981 5350 2071 5408 ro,
2113 5339 2176 5394 et
2218 5331 2271 5394 si
2318 5348 2443 5393 non
2492 5329 2700 5402 modo,
2744 5336 2953 5391 tamen
3006 5337 3151 5412 post
3193 5347 3474 5392 resurre-
