4300 6259
565 2085 768 2191 ¹1⁶Th0⁸t
784 2099 828 2138 ιι,

565 3764 830 3818 Nathan,

568 3829 620 3870 82
644 3831 688 3870 et
709 3839 833 3884 aeq..-

565 3889 672 3934 Lue.
704 3905 774 3944 ιιι,
807 3895 832 3934 9

567 3956 612 3996 et
635 3965 723 4010 seq.

858 493 981 562 200

1312 520 1632 568 marulo
1674 521 1738 566 ΙΝ
1779 519 2123 570 ΡΔΒΒῙΟΝΕΙΙ
2164 519 2380 567 ΒΟΠῙΝΙ
2423 519 2743 569 secenum!
2783 521 3006 569 Lucu.
3050 541 3133 552 --
3170 521 3314 569 Aur.
3359 523 3501 569 xlm

937 684 1167 751 Dumna·
1197 690 1559 770 dicendum,
1585 709 1700 775 per
1728 710 1919 774 quem
1951 694 2212 756 modum
2242 699 2351 754 aut
2380 691 2431 752 A
2460 692 2822 756 obedientia
2865 712 2879 757 :
2922 713 3049 776 qua
3092 695 3349 757 caritate
3398 693 3685 758 Christus
3729 692 3955 756 dilexit

853 804 982 867 qua
1017 789 1312 870 aequitate
1349 809 1551 871 genus
1596 792 1945 854 humanum
1985 791 2352 854 reconcilia-

850 894 989 948 tum
1027 894 1124 949 est
1161 887 1283 952 Deo
1325 889 1488 951 Patri
1531 909 1645 972 per
1684 890 2042 972 passionem
2081 897 2142 951 et
2182 909 2350 952 mor-

851 991 980 1046 tem
1039 986 1350 1067 unigeniti
1411 987 1552 1050 Filii
1611 989 1772 1069 ejus.
1831 988 2091 1050 Videtur
2147 989 2345 1068 enim,

850 1084 1023 1164 quod
1079 1083 1236 1147 Filio
1293 1085 1402 1147 Dei
1460 1087 1539 1150 ab
1600 1087 1970 1150 hominibus
2030 1096 2157 1150 tam
2208 1106 2349 1149 cru-

852 1182 1177 1245 delissime
1223 1204 1296 1247 ac
1345 1185 1725 1268 impiissime
1777 1185 2130 1262 interfecto,
2182 1186 2347 1248 Deus

853 1277 1030 1342 Pater
1074 1281 1218 1364 plus
1259 1282 1478 1346 debuit
1518 1283 1884 1346 hominibus
1926 1284 2112 1346 irasci
2153 1303 2345 1366 quam

852 1386 1018 1453 ante,
1077 1382 1428 1463 praesertim
1485 1401 1686 1464 quum
1745 1382 1976 1446 occisio
2033 1382 2178 1444 Filii
2237 1382 2344 1444 Dei

853 1477 1048 1540 fuerit
1089 1480 1291 1544 multo
1335 1481 1542 1562 majus
1592 1490 1944 1563 peccatum,
1988 1501 2183 1563 quam
2225 1483 2349 1545 ori-

848 1576 1061 1657 ginale
1090 1585 1421 1660 peccatum
1452 1580 1731 1643 hominis
1772 1579 2168 1663 protoplasti,
2206 1600 2349 1662 pro-

853 1684 992 1758 pter
1030 1678 1203 1758 quod
1245 1677 1410 1740 Deus
1453 1678 1566 1741 toti
1603 1679 1822 1760 generi
1866 1678 2145 1741 humano
2188 1679 2345 1741 iram

854 1793 1034 1837 suam
1078 1774 1336 1837 inflixit.
1379 1775 1702 1852 Praeterea,
1746 1777 1912 1840 sicut
1959 1776 2126 1839 infra
2177 1785 2348 1859 pate-

2461 789 2659 853 Deum
2717 791 2960 854 Patrem
3018 802 3082 855 et
3136 811 3271 868 nOS,
3327 800 3389 855 et
3444 811 3521 854 ex
3576 791 3833 854 caritate
3884 799 3953 852 et

2462 888 2694 970 pietate
2736 910 2851 952 sua
2892 892 2970 953 ad
3016 911 3129 955 nos
3176 910 3542 974 compassus
3584 898 3681 952 est
3722 898 3954 952 nostrae

2462 988 2891 1068 damnationi3
2938 1009 3065 1071 qua
3102 989 3292 1052 etiam
3342 989 3701 1052 obedientia
3744 987 3952 1050 factus

2459 1095 2557 1148 est
2612 1086 2914 1150 obediens
2975 1087 3101 1151 Deo
3159 1087 3319 1150 Patri
3384 1105 3587 1169 usque
3642 1089 3721 1149 ad
3776 1106 3949 1150 mor·
3992 1102 4219 1158 Pluinma.

2460 1195 2609 1258 tem,
2662 1195 2930 1250 mortem
2988 1193 3199 1249 autem
3250 1187 3457 1250 crucis
3504 1185 3955 1269 contemptibi-
3980 1168 4023 1208 ⁸·

2459 1284 2609 1358 lem,
2660 1285 3144 1366 amarissimam,
3195 1293 3259 1348 et
3311 1286 3711 1349 horrendam.
3763 1284 3955 1348 Porro

2461 1383 2670 1464 passio
2728 1382 2981 1458 Christi,
3035 1383 3433 1466 impiissima,
3488 1383 3950 1458 crudelissima,

2459 1480 2975 1556 invidiosissima,
3000 1490 3060 1544 et
3090 1482 3364 1544 maxime
3394 1481 3817 1556 demeritoria,
3844 1480 3957 1542 Pa-

2459 1578 2703 1660 trisque
2740 1578 3057 1642 osfensiva
3093 1579 3235 1653 fuit,
3270 1599 3347 1642 ex
3378 1589 3553 1662 parte
3592 1578 3952 1658 inferentia,

2462 1677 2581 1740 hoc
2632 1685 2728 1739 est
2780 1677 3137 1740 Judaeorum
3188 1687 3253 1740 et
3297 1679 3564 1741 aliorum
3615 1679 3727 1760 qui
3776 1677 3957 1741 Chri-

2460 1781 2629 1836 stum
2674 1773 3152 1850 interfecerunt,
3187 1776 3339 1857 quia
3379 1795 3457 1838 ex
3498 1795 3749 1839 summa
3788 1777 3959 1838 invi-

852 1871 970 1946 bit,
1005 1881 1263 1954 propter
1301 1874 1530 1937 Christi
1570 1875 1952 1938 occisionem
1994 1875 2058 1937 in
2099 1883 2345 1938 tantum
2386 1870 2433 1932 B
2462 1873 2584 1948 dia,
2620 1873 3011 1950 crudelitate,
3048 1875 3371 1956 impietate
3398 1874 3688 1938 fecerunt
3718 1876 3859 1939 hoc.

857 1970 1143 2034 offensus
1191 1979 1382 2053 atque
1431 1972 1627 2035 iratus
1675 1981 1771 2037 est
1819 1974 1979 2036 Deus
2029 1972 2208 2036 Pater
2252 1973 2352 2036 Ju-

859 2070 1032 2148 daeis,
1076 2073 1246 2152 quod
1289 2072 1382 2133 ira
1424 2072 1628 2153 ipsius
1676 2073 1968 2155 pervenit
2008 2073 2074 2134 in
2117 2091 2225 2136 eos
2252 2073 2353 2152 (ut

857 2169 948 2232 ait
981 2169 1346 2252 Apostolus)
1374 2189 1579 2252 usque
1618 2172 1682 2233 in
1722 2170 1946 2234 finem.
1984 2172 2203 2253 Itaque
2244 2189 2353 2253 ap-

861 2278 1058 2351 paret,
1101 2270 1273 2352 quod
1316 2288 1518 2351 genus
1568 2272 1920 2333 humanum
1964 2288 2077 2352 per
2119 2270 2349 2334 Christi

860 2368 1219 2451 passionem
1256 2387 1381 2431 non
1422 2369 1507 2431 sit
1542 2368 1666 2432 Deo
1707 2369 2207 2444 reconciliatum,
2242 2369 2352 2430 sed

857 2469 1058 2549 magis
1097 2467 1335 2531 odibile
1381 2467 1643 2531 factum.
1687 2468 1893 2533 Potest
1933 2486 2192 2550 quoque
2238 2468 2355 2530 hu-

854 2565 960 2646 jus
989 2565 1356 2649 exemplum
1396 2567 1613 2629 induci
1647 2586 1662 2630 :
1696 2567 1848 2648 quia
1879 2567 1932 2628 si
1974 2567 2139 2628 inter
2178 2565 2355 2648 prin·

859 2665 1066 2747 cipem
1104 2672 1430 2728 terrenum
1461 2665 1732 2748 ejusque
1768 2665 1992 2728 urbem
2033 2682 2146 2727 seu
2184 2685 2355 2730 com-

858 2764 1234 2827 munitatem
1273 2764 1586 2828 discordia
1623 2771 1810 2839 esset,
1844 2772 1906 2826 et
1934 2765 2238 2846 princeps
2275 2766 2352 2827 ad

859 2861 1084 2924 urbem
1132 2862 1306 2925 illam
1359 2862 1761 2943 unigenitum
1811 2881 1999 2925 suum
2049 2863 2350 2938 mitteret,

858 2968 930 3022 ut
989 2978 1128 3022 eam
1185 2961 1265 3022 ad
1326 2961 1751 3023 obedientiam
1822 2961 2356 3043 concordiamque

2568 1973 2805 2055 ltaque,
2876 1973 3179 2055 quoniam
3247 1973 3531 2036 Christus
3598 1974 3957 2037 secundum

2461 2073 2631 2154 quod
2691 2073 2899 2146 homo,
2950 2071 3114 2134 Patri
3176 2072 3241 2134 in
3289 2071 3587 2136 omnibus
3643 2072 3953 2148 obedivit,
3997 2094 4219 2136 Jmm.

2462 2172 2745 2234 docendo
2773 2177 2836 2232 et
2866 2170 3251 2251 increpando
3277 2170 3544 2245 JudaeOS,
3571 2179 3761 2252 prout
3790 2171 3957 2233 Deus
3986 2158 4055 2198 ²²

2461 2269 2639 2332 Pater
2680 2268 2803 2330 sibi
2848 2269 3169 2351 praecepit,
3212 2275 3274 2330 et
3318 2286 3395 2330 ex
3437 2269 3558 2331 hoc
3595 2269 3957 2332 Judaeorum

2463 2368 2735 2430 incurrit
2772 2368 3101 2442 invidiam,
3146 2367 3257 2449 qui
3299 2368 3627 2430 veritatem
3664 2367 3811 2431 odio
3853 2367 3967 2430 ha—

2464 2465 2762 2540 buerunt,
2816 2465 2902 2527 ita
2952 2473 3021 2527 ut
3069 2465 3224 2529 moti
3274 2473 3335 2528 et
3384 2464 3761 2528 inflammati
3814 2475 3971 2529 sunt

2464 2565 2752 2628 occidere
2801 2583 2991 2645 eum;
3031 2575 3096 2628 et
3143 2565 3427 2628 Christus
3476 2564 3653 2627 illam
3700 2566 3973 2629 occisio-

2466 2682 2613 2726 nem
2663 2682 2777 2745 pro
2823 2662 3071 2743 justitia
3115 2661 3576 2745 patientissime
3624 2663 3793 2738 tulit,
3838 2663 3973 2727 imo

2466 2769 2529 2823 et
2573 2780 2649 2823 ex
2698 2760 3145 2823 ardentissima
3191 2760 3448 2824 caritate
3497 2768 3560 2822 et
3606 2760 3976 2825 obedientia

2464 2860 2815 2942 acceptavit
2872 2879 2945 2922 ac
2995 2860 3280 2942 pertulit,
3330 2860 3632 2922 ordinans
3688 2878 3829 2922 eam
3887 2862 3975 2923 ad

2468 2959 2663 3021 Patris
2724 2959 3144 3042 placationem
3192 2967 3257 3020 et
3304 2959 3807 3032 honorationem,
3858 2961 3975 3024 ho-

858 3058 1170 3141 principis
1209 3058 1308 3120 sui
1340 3059 1672 3121 reduceret
1703 3077 1716 3121 :
1752 3059 1804 3121 si
1846 3067 2000 3122 tunc
2030 3059 2201 3122 cives
2240 3059 2357 3120 hu-
2392 3062 2434 3128 C
2466 3057 2845 3140 minumque
2894 3056 3470 3120 reconciliationem
3520 3075 3667 3119 cum
3714 3056 3895 3120 Patre
3952 3079 3967 3121 :

854 3156 1135 3238 jusmodi
1186 3155 1398 3218 filium
1447 3157 1757 3240 principis
1805 3159 2028 3220 audire
2075 3165 2358 3221 contem-

859 3262 1103 3332 nerent,
1149 3255 1277 3318 imo
1324 3263 1386 3317 et
1432 3255 1842 3330 trucidarent,
1888 3255 2190 3339 princeps
2234 3256 2355 3318 hoc

858 3352 1024 3416 facto
1067 3353 1213 3435 plus
1255 3361 1702 3435 provocaretur
1745 3361 1964 3418 contra
2013 3354 2239 3417 urbem
2283 3354 2356 3415 il-

859 3452 1007 3527 lam,
1053 3471 1246 3534 quam
1294 3460 1440 3515 ante
1486 3451 1694 3515 fuerat
1743 3461 2141 3535 provocatus.
2196 3453 2356 3515 Huic

859 3551 1116 3614 demum
1146 3551 1436 3633 exemplo
1467 3553 1822 3626 concordat,
1856 3553 2028 3633 quod
2059 3551 2124 3613 in
2158 3551 2358 3613 Evan-

858 3648 1025 3730 gelio
1089 3649 1373 3712 Christus
1441 3649 1724 3731 loquitur
1788 3649 1852 3711 in
1918 3649 2218 3732 parabola
2280 3651 2355 3712 de

862 3746 1311 3829 patrefamilias
1350 3748 1461 3830 qui
1496 3747 1746 3810 vineam
1785 3767 1978 3830 quam
2021 3747 2351 3830 plantavit,

861 3844 1091 3908 locavit
1135 3845 1427 3927 agricolis
1471 3865 1484 3908 ε
1528 3846 1641 3927 qui
1691 3847 1944 3909 tandem
1984 3845 2197 3908 filium
2250 3864 2357 3927 pa-

861 3943 1250 4007 trisfamilias
1287 3945 1677 4020 occiderunt,
1713 3951 1973 4027 propter
2000 3945 2173 4027 quod
2214 3963 2355 4026 per-

861 4041 1092 4105 ierunt.

935 4141 1030 4204 Ad
1072 4141 1190 4204 ista
1240 4142 1771 4224 respondendum,
1815 4141 1966 4223 quia
2014 4150 2085 4204 ut
2132 4142 2356 4205 dicunt

2468 3155 2705 3220 idcirco
2746 3156 2956 3238 passio
2994 3155 3248 3229 Christi,
3284 3156 3637 3218 secundum
3675 3155 3850 3236 quod
3888 3174 3972 3219 ex

2467 3254 2589 3316 ista
2631 3254 2842 3316 radice
2889 3273 2927 3316 a
2975 3253 3222 3316 Christo
3270 3261 3589 3335 acceptata
3636 3261 3732 3315 est
3778 3262 3847 3316 et
3888 3256 3973 3317 ad

2470 3353 2840 3435 praedictum
2882 3352 3079 3414 finem
3124 3351 3341 3426 relata,
3378 3351 3849 3433 placentissima
3876 3361 3973 3415 at-

2467 3469 2595 3532 que
2641 3451 3001 3531 gratissima
3050 3468 3164 3512 seu
3202 3449 3641 3532 acceptissima
3688 3449 3813 3513 fuit
3858 3450 3972 3513 Pa-

2468 3549 2572 3622 tri,
2617 3556 2681 3611 et
2720 3567 2869 3611 eum
2915 3548 3133 3630 generi
3181 3547 3451 3630 placavit
3500 3548 3777 3612 humano
3820 3569 3837 3612 :
3880 3550 3971 3612 ita

2468 3649 2639 3730 quod
2688 3647 2923 3711 virtute
2960 3656 3022 3709 et
3071 3646 3297 3710 merito
3348 3646 3658 3728 passionis
3708 3646 3967 3724 Christi,

2468 3747 2581 3810 toti
2621 3745 2839 3827 generi
2881 3745 3161 3808 humano
3201 3745 3445 3808 dimisit
3477 3743 3785 3827 originale
3824 3766 3975 3829 pec>-

2468 3853 2701 3919 catum,
2746 3852 2953 3906 cetera
2996 3861 3253 3925 quoque
3303 3850 3578 3925 peccata,
3624 3845 3973 3909 dummodo

2468 3943 2767 4005 meritum
2813 3943 3147 4005 dominicae
3198 3942 3511 4024 passionis
3554 3942 3645 4004 eis
3685 3943 3974 4024 applice-

2466 4050 2572 4104 tur
2611 4060 2724 4124 pcr
2755 4048 3146 4104 sacramenta
3185 4039 3494 4116 Ecclesiae,
3530 4059 3639 4102 seu
3678 4041 3804 4104 alio
3834 4061 3969 4106 mo-

2466 4141 2567 4216 de,
2604 4147 2755 4222 puta
2800 4157 2914 4222 per
2956 4138 3155 4202 fidem
3197 4139 3261 4201 in
3304 4139 3645 4214 Christum,
3688 4157 3801 4202 seu
3850 4141 3969 4204 ali-

858 4239 1056 4302 sancti
1096 4239 1403 4313 doctores,
1437 4257 1628 4313 morS,
1663 4257 1774 4300 seu
1815 4239 2024 4320 passio
2060 4238 2160 4303 vel
2192 4240 2355 4302 occi·
2386 4245 2433 4308 D
2464 4247 2580 4313 ter,
2643 4239 2997 4301 secundum
3054 4238 3226 4319 quod
3284 4237 3350 4300 in
3407 4237 3543 4318 lege
3602 4246 3841 4302 naturae
3896 4249 3963 4302 et

857 4337 951 4400 sio
999 4336 1252 4412 Christi,
1306 4337 1596 4419 piissima
1653 4336 1778 4399 fuit
1824 4345 1887 4400 et
1943 4338 2349 4420 impiissima,

857 4435 1295 4500 crudelissima
1341 4443 1405 4498 et
1452 4434 2062 4510 misericordissima,
2113 4456 2354 4500 amoro-

857 4533 1108 4598 sissima
1133 4541 1197 4596 et
1228 4533 1736 4608 invidiosissima,
1752 4551 2000 4596 summe
2031 4535 2353 4598 meritoria

857 4631 1182 4713 Patrisque
1240 4630 1665 4714 placatissima
1721 4639 1783 4693 et
1833 4650 2083 4694 summe
2141 4633 2353 4696 deme-

858 4730 1076 4793 ritoria
1135 4729 1458 4810 Patrisque
1515 4728 1850 4794 offensiva.
1913 4729 2055 4792 Fuit
2111 4732 2350 4794 etenim

857 4828 1164 4911 piissima,
1203 4826 1811 4903 misericordissima,
1853 4829 2344 4906 amorosissima,

855 4943 1106 4989 summe
1163 4925 1487 4989 meritoria
1541 4933 1605 4988 et
1660 4924 1858 4988 Deum
1913 4924 2159 4988 Patrem
2219 4929 2351 5011 pla-

855 5043 1026 5100 canS,
1059 5041 1136 5087 ex
1181 5032 1357 5106 parte
1401 5024 1719 5106 patientiS,
1755 5024 2050 5088 videlicet
2090 5023 2343 5102 Christi,

855 5121 922 5184 in
960 5130 1271 5204 quantum
1319 5122 1679 5204 passionem
1728 5122 1902 5185 illam
1941 5131 2168 5205 sponte
2212 5144 2349 5187 sus-

852 5221 1049 5284 tinuit
1094 5239 1172 5284 ex
1228 5220 1693 5302 perfectissima
1742 5221 2019 5297 caritate,
2075 5222 2347 5286 clemen-

857 5318 1101 5382 tissima
1141 5318 1597 5401 compassione,
1637 5327 1828 5400 atquc
1870 5320 2346 5402 promptissima

2461 4336 2599 4418 lege
2636 4337 2873 4418 scripta
2907 4334 3173 4399 Mosaica
3205 4335 3493 4398 homines
3532 4335 3957 4401 diversimode

2461 4436 2707 4500 Christo
2736 4435 3024 4499 omnium
3056 4435 3401 4497 electorum
3432 4435 3621 4517 capiti
3654 4435 3955 4499 unieban—

2460 4543 2586 4610 tur,
2623 4541 2692 4597 ut
2730 4535 2912 4597 docet
2948 4533 3125 4614 Hugo
3168 4532 3231 4593 in
3278 4532 3440 4596 libro
3482 4533 3558 4594 de
3595 4530 3955 4597 Sacramen-

2458 4633 2557 4695 tis.
2599 4632 2805 4705 Quum
2853 4631 3025 4693 enim
3065 4630 3349 4693 Christus
3388 4631 3469 4692 sit
3516 4638 3705 4712 caput
3750 4634 3952 4694 omni·
4018 4660 4221 4716 epuns,

2462 4750 2569 4793 um
2618 4729 2951 4794 hominum
2994 4728 3363 4802 electorum,
3406 4728 3695 4792 homines
3734 4731 3947 4793 meriti
3980 4725 4050 4766 ²³·

2460 4829 2771 4913 passionis
2828 4827 3059 4891 Christi
3116 4826 3458 4910 participes
3514 4827 3657 4889 fieri
3716 4846 3955 4910 neque-

2461 4935 2595 5002 unt,
2646 4927 2766 4989 nisi
2818 4926 3065 4990 Christo
3110 4925 3327 5006 aliquo
3376 4927 3562 4989 modo
3606 4925 3739 5007 jam
3782 4933 3953 4991 tacto

2461 5027 2783 5088 uniantur.
2835 5024 2909 5086 Et
2962 5024 3055 5086 sic
3112 5024 3320 5105 passio
3370 5022 3597 5087 Christi
3654 5025 3951 5088 universa

2458 5125 2693 5188 delevit
2750 5130 3025 5206 peccata,
3086 5121 3241 5203 quia
3298 5121 3532 5184 virtute
3590 5141 3663 5184 ac
3722 5124 3951 5187 merito

2456 5222 2596 5304 ejus
2642 5223 2807 5284 Deus
2858 5220 3172 5284 universis
3224 5220 3492 5301 ignoscit
3540 5221 3649 5303 qui
3700 5221 3949 5287 Christo

2457 5341 2571 5405 per
2606 5321 2997 5403 Baptismum
3034 5337 3147 5381 seu
3176 5318 3361 5381 aliter
3399 5319 3707 5381 uniuntur
3748 5328 3818 5382 ut
3848 5339 3949 5384 ca-
