<?xml version="1.0" encoding="UTF-8"?>
<!DOCTYPE html PUBLIC "-//W3C//DTD XHTML 1.0 Transitional//EN"
    "http://www.w3.org/TR/xhtml1/DTD/xhtml1-transitional.dtd">
<html xmlns="http://www.w3.org/1999/xhtml" xml:lang="en" lang="en">
 <head>
  <title>
</title>
<meta http-equiv="Content-Type" content="text/html;charset=utf-8" />
  <meta name='ocr-system' content='tesseract 3.04.00' />
  <meta name='ocr-capabilities' content='ocr_page ocr_carea ocr_par ocr_line ocrx_word'/>
</head>
<body>
  <div class='ocr_page' id='page_1' title='image "./doctorisecstati09unkngoog_0031.png"; bbox 0 0 4300 6259; ppageno 0'>
   <div class='ocr_carea' id='block_1_1' title="bbox 1176 484 3462 560">
    <p class='ocr_par' dir='ltr' id='par_1_1' title="bbox 1176 484 3462 560">
     <span class='ocr_line' id='line_1_1' title="bbox 1176 484 3462 560; baseline -0.002 0"><span class='ocrx_word' id='word_1_1' title='bbox 1176 512 1524 560; x_wconf 59' lang='lat' dir='ltr'><strong>amana-no</strong></span> <span class='ocrx_word' id='word_1_2' title='bbox 1567 511 1632 557; x_wconf 78' lang='lat' dir='ltr'><strong>m</strong></span> <span class='ocrx_word' id='word_1_3' title='bbox 1674 508 1812 557; x_wconf 59' lang='lat' dir='ltr'><strong>car.</strong></span> <span class='ocrx_word' id='word_1_4' title='bbox 1857 510 1900 555; x_wconf 90' lang='lat' dir='ltr'>x</span> <span class='ocrx_word' id='word_1_5' title='bbox 1941 509 2130 557; x_wconf 60' lang='lat' dir='ltr'><strong>tucn.</strong></span> <span class='ocrx_word' id='word_1_6' title='bbox 2175 530 2255 541; x_wconf 94' lang='lat'><strong>—</strong></span> <span class='ocrx_word' id='word_1_7' title='bbox 2298 510 2439 559; x_wconf 72' lang='lat' dir='ltr'><strong>Art-r.</strong></span> <span class='ocrx_word' id='word_1_8' title='bbox 2484 512 2657 559; x_wconf 85' lang='lat' dir='ltr'><strong>xxvn</strong></span> <span class='ocrx_word' id='word_1_9' title='bbox 3386 484 3462 556; x_wconf 79' lang='lat'><strong>17</strong></span> 
     </span>
    </p>
   </div>
   <div class='ocr_carea' id='block_1_2' title="bbox 345 680 3470 764">
    <p class='ocr_par' dir='ltr' id='par_1_2' title="bbox 345 680 3470 764">
     <span class='ocr_line' id='line_1_2' title="bbox 345 680 3470 764; baseline 0.001 -21"><span class='ocrx_word' id='word_1_10' title='bbox 345 682 624 758; x_wconf 80' lang='lat' dir='ltr'><strong>viribuS,</strong></span> <span class='ocrx_word' id='word_1_11' title='bbox 659 691 758 747; x_wconf 90' lang='lat' dir='ltr'><strong>est</strong></span> <span class='ocrx_word' id='word_1_12' title='bbox 795 702 1050 750; x_wconf 92' lang='lat' dir='ltr'><strong>omnem</strong></span> <span class='ocrx_word' id='word_1_13' title='bbox 1091 685 1470 747; x_wconf 80' lang='lat' dir='ltr'><strong>exteriorem</strong></span> <span class='ocrx_word' id='word_1_14' title='bbox 1508 692 1720 747; x_wconf 90' lang='lat' dir='ltr'><strong>actum</strong></span> <span class='ocrx_word' id='word_1_15' title='bbox 1756 683 1864 744; x_wconf 88' lang='lat' dir='ltr'><strong>ha-</strong></span> <span class='ocrx_word' id='word_1_16' title='bbox 1892 680 1942 741; x_wconf 89' lang='lat' dir='ltr'><strong>A</strong></span> <span class='ocrx_word' id='word_1_17' title='bbox 1973 690 2141 757; x_wconf 91' lang='lat' dir='ltr'><strong>sunt,</strong></span> <span class='ocrx_word' id='word_1_18' title='bbox 2176 683 2327 763; x_wconf 92' lang='lat' dir='ltr'><strong>quia</strong></span> <span class='ocrx_word' id='word_1_19' title='bbox 2365 701 2483 746; x_wconf 89' lang='lat' dir='ltr'><strong>nec</strong></span> <span class='ocrx_word' id='word_1_20' title='bbox 2518 682 2737 764; x_wconf 82' lang='lat' dir='ltr'><strong>gratiae</strong></span> <span class='ocrx_word' id='word_1_21' title='bbox 2775 702 2893 746; x_wconf 92' lang='lat' dir='ltr'><strong>nec</strong></span> <span class='ocrx_word' id='word_1_22' title='bbox 2928 681 3146 764; x_wconf 81' lang='lat' dir='ltr'><strong>gloriae</strong></span> <span class='ocrx_word' id='word_1_23' title='bbox 3184 688 3333 745; x_wconf 91' lang='lat' dir='ltr'><strong>sunt</strong></span> <span class='ocrx_word' id='word_1_24' title='bbox 3371 701 3470 745; x_wconf 92' lang='lat' dir='ltr'><strong>ca-</strong></span> 
     </span>
    </p>
   </div>
   <div class='ocr_carea' id='block_1_3' title="bbox 341 779 1864 1845">
    <p class='ocr_par' dir='ltr' id='par_1_3' title="bbox 341 779 1864 1845">
     <span class='ocr_line' id='line_1_3' title="bbox 343 779 1864 865; baseline 0.001 -24"><span class='ocrx_word' id='word_1_25' title='bbox 343 779 504 842; x_wconf 87' lang='lat' dir='ltr'><strong>here</strong></span> <span class='ocrx_word' id='word_1_26' title='bbox 545 782 1104 865; x_wconf 88' lang='lat' dir='ltr'><strong>promptissimum</strong></span> <span class='ocrx_word' id='word_1_27' title='bbox 1145 783 1382 863; x_wconf 83' lang='lat' dir='ltr'><strong>jugiter</strong></span> <span class='ocrx_word' id='word_1_28' title='bbox 1410 783 1486 845; x_wconf 98' lang='lat' dir='ltr'><strong>ad</strong></span> <span class='ocrx_word' id='word_1_29' title='bbox 1518 782 1626 843; x_wconf 90' lang='lat' dir='ltr'><strong>Dei</strong></span> <span class='ocrx_word' id='word_1_30' title='bbox 1667 782 1864 844; x_wconf 89' lang='lat' dir='ltr'><strong>hono-</strong></span> 
     </span>
     <span class='ocr_line' id='line_1_4' title="bbox 344 881 1863 964; baseline 0.001 -23"><span class='ocrx_word' id='word_1_31' title='bbox 344 897 484 941; x_wconf 89' lang='lat' dir='ltr'><strong>rem</strong></span> <span class='ocrx_word' id='word_1_32' title='bbox 519 889 582 942; x_wconf 88' lang='lat' dir='ltr'><strong>et</strong></span> <span class='ocrx_word' id='word_1_33' title='bbox 613 881 861 943; x_wconf 89' lang='lat' dir='ltr'><strong>cultum</strong></span> <span class='ocrx_word' id='word_1_34' title='bbox 901 890 1092 963; x_wconf 88' lang='lat' dir='ltr'><strong>atque</strong></span> <span class='ocrx_word' id='word_1_35' title='bbox 1135 881 1478 964; x_wconf 89' lang='lat' dir='ltr'><strong>imperium</strong></span> <span class='ocrx_word' id='word_1_36' title='bbox 1516 900 1530 943; x_wconf 87' lang='lat'>:</span> <span class='ocrx_word' id='word_1_37' title='bbox 1565 881 1734 961; x_wconf 91' lang='lat' dir='ltr'><strong>quod</strong></span> <span class='ocrx_word' id='word_1_38' title='bbox 1770 887 1863 942; x_wconf 87' lang='lat' dir='ltr'><strong>to-</strong></span> 
     </span>
     <span class='ocr_line' id='line_1_5' title="bbox 341 978 1862 1062; baseline 0 -25"><span class='ocrx_word' id='word_1_39' title='bbox 341 984 486 1039; x_wconf 85' lang='lat' dir='ltr'><strong>tum</strong></span> <span class='ocrx_word' id='word_1_40' title='bbox 537 998 670 1042; x_wconf 90' lang='lat' dir='ltr'><strong>non</strong></span> <span class='ocrx_word' id='word_1_41' title='bbox 721 980 848 1042; x_wconf 90' lang='lat' dir='ltr'><strong>nisi</strong></span> <span class='ocrx_word' id='word_1_42' title='bbox 897 980 963 1041; x_wconf 89' lang='lat' dir='ltr'><strong>in</strong></span> <span class='ocrx_word' id='word_1_43' title='bbox 1007 980 1211 1062; x_wconf 88' lang='lat' dir='ltr'><strong>patria</strong></span> <span class='ocrx_word' id='word_1_44' title='bbox 1249 979 1418 1043; x_wconf 88' lang='lat' dir='ltr'><strong>valet</strong></span> <span class='ocrx_word' id='word_1_45' title='bbox 1465 978 1757 1059; x_wconf 85' lang='lat' dir='ltr'><strong>impleri;</strong></span> <span class='ocrx_word' id='word_1_46' title='bbox 1800 985 1862 1038; x_wconf 89' lang='lat' dir='ltr'><strong>et</strong></span> 
     </span>
     <span class='ocr_line' id='line_1_6' title="bbox 341 1074 1860 1159; baseline -0.001 -22"><span class='ocrx_word' id='word_1_47' title='bbox 341 1074 753 1158; x_wconf 83' lang='lat' dir='ltr'><strong>implebitur,</strong></span> <span class='ocrx_word' id='word_1_48' title='bbox 789 1097 917 1142; x_wconf 91' lang='lat' dir='ltr'><strong>non</strong></span> <span class='ocrx_word' id='word_1_49' title='bbox 948 1078 1154 1141; x_wconf 90' lang='lat' dir='ltr'><strong>solum</strong></span> <span class='ocrx_word' id='word_1_50' title='bbox 1187 1077 1430 1159; x_wconf 82' lang='lat' dir='ltr'><strong>absque</strong></span> <span class='ocrx_word' id='word_1_51' title='bbox 1461 1075 1860 1149; x_wconf 81' lang='lat' dir='ltr'><strong>difficultate,</strong></span> 
     </span>
     <span class='ocr_line' id='line_1_7' title="bbox 341 1174 1862 1257; baseline -0.001 -22"><span class='ocrx_word' id='word_1_52' title='bbox 341 1174 480 1237; x_wconf 88' lang='lat' dir='ltr'><strong>imo</strong></span> <span class='ocrx_word' id='word_1_53' title='bbox 529 1182 594 1237; x_wconf 90' lang='lat' dir='ltr'><strong>et</strong></span> <span class='ocrx_word' id='word_1_54' title='bbox 633 1194 782 1238; x_wconf 88' lang='lat' dir='ltr'><strong>cum</strong></span> <span class='ocrx_word' id='word_1_55' title='bbox 826 1176 1142 1239; x_wconf 82' lang='lat' dir='ltr'>indicibili</span> <span class='ocrx_word' id='word_1_56' title='bbox 1183 1175 1602 1257; x_wconf 89' lang='lat' dir='ltr'><strong>jucunditate.</strong></span> <span class='ocrx_word' id='word_1_57' title='bbox 1637 1174 1705 1235; x_wconf 94' lang='lat' dir='ltr'><strong>In</strong></span> <span class='ocrx_word' id='word_1_58' title='bbox 1755 1193 1862 1255; x_wconf 92' lang='lat' dir='ltr'><strong>pa-</strong></span> 
     </span>
     <span class='ocr_line' id='line_1_8' title="bbox 341 1272 1862 1357; baseline 0 -24"><span class='ocrx_word' id='word_1_59' title='bbox 341 1272 470 1335; x_wconf 87' lang='lat' dir='ltr'><strong>tria</strong></span> <span class='ocrx_word' id='word_1_60' title='bbox 519 1291 672 1355; x_wconf 93' lang='lat' dir='ltr'><strong>ergo</strong></span> <span class='ocrx_word' id='word_1_61' title='bbox 720 1274 1029 1357; x_wconf 89' lang='lat' dir='ltr'><strong>impletur</strong></span> <span class='ocrx_word' id='word_1_62' title='bbox 1071 1282 1462 1357; x_wconf 80' lang='lat' dir='ltr'><strong>praeceptum</strong></span> <span class='ocrx_word' id='word_1_63' title='bbox 1513 1272 1682 1334; x_wconf 91' lang='lat' dir='ltr'><strong>istud</strong></span> <span class='ocrx_word' id='word_1_64' title='bbox 1721 1290 1862 1354; x_wconf 90' lang='lat' dir='ltr'><strong>per-</strong></span> 
     </span>
     <span class='ocr_line' id='line_1_9' title="bbox 343 1370 1864 1456; baseline 0 -23"><span class='ocrx_word' id='word_1_65' title='bbox 343 1370 536 1446; x_wconf 82' lang='lat' dir='ltr'><strong>fecte,</strong></span> <span class='ocrx_word' id='word_1_66' title='bbox 572 1372 639 1434; x_wconf 91' lang='lat' dir='ltr'><strong>in</strong></span> <span class='ocrx_word' id='word_1_67' title='bbox 673 1373 778 1436; x_wconf 88' lang='lat' dir='ltr'><strong>via</strong></span> <span class='ocrx_word' id='word_1_68' title='bbox 809 1372 1206 1456; x_wconf 78' lang='lat' dir='ltr'><strong>imperfecte.</strong></span> <span class='ocrx_word' id='word_1_69' title='bbox 1240 1409 1321 1418; x_wconf 94' lang='lat'>—</span> <span class='ocrx_word' id='word_1_70' title='bbox 1349 1370 1638 1435; x_wconf 90' lang='lat' dir='ltr'><strong>Secundo</strong></span> <span class='ocrx_word' id='word_1_71' title='bbox 1671 1388 1864 1452; x_wconf 88' lang='lat' dir='ltr'><strong>expo-</strong></span> 
     </span>
     <span class='ocr_line' id='line_1_10' title="bbox 345 1470 1859 1554; baseline 0 -23"><span class='ocrx_word' id='word_1_72' title='bbox 345 1471 530 1532; x_wconf 90' lang='lat' dir='ltr'><strong>nitur</strong></span> <span class='ocrx_word' id='word_1_73' title='bbox 565 1470 688 1533; x_wconf 88' lang='lat' dir='ltr'><strong>hoc</strong></span> <span class='ocrx_word' id='word_1_74' title='bbox 733 1481 1127 1554; x_wconf 83' lang='lat' dir='ltr'><strong>praeceptum</strong></span> <span class='ocrx_word' id='word_1_75' title='bbox 1170 1477 1482 1552; x_wconf 90' lang='lat' dir='ltr'><strong>quantum</strong></span> <span class='ocrx_word' id='word_1_76' title='bbox 1525 1470 1602 1532; x_wconf 89' lang='lat' dir='ltr'><strong>ad</strong></span> <span class='ocrx_word' id='word_1_77' title='bbox 1648 1476 1859 1531; x_wconf 90' lang='lat' dir='ltr'><strong>actum</strong></span> 
     </span>
     <span class='ocr_line' id='line_1_11' title="bbox 345 1568 1862 1651; baseline -0.001 -20"><span class='ocrx_word' id='word_1_78' title='bbox 345 1570 957 1651; x_wconf 75' lang='lat' dir='ltr'><strong>supererogationis,</strong></span> <span class='ocrx_word' id='word_1_79' title='bbox 993 1577 1062 1633; x_wconf 89' lang='lat' dir='ltr'><strong>ut</strong></span> <span class='ocrx_word' id='word_1_80' title='bbox 1090 1570 1184 1632; x_wconf 93' lang='lat' dir='ltr'><strong>sic</strong></span> <span class='ocrx_word' id='word_1_81' title='bbox 1213 1570 1377 1632; x_wconf 92' lang='lat' dir='ltr'><strong>Deus</strong></span> <span class='ocrx_word' id='word_1_82' title='bbox 1409 1568 1706 1649; x_wconf 82' lang='lat' dir='ltr'><strong>diligatur</strong></span> <span class='ocrx_word' id='word_1_83' title='bbox 1733 1574 1862 1630; x_wconf 76' lang='lat' dir='ltr'><strong>toto</strong></span> 
     </span>
     <span class='ocr_line' id='line_1_12' title="bbox 347 1664 1857 1750; baseline -0.003 -19"><span class='ocrx_word' id='word_1_84' title='bbox 347 1669 568 1743; x_wconf 86' lang='lat' dir='ltr'><strong>corde,</strong></span> <span class='ocrx_word' id='word_1_85' title='bbox 619 1675 880 1750; x_wconf 87' lang='lat' dir='ltr'><strong>totaque</strong></span> <span class='ocrx_word' id='word_1_86' title='bbox 923 1676 1162 1745; x_wconf 89' lang='lat' dir='ltr'><strong>mente,</strong></span> <span class='ocrx_word' id='word_1_87' title='bbox 1205 1674 1353 1743; x_wconf 61' lang='lat' dir='ltr'><strong>etc„</strong></span> <span class='ocrx_word' id='word_1_88' title='bbox 1397 1675 1710 1748; x_wconf 90' lang='lat' dir='ltr'><strong>quatenus</strong></span> <span class='ocrx_word' id='word_1_89' title='bbox 1749 1664 1857 1726; x_wconf 88' lang='lat' dir='ltr'><strong>Dei</strong></span> 
     </span>
     <span class='ocr_line' id='line_1_13' title="bbox 345 1767 1860 1845; baseline -0.001 -18"><span class='ocrx_word' id='word_1_90' title='bbox 345 1767 593 1829; x_wconf 90' lang='lat' dir='ltr'><strong>intuitu</strong></span> <span class='ocrx_word' id='word_1_91' title='bbox 644 1775 708 1829; x_wconf 90' lang='lat' dir='ltr'><strong>et</strong></span> <span class='ocrx_word' id='word_1_92' title='bbox 759 1786 976 1830; x_wconf 89' lang='lat' dir='ltr'><strong>amore</strong></span> <span class='ocrx_word' id='word_1_93' title='bbox 1027 1767 1244 1830; x_wconf 90' lang='lat' dir='ltr'><strong>omnia</strong></span> <span class='ocrx_word' id='word_1_94' title='bbox 1295 1767 1668 1828; x_wconf 88' lang='lat' dir='ltr'><strong>deserantur</strong></span> <span class='ocrx_word' id='word_1_95' title='bbox 1715 1782 1860 1845; x_wconf 82' lang='lat' dir='ltr'><strong>quae</strong></span> 
     </span>
    </p>
   </div>
   <div class='ocr_carea' id='block_1_4' title="bbox 1971 780 3476 1849">
    <p class='ocr_par' dir='ltr' id='par_1_4' title="bbox 1971 780 3476 1649">
     <span class='ocr_line' id='line_1_14' title="bbox 1973 780 3467 863; baseline 0.001 -21"><span class='ocrx_word' id='word_1_96' title='bbox 1973 798 2183 861; x_wconf 85' lang='lat' dir='ltr'><strong>paces.</strong></span> <span class='ocrx_word' id='word_1_97' title='bbox 2218 780 2481 844; x_wconf 89' lang='lat' dir='ltr'><strong>Omnem</strong></span> <span class='ocrx_word' id='word_1_98' title='bbox 2534 783 2729 863; x_wconf 87' lang='lat' dir='ltr'><strong>igitur</strong></span> <span class='ocrx_word' id='word_1_99' title='bbox 2766 782 3093 845; x_wconf 89' lang='lat' dir='ltr'><strong>hominem</strong></span> <span class='ocrx_word' id='word_1_100' title='bbox 3138 781 3467 855; x_wconf 88' lang='lat' dir='ltr'><strong>viatorem,</strong></span> 
     </span>
     <span class='ocr_line' id='line_1_15' title="bbox 1971 879 3474 959; baseline 0.001 -20"><span class='ocrx_word' id='word_1_101' title='bbox 1971 880 2444 959; x_wconf 87' lang='lat' dir='ltr'><strong>quantumlibet</strong></span> <span class='ocrx_word' id='word_1_102' title='bbox 2473 882 2936 955; x_wconf 84' lang='lat' dir='ltr'><strong>adversantem,</strong></span> <span class='ocrx_word' id='word_1_103' title='bbox 2960 898 3037 943; x_wconf 88' lang='lat' dir='ltr'><strong>ex</strong></span> <span class='ocrx_word' id='word_1_104' title='bbox 3068 880 3325 943; x_wconf 87' lang='lat' dir='ltr'><strong>caritate</strong></span> <span class='ocrx_word' id='word_1_105' title='bbox 3354 879 3474 941; x_wconf 92' lang='lat' dir='ltr'><strong>sic-</strong></span> 
     </span>
     <span class='ocr_line' id='line_1_16' title="bbox 1974 978 3475 1060; baseline -0.001 -22"><span class='ocrx_word' id='word_1_106' title='bbox 1974 983 2042 1038; x_wconf 91' lang='lat' dir='ltr'><strong>ut</strong></span> <span class='ocrx_word' id='word_1_107' title='bbox 2083 996 2197 1041; x_wconf 91' lang='lat' dir='ltr'><strong>nos</strong></span> <span class='ocrx_word' id='word_1_108' title='bbox 2241 978 2412 1060; x_wconf 91' lang='lat' dir='ltr'><strong>ipsos</strong></span> <span class='ocrx_word' id='word_1_109' title='bbox 2454 979 2717 1060; x_wconf 86' lang='lat' dir='ltr'><strong>diligere</strong></span> <span class='ocrx_word' id='word_1_110' title='bbox 2757 979 3137 1059; x_wconf 83' lang='lat' dir='ltr'><strong>obligamur.</strong></span> <span class='ocrx_word' id='word_1_111' title='bbox 3172 978 3334 1040; x_wconf 90' lang='lat' dir='ltr'><strong>Dicit</strong></span> <span class='ocrx_word' id='word_1_112' title='bbox 3363 996 3475 1039; x_wconf 89' lang='lat' dir='ltr'><strong>au-</strong></span> 
     </span>
     <span class='ocr_line' id='line_1_17' title="bbox 1971 1076 3473 1159; baseline 0 -22"><span class='ocrx_word' id='word_1_113' title='bbox 1971 1084 2100 1137; x_wconf 84' lang='lat' dir='ltr'><strong>tem</strong></span> <span class='ocrx_word' id='word_1_114' title='bbox 2149 1076 2415 1139; x_wconf 86' lang='lat' dir='ltr'><strong>Basilius</strong></span> <span class='ocrx_word' id='word_1_115' title='bbox 2469 1097 2483 1141; x_wconf 90' lang='lat'>:</span> <span class='ocrx_word' id='word_1_116' title='bbox 2536 1078 2687 1151; x_wconf 84' lang='lat' dir='ltr'><strong>Quis</strong></span> <span class='ocrx_word' id='word_1_117' title='bbox 2737 1097 2864 1141; x_wconf 92' lang='lat' dir='ltr'><strong>non</strong></span> <span class='ocrx_word' id='word_1_118' title='bbox 2918 1078 3116 1152; x_wconf 91' lang='lat' dir='ltr'><strong>novit,</strong></span> <span class='ocrx_word' id='word_1_119' title='bbox 3169 1077 3473 1159; x_wconf 90' lang='lat' dir='ltr'><strong>quoniam</strong></span> 
     </span>
     <span class='ocr_line' id='line_1_18' title="bbox 1973 1174 3473 1239; baseline -0.001 -2"><span class='ocrx_word' id='word_1_120' title='bbox 1973 1183 2375 1237; x_wconf 86' lang='lat' dir='ltr'><strong>mansuetum</strong></span> <span class='ocrx_word' id='word_1_121' title='bbox 2440 1183 2505 1237; x_wconf 92' lang='lat' dir='ltr'><strong>et</strong></span> <span class='ocrx_word' id='word_1_122' title='bbox 2560 1176 3175 1239; x_wconf 84' lang='lat' dir='ltr'><strong>communicativum</strong></span> <span class='ocrx_word' id='word_1_123' title='bbox 3238 1174 3473 1237; x_wconf 88' lang='lat' dir='ltr'><strong>animal</strong></span> 
     </span>
     <span class='ocr_line' id='line_1_19' title="bbox 1973 1272 3476 1348; baseline -0.001 -13"><span class='ocrx_word' id='word_1_124' title='bbox 1973 1274 2311 1348; x_wconf 84' lang='lat' dir='ltr'><strong>esthemo,</strong></span> <span class='ocrx_word' id='word_1_125' title='bbox 2346 1292 2472 1337; x_wconf 92' lang='lat' dir='ltr'><strong>non</strong></span> <span class='ocrx_word' id='word_1_126' title='bbox 2514 1274 2866 1337; x_wconf 86' lang='lat' dir='ltr'><strong>solitarium</strong></span> <span class='ocrx_word' id='word_1_127' title='bbox 2903 1282 2963 1336; x_wconf 89' lang='lat' dir='ltr'><strong>et</strong></span> <span class='ocrx_word' id='word_1_128' title='bbox 3004 1274 3339 1336; x_wconf 66' lang='lat' dir='ltr'><strong>silvestre?</strong></span> <span class='ocrx_word' id='word_1_129' title='bbox 3369 1272 3476 1335; x_wconf 92' lang='lat' dir='ltr'><strong>Ni-</strong></span> 
     </span>
     <span class='ocr_line' id='line_1_20' title="bbox 1975 1370 3469 1454; baseline 0.002 -23"><span class='ocrx_word' id='word_1_130' title='bbox 1975 1370 2066 1432; x_wconf 92' lang='lat' dir='ltr'><strong>hil</strong></span> <span class='ocrx_word' id='word_1_131' title='bbox 2097 1371 2269 1434; x_wconf 89' lang='lat' dir='ltr'><strong>enim</strong></span> <span class='ocrx_word' id='word_1_132' title='bbox 2302 1378 2429 1433; x_wconf 91' lang='lat' dir='ltr'><strong>tam</strong></span> <span class='ocrx_word' id='word_1_133' title='bbox 2462 1372 2791 1454; x_wconf 90' lang='lat' dir='ltr'><strong>proprium</strong></span> <span class='ocrx_word' id='word_1_134' title='bbox 2824 1380 2920 1435; x_wconf 88' lang='lat' dir='ltr'><strong>est</strong></span> <span class='ocrx_word' id='word_1_135' title='bbox 2948 1380 3178 1436; x_wconf 81' lang='lat' dir='ltr'><strong>nostrae</strong></span> <span class='ocrx_word' id='word_1_136' title='bbox 3208 1380 3469 1447; x_wconf 83' lang='lat' dir='ltr'><strong>naturae,</strong></span> 
     </span>
     <span class='ocr_line' id='line_1_21' title="bbox 1973 1469 3474 1546; baseline 0.002 -15"><span class='ocrx_word' id='word_1_137' title='bbox 1973 1469 2139 1531; x_wconf 90' lang='lat' dir='ltr'><strong>sicut</strong></span> <span class='ocrx_word' id='word_1_138' title='bbox 2180 1470 2257 1532; x_wconf 94' lang='lat' dir='ltr'><strong>ad</strong></span> <span class='ocrx_word' id='word_1_139' title='bbox 2295 1469 2571 1533; x_wconf 90' lang='lat' dir='ltr'><strong>invicem</strong></span> <span class='ocrx_word' id='word_1_140' title='bbox 2611 1471 3108 1546; x_wconf 88' lang='lat' dir='ltr'><strong>communicare,</strong></span> <span class='ocrx_word' id='word_1_141' title='bbox 3150 1478 3212 1533; x_wconf 91' lang='lat' dir='ltr'><strong>et</strong></span> <span class='ocrx_word' id='word_1_142' title='bbox 3250 1478 3474 1534; x_wconf 90' lang='lat' dir='ltr'><strong>mutuo</strong></span> 
     </span>
     <span class='ocr_line' id='line_1_22' title="bbox 1974 1567 3047 1649; baseline 0.002 -20"><span class='ocrx_word' id='word_1_143' title='bbox 1974 1567 2282 1648; x_wconf 83' lang='lat' dir='ltr'><strong>indigere,</strong></span> <span class='ocrx_word' id='word_1_144' title='bbox 2328 1576 2392 1631; x_wconf 89' lang='lat' dir='ltr'><strong>et</strong></span> <span class='ocrx_word' id='word_1_145' title='bbox 2435 1576 2769 1649; x_wconf 87' lang='lat' dir='ltr'><strong>cognatum</strong></span> <span class='ocrx_word' id='word_1_146' title='bbox 2814 1588 3047 1632; x_wconf 88' lang='lat' dir='ltr'><strong>amare.</strong></span> 
     </span>
    </p>

    <p class='ocr_par' dir='ltr' id='par_1_5' title="bbox 1971 1666 3471 1849">
     <span class='ocr_line' id='line_1_23' title="bbox 2038 1666 3470 1751; baseline 0.001 -23"><span class='ocrx_word' id='word_1_147' title='bbox 2038 1666 2317 1739; x_wconf 85' lang='lat' dir='ltr'><strong>Quorum</strong></span> <span class='ocrx_word' id='word_1_148' title='bbox 2349 1686 2497 1749; x_wconf 85' lang='lat' dir='ltr'><strong>ergo</strong></span> <span class='ocrx_word' id='word_1_149' title='bbox 2528 1670 2922 1751; x_wconf 82' lang='lat' dir='ltr'><strong>praeveniens</strong></span> <span class='ocrx_word' id='word_1_150' title='bbox 2951 1668 3255 1731; x_wconf 91' lang='lat' dir='ltr'><strong>Dominus</strong></span> <span class='ocrx_word' id='word_1_151' title='bbox 3287 1668 3470 1731; x_wconf 90' lang='lat' dir='ltr'><strong>nobis</strong></span> 
     </span>
     <span class='ocr_line' id='line_1_24' title="bbox 1971 1765 3471 1849; baseline 0.002 -23"><span class='ocrx_word' id='word_1_152' title='bbox 1971 1765 2231 1827; x_wconf 87' lang='lat' dir='ltr'><strong>tradidit</strong></span> <span class='ocrx_word' id='word_1_153' title='bbox 2287 1768 2551 1841; x_wconf 88' lang='lat' dir='ltr'><strong>semina,</strong></span> <span class='ocrx_word' id='word_1_154' title='bbox 2603 1767 2832 1830; x_wconf 90' lang='lat' dir='ltr'><strong>horum</strong></span> <span class='ocrx_word' id='word_1_155' title='bbox 2892 1774 3355 1849; x_wconf 89' lang='lat' dir='ltr'><strong>consequenter</strong></span> <span class='ocrx_word' id='word_1_156' title='bbox 3407 1775 3471 1829; x_wconf 90' lang='lat' dir='ltr'><strong>et</strong></span> 
     </span>
    </p>
   </div>
   <div class='ocr_carea' id='block_1_5' title="bbox 343 1862 3470 1946">
    <p class='ocr_par' dir='ltr' id='par_1_6' title="bbox 343 1862 3470 1946">
     <span class='ocr_line' id='line_1_25' title="bbox 343 1862 3470 1946; baseline -0.001 -19"><span class='ocrx_word' id='word_1_157' title='bbox 343 1866 772 1941; x_wconf 86' lang='lat' dir='ltr'><strong>voluntatem,</strong></span> <span class='ocrx_word' id='word_1_158' title='bbox 816 1866 1235 1939; x_wconf 89' lang='lat' dir='ltr'><strong>intellectum,</strong></span> <span class='ocrx_word' id='word_1_159' title='bbox 1277 1865 1578 1939; x_wconf 88' lang='lat' dir='ltr'><strong>animam,</strong></span> <span class='ocrx_word' id='word_1_160' title='bbox 1613 1871 1676 1925; x_wconf 89' lang='lat' dir='ltr'><strong>et</strong></span> <span class='ocrx_word' id='word_1_161' title='bbox 1710 1880 1862 1943; x_wconf 91' lang='lat' dir='ltr'><strong>ope-</strong></span> <span class='ocrx_word' id='word_1_162' title='bbox 1897 1866 1942 1927; x_wconf 90' lang='lat' dir='ltr'>B</span> <span class='ocrx_word' id='word_1_163' title='bbox 1970 1862 2219 1926; x_wconf 76' lang='lat' dir='ltr'><strong>fructus</strong></span> <span class='ocrx_word' id='word_1_164' title='bbox 2262 1864 2551 1946; x_wconf 88' lang='lat' dir='ltr'><strong>requirit.</strong></span> <span class='ocrx_word' id='word_1_165' title='bbox 2584 1867 2900 1945; x_wconf 65' lang='lat' dir='ltr'><strong>Dim-itque</strong></span> <span class='ocrx_word' id='word_1_166' title='bbox 2937 1867 3071 1935; x_wconf 82' lang='lat' dir='ltr'><strong>illi,</strong></span> <span class='ocrx_word' id='word_1_167' title='bbox 3100 1865 3344 1927; x_wconf 90' lang='lat' dir='ltr'><strong>scilicet</strong></span> <span class='ocrx_word' id='word_1_168' title='bbox 3382 1864 3470 1926; x_wconf 89' lang='lat' dir='ltr'><strong>le—</strong></span> 
     </span>
    </p>
   </div>
   <div class='ocr_carea' id='block_1_6' title="bbox 338 1962 1866 3013">
    <p class='ocr_par' dir='ltr' id='par_1_7' title="bbox 338 1962 1866 3013">
     <span class='ocr_line' id='line_1_26' title="bbox 342 1962 1860 2045; baseline -0.002 -20"><span class='ocrx_word' id='word_1_169' title='bbox 342 1964 664 2027; x_wconf 88' lang='lat' dir='ltr'><strong>rationem</strong></span> <span class='ocrx_word' id='word_1_170' title='bbox 697 1982 808 2026; x_wconf 90' lang='lat' dir='ltr'><strong>seu</strong></span> <span class='ocrx_word' id='word_1_171' title='bbox 839 1964 1026 2041; x_wconf 83' lang='lat' dir='ltr'><strong>vireS,</strong></span> <span class='ocrx_word' id='word_1_172' title='bbox 1051 1963 1367 2045; x_wconf 90' lang='lat' dir='ltr'><strong>impedire</strong></span> <span class='ocrx_word' id='word_1_173' title='bbox 1397 1962 1603 2025; x_wconf 90' lang='lat' dir='ltr'><strong>solent</strong></span> <span class='ocrx_word' id='word_1_174' title='bbox 1631 1969 1694 2023; x_wconf 89' lang='lat' dir='ltr'><strong>et</strong></span> <span class='ocrx_word' id='word_1_175' title='bbox 1725 1978 1860 2042; x_wconf 92' lang='lat' dir='ltr'><strong>pos-</strong></span> 
     </span>
     <span class='ocr_line' id='line_1_27' title="bbox 341 2058 1861 2143; baseline -0.003 -20"><span class='ocrx_word' id='word_1_176' title='bbox 341 2070 498 2124; x_wconf 90' lang='lat' dir='ltr'><strong>sunt</strong></span> <span class='ocrx_word' id='word_1_177' title='bbox 528 2082 564 2124; x_wconf 92' lang='lat' dir='ltr'><strong>a</strong></span> <span class='ocrx_word' id='word_1_178' title='bbox 595 2062 702 2125; x_wconf 89' lang='lat' dir='ltr'><strong>Dei</strong></span> <span class='ocrx_word' id='word_1_179' title='bbox 732 2080 944 2126; x_wconf 89' lang='lat' dir='ltr'><strong>amore</strong></span> <span class='ocrx_word' id='word_1_180' title='bbox 975 2070 1039 2125; x_wconf 92' lang='lat' dir='ltr'><strong>et</strong></span> <span class='ocrx_word' id='word_1_181' title='bbox 1070 2060 1600 2143; x_wconf 86' lang='lat' dir='ltr'><strong>contemplatione</strong></span> <span class='ocrx_word' id='word_1_182' title='bbox 1631 2059 1695 2121; x_wconf 92' lang='lat' dir='ltr'><strong>in</strong></span> <span class='ocrx_word' id='word_1_183' title='bbox 1729 2058 1861 2121; x_wconf 90' lang='lat' dir='ltr'><strong>vita</strong></span> 
     </span>
     <span class='ocr_line' id='line_1_28' title="bbox 341 2159 1862 2243; baseline -0.001 -21"><span class='ocrx_word' id='word_1_184' title='bbox 341 2160 674 2243; x_wconf 84' lang='lat' dir='ltr'><strong>praesenti,</strong></span> <span class='ocrx_word' id='word_1_185' title='bbox 730 2168 802 2222; x_wconf 85' lang='lat' dir='ltr'><strong>ut</strong></span> <span class='ocrx_word' id='word_1_186' title='bbox 855 2169 1004 2223; x_wconf 89' lang='lat' dir='ltr'><strong>sunt</strong></span> <span class='ocrx_word' id='word_1_187' title='bbox 1059 2159 1321 2234; x_wconf 72' lang='lat' dir='ltr'><strong>divitiae,</strong></span> <span class='ocrx_word' id='word_1_188' title='bbox 1382 2166 1696 2241; x_wconf 80' lang='lat' dir='ltr'><strong>parenteS,</strong></span> <span class='ocrx_word' id='word_1_189' title='bbox 1757 2176 1862 2220; x_wconf 93' lang='lat' dir='ltr'><strong>co-</strong></span> 
     </span>
     <span class='ocr_line' id='line_1_29' title="bbox 338 2255 1860 2341; baseline -0.001 -22"><span class='ocrx_word' id='word_1_190' title='bbox 338 2258 546 2340; x_wconf 86' lang='lat' dir='ltr'><strong>gnati,</strong></span> <span class='ocrx_word' id='word_1_191' title='bbox 583 2258 820 2341; x_wconf 78' lang='lat' dir='ltr'><strong>proleS,</strong></span> <span class='ocrx_word' id='word_1_192' title='bbox 853 2259 1278 2339; x_wconf 87' lang='lat' dir='ltr'><strong>voluntasque</strong></span> <span class='ocrx_word' id='word_1_193' title='bbox 1310 2256 1568 2339; x_wconf 91' lang='lat' dir='ltr'><strong>propria</strong></span> <span class='ocrx_word' id='word_1_194' title='bbox 1595 2274 1608 2317; x_wconf 92' lang='lat'>:</span> <span class='ocrx_word' id='word_1_195' title='bbox 1639 2255 1860 2336; x_wconf 88' lang='lat' dir='ltr'><strong>sicque</strong></span> 
     </span>
     <span class='ocr_line' id='line_1_30' title="bbox 342 2354 1862 2439; baseline -0.003 -20"><span class='ocrx_word' id='word_1_196' title='bbox 342 2366 747 2439; x_wconf 80' lang='lat' dir='ltr'><strong>praeceptum</strong></span> <span class='ocrx_word' id='word_1_197' title='bbox 797 2357 968 2419; x_wconf 86' lang='lat' dir='ltr'><strong>istud</strong></span> <span class='ocrx_word' id='word_1_198' title='bbox 1009 2356 1287 2419; x_wconf 86' lang='lat' dir='ltr'><strong>caritatis</strong></span> <span class='ocrx_word' id='word_1_199' title='bbox 1325 2355 1596 2437; x_wconf 89' lang='lat' dir='ltr'><strong>implere</strong></span> <span class='ocrx_word' id='word_1_200' title='bbox 1639 2354 1716 2416; x_wconf 89' lang='lat' dir='ltr'><strong>ad</strong></span> <span class='ocrx_word' id='word_1_201' title='bbox 1767 2371 1862 2415; x_wconf 90' lang='lat' dir='ltr'><strong>re-</strong></span> 
     </span>
     <span class='ocr_line' id='line_1_31' title="bbox 342 2452 1864 2537; baseline -0.002 -19"><span class='ocrx_word' id='word_1_202' title='bbox 342 2456 612 2537; x_wconf 88' lang='lat' dir='ltr'><strong>ligiosos</strong></span> <span class='ocrx_word' id='word_1_203' title='bbox 673 2456 1071 2537; x_wconf 89' lang='lat' dir='ltr'><strong>dignoscitur</strong></span> <span class='ocrx_word' id='word_1_204' title='bbox 1128 2455 1470 2537; x_wconf 89' lang='lat' dir='ltr'><strong>pertinere.</strong></span> <span class='ocrx_word' id='word_1_205' title='bbox 1526 2490 1607 2499; x_wconf 92' lang='lat'>—</span> <span class='ocrx_word' id='word_1_206' title='bbox 1653 2452 1864 2515; x_wconf 87' lang='lat' dir='ltr'><strong>Tertio</strong></span> 
     </span>
     <span class='ocr_line' id='line_1_32' title="bbox 341 2552 1864 2638; baseline -0.003 -19"><span class='ocrx_word' id='word_1_207' title='bbox 341 2556 699 2638; x_wconf 82' lang='lat' dir='ltr'><strong>exponitur</strong></span> <span class='ocrx_word' id='word_1_208' title='bbox 755 2562 1072 2636; x_wconf 88' lang='lat' dir='ltr'><strong>quantum</strong></span> <span class='ocrx_word' id='word_1_209' title='bbox 1128 2555 1206 2616; x_wconf 94' lang='lat' dir='ltr'><strong>ad</strong></span> <span class='ocrx_word' id='word_1_210' title='bbox 1258 2560 1472 2616; x_wconf 92' lang='lat' dir='ltr'><strong>actum</strong></span> <span class='ocrx_word' id='word_1_211' title='bbox 1529 2552 1864 2615; x_wconf 86' lang='lat' dir='ltr'><strong>necessita-</strong></span> 
     </span>
     <span class='ocr_line' id='line_1_33' title="bbox 341 2651 1864 2729; baseline -0.003 -14"><span class='ocrx_word' id='word_1_212' title='bbox 341 2656 455 2729; x_wconf 87' lang='lat' dir='ltr'><strong>tis,</strong></span> <span class='ocrx_word' id='word_1_213' title='bbox 499 2661 572 2716; x_wconf 90' lang='lat' dir='ltr'><strong>ut</strong></span> <span class='ocrx_word' id='word_1_214' title='bbox 613 2654 708 2716; x_wconf 91' lang='lat' dir='ltr'><strong>sic</strong></span> <span class='ocrx_word' id='word_1_215' title='bbox 745 2654 956 2728; x_wconf 90' lang='lat' dir='ltr'><strong>corde,</strong></span> <span class='ocrx_word' id='word_1_216' title='bbox 1001 2660 1237 2727; x_wconf 89' lang='lat' dir='ltr'><strong>mente,</strong></span> <span class='ocrx_word' id='word_1_217' title='bbox 1276 2652 1509 2726; x_wconf 90' lang='lat' dir='ltr'><strong>anima,</strong></span> <span class='ocrx_word' id='word_1_218' title='bbox 1547 2651 1864 2715; x_wconf 86' lang='lat' dir='ltr'><strong>fortitudi-</strong></span> 
     </span>
     <span class='ocr_line' id='line_1_34' title="bbox 343 2748 1862 2832; baseline -0.003 -17"><span class='ocrx_word' id='word_1_219' title='bbox 343 2771 455 2827; x_wconf 87' lang='lat' dir='ltr'><strong>ne,</strong></span> <span class='ocrx_word' id='word_1_220' title='bbox 499 2752 698 2815; x_wconf 89' lang='lat' dir='ltr'><strong>Deum</strong></span> <span class='ocrx_word' id='word_1_221' title='bbox 746 2770 1058 2825; x_wconf 81' lang='lat' dir='ltr'><strong>amemuS,</strong></span> <span class='ocrx_word' id='word_1_222' title='bbox 1113 2757 1428 2832; x_wconf 88' lang='lat' dir='ltr'><strong>quatenus</strong></span> <span class='ocrx_word' id='word_1_223' title='bbox 1478 2750 1569 2812; x_wconf 92' lang='lat' dir='ltr'><strong>nil</strong></span> <span class='ocrx_word' id='word_1_224' title='bbox 1619 2748 1862 2811; x_wconf 88' lang='lat' dir='ltr'><strong>caritati</strong></span> 
     </span>
     <span class='ocr_line' id='line_1_35' title="bbox 342 2850 1866 2931; baseline -0.004 -17"><span class='ocrx_word' id='word_1_225' title='bbox 342 2852 590 2915; x_wconf 80' lang='lat' dir='ltr'><strong>divinae</strong></span> <span class='ocrx_word' id='word_1_226' title='bbox 650 2850 1043 2914; x_wconf 91' lang='lat' dir='ltr'><strong>contrarium</strong></span> <span class='ocrx_word' id='word_1_227' title='bbox 1104 2866 1446 2931; x_wconf 89' lang='lat' dir='ltr'><strong>operemur</strong></span> <span class='ocrx_word' id='word_1_228' title='bbox 1505 2855 1614 2910; x_wconf 91' lang='lat' dir='ltr'><strong>aut</strong></span> <span class='ocrx_word' id='word_1_229' title='bbox 1672 2866 1866 2929; x_wconf 88' lang='lat' dir='ltr'><strong>appe-</strong></span> 
     </span>
     <span class='ocr_line' id='line_1_36' title="bbox 341 2959 587 3013; baseline -0.012 0"><span class='ocrx_word' id='word_1_230' title='bbox 341 2959 587 3013; x_wconf 83' lang='lat' dir='ltr'><strong>tamus.</strong></span> 
     </span>
    </p>
   </div>
   <div class='ocr_carea' id='block_1_7' title="bbox 1968 1962 3480 2933">
    <p class='ocr_par' dir='ltr' id='par_1_8' title="bbox 1968 1962 3480 2933">
     <span class='ocr_line' id='line_1_37' title="bbox 1968 1962 3471 2044; baseline 0 -20"><span class='ocrx_word' id='word_1_231' title='bbox 1968 1962 2277 2044; x_wconf 85' lang='lat' dir='ltr'><strong>gisperito</strong></span> <span class='ocrx_word' id='word_1_232' title='bbox 2320 1962 2624 2026; x_wconf 86' lang='lat' dir='ltr'><strong>Dominus</strong></span> <span class='ocrx_word' id='word_1_233' title='bbox 2660 1964 2838 2025; x_wconf 87' lang='lat' dir='ltr'><strong>Jesus</strong></span> <span class='ocrx_word' id='word_1_234' title='bbox 2874 1982 2887 2027; x_wconf 96' lang='lat'><strong>:</strong></span> <span class='ocrx_word' id='word_1_235' title='bbox 2920 1967 3109 2026; x_wconf 82' lang='lat' dir='ltr'><strong>Recte</strong></span> <span class='ocrx_word' id='word_1_236' title='bbox 3141 1966 3471 2041; x_wconf 79' lang='lat' dir='ltr'><strong>respondi-</strong></span> 
     </span>
     <span class='ocr_line' id='line_1_38' title="bbox 1970 2061 3477 2144; baseline 0.002 -23"><span class='ocrx_word' id='word_1_237' title='bbox 1970 2062 2080 2132; x_wconf 81' lang='lat' dir='ltr'><strong>sti,</strong></span> <span class='ocrx_word' id='word_1_238' title='bbox 2111 2061 2264 2142; x_wconf 88' lang='lat' dir='ltr'><strong>quia</strong></span> <span class='ocrx_word' id='word_1_239' title='bbox 2293 2062 2601 2124; x_wconf 88' lang='lat' dir='ltr'><strong>veraciter</strong></span> <span class='ocrx_word' id='word_1_240' title='bbox 2630 2062 2940 2144; x_wconf 90' lang='lat' dir='ltr'><strong>scriptum</strong></span> <span class='ocrx_word' id='word_1_241' title='bbox 2980 2069 3075 2124; x_wconf 89' lang='lat' dir='ltr'><strong>est</strong></span> <span class='ocrx_word' id='word_1_242' title='bbox 3110 2063 3281 2143; x_wconf 94' lang='lat' dir='ltr'><strong>quod</strong></span> <span class='ocrx_word' id='word_1_243' title='bbox 3321 2062 3477 2124; x_wconf 93' lang='lat' dir='ltr'><strong>scri-</strong></span> 
     </span>
     <span class='ocr_line' id='line_1_39' title="bbox 1976 2159 3477 2241; baseline 0.002 -21"><span class='ocrx_word' id='word_1_244' title='bbox 1976 2168 2155 2241; x_wconf 89' lang='lat' dir='ltr'><strong>ptum</strong></span> <span class='ocrx_word' id='word_1_245' title='bbox 2207 2159 2461 2240; x_wconf 88' lang='lat' dir='ltr'><strong>allegas.</strong></span> <span class='ocrx_word' id='word_1_246' title='bbox 2514 2164 2651 2222; x_wconf 85' lang='lat' dir='ltr'><strong>Hoc</strong></span> <span class='ocrx_word' id='word_1_247' title='bbox 2694 2162 2826 2238; x_wconf 84' lang='lat' dir='ltr'><strong>fae,</strong></span> <span class='ocrx_word' id='word_1_248' title='bbox 2879 2161 2944 2223; x_wconf 92' lang='lat' dir='ltr'><strong>id</strong></span> <span class='ocrx_word' id='word_1_249' title='bbox 2996 2168 3111 2236; x_wconf 89' lang='lat' dir='ltr'><strong>est,</strong></span> <span class='ocrx_word' id='word_1_250' title='bbox 3166 2161 3300 2223; x_wconf 82' lang='lat' dir='ltr'><strong>haec</strong></span> <span class='ocrx_word' id='word_1_251' title='bbox 3351 2162 3477 2223; x_wconf 92' lang='lat' dir='ltr'><strong>duo</strong></span> 
     </span>
     <span class='ocr_line' id='line_1_40' title="bbox 1975 2258 3480 2341; baseline 0.001 -20"><span class='ocrx_word' id='word_1_252' title='bbox 1975 2258 2252 2321; x_wconf 89' lang='lat' dir='ltr'><strong>caritatis</strong></span> <span class='ocrx_word' id='word_1_253' title='bbox 2308 2268 2621 2341; x_wconf 82' lang='lat' dir='ltr'><strong>praecepta</strong></span> <span class='ocrx_word' id='word_1_254' title='bbox 2667 2259 2967 2341; x_wconf 87' lang='lat' dir='ltr'><strong>adimple,</strong></span> <span class='ocrx_word' id='word_1_255' title='bbox 3019 2268 3079 2319; x_wconf 80' lang='lat' dir='ltr'><strong>ec</strong></span> <span class='ocrx_word' id='word_1_256' title='bbox 3127 2260 3301 2320; x_wconf 81' lang='lat' dir='ltr'><strong>vives</strong></span> <span class='ocrx_word' id='word_1_257' title='bbox 3349 2260 3480 2323; x_wconf 85' lang='lat' dir='ltr'><strong>vita</strong></span> 
     </span>
     <span class='ocr_line' id='line_1_41' title="bbox 1972 2357 3474 2438; baseline 0.001 -20"><span class='ocrx_word' id='word_1_258' title='bbox 1972 2357 2190 2438; x_wconf 83' lang='lat' dir='ltr'><strong>gratiae</strong></span> <span class='ocrx_word' id='word_1_259' title='bbox 2229 2357 2294 2419; x_wconf 91' lang='lat' dir='ltr'><strong>in</strong></span> <span class='ocrx_word' id='word_1_260' title='bbox 2335 2358 2581 2431; x_wconf 83' lang='lat' dir='ltr'><strong>exsilio,</strong></span> <span class='ocrx_word' id='word_1_261' title='bbox 2626 2365 2689 2419; x_wconf 90' lang='lat' dir='ltr'><strong>et</strong></span> <span class='ocrx_word' id='word_1_262' title='bbox 2727 2358 2857 2421; x_wconf 89' lang='lat' dir='ltr'><strong>vita</strong></span> <span class='ocrx_word' id='word_1_263' title='bbox 2892 2357 3112 2438; x_wconf 82' lang='lat' dir='ltr'><strong>gloriae</strong></span> <span class='ocrx_word' id='word_1_264' title='bbox 3152 2358 3216 2419; x_wconf 88' lang='lat' dir='ltr'><strong>in</strong></span> <span class='ocrx_word' id='word_1_265' title='bbox 3258 2375 3474 2438; x_wconf 85' lang='lat' dir='ltr'><strong>regno.</strong></span> 
     </span>
     <span class='ocr_line' id='line_1_42' title="bbox 1975 2458 3473 2541; baseline 0.001 -20"><span class='ocrx_word' id='word_1_266' title='bbox 1975 2458 2207 2540; x_wconf 91' lang='lat' dir='ltr'><strong>Sicque</strong></span> <span class='ocrx_word' id='word_1_267' title='bbox 2257 2460 2462 2522; x_wconf 89' lang='lat' dir='ltr'><strong>soluta</strong></span> <span class='ocrx_word' id='word_1_268' title='bbox 2504 2467 2598 2521; x_wconf 89' lang='lat' dir='ltr'><strong>est</strong></span> <span class='ocrx_word' id='word_1_269' title='bbox 2637 2460 2905 2541; x_wconf 82' lang='lat' dir='ltr'><strong>quaestio</strong></span> <span class='ocrx_word' id='word_1_270' title='bbox 2952 2479 3079 2540; x_wconf 91' lang='lat' dir='ltr'><strong>qua</strong></span> <span class='ocrx_word' id='word_1_271' title='bbox 3126 2460 3473 2541; x_wconf 83' lang='lat' dir='ltr'><strong>quaerebat,</strong></span> 
     </span>
     <span class='ocr_line' id='line_1_43' title="bbox 1973 2556 3476 2640; baseline 0.001 -22"><span class='ocrx_word' id='word_1_272' title='bbox 1973 2556 2132 2629; x_wconf 88' lang='lat' dir='ltr'><strong>Quid</strong></span> <span class='ocrx_word' id='word_1_273' title='bbox 2183 2557 2473 2621; x_wconf 85' lang='lat' dir='ltr'><strong>faciendo</strong></span> <span class='ocrx_word' id='word_1_274' title='bbox 2512 2557 2705 2622; x_wconf 89' lang='lat' dir='ltr'><strong>vitam</strong></span> <span class='ocrx_word' id='word_1_275' title='bbox 2752 2565 3051 2620; x_wconf 84' lang='lat' dir='ltr'><strong>aeternam</strong></span> <span class='ocrx_word' id='word_1_276' title='bbox 3094 2558 3476 2640; x_wconf 67' lang='lat' dir='ltr'><strong>possidebo?</strong></span> 
     </span>
     <span class='ocr_line' id='line_1_44' title="bbox 1974 2654 3476 2737; baseline 0.001 -20"><span class='ocrx_word' id='word_1_277' title='bbox 1974 2654 2064 2717; x_wconf 83' lang='lat' dir='ltr'><strong>Ex</strong></span> <span class='ocrx_word' id='word_1_278' title='bbox 2113 2675 2241 2736; x_wconf 92' lang='lat' dir='ltr'><strong>qua</strong></span> <span class='ocrx_word' id='word_1_279' title='bbox 2280 2656 2510 2719; x_wconf 88' lang='lat' dir='ltr'><strong>Christi</strong></span> <span class='ocrx_word' id='word_1_280' title='bbox 2561 2656 2973 2737; x_wconf 88' lang='lat' dir='ltr'><strong>responsione</strong></span> <span class='ocrx_word' id='word_1_281' title='bbox 3022 2656 3297 2719; x_wconf 88' lang='lat' dir='ltr'><strong>ostendit</strong></span> <span class='ocrx_word' id='word_1_282' title='bbox 3343 2655 3476 2718; x_wconf 89' lang='lat' dir='ltr'><strong>Ori-</strong></span> 
     </span>
     <span class='ocr_line' id='line_1_45' title="bbox 1970 2753 3476 2835; baseline 0.002 -21"><span class='ocrx_word' id='word_1_283' title='bbox 1970 2770 2165 2833; x_wconf 85' lang='lat' dir='ltr'><strong>genes</strong></span> <span class='ocrx_word' id='word_1_284' title='bbox 2216 2753 2576 2815; x_wconf 79' lang='lat' dir='ltr'><strong>haereticam</strong></span> <span class='ocrx_word' id='word_1_285' title='bbox 2626 2753 2999 2835; x_wconf 86' lang='lat' dir='ltr'><strong>pravitatem</strong></span> <span class='ocrx_word' id='word_1_286' title='bbox 3046 2753 3361 2816; x_wconf 88' lang='lat' dir='ltr'><strong>Valentini</strong></span> <span class='ocrx_word' id='word_1_287' title='bbox 3412 2762 3476 2817; x_wconf 90' lang='lat' dir='ltr'><strong>et</strong></span> 
     </span>
     <span class='ocr_line' id='line_1_46' title="bbox 1971 2850 2887 2933; baseline 0 -20"><span class='ocrx_word' id='word_1_288' title='bbox 1971 2850 2303 2915; x_wconf 86' lang='lat' dir='ltr'><strong>Marcionis</strong></span> <span class='ocrx_word' id='word_1_289' title='bbox 2347 2859 2537 2933; x_wconf 87' lang='lat' dir='ltr'><strong>atque</strong></span> <span class='ocrx_word' id='word_1_290' title='bbox 2578 2850 2887 2913; x_wconf 81' lang='lat' dir='ltr'><strong>Basilidis.</strong></span> 
     </span>
    </p>
   </div>
   <div class='ocr_carea' id='block_1_8' title="bbox 2051 2952 3469 3030">
    <p class='ocr_par' dir='ltr' id='par_1_9' title="bbox 2051 2952 3469 3030">
     <span class='ocr_line' id='line_1_47' title="bbox 2051 2952 3469 3030; baseline 0 -18"><span class='ocrx_word' id='word_1_291' title='bbox 2051 2954 2176 3013; x_wconf 80' lang='lat' dir='ltr'><strong>Ille</strong></span> <span class='ocrx_word' id='word_1_292' title='bbox 2213 2961 2431 3012; x_wconf 79' lang='lat' dir='ltr'><strong>autem</strong></span> <span class='ocrx_word' id='word_1_293' title='bbox 2475 2954 2689 3011; x_wconf 80' lang='lat' dir='ltr'><strong>volens</strong></span> <span class='ocrx_word' id='word_1_294' title='bbox 2714 2952 3090 3030; x_wconf 81' lang='lat' dir='ltr'><strong>justificare</strong></span> <span class='ocrx_word' id='word_1_295' title='bbox 3124 2972 3188 3012; x_wconf 82' lang='lat' dir='ltr'><strong>se</strong></span> <span class='ocrx_word' id='word_1_296' title='bbox 3230 2952 3469 3029; x_wconf 81' lang='lat' dir='ltr'><strong>ipsum,</strong></span> 
     </span>
    </p>
   </div>
   <div class='ocr_carea' id='block_1_9' title="bbox 433 3043 3475 3129">
    <p class='ocr_par' dir='ltr' id='par_1_10' title="bbox 433 3043 3475 3129">
     <span class='ocr_line' id='line_1_48' title="bbox 433 3043 3475 3129; baseline 0 -19"><span class='ocrx_word' id='word_1_297' title='bbox 433 3052 522 3111; x_wconf 81' lang='grc' dir='ltr'><strong>Ει</strong></span> <span class='ocrx_word' id='word_1_298' title='bbox 553 3049 942 3126; x_wconf 72' lang='lat' dir='ltr'><strong>proximum</strong></span> <span class='ocrx_word' id='word_1_299' title='bbox 983 3056 1171 3107; x_wconf 77' lang='lat' dir='ltr'><strong>tuum</strong></span> <span class='ocrx_word' id='word_1_300' title='bbox 1211 3048 1380 3106; x_wconf 74' lang='lat' dir='ltr'><strong>sicut</strong></span> <span class='ocrx_word' id='word_1_301' title='bbox 1425 3054 1480 3106; x_wconf 80' lang='lat' dir='ltr'><strong>te</strong></span> <span class='ocrx_word' id='word_1_302' title='bbox 1525 3045 1764 3122; x_wconf 77' lang='lat' dir='ltr'><strong>ipsum,</strong></span> <span class='ocrx_word' id='word_1_303' title='bbox 1799 3043 1863 3105; x_wconf 92' lang='lat' dir='ltr'><strong>id</strong></span> <span class='ocrx_word' id='word_1_304' title='bbox 1901 3044 1944 3108; x_wconf 90' lang='lat' dir='ltr'>C</span> <span class='ocrx_word' id='word_1_305' title='bbox 1976 3049 2037 3110; x_wconf 94' lang='lat' dir='ltr'><strong>id</strong></span> <span class='ocrx_word' id='word_1_306' title='bbox 2068 3056 2166 3111; x_wconf 89' lang='lat' dir='ltr'><strong>est</strong></span> <span class='ocrx_word' id='word_1_307' title='bbox 2192 3048 2436 3129; x_wconf 91' lang='lat' dir='ltr'><strong>justum</strong></span> <span class='ocrx_word' id='word_1_308' title='bbox 2468 3056 2840 3124; x_wconf 90' lang='lat' dir='ltr'><strong>monstrare,</strong></span> <span class='ocrx_word' id='word_1_309' title='bbox 2873 3055 2936 3111; x_wconf 92' lang='lat' dir='ltr'><strong>et</strong></span> <span class='ocrx_word' id='word_1_310' title='bbox 2970 3068 3148 3112; x_wconf 89' lang='lat' dir='ltr'><strong>suam</strong></span> <span class='ocrx_word' id='word_1_311' title='bbox 3188 3049 3475 3112; x_wconf 91' lang='lat' dir='ltr'><strong>eminen-</strong></span> 
     </span>
    </p>
   </div>
   <div class='ocr_carea' id='block_1_10' title="bbox 339 3142 1865 4211">
    <p class='ocr_par' dir='ltr' id='par_1_11' title="bbox 339 3142 1865 4211">
     <span class='ocr_line' id='line_1_49' title="bbox 342 3142 1865 3226; baseline -0.005 -16"><span class='ocrx_word' id='word_1_312' title='bbox 342 3155 448 3210; x_wconf 89' lang='lat' dir='ltr'><strong>est</strong></span> <span class='ocrx_word' id='word_1_313' title='bbox 489 3164 662 3222; x_wconf 90' lang='lat' dir='ltr'><strong>vere,</strong></span> <span class='ocrx_word' id='word_1_314' title='bbox 705 3145 1016 3219; x_wconf 88' lang='lat' dir='ltr'><strong>ordinate,</strong></span> <span class='ocrx_word' id='word_1_315' title='bbox 1050 3163 1124 3206; x_wconf 92' lang='lat' dir='ltr'><strong>ac</strong></span> <span class='ocrx_word' id='word_1_316' title='bbox 1163 3142 1600 3226; x_wconf 86' lang='lat' dir='ltr'><strong>spiritualiter,</strong></span> <span class='ocrx_word' id='word_1_317' title='bbox 1644 3148 1865 3223; x_wconf 89' lang='lat' dir='ltr'><strong>optan-</strong></span> 
     </span>
     <span class='ocr_line' id='line_1_50' title="bbox 341 3240 1864 3324; baseline -0.005 -16"><span class='ocrx_word' id='word_1_318' title='bbox 341 3248 434 3309; x_wconf 90' lang='lat' dir='ltr'><strong>do</strong></span> <span class='ocrx_word' id='word_1_319' title='bbox 464 3245 524 3307; x_wconf 91' lang='lat' dir='ltr'><strong>ei</strong></span> <span class='ocrx_word' id='word_1_320' title='bbox 556 3245 726 3308; x_wconf 87' lang='lat' dir='ltr'><strong>bona</strong></span> <span class='ocrx_word' id='word_1_321' title='bbox 752 3243 970 3324; x_wconf 83' lang='lat' dir='ltr'><strong>gratiae</strong></span> <span class='ocrx_word' id='word_1_322' title='bbox 1002 3243 1067 3304; x_wconf 88' lang='lat' dir='ltr'><strong>in</strong></span> <span class='ocrx_word' id='word_1_323' title='bbox 1099 3240 1420 3324; x_wconf 83' lang='lat' dir='ltr'><strong>praesenti,</strong></span> <span class='ocrx_word' id='word_1_324' title='bbox 1455 3248 1519 3302; x_wconf 89' lang='lat' dir='ltr'><strong>et</strong></span> <span class='ocrx_word' id='word_1_325' title='bbox 1546 3241 1709 3301; x_wconf 88' lang='lat' dir='ltr'><strong>dona</strong></span> <span class='ocrx_word' id='word_1_326' title='bbox 1734 3240 1864 3320; x_wconf 91' lang='lat' dir='ltr'><strong>glo—</strong></span> 
     </span>
     <span class='ocr_line' id='line_1_51' title="bbox 342 3338 1865 3421; baseline -0.005 -14"><span class='ocrx_word' id='word_1_327' title='bbox 342 3346 466 3407; x_wconf 80' lang='lat' dir='ltr'><strong>riae</strong></span> <span class='ocrx_word' id='word_1_328' title='bbox 494 3344 564 3406; x_wconf 91' lang='lat' dir='ltr'><strong>in</strong></span> <span class='ocrx_word' id='word_1_329' title='bbox 593 3344 852 3421; x_wconf 87' lang='lat' dir='ltr'><strong>futuro;</strong></span> <span class='ocrx_word' id='word_1_330' title='bbox 884 3342 1060 3414; x_wconf 87' lang='lat' dir='ltr'><strong>item,</strong></span> <span class='ocrx_word' id='word_1_331' title='bbox 1095 3340 1272 3403; x_wconf 90' lang='lat' dir='ltr'><strong>Sicut</strong></span> <span class='ocrx_word' id='word_1_332' title='bbox 1300 3348 1362 3401; x_wconf 92' lang='lat' dir='ltr'><strong>te</strong></span> <span class='ocrx_word' id='word_1_333' title='bbox 1394 3340 1630 3421; x_wconf 89' lang='lat' dir='ltr'><strong>ipsum,</strong></span> <span class='ocrx_word' id='word_1_334' title='bbox 1664 3338 1728 3400; x_wconf 92' lang='lat' dir='ltr'><strong>id</strong></span> <span class='ocrx_word' id='word_1_335' title='bbox 1768 3346 1865 3399; x_wconf 90' lang='lat' dir='ltr'><strong>est</strong></span> 
     </span>
     <span class='ocr_line' id='line_1_52' title="bbox 343 3438 1858 3527; baseline -0.005 -21"><span class='ocrx_word' id='word_1_336' title='bbox 343 3449 619 3527; x_wconf 85' lang='lat' dir='ltr'><strong>propter</strong></span> <span class='ocrx_word' id='word_1_337' title='bbox 647 3441 870 3515; x_wconf 90' lang='lat' dir='ltr'><strong>Deum,</strong></span> <span class='ocrx_word' id='word_1_338' title='bbox 905 3446 968 3502; x_wconf 89' lang='lat' dir='ltr'><strong>et</strong></span> <span class='ocrx_word' id='word_1_339' title='bbox 1004 3439 1086 3503; x_wconf 93' lang='lat' dir='ltr'><strong>ob</strong></span> <span class='ocrx_word' id='word_1_340' title='bbox 1125 3438 1496 3501; x_wconf 87' lang='lat' dir='ltr'><strong>felicitatem</strong></span> <span class='ocrx_word' id='word_1_341' title='bbox 1536 3443 1858 3511; x_wconf 72' lang='lat' dir='ltr'><strong>aeternam,</strong></span> 
     </span>
     <span class='ocr_line' id='line_1_53' title="bbox 343 3535 1860 3621; baseline -0.006 -16"><span class='ocrx_word' id='word_1_342' title='bbox 343 3541 658 3605; x_wconf 85' lang='lat' dir='ltr'><strong>videlicet</strong></span> <span class='ocrx_word' id='word_1_343' title='bbox 697 3540 853 3621; x_wconf 89' lang='lat' dir='ltr'><strong>quia</strong></span> <span class='ocrx_word' id='word_1_344' title='bbox 899 3538 1064 3600; x_wconf 88' lang='lat' dir='ltr'><strong>Deus</strong></span> <span class='ocrx_word' id='word_1_345' title='bbox 1117 3536 1441 3619; x_wconf 82' lang='lat' dir='ltr'><strong>praecepit,</strong></span> <span class='ocrx_word' id='word_1_346' title='bbox 1475 3543 1539 3597; x_wconf 91' lang='lat' dir='ltr'><strong>et</strong></span> <span class='ocrx_word' id='word_1_347' title='bbox 1585 3535 1738 3616; x_wconf 90' lang='lat' dir='ltr'><strong>quia</strong></span> <span class='ocrx_word' id='word_1_348' title='bbox 1783 3536 1860 3597; x_wconf 92' lang='lat' dir='ltr'><strong>ad</strong></span> 
     </span>
     <span class='ocr_line' id='line_1_54' title="bbox 341 3634 1857 3722; baseline -0.007 -18"><span class='ocrx_word' id='word_1_349' title='bbox 341 3640 494 3722; x_wconf 84' lang='lat' dir='ltr'><strong>ejus</strong></span> <span class='ocrx_word' id='word_1_350' title='bbox 545 3638 894 3719; x_wconf 86' lang='lat' dir='ltr'><strong>imaginem</strong></span> <span class='ocrx_word' id='word_1_351' title='bbox 931 3635 1135 3698; x_wconf 77' lang='lat' dir='ltr'><strong>factus</strong></span> <span class='ocrx_word' id='word_1_352' title='bbox 1175 3643 1274 3697; x_wconf 85' lang='lat' dir='ltr'><strong>est</strong></span> <span class='ocrx_word' id='word_1_353' title='bbox 1310 3634 1640 3717; x_wconf 89' lang='lat' dir='ltr'><strong>proximus</strong></span> <span class='ocrx_word' id='word_1_354' title='bbox 1684 3641 1857 3709; x_wconf 81' lang='lat' dir='ltr'><strong>tuuS,</strong></span> 
     </span>
     <span class='ocr_line' id='line_1_55' title="bbox 341 3733 1860 3821; baseline -0.005 -19"><span class='ocrx_word' id='word_1_355' title='bbox 341 3748 412 3802; x_wconf 85' lang='lat' dir='ltr'><strong>et</strong></span> <span class='ocrx_word' id='word_1_356' title='bbox 459 3738 772 3821; x_wconf 90' lang='lat' dir='ltr'><strong>quoniam</strong></span> <span class='ocrx_word' id='word_1_357' title='bbox 811 3735 976 3797; x_wconf 89' lang='lat' dir='ltr'><strong>Deus</strong></span> <span class='ocrx_word' id='word_1_358' title='bbox 1027 3742 1123 3797; x_wconf 91' lang='lat' dir='ltr'><strong>est</strong></span> <span class='ocrx_word' id='word_1_359' title='bbox 1169 3733 1378 3817; x_wconf 89' lang='lat' dir='ltr'><strong>prima</strong></span> <span class='ocrx_word' id='word_1_360' title='bbox 1415 3752 1605 3796; x_wconf 89' lang='lat' dir='ltr'><strong>causa</strong></span> <span class='ocrx_word' id='word_1_361' title='bbox 1646 3751 1720 3795; x_wconf 89' lang='lat' dir='ltr'><strong>ac</strong></span> <span class='ocrx_word' id='word_1_362' title='bbox 1760 3752 1860 3794; x_wconf 91' lang='lat' dir='ltr'><strong>ra-</strong></span> 
     </span>
     <span class='ocr_line' id='line_1_56' title="bbox 340 3831 1858 3915; baseline -0.005 -15"><span class='ocrx_word' id='word_1_363' title='bbox 340 3838 442 3902; x_wconf 87' lang='lat' dir='ltr'><strong>tio</strong></span> <span class='ocrx_word' id='word_1_364' title='bbox 472 3838 670 3901; x_wconf 87' lang='lat' dir='ltr'><strong>totius</strong></span> <span class='ocrx_word' id='word_1_365' title='bbox 700 3834 1134 3915; x_wconf 81' lang='lat' dir='ltr'><strong>amabilitatiS,</strong></span> <span class='ocrx_word' id='word_1_366' title='bbox 1165 3851 1240 3895; x_wconf 91' lang='lat' dir='ltr'><strong>ac</strong></span> <span class='ocrx_word' id='word_1_367' title='bbox 1275 3851 1451 3915; x_wconf 83' lang='lat' dir='ltr'><strong>purae</strong></span> <span class='ocrx_word' id='word_1_368' title='bbox 1480 3831 1858 3907; x_wconf 81' lang='lat' dir='ltr'><strong>dilectioniS,</strong></span> 
     </span>
     <span class='ocr_line' id='line_1_57' title="bbox 340 3930 1862 4020; baseline -0.005 -21"><span class='ocrx_word' id='word_1_369' title='bbox 340 3956 558 4020; x_wconf 91' lang='lat' dir='ltr'><strong>quum</strong></span> <span class='ocrx_word' id='word_1_370' title='bbox 599 3937 742 4018; x_wconf 91' lang='lat' dir='ltr'><strong>ipse</strong></span> <span class='ocrx_word' id='word_1_371' title='bbox 781 3934 864 3996; x_wconf 94' lang='lat' dir='ltr'><strong>sit</strong></span> <span class='ocrx_word' id='word_1_372' title='bbox 908 3933 1135 4015; x_wconf 90' lang='lat' dir='ltr'><strong>prima,</strong></span> <span class='ocrx_word' id='word_1_373' title='bbox 1170 3931 1427 3995; x_wconf 81' lang='lat' dir='ltr'><strong>fontalis</strong></span> <span class='ocrx_word' id='word_1_374' title='bbox 1477 3930 1862 4011; x_wconf 77' lang='lat' dir='ltr'><strong>infinitaque</strong></span> 
     </span>
     <span class='ocr_line' id='line_1_58' title="bbox 339 4030 1862 4112; baseline -0.006 -14"><span class='ocrx_word' id='word_1_375' title='bbox 339 4036 626 4099; x_wconf 76' lang='lat' dir='ltr'><strong>bonitas,</strong></span> <span class='ocrx_word' id='word_1_376' title='bbox 652 4034 919 4107; x_wconf 81' lang='lat' dir='ltr'><strong>RursuS,</strong></span> <span class='ocrx_word' id='word_1_377' title='bbox 943 4030 1118 4093; x_wconf 91' lang='lat' dir='ltr'><strong>Sicut</strong></span> <span class='ocrx_word' id='word_1_378' title='bbox 1147 4037 1210 4092; x_wconf 90' lang='lat' dir='ltr'><strong>te</strong></span> <span class='ocrx_word' id='word_1_379' title='bbox 1238 4030 1475 4112; x_wconf 90' lang='lat' dir='ltr'><strong>ipsum,</strong></span> <span class='ocrx_word' id='word_1_380' title='bbox 1505 4030 1570 4091; x_wconf 92' lang='lat' dir='ltr'><strong>id</strong></span> <span class='ocrx_word' id='word_1_381' title='bbox 1601 4037 1696 4091; x_wconf 88' lang='lat' dir='ltr'><strong>est</strong></span> <span class='ocrx_word' id='word_1_382' title='bbox 1727 4047 1862 4111; x_wconf 89' lang='lat' dir='ltr'><strong>per-</strong></span> 
     </span>
     <span class='ocr_line' id='line_1_59' title="bbox 339 4128 1864 4211; baseline -0.006 -14"><span class='ocrx_word' id='word_1_383' title='bbox 339 4140 722 4197; x_wconf 87' lang='lat' dir='ltr'><strong>severanter</strong></span> <span class='ocrx_word' id='word_1_384' title='bbox 756 4148 962 4211; x_wconf 89' lang='lat' dir='ltr'><strong>usque</strong></span> <span class='ocrx_word' id='word_1_385' title='bbox 1003 4130 1071 4191; x_wconf 91' lang='lat' dir='ltr'><strong>in</strong></span> <span class='ocrx_word' id='word_1_386' title='bbox 1109 4128 1334 4209; x_wconf 80' lang='lat' dir='ltr'><strong>finem,</strong></span> <span class='ocrx_word' id='word_1_387' title='bbox 1370 4136 1434 4189; x_wconf 88' lang='lat' dir='ltr'><strong>et</strong></span> <span class='ocrx_word' id='word_1_388' title='bbox 1471 4146 1596 4190; x_wconf 91' lang='lat' dir='ltr'><strong>non</strong></span> <span class='ocrx_word' id='word_1_389' title='bbox 1633 4128 1864 4189; x_wconf 91' lang='lat' dir='ltr'><strong>conde-</strong></span> 
     </span>
    </p>
   </div>
   <div class='ocr_carea' id='block_1_11' title="bbox 1973 3146 3474 3227">
    <p class='ocr_par' dir='ltr' id='par_1_12' title="bbox 1973 3146 3474 3227">
     <span class='ocr_line' id='line_1_60' title="bbox 1973 3146 3474 3227; baseline 0.001 -19"><span class='ocrx_word' id='word_1_390' title='bbox 1973 3146 2126 3208; x_wconf 88' lang='lat' dir='ltr'><strong>tiam</strong></span> <span class='ocrx_word' id='word_1_391' title='bbox 2166 3152 2502 3221; x_wconf 82' lang='lat' dir='ltr'><strong>ostentare,</strong></span> <span class='ocrx_word' id='word_1_392' title='bbox 2546 3166 2746 3227; x_wconf 92' lang='lat' dir='ltr'><strong>quum</strong></span> <span class='ocrx_word' id='word_1_393' title='bbox 2787 3153 2997 3210; x_wconf 89' lang='lat' dir='ltr'><strong>tamen</strong></span> <span class='ocrx_word' id='word_1_394' title='bbox 3046 3148 3112 3209; x_wconf 89' lang='lat' dir='ltr'><strong>in</strong></span> <span class='ocrx_word' id='word_1_395' title='bbox 3164 3146 3474 3210; x_wconf 87' lang='lat' dir='ltr'><strong>Ecclesia-</strong></span> 
     </span>
    </p>
   </div>
   <div class='ocr_carea' id='block_1_12' title="bbox 3600 1880 3672 1935">
    <p class='ocr_par' dir='ltr' id='par_1_13' title="bbox 3600 1880 3672 1935">
     <span class='ocr_line' id='line_1_61' title="bbox 3600 1880 3672 1935; baseline 0.014 -1"><span class='ocrx_word' id='word_1_396' title='bbox 3600 1880 3672 1935; x_wconf 84' lang='lat'><strong>28</strong></span> 
     </span>
    </p>
   </div>
   <div class='ocr_carea' id='block_1_13' title="bbox 3596 2971 3668 3027">
    <p class='ocr_par' dir='ltr' id='par_1_14' title="bbox 3596 2971 3668 3027">
     <span class='ocr_line' id='line_1_62' title="bbox 3596 2971 3668 3027; baseline 0 0"><span class='ocrx_word' id='word_1_397' title='bbox 3596 2971 3668 3027; x_wconf 82' lang='lat'><strong>29</strong></span> 
     </span>
    </p>
   </div>
   <div class='ocr_carea' id='block_1_14' title="bbox 1975 3244 3761 3424">
    <p class='ocr_par' dir='ltr' id='par_1_15' title="bbox 1975 3244 3761 3424">
     <span class='ocr_line' id='line_1_63' title="bbox 1975 3244 3759 3327; baseline 0.001 -20"><span class='ocrx_word' id='word_1_398' title='bbox 1975 3245 2134 3308; x_wconf 89' lang='lat' dir='ltr'><strong>stico</strong></span> <span class='ocrx_word' id='word_1_399' title='bbox 2175 3244 2485 3327; x_wconf 91' lang='lat' dir='ltr'><strong>scriptum</strong></span> <span class='ocrx_word' id='word_1_400' title='bbox 2526 3245 2608 3307; x_wconf 91' lang='lat' dir='ltr'><strong>sit</strong></span> <span class='ocrx_word' id='word_1_401' title='bbox 2642 3264 2655 3307; x_wconf 92' lang='lat'>:</span> <span class='ocrx_word' id='word_1_402' title='bbox 2688 3244 2824 3309; x_wconf 93' lang='lat' dir='ltr'><strong>Non</strong></span> <span class='ocrx_word' id='word_1_403' title='bbox 2866 3253 2928 3308; x_wconf 92' lang='lat' dir='ltr'><strong>te</strong></span> <span class='ocrx_word' id='word_1_404' title='bbox 2969 3245 3284 3327; x_wconf 88' lang='lat' dir='ltr'><strong>justifices</strong></span> <span class='ocrx_word' id='word_1_405' title='bbox 3327 3256 3475 3309; x_wconf 87' lang='lat' dir='ltr'><strong>ante</strong></span> <span class='ocrx_word' id='word_1_406' title='bbox 3500 3264 3759 3317; x_wconf 46' lang='lat' dir='ltr'><strong>acclama.</strong></span> 
     </span>
     <span class='ocr_line' id='line_1_64' title="bbox 1975 3343 3761 3424; baseline 0.001 -19"><span class='ocrx_word' id='word_1_407' title='bbox 1975 3344 2196 3405; x_wconf 90' lang='lat' dir='ltr'><strong>Deum.</strong></span> <span class='ocrx_word' id='word_1_408' title='bbox 2228 3343 2341 3406; x_wconf 84' lang='lat' dir='ltr'><strong>Job</strong></span> <span class='ocrx_word' id='word_1_409' title='bbox 2373 3362 2630 3424; x_wconf 88' lang='lat' dir='ltr'><strong>quoque</strong></span> <span class='ocrx_word' id='word_1_410' title='bbox 2659 3344 2746 3406; x_wconf 90' lang='lat' dir='ltr'><strong>ait</strong></span> <span class='ocrx_word' id='word_1_411' title='bbox 2780 3363 2794 3407; x_wconf 90' lang='lat'>:</span> <span class='ocrx_word' id='word_1_412' title='bbox 2827 3344 2986 3417; x_wconf 88' lang='lat' dir='ltr'><strong>Quid</strong></span> <span class='ocrx_word' id='word_1_413' title='bbox 3027 3351 3121 3407; x_wconf 88' lang='lat' dir='ltr'><strong>est</strong></span> <span class='ocrx_word' id='word_1_414' title='bbox 3153 3345 3365 3421; x_wconf 90' lang='lat' dir='ltr'><strong>homo,</strong></span> <span class='ocrx_word' id='word_1_415' title='bbox 3401 3353 3474 3408; x_wconf 91' lang='lat' dir='ltr'><strong>ut</strong></span> <span class='ocrx_word' id='word_1_416' title='bbox 3496 3364 3581 3408; x_wconf 73' lang='lat' dir='ltr'><strong>Iob</strong></span> <span class='ocrx_word' id='word_1_417' title='bbox 3601 3378 3668 3417; x_wconf 71' lang='lat' dir='ltr'><strong>xv,</strong></span> <span class='ocrx_word' id='word_1_418' title='bbox 3696 3366 3761 3407; x_wconf 67' lang='grc' dir='ltr'><strong>ιι.</strong></span> 
     </span>
    </p>
   </div>
   <div class='ocr_carea' id='block_1_15' title="bbox 1974 3441 3469 3525">
    <p class='ocr_par' dir='ltr' id='par_1_16' title="bbox 1974 3441 3469 3525">
     <span class='ocr_line' id='line_1_65' title="bbox 1974 3441 3469 3525; baseline 0.003 -23"><span class='ocrx_word' id='word_1_419' title='bbox 1974 3441 2421 3504; x_wconf 90' lang='lat' dir='ltr'><strong>immaculatus</strong></span> <span class='ocrx_word' id='word_1_420' title='bbox 2460 3441 2563 3515; x_wconf 89' lang='lat' dir='ltr'><strong>sit,</strong></span> <span class='ocrx_word' id='word_1_421' title='bbox 2596 3449 2658 3503; x_wconf 91' lang='lat' dir='ltr'><strong>et</strong></span> <span class='ocrx_word' id='word_1_422' title='bbox 2698 3442 2907 3523; x_wconf 85' lang='lat' dir='ltr'><strong>justus</strong></span> <span class='ocrx_word' id='word_1_423' title='bbox 2946 3450 3244 3525; x_wconf 88' lang='lat' dir='ltr'><strong>appareat</strong></span> <span class='ocrx_word' id='word_1_424' title='bbox 3285 3450 3469 3506; x_wconf 89' lang='lat' dir='ltr'><strong>natus</strong></span> 
     </span>
    </p>
   </div>
   <div class='ocr_carea' id='block_1_16' title="bbox 1973 3539 3765 3621">
    <p class='ocr_par' dir='ltr' id='par_1_17' title="bbox 1973 3539 3765 3621">
     <span class='ocr_line' id='line_1_66' title="bbox 1973 3539 3765 3621; baseline -0.001 -19"><span class='ocrx_word' id='word_1_425' title='bbox 1973 3541 2051 3602; x_wconf 90' lang='lat' dir='ltr'><strong>de</strong></span> <span class='ocrx_word' id='word_1_426' title='bbox 2090 3539 2400 3601; x_wconf 69' lang='lat' dir='ltr'><strong>muliere?</strong></span> <span class='ocrx_word' id='word_1_427' title='bbox 2430 3542 2585 3601; x_wconf 79' lang='lat' dir='ltr'><strong>Ait*</strong></span> <span class='ocrx_word' id='word_1_428' title='bbox 2605 3562 2627 3600; x_wconf 94' lang='lat'><strong>.·</strong></span> <span class='ocrx_word' id='word_1_429' title='bbox 2647 3544 2733 3603; x_wconf 78' lang='lat' dir='ltr'><strong>Et</strong></span> <span class='ocrx_word' id='word_1_430' title='bbox 2762 3542 2907 3621; x_wconf 79' lang='lat' dir='ltr'><strong>quis</strong></span> <span class='ocrx_word' id='word_1_431' title='bbox 2935 3551 3025 3602; x_wconf 77' lang='lat' dir='ltr'><strong>est</strong></span> <span class='ocrx_word' id='word_1_432' title='bbox 3056 3562 3230 3602; x_wconf 82' lang='lat' dir='ltr'><strong>meus</strong></span> <span class='ocrx_word' id='word_1_433' title='bbox 3250 3544 3473 3619; x_wconf 71' lang='lat' dir='ltr'><strong>promi·</strong></span> <span class='ocrx_word' id='word_1_434' title='bbox 3520 3558 3765 3602; x_wconf 65' lang='lat' dir='ltr'><strong>*Dimitad</strong></span> 
     </span>
    </p>
   </div>
   <div class='ocr_carea' id='block_1_17' title="bbox 1972 3638 3475 4211">
    <p class='ocr_par' dir='ltr' id='par_1_18' title="bbox 1972 3638 3475 4211">
     <span class='ocr_line' id='line_1_67' title="bbox 1973 3638 3472 3727; baseline 0.001 -28"><span class='ocrx_word' id='word_1_435' title='bbox 1973 3640 2160 3699; x_wconf 82' lang='lat' dir='ltr'><strong>mus?</strong></span> <span class='ocrx_word' id='word_1_436' title='bbox 2179 3638 2307 3701; x_wconf 87' lang='lat' dir='ltr'><strong>Hoc</strong></span> <span class='ocrx_word' id='word_1_437' title='bbox 2336 3656 2557 3700; x_wconf 92' lang='lat' dir='ltr'><strong>rursus</strong></span> <span class='ocrx_word' id='word_1_438' title='bbox 2588 3638 2898 3719; x_wconf 82' lang='lat' dir='ltr'><strong>quaesivit,</strong></span> <span class='ocrx_word' id='word_1_439' title='bbox 2923 3646 2992 3700; x_wconf 90' lang='lat' dir='ltr'><strong>ut</strong></span> <span class='ocrx_word' id='word_1_440' title='bbox 3021 3647 3273 3721; x_wconf 89' lang='lat' dir='ltr'><strong>caperet</strong></span> <span class='ocrx_word' id='word_1_441' title='bbox 3302 3640 3472 3727; x_wconf 64' lang='grc' dir='ltr'>(31]νί-</span> 
     </span>
     <span class='ocr_line' id='line_1_68' title="bbox 1973 3735 3464 3818; baseline 0.002 -21"><span class='ocrx_word' id='word_1_442' title='bbox 1973 3744 2143 3797; x_wconf 91' lang='lat' dir='ltr'><strong>stum</strong></span> <span class='ocrx_word' id='word_1_443' title='bbox 2194 3736 2259 3798; x_wconf 92' lang='lat' dir='ltr'><strong>in</strong></span> <span class='ocrx_word' id='word_1_444' title='bbox 2309 3754 2423 3797; x_wconf 89' lang='lat' dir='ltr'><strong>sua</strong></span> <span class='ocrx_word' id='word_1_445' title='bbox 2460 3736 2893 3818; x_wconf 87' lang='lat' dir='ltr'><strong>responsione.</strong></span> <span class='ocrx_word' id='word_1_446' title='bbox 2936 3735 3221 3799; x_wconf 84' lang='lat' dir='ltr'><strong>Advertit</strong></span> <span class='ocrx_word' id='word_1_447' title='bbox 3268 3740 3464 3814; x_wconf 92' lang='lat' dir='ltr'><strong>enim,</strong></span> 
     </span>
     <span class='ocr_line' id='line_1_69' title="bbox 1975 3834 3472 3916; baseline 0.003 -21"><span class='ocrx_word' id='word_1_448' title='bbox 1975 3842 2045 3896; x_wconf 91' lang='lat' dir='ltr'><strong>ut</strong></span> <span class='ocrx_word' id='word_1_449' title='bbox 2081 3840 2365 3916; x_wconf 89' lang='lat' dir='ltr'><strong>apparet,</strong></span> <span class='ocrx_word' id='word_1_450' title='bbox 2400 3835 2935 3914; x_wconf 88' lang='lat' dir='ltr'><strong>quemadmodum</strong></span> <span class='ocrx_word' id='word_1_451' title='bbox 2967 3834 3250 3897; x_wconf 86' lang='lat' dir='ltr'><strong>Christus</strong></span> <span class='ocrx_word' id='word_1_452' title='bbox 3289 3837 3472 3899; x_wconf 91' lang='lat' dir='ltr'><strong>doce-</strong></span> 
     </span>
     <span class='ocr_line' id='line_1_70' title="bbox 1975 3931 3471 4015; baseline 0.004 -22"><span class='ocrx_word' id='word_1_453' title='bbox 1975 3940 2071 3995; x_wconf 89' lang='lat' dir='ltr'><strong>ret</strong></span> <span class='ocrx_word' id='word_1_454' title='bbox 2117 3932 2308 3994; x_wconf 89' lang='lat' dir='ltr'><strong>etiam</strong></span> <span class='ocrx_word' id='word_1_455' title='bbox 2348 3931 2643 3995; x_wconf 90' lang='lat' dir='ltr'><strong>inimicos</strong></span> <span class='ocrx_word' id='word_1_456' title='bbox 2691 3950 2829 3993; x_wconf 88' lang='lat' dir='ltr'><strong>esse</strong></span> <span class='ocrx_word' id='word_1_457' title='bbox 2867 3932 3266 4013; x_wconf 86' lang='lat' dir='ltr'><strong>diligendos:</strong></span> <span class='ocrx_word' id='word_1_458' title='bbox 3300 3937 3471 4015; x_wconf 93' lang='lat' dir='ltr'><strong>quod</strong></span> 
     </span>
     <span class='ocr_line' id='line_1_71' title="bbox 1974 4029 3473 4114; baseline 0.002 -22"><span class='ocrx_word' id='word_1_459' title='bbox 1974 4032 2094 4093; x_wconf 89' lang='lat' dir='ltr'><strong>iste</strong></span> <span class='ocrx_word' id='word_1_460' title='bbox 2124 4030 2374 4113; x_wconf 86' lang='lat' dir='ltr'><strong>putavit</strong></span> <span class='ocrx_word' id='word_1_461' title='bbox 2400 4048 2538 4091; x_wconf 88' lang='lat' dir='ltr'><strong>esse</strong></span> <span class='ocrx_word' id='word_1_462' title='bbox 2569 4038 2787 4093; x_wconf 89' lang='lat' dir='ltr'><strong>contra</strong></span> <span class='ocrx_word' id='word_1_463' title='bbox 2813 4029 3039 4113; x_wconf 83' lang='lat' dir='ltr'><strong>Moysis</strong></span> <span class='ocrx_word' id='word_1_464' title='bbox 3071 4031 3296 4111; x_wconf 90' lang='lat' dir='ltr'><strong>legem,</strong></span> <span class='ocrx_word' id='word_1_465' title='bbox 3320 4034 3473 4114; x_wconf 90' lang='lat' dir='ltr'><strong>quia</strong></span> 
     </span>
     <span class='ocr_line' id='line_1_72' title="bbox 1972 4128 3475 4211; baseline 0.001 -20"><span class='ocrx_word' id='word_1_466' title='bbox 1972 4130 2168 4191; x_wconf 80' lang='lat' dir='ltr'><strong>Judaei</strong></span> <span class='ocrx_word' id='word_1_467' title='bbox 2200 4128 2660 4211; x_wconf 89' lang='lat' dir='ltr'><strong>quamplurimi</strong></span> <span class='ocrx_word' id='word_1_468' title='bbox 2693 4146 2807 4210; x_wconf 91' lang='lat' dir='ltr'><strong>per</strong></span> <span class='ocrx_word' id='word_1_469' title='bbox 2838 4129 3194 4210; x_wconf 86' lang='lat' dir='ltr'><strong>proximum</strong></span> <span class='ocrx_word' id='word_1_470' title='bbox 3228 4149 3353 4193; x_wconf 92' lang='lat' dir='ltr'><strong>non</strong></span> <span class='ocrx_word' id='word_1_471' title='bbox 3387 4132 3475 4194; x_wconf 92' lang='lat' dir='ltr'><strong>in-</strong></span> 
     </span>
    </p>
   </div>
   <div class='ocr_carea' id='block_1_18' title="bbox 339 4225 3478 4312">
    <p class='ocr_par' dir='ltr' id='par_1_19' title="bbox 339 4225 3478 4312">
     <span class='ocr_line' id='line_1_73' title="bbox 339 4225 3478 4312; baseline -0.001 -15"><span class='ocrx_word' id='word_1_472' title='bbox 339 4232 718 4297; x_wconf 88' lang='lat' dir='ltr'><strong>scendendo</strong></span> <span class='ocrx_word' id='word_1_473' title='bbox 767 4230 826 4292; x_wconf 89' lang='lat' dir='ltr'><strong>ei</strong></span> <span class='ocrx_word' id='word_1_474' title='bbox 877 4230 945 4292; x_wconf 90' lang='lat' dir='ltr'><strong>in</strong></span> <span class='ocrx_word' id='word_1_475' title='bbox 995 4228 1192 4303; x_wconf 83' lang='lat' dir='ltr'><strong>vitiis,</strong></span> <span class='ocrx_word' id='word_1_476' title='bbox 1227 4228 1394 4289; x_wconf 90' lang='lat' dir='ltr'><strong>sicut</strong></span> <span class='ocrx_word' id='word_1_477' title='bbox 1439 4244 1558 4289; x_wconf 89' lang='lat' dir='ltr'><strong>nec</strong></span> <span class='ocrx_word' id='word_1_478' title='bbox 1601 4226 1717 4288; x_wconf 89' lang='lat' dir='ltr'><strong>tibi</strong></span> <span class='ocrx_word' id='word_1_479' title='bbox 1766 4226 1861 4290; x_wconf 90' lang='lat' dir='ltr'><strong>vis</strong></span> <span class='ocrx_word' id='word_1_480' title='bbox 1894 4231 1944 4292; x_wconf 90' lang='lat' dir='ltr'><strong>D</strong></span> <span class='ocrx_word' id='word_1_481' title='bbox 1974 4227 2348 4308; x_wconf 84' lang='lat' dir='ltr'><strong>telligebant</strong></span> <span class='ocrx_word' id='word_1_482' title='bbox 2396 4225 2515 4289; x_wconf 90' lang='lat' dir='ltr'><strong>nisi</strong></span> <span class='ocrx_word' id='word_1_483' title='bbox 2555 4227 2865 4303; x_wconf 83' lang='lat' dir='ltr'><strong>Judaeum,</strong></span> <span class='ocrx_word' id='word_1_484' title='bbox 2908 4235 2970 4289; x_wconf 89' lang='lat' dir='ltr'><strong>et</strong></span> <span class='ocrx_word' id='word_1_485' title='bbox 3007 4235 3248 4291; x_wconf 88' lang='lat' dir='ltr'><strong>ceteros</strong></span> <span class='ocrx_word' id='word_1_486' title='bbox 3290 4247 3478 4312; x_wconf 92' lang='lat' dir='ltr'><strong>repu—</strong></span> 
     </span>
    </p>
   </div>
   <div class='ocr_carea' id='block_1_19' title="bbox 338 4326 1866 4908">
    <p class='ocr_par' dir='ltr' id='par_1_20' title="bbox 338 4326 1866 4908">
     <span class='ocr_line' id='line_1_74' title="bbox 340 4326 1864 4401; baseline -0.007 -5"><span class='ocrx_word' id='word_1_487' title='bbox 340 4327 777 4397; x_wconf 80' lang='lat' dir='ltr'><strong>condescendi</strong></span> <span class='ocrx_word' id='word_1_488' title='bbox 829 4328 895 4389; x_wconf 90' lang='lat' dir='ltr'><strong>in</strong></span> <span class='ocrx_word' id='word_1_489' title='bbox 947 4327 1062 4401; x_wconf 90' lang='lat' dir='ltr'><strong>eis,</strong></span> <span class='ocrx_word' id='word_1_490' title='bbox 1117 4326 1169 4387; x_wconf 86' lang='lat' dir='ltr'><strong>si</strong></span> <span class='ocrx_word' id='word_1_491' title='bbox 1220 4332 1430 4387; x_wconf 90' lang='lat' dir='ltr'><strong>tamen</strong></span> <span class='ocrx_word' id='word_1_492' title='bbox 1487 4332 1548 4386; x_wconf 90' lang='lat' dir='ltr'><strong>te</strong></span> <span class='ocrx_word' id='word_1_493' title='bbox 1597 4342 1746 4386; x_wconf 92' lang='lat' dir='ltr'><strong>vere</strong></span> <span class='ocrx_word' id='word_1_494' title='bbox 1791 4342 1864 4387; x_wconf 91' lang='lat' dir='ltr'><strong>ac</strong></span> 
     </span>
     <span class='ocr_line' id='line_1_75' title="bbox 338 4424 1866 4515; baseline -0.007 -20"><span class='ocrx_word' id='word_1_495' title='bbox 338 4429 776 4515; x_wconf 88' lang='lat' dir='ltr'><strong>spiritualiter</strong></span> <span class='ocrx_word' id='word_1_496' title='bbox 804 4426 1041 4508; x_wconf 78' lang='lat' dir='ltr'><strong>diligis,</strong></span> <span class='ocrx_word' id='word_1_497' title='bbox 1075 4424 1211 4489; x_wconf 90' lang='lat' dir='ltr'><strong>Non</strong></span> <span class='ocrx_word' id='word_1_498' title='bbox 1242 4432 1456 4487; x_wconf 87' lang='lat' dir='ltr'><strong>tamen</strong></span> <span class='ocrx_word' id='word_1_499' title='bbox 1495 4430 1744 4506; x_wconf 92' lang='lat' dir='ltr'><strong>oportet</strong></span> <span class='ocrx_word' id='word_1_500' title='bbox 1773 4424 1866 4487; x_wconf 94' lang='lat' dir='ltr'><strong>di—</strong></span> 
     </span>
     <span class='ocr_line' id='line_1_76' title="bbox 341 4522 1866 4612; baseline -0.005 -19"><span class='ocrx_word' id='word_1_501' title='bbox 341 4531 550 4612; x_wconf 85' lang='lat' dir='ltr'><strong>ligere</strong></span> <span class='ocrx_word' id='word_1_502' title='bbox 591 4526 962 4610; x_wconf 87' lang='lat' dir='ltr'><strong>proximum</strong></span> <span class='ocrx_word' id='word_1_503' title='bbox 1001 4532 1130 4587; x_wconf 86' lang='lat' dir='ltr'><strong>tam</strong></span> <span class='ocrx_word' id='word_1_504' title='bbox 1171 4523 1420 4585; x_wconf 90' lang='lat' dir='ltr'><strong>intense</strong></span> <span class='ocrx_word' id='word_1_505' title='bbox 1460 4522 1628 4585; x_wconf 89' lang='lat' dir='ltr'><strong>sicut</strong></span> <span class='ocrx_word' id='word_1_506' title='bbox 1665 4540 1732 4585; x_wconf 92' lang='lat' dir='ltr'><strong>se</strong></span> <span class='ocrx_word' id='word_1_507' title='bbox 1769 4522 1866 4605; x_wconf 93' lang='lat' dir='ltr'><strong>ip-</strong></span> 
     </span>
     <span class='ocr_line' id='line_1_77' title="bbox 343 4621 1863 4701; baseline -0.006 -9"><span class='ocrx_word' id='word_1_508' title='bbox 343 4646 521 4701; x_wconf 86' lang='lat' dir='ltr'><strong>sum,</strong></span> <span class='ocrx_word' id='word_1_509' title='bbox 579 4632 674 4699; x_wconf 92' lang='lat' dir='ltr'><strong>ut,</strong></span> <span class='ocrx_word' id='word_1_510' title='bbox 715 4623 914 4699; x_wconf 88' lang='lat' dir='ltr'><strong>Sicut,</strong></span> <span class='ocrx_word' id='word_1_511' title='bbox 962 4623 1132 4685; x_wconf 90' lang='lat' dir='ltr'><strong>dicat</strong></span> <span class='ocrx_word' id='word_1_512' title='bbox 1180 4621 1692 4696; x_wconf 89' lang='lat' dir='ltr'><strong>similitudinem,</strong></span> <span class='ocrx_word' id='word_1_513' title='bbox 1734 4640 1863 4685; x_wconf 92' lang='lat' dir='ltr'><strong>non</strong></span> 
     </span>
     <span class='ocr_line' id='line_1_78' title="bbox 346 4721 1865 4807; baseline -0.005 -20"><span class='ocrx_word' id='word_1_514' title='bbox 346 4724 813 4807; x_wconf 81' lang='lat' dir='ltr'><strong>aequalitatem.</strong></span> <span class='ocrx_word' id='word_1_515' title='bbox 849 4721 976 4785; x_wconf 84' lang='lat' dir='ltr'><strong>Hoc</strong></span> <span class='ocrx_word' id='word_1_516' title='bbox 1013 4726 1226 4783; x_wconf 86' lang='lat' dir='ltr'><strong>autem</strong></span> <span class='ocrx_word' id='word_1_517' title='bbox 1267 4725 1659 4802; x_wconf 83' lang='lat' dir='ltr'><strong>praeceptum</strong></span> <span class='ocrx_word' id='word_1_518' title='bbox 1691 4737 1865 4780; x_wconf 92' lang='lat' dir='ltr'><strong>sum-</strong></span> 
     </span>
     <span class='ocr_line' id='line_1_79' title="bbox 349 4816 1863 4908; baseline -0.004 -22"><span class='ocrx_word' id='word_1_519' title='bbox 349 4832 544 4908; x_wconf 88' lang='lat' dir='ltr'><strong>ptum</strong></span> <span class='ocrx_word' id='word_1_520' title='bbox 575 4828 674 4884; x_wconf 90' lang='lat' dir='ltr'><strong>est</strong></span> <span class='ocrx_word' id='word_1_521' title='bbox 713 4838 791 4883; x_wconf 88' lang='lat' dir='ltr'><strong>ex</strong></span> <span class='ocrx_word' id='word_1_522' title='bbox 818 4838 894 4884; x_wconf 92' lang='lat' dir='ltr'><strong>eo</strong></span> <span class='ocrx_word' id='word_1_523' title='bbox 922 4820 1093 4901; x_wconf 92' lang='lat' dir='ltr'><strong>quod</strong></span> <span class='ocrx_word' id='word_1_524' title='bbox 1135 4819 1200 4880; x_wconf 93' lang='lat' dir='ltr'><strong>in</strong></span> <span class='ocrx_word' id='word_1_525' title='bbox 1235 4818 1516 4881; x_wconf 91' lang='lat' dir='ltr'><strong>Levitico</strong></span> <span class='ocrx_word' id='word_1_526' title='bbox 1553 4816 1863 4899; x_wconf 90' lang='lat' dir='ltr'><strong>scriptum</strong></span> 
     </span>
    </p>
   </div>
   <div class='ocr_carea' id='block_1_20' title="bbox 65 4916 1860 5001">
    <p class='ocr_par' dir='ltr' id='par_1_21' title="bbox 65 4916 1860 5001">
     <span class='ocr_line' id='line_1_80' title="bbox 65 4916 1860 5001; baseline -0.002 -18"><span class='ocrx_word' id='word_1_527' title='bbox 65 4940 315 4993; x_wconf 59' lang='lat' dir='ltr'><strong>Lama.</strong></span> <span class='ocrx_word' id='word_1_528' title='bbox 348 4930 474 4997; x_wconf 88' lang='lat' dir='ltr'><strong>est,</strong></span> <span class='ocrx_word' id='word_1_529' title='bbox 508 4920 750 5001; x_wconf 90' lang='lat' dir='ltr'><strong>Diliges</strong></span> <span class='ocrx_word' id='word_1_530' title='bbox 779 4918 1057 4981; x_wconf 89' lang='lat' dir='ltr'><strong>amicum</strong></span> <span class='ocrx_word' id='word_1_531' title='bbox 1089 4926 1272 4980; x_wconf 90' lang='lat' dir='ltr'><strong>tuum</strong></span> <span class='ocrx_word' id='word_1_532' title='bbox 1304 4916 1470 4980; x_wconf 89' lang='lat' dir='ltr'><strong>sicut</strong></span> <span class='ocrx_word' id='word_1_533' title='bbox 1506 4923 1568 4979; x_wconf 89' lang='lat' dir='ltr'><strong>te</strong></span> <span class='ocrx_word' id='word_1_534' title='bbox 1598 4916 1810 4998; x_wconf 91' lang='lat' dir='ltr'><strong>ipsum</strong></span> <span class='ocrx_word' id='word_1_535' title='bbox 1846 4934 1860 4979; x_wconf 71' lang='grc' dir='ltr'>ε</span> 
     </span>
    </p>
   </div>
   <div class='ocr_carea' id='block_1_21' title="bbox 349 5014 1868 5402">
    <p class='ocr_par' dir='ltr' id='par_1_22' title="bbox 349 5014 1868 5402">
     <span class='ocr_line' id='line_1_81' title="bbox 349 5014 1868 5101; baseline -0.004 -17"><span class='ocrx_word' id='word_1_536' title='bbox 349 5021 469 5084; x_wconf 89' lang='lat' dir='ltr'><strong>ubi</strong></span> <span class='ocrx_word' id='word_1_537' title='bbox 500 5018 918 5101; x_wconf 84' lang='lat' dir='ltr'><strong>Septuaginta</strong></span> <span class='ocrx_word' id='word_1_538' title='bbox 947 5016 1350 5079; x_wconf 89' lang='lat' dir='ltr'><strong>transtulisse</strong></span> <span class='ocrx_word' id='word_1_539' title='bbox 1378 5016 1700 5091; x_wconf 87' lang='lat' dir='ltr'><strong>dicuntur,</strong></span> <span class='ocrx_word' id='word_1_540' title='bbox 1723 5014 1868 5078; x_wconf 90' lang='lat' dir='ltr'><strong>Pro—</strong></span> 
     </span>
     <span class='ocr_line' id='line_1_82' title="bbox 349 5113 1867 5197; baseline -0.005 -14"><span class='ocrx_word' id='word_1_541' title='bbox 349 5121 608 5183; x_wconf 83' lang='lat' dir='ltr'><strong>ximum</strong></span> <span class='ocrx_word' id='word_1_542' title='bbox 637 5123 848 5179; x_wconf 89' lang='lat' dir='ltr'><strong>tuum.</strong></span> <span class='ocrx_word' id='word_1_543' title='bbox 881 5115 997 5177; x_wconf 91' lang='lat' dir='ltr'><strong>Per</strong></span> <span class='ocrx_word' id='word_1_544' title='bbox 1027 5114 1394 5197; x_wconf 83' lang='lat' dir='ltr'><strong>proximum</strong></span> <span class='ocrx_word' id='word_1_545' title='bbox 1432 5120 1643 5176; x_wconf 89' lang='lat' dir='ltr'><strong>autem</strong></span> <span class='ocrx_word' id='word_1_546' title='bbox 1682 5113 1867 5175; x_wconf 90' lang='lat' dir='ltr'><strong>intel-</strong></span> 
     </span>
     <span class='ocr_line' id='line_1_83' title="bbox 349 5211 1864 5301; baseline -0.005 -19"><span class='ocrx_word' id='word_1_547' title='bbox 349 5218 580 5301; x_wconf 86' lang='lat' dir='ltr'><strong>ligitur</strong></span> <span class='ocrx_word' id='word_1_548' title='bbox 627 5216 840 5279; x_wconf 87' lang='lat' dir='ltr'><strong>omnis</strong></span> <span class='ocrx_word' id='word_1_549' title='bbox 887 5214 1079 5277; x_wconf 89' lang='lat' dir='ltr'><strong>homo</strong></span> <span class='ocrx_word' id='word_1_550' title='bbox 1125 5213 1344 5295; x_wconf 84' lang='lat' dir='ltr'><strong>gratiae</strong></span> <span class='ocrx_word' id='word_1_551' title='bbox 1391 5220 1453 5275; x_wconf 89' lang='lat' dir='ltr'><strong>et</strong></span> <span class='ocrx_word' id='word_1_552' title='bbox 1499 5211 1716 5292; x_wconf 83' lang='lat' dir='ltr'><strong>gloriae</strong></span> <span class='ocrx_word' id='word_1_553' title='bbox 1763 5232 1864 5275; x_wconf 89' lang='lat' dir='ltr'><strong>ca-</strong></span> 
     </span>
     <span class='ocr_line' id='line_1_84' title="bbox 351 5310 1864 5402; baseline -0.005 -21"><span class='ocrx_word' id='word_1_554' title='bbox 351 5338 497 5402; x_wconf 80' lang='lat' dir='ltr'><strong>pax.</strong></span> <span class='ocrx_word' id='word_1_555' title='bbox 521 5313 815 5379; x_wconf 89' lang='lat' dir='ltr'><strong>Damnati</strong></span> <span class='ocrx_word' id='word_1_556' title='bbox 847 5332 1019 5389; x_wconf 90' lang='lat' dir='ltr'><strong>vero,</strong></span> <span class='ocrx_word' id='word_1_557' title='bbox 1053 5330 1132 5375; x_wconf 88' lang='lat' dir='ltr'><strong>ex</strong></span> <span class='ocrx_word' id='word_1_558' title='bbox 1163 5312 1421 5375; x_wconf 85' lang='lat' dir='ltr'><strong>caritate</strong></span> <span class='ocrx_word' id='word_1_559' title='bbox 1449 5310 1706 5374; x_wconf 90' lang='lat' dir='ltr'><strong>amandi</strong></span> <span class='ocrx_word' id='word_1_560' title='bbox 1737 5330 1864 5375; x_wconf 92' lang='lat' dir='ltr'><strong>non</strong></span> 
     </span>
    </p>
   </div>
   <div class='ocr_carea' id='block_1_22' title="bbox 610 5448 795 5502">
    <p class='ocr_par' dir='ltr' id='par_1_23' title="bbox 610 5448 795 5502">
     <span class='ocr_line' id='line_1_85' title="bbox 610 5448 795 5502; baseline -0.011 -1"><span class='ocrx_word' id='word_1_561' title='bbox 610 5450 680 5502; x_wconf 89' lang='grc' dir='ltr'><strong>Τ.</strong></span> <span class='ocrx_word' id='word_1_562' title='bbox 713 5448 795 5501; x_wconf 85' lang='grc'><strong>12.</strong></span> 
     </span>
    </p>
   </div>
   <div class='ocr_carea' id='block_1_23' title="bbox 1973 4325 3478 4893">
    <p class='ocr_par' dir='ltr' id='par_1_24' title="bbox 1973 4325 3478 4893">
     <span class='ocr_line' id='line_1_86' title="bbox 1973 4325 3478 4407; baseline 0.001 -18"><span class='ocrx_word' id='word_1_563' title='bbox 1973 4327 2193 4389; x_wconf 87' lang='lat' dir='ltr'><strong>tabant</strong></span> <span class='ocrx_word' id='word_1_564' title='bbox 2233 4326 2496 4388; x_wconf 92' lang='lat' dir='ltr'><strong>alienos.</strong></span> <span class='ocrx_word' id='word_1_565' title='bbox 2531 4325 2689 4388; x_wconf 86' lang='lat' dir='ltr'><strong>Hinc</strong></span> <span class='ocrx_word' id='word_1_566' title='bbox 2729 4325 3159 4407; x_wconf 87' lang='lat' dir='ltr'><strong>interrogavit,</strong></span> <span class='ocrx_word' id='word_1_567' title='bbox 3192 4326 3341 4399; x_wconf 87' lang='lat' dir='ltr'><strong>Quis</strong></span> <span class='ocrx_word' id='word_1_568' title='bbox 3382 4337 3478 4391; x_wconf 89' lang='lat' dir='ltr'><strong>est</strong></span> 
     </span>
     <span class='ocr_line' id='line_1_87' title="bbox 1973 4422 3472 4507; baseline 0 -19"><span class='ocrx_word' id='word_1_569' title='bbox 1973 4442 2155 4488; x_wconf 91' lang='lat' dir='ltr'><strong>meus</strong></span> <span class='ocrx_word' id='word_1_570' title='bbox 2217 4424 2601 4507; x_wconf 66' lang='lat' dir='ltr'><strong>proximus?</strong></span> <span class='ocrx_word' id='word_1_571' title='bbox 2649 4430 2722 4485; x_wconf 92' lang='lat' dir='ltr'><strong>ut</strong></span> <span class='ocrx_word' id='word_1_572' title='bbox 2776 4423 2828 4485; x_wconf 92' lang='lat' dir='ltr'><strong>si</strong></span> <span class='ocrx_word' id='word_1_573' title='bbox 2879 4422 3163 4487; x_wconf 86' lang='lat' dir='ltr'><strong>Christus</strong></span> <span class='ocrx_word' id='word_1_574' title='bbox 3212 4426 3472 4502; x_wconf 90' lang='lat' dir='ltr'><strong>diceret,</strong></span> 
     </span>
     <span class='ocr_line' id='line_1_88' title="bbox 1973 4522 3477 4605; baseline 0.003 -21"><span class='ocrx_word' id='word_1_575' title='bbox 1973 4522 2252 4596; x_wconf 88' lang='lat' dir='ltr'><strong>Quilibet</strong></span> <span class='ocrx_word' id='word_1_576' title='bbox 2308 4523 2498 4586; x_wconf 90' lang='lat' dir='ltr'><strong>homo</strong></span> <span class='ocrx_word' id='word_1_577' title='bbox 2556 4522 2703 4584; x_wconf 83' lang='lat' dir='ltr'><strong>vitae</strong></span> <span class='ocrx_word' id='word_1_578' title='bbox 2764 4523 3116 4603; x_wconf 82' lang='lat' dir='ltr'><strong>praesentis,</strong></span> <span class='ocrx_word' id='word_1_579' title='bbox 3179 4524 3477 4605; x_wconf 89' lang='lat' dir='ltr'><strong>probaret</strong></span> 
     </span>
     <span class='ocr_line' id='line_1_89' title="bbox 1974 4620 3469 4702; baseline 0.001 -19"><span class='ocrx_word' id='word_1_580' title='bbox 1974 4639 2122 4684; x_wconf 90' lang='lat' dir='ltr'><strong>eum</strong></span> <span class='ocrx_word' id='word_1_581' title='bbox 2173 4621 2328 4702; x_wconf 87' lang='lat' dir='ltr'><strong>legis</strong></span> <span class='ocrx_word' id='word_1_582' title='bbox 2377 4620 2808 4683; x_wconf 88' lang='lat' dir='ltr'><strong>adversarium</strong></span> <span class='ocrx_word' id='word_1_583' title='bbox 2844 4639 2859 4701; x_wconf 92' lang='lat'>;</span> <span class='ocrx_word' id='word_1_584' title='bbox 2910 4621 2962 4682; x_wconf 92' lang='lat' dir='ltr'><strong>si</strong></span> <span class='ocrx_word' id='word_1_585' title='bbox 3013 4639 3163 4685; x_wconf 90' lang='lat' dir='ltr'><strong>vero</strong></span> <span class='ocrx_word' id='word_1_586' title='bbox 3211 4623 3469 4700; x_wconf 86' lang='lat' dir='ltr'><strong>diceret,</strong></span> 
     </span>
     <span class='ocr_line' id='line_1_90' title="bbox 1975 4717 3468 4800; baseline 0.002 -19"><span class='ocrx_word' id='word_1_587' title='bbox 1975 4718 2372 4800; x_wconf 88' lang='lat' dir='ltr'><strong>Quicumque</strong></span> <span class='ocrx_word' id='word_1_588' title='bbox 2418 4718 2691 4793; x_wconf 82' lang='lat' dir='ltr'><strong>JudaeuS,</strong></span> <span class='ocrx_word' id='word_1_589' title='bbox 2744 4717 3042 4799; x_wconf 90' lang='lat' dir='ltr'><strong>probaret</strong></span> <span class='ocrx_word' id='word_1_590' title='bbox 3086 4737 3153 4781; x_wconf 90' lang='lat' dir='ltr'><strong>se</strong></span> <span class='ocrx_word' id='word_1_591' title='bbox 3199 4719 3468 4799; x_wconf 88' lang='lat' dir='ltr'><strong>justum,</strong></span> 
     </span>
     <span class='ocr_line' id='line_1_91' title="bbox 1974 4815 3473 4893; baseline 0.001 -13"><span class='ocrx_word' id='word_1_592' title='bbox 1974 4817 2265 4891; x_wconf 84' lang='lat' dir='ltr'><strong>dicende,</strong></span> <span class='ocrx_word' id='word_1_593' title='bbox 2290 4815 2553 4879; x_wconf 88' lang='lat' dir='ltr'><strong>Omnem</strong></span> <span class='ocrx_word' id='word_1_594' title='bbox 2582 4834 2726 4879; x_wconf 89' lang='lat' dir='ltr'><strong>amo</strong></span> <span class='ocrx_word' id='word_1_595' title='bbox 2752 4816 3060 4880; x_wconf 83' lang='lat' dir='ltr'><strong>Judaeum.</strong></span> <span class='ocrx_word' id='word_1_596' title='bbox 3094 4817 3234 4893; x_wconf 88' lang='lat' dir='ltr'><strong>Sed,</strong></span> <span class='ocrx_word' id='word_1_597' title='bbox 3272 4828 3340 4882; x_wconf 90' lang='lat' dir='ltr'><strong>ut</strong></span> <span class='ocrx_word' id='word_1_598' title='bbox 3367 4819 3473 4882; x_wconf 88' lang='lat' dir='ltr'><strong>Sa-</strong></span> 
     </span>
    </p>
   </div>
   <div class='ocr_carea' id='block_1_24' title="bbox 3494 3622 3645 3666">
    <p class='ocr_par' dir='ltr' id='par_1_25' title="bbox 3494 3622 3645 3666">
     <span class='ocr_line' id='line_1_92' title="bbox 3494 3622 3645 3666; baseline -0.013 -1"><span class='ocrx_word' id='word_1_599' title='bbox 3494 3622 3645 3666; x_wconf 70' lang='lat' dir='ltr'><strong>Iesum</strong></span> 
     </span>
    </p>
   </div>
   <div class='ocr_carea' id='block_1_25' title="bbox 1976 4914 3760 4999">
    <p class='ocr_par' dir='ltr' id='par_1_26' title="bbox 1976 4914 3760 4999">
     <span class='ocr_line' id='line_1_93' title="bbox 1976 4914 3760 4999; baseline -0.003 -19"><span class='ocrx_word' id='word_1_600' title='bbox 1976 4917 2188 4980; x_wconf 92' lang='lat' dir='ltr'><strong>lomon</strong></span> <span class='ocrx_word' id='word_1_601' title='bbox 2240 4915 2543 4995; x_wconf 91' lang='lat' dir='ltr'><strong>loquitur,</strong></span> <span class='ocrx_word' id='word_1_602' title='bbox 2578 4914 2833 4978; x_wconf 85' lang='lat' dir='ltr'><strong>Frustra</strong></span> <span class='ocrx_word' id='word_1_603' title='bbox 2876 4916 3108 4999; x_wconf 89' lang='lat' dir='ltr'><strong>jacitur</strong></span> <span class='ocrx_word' id='word_1_604' title='bbox 3145 4924 3278 4978; x_wconf 89' lang='lat' dir='ltr'><strong>rete</strong></span> <span class='ocrx_word' id='word_1_605' title='bbox 3324 4925 3470 4980; x_wconf 89' lang='lat' dir='ltr'><strong>ante</strong></span> <span class='ocrx_word' id='word_1_606' title='bbox 3494 4942 3760 4994; x_wconf 73' lang='lat' dir='ltr'><strong>Pm.1,17.</strong></span> 
     </span>
    </p>
   </div>
   <div class='ocr_carea' id='block_1_26' title="bbox 1976 5012 3473 5395">
    <p class='ocr_par' dir='ltr' id='par_1_27' title="bbox 1976 5012 3473 5395">
     <span class='ocr_line' id='line_1_94' title="bbox 1976 5012 3472 5094; baseline -0.001 -15"><span class='ocrx_word' id='word_1_607' title='bbox 1976 5014 2193 5079; x_wconf 91' lang='lat' dir='ltr'><strong>oculos</strong></span> <span class='ocrx_word' id='word_1_608' title='bbox 2243 5019 2687 5094; x_wconf 85' lang='lat' dir='ltr'><strong>pennatorum.</strong></span> <span class='ocrx_word' id='word_1_609' title='bbox 2722 5012 2897 5076; x_wconf 92' lang='lat' dir='ltr'><strong>Unde</strong></span> <span class='ocrx_word' id='word_1_610' title='bbox 2938 5021 3001 5076; x_wconf 90' lang='lat' dir='ltr'><strong>et</strong></span> <span class='ocrx_word' id='word_1_611' title='bbox 3039 5014 3325 5077; x_wconf 87' lang='lat' dir='ltr'><strong>Christus</strong></span> <span class='ocrx_word' id='word_1_612' title='bbox 3374 5034 3472 5078; x_wconf 89' lang='lat' dir='ltr'><strong>sa-</strong></span> 
     </span>
     <span class='ocr_line' id='line_1_95' title="bbox 1978 5111 3473 5196; baseline 0.001 -21"><span class='ocrx_word' id='word_1_613' title='bbox 1978 5112 2415 5196; x_wconf 90' lang='lat' dir='ltr'><strong>pientissimus</strong></span> <span class='ocrx_word' id='word_1_614' title='bbox 2447 5111 2540 5173; x_wconf 90' lang='lat' dir='ltr'><strong>sic</strong></span> <span class='ocrx_word' id='word_1_615' title='bbox 2568 5113 2927 5194; x_wconf 90' lang='lat' dir='ltr'><strong>respondet,</strong></span> <span class='ocrx_word' id='word_1_616' title='bbox 2946 5114 3115 5194; x_wconf 91' lang='lat' dir='ltr'><strong>quod</strong></span> <span class='ocrx_word' id='word_1_617' title='bbox 3147 5113 3473 5177; x_wconf 88' lang='lat' dir='ltr'><strong>insidiato—</strong></span> 
     </span>
     <span class='ocr_line' id='line_1_96' title="bbox 1976 5210 3467 5294; baseline -0.001 -19"><span class='ocrx_word' id='word_1_618' title='bbox 1976 5230 2112 5275; x_wconf 91' lang='lat' dir='ltr'><strong>rem</strong></span> <span class='ocrx_word' id='word_1_619' title='bbox 2145 5210 2404 5294; x_wconf 88' lang='lat' dir='ltr'><strong>propria</strong></span> <span class='ocrx_word' id='word_1_620' title='bbox 2434 5229 2653 5271; x_wconf 88' lang='lat' dir='ltr'><strong>rursus</strong></span> <span class='ocrx_word' id='word_1_621' title='bbox 2686 5211 3095 5292; x_wconf 87' lang='lat' dir='ltr'><strong>responsione</strong></span> <span class='ocrx_word' id='word_1_622' title='bbox 3124 5213 3467 5291; x_wconf 90' lang='lat' dir='ltr'><strong>concludit,</strong></span> 
     </span>
     <span class='ocr_line' id='line_1_97' title="bbox 1977 5308 2771 5395; baseline -0.005 -22"><span class='ocrx_word' id='word_1_623' title='bbox 1977 5328 2342 5395; x_wconf 88' lang='lat' dir='ltr'><strong>proponens</strong></span> <span class='ocrx_word' id='word_1_624' title='bbox 2388 5308 2771 5391; x_wconf 86' lang='lat' dir='ltr'><strong>parabolam.</strong></span> 
     </span>
    </p>
   </div>
   <div class='ocr_carea' id='block_1_27' title="bbox 3190 5442 3221 5495">
    <p class='ocr_par' dir='ltr' id='par_1_28' title="bbox 3190 5442 3221 5495">
     <span class='ocr_line' id='line_1_98' title="bbox 3190 5442 3221 5495; baseline 0 0"><span class='ocrx_word' id='word_1_625' title='bbox 3190 5442 3221 5495; x_wconf 79' lang='lat'>2</span> 
     </span>
    </p>
   </div>
  </div>
 </body>
</html>
