4300 6259
432 4320 438 4333 ·
542 4306 608 4347 12.

827 480 908 545 22
1635 500 1980 549 zumulo
2023 500 2087 547 m
2129 501 2267 547 car.
2314 502 2355 547 x
2397 500 2586 547 10611.
2628 520 2707 530 -
2749 501 2891 548 nr.
2938 500 3131 547 xxvm

831 670 929 731 his
987 671 1099 753 qui
1162 672 1434 735 oderunt
1489 692 1620 737 vos.
1681 672 1858 735 Unde
1916 672 2327 735 manifestum
2356 673 2406 733 A
2436 673 2805 754 penduntur
2843 671 3060 736 officia
3096 690 3109 734 τ
3154 672 3307 753 quia
3342 679 3407 734 et
3446 671 3584 754 ipse
3624 671 3927 736 Dominus

829 776 943 844 est,
1000 769 1119 832 1106
1169 779 1484 853 praecepto
1532 790 1662 853 quo
1711 770 2015 852 jubemur
2063 771 2329 851 diligere
2437 778 2650 834 noster
2686 771 2864 833 Jesus
2908 771 3193 835 Christus
3234 771 3596 853 proximum
3640 778 3927 835 nostrum

828 868 1214 949 proximum,
1249 870 1438 931 etiam
1477 878 1718 932 sanctos
1757 869 2012 950 angelos
2053 869 2328 931 contine-
2438 868 2563 931 dici
2614 886 2683 930 se
2733 868 2954 943 voluit,
3007 868 3378 950 significans
3437 887 3505 931 se
3553 868 3928 932 subvenisse

829 964 907 1041 ri,
941 984 977 1027 a
1009 965 1246 1047 quibus
1284 974 1457 1030 tanta
1498 968 1680 1031 nobis
1722 967 2173 1031 misericordiae
2212 967 2330 1029 im·
2438 967 2749 1030 semivivo
2788 966 3025 1047 jacenti
3069 968 3135 1029 in
3182 966 3303 1029 via.

1821 1397 2473 1487 ARTICIJLIJS
2548 1398 2933 1483 XXVIII

1022 1676 1403 1725 DECLARATIO
1445 1677 1722 1723 RBSIDUAE
1763 1675 1982 1723 PARTIS
2025 1674 2211 1721 mnus
2254 1672 2531 1720 currum
2574 1673 2803 1733 nsscml,
2851 1676 3115 1723 semem·
3159 1678 3174 1722 t
3220 1677 3513 1724 INTRAVIT
3552 1678 3728 1725 JESUS

1961 1772 2028 1819 IN
2069 1771 2364 1827 QUODDAM
2405 1770 2777 1819 GASTELLUH.

963 2053 1295 2127 01000111
1356 2054 1640 2117 christus
1705 2052 1900 2134 gessit
1962 2052 2026 2113 in
2091 2067 2314 2131 corpo·
2353 2045 2400 2106 Β
2518 2054 2602 2113 Ec
2650 2036 2889 2113 mittier
2934 2058 3233 2133 quoedam
3282 2058 3551 2116 Marma
3598 2056 3861 2116 nomine
3906 2072 3932 2114 .-

825 2052 1072 2253 Qre,
1130 2154 1442 2236 mysteriis
1495 2152 1758 2234 plenum
1807 2158 1922 2225 est,
1975 2156 2038 2211 et
2089 2156 2317 2211 nostrae
2428 2168 2620 2230 quam
2684 2151 2884 2232 aliqui
2950 2161 3175 2234 putant
3238 2152 3437 2215 fuisse
3502 2153 3677 2215 illam
3733 2171 3928 2234 quam

818 2252 1314 2316 conversationis
1354 2250 1856 2315 informativum.
1899 2248 1975 2311 Et
2013 2247 2317 2329 quoniam
2430 2246 2713 2310 Christus
2742 2268 2780 2310 a
2810 2250 3135 2331 sanguinis
3168 2252 3413 2314 curavit
3444 2250 3803 2333 profluvio:
3830 2269 3930 2312 cu-

819 2350 1104 2413 Christus
1144 2350 1318 2413 venit
1364 2358 1492 2411 tam
1536 2348 1757 2412 activae
1798 2366 1992 2429 quam
2039 2354 2321 2410 contem·
2427 2345 2531 2425 jus
2570 2348 2936 2428 oppositum
2976 2369 3171 2431 supra
3208 2350 3357 2411 satis
3402 2350 3740 2432 probatum
3778 2358 3875 2412 est
3906 2370 3923 2423 ;
3956 2372 4219 2421 Lamnas.

820 2450 1073 2533 plativae
1106 2449 1251 2512 vitae
1281 2448 1570 2510 instituta
1599 2450 1845 2521 docere,
1881 2465 2051 2508 nunc
2078 2444 2317 2506 factum
2428 2447 2676 2523 eme-epit
2705 2448 2900 2507 illum
2933 2450 3006 2509 in
3036 2452 3301 2509 domum
3328 2470 3537 2511 suam.
3574 2450 3715 2532 Ipsa
3743 2449 3928 2531 quip-

821 2549 1139 2629 quoddam
1180 2547 1383 2629 ipsius
1423 2545 1825 2619 describitur,
1865 2544 1929 2607 in
1970 2561 2100 2625 quo
2137 2540 2319 2604 brevi
2432 2560 2513 2625 pe
2552 2544 2845 2625 specialis
2884 2547 3124 2608 exstitit
3172 2548 3421 2630 hospita
3470 2548 3698 2612 Christi
3734 2568 3747 2611 :
3784 2568 3928 2630 pro-

821 2646 1078 2727 eloquio
1126 2646 1461 2727 utriusque
1512 2644 1656 2707 vitae
1704 2643 2175 2706 distinctionem
2224 2658 2325 2701 os—
2434 2648 2575 2722 pter
2626 2644 2819 2722 quod,
2872 2644 3036 2706 sicut
3094 2645 3159 2707 in
3220 2646 3361 2725 ejus
3421 2646 3683 2727 legenda
3732 2646 3927 2708 habe-

825 2744 1048 2806 tendit.
1081 2744 1281 2806 Lucas
1319 2750 1530 2805 tamen
1572 2741 1691 2805 hoc
1728 2742 1868 2804 loco
1898 2740 2189 2803 ordinem
2228 2736 2325 2799 hi-
2431 2746 2557 2813 tur,
2615 2750 2758 2821 post
2814 2742 3043 2805 Christi
3100 2744 3539 2808 ascensionem
3599 2744 3929 2808 consuevit

829 2843 1038 2905 storiae
1079 2861 1205 2906 non
1249 2842 1563 2905 observat.
2435 2836 2753 2901 Christum
2809 2841 2928 2903 sub
2980 2842 3237 2905 nomine
3290 2843 3560 2925 hospitis
3610 2843 3924 2907 invocare.

625 2951 696 3007 38
910 2944 1186 3003 Factum
1221 2950 1312 3001 est
1351 2950 1595 3010 autem,
1623 2942 1782 3000 dum
1821 2940 1994 2999 irent
2034 2937 2214 2998 Jesus
2264 2941 2326 2996 et
2433 2936 2651 3017 ltaque
2699 2956 2844 3000 cum
2889 2941 3113 3020 grandi
3159 2942 3513 3003 reverentia
3552 2950 3616 3004 et
3650 2942 3928 3004 caritatis

829 3039 969 3121 ejus
1008 3039 1324 3121 discipuli,
1358 3039 1605 3101 deloco
1639 3039 1718 3100 ad
1748 3037 1977 3110 locum,
2011 3037 2090 3098 ad
2127 3034 2328 3117 pluri·
2433 3032 2683 3098 fervore
2740 3039 2985 3119 accepit
3042 3039 3359 3102 Christum
3420 3041 3487 3102 in
3546 3059 3659 3102 sua
3717 3042 3923 3115 dom0,

830 3158 1083 3202 morum
1127 3137 1635 3211 instructionem,
1668 3145 1728 3196 et
1767 3138 1902 3214 ipse
1935 3135 2216 3195 intravit
2253 3134 2325 3191 in
2434 3152 2579 3214 quae
2624 3133 2747 3197 fuit
2795 3138 3125 3200 castellum
3174 3157 3287 3201 seu
3336 3148 3635 3202 castrum.
3687 3139 3927 3203 Nobilis

549 3257 789 3315 wagan„
827 3241 1156 3318 quoddam
1205 3240 1560 3297 castellum.
1613 3234 1790 3298 Circa
1838 3234 2010 3315 quod
2057 3231 2266 3293 Beda*
2309 3227 2409 3292 :C
2438 3232 2609 3294 enim
2650 3232 2773 3295 fuit
2801 3242 2863 3297 et
2901 3237 3245 3318 opulenta3
3288 3245 3351 3299 61
3388 3237 3555 3300 31601
3593 3239 3659 3300 111
3695 3238 3931 3301 Joanne

827 3335 1031 3417 Hujus
1077 3335 1346 3417 (inquit)
1393 3333 1633 3397 castelli
1693 3351 1924 3396 nomen
1975 3331 2173 3393 Lucas
2224 3329 2327 3391 hic
2438 3330 2745 3412 scriptum
2778 3340 2894 3407 est,
2924 3334 3102 3395 Jesus
3134 3335 3437 3416 diligebat
3472 3335 3750 3411 Mariam,
3782 3336 3938 3398 Mar-
3985 3360 4229 3407 loamn.

828 3440 1012 3509 tacet,
1047 3434 1156 3496 sed
1184 3433 1454 3496 Joannes
1492 3430 1816 3513 exprimit,
1854 3448 2082 3493 vocans
2113 3429 2327 3509 ipsum
2438 3428 2631 3503 tham,
2680 3436 2741 3491 et
2781 3429 3105 3494 Lazarum.
3960 3417 4001 3457 ⁵·

563 3548 798 3599 hanna„
828 3532 1217 3595 Bethaniam.
1243 3530 1345 3593 Sic
1374 3530 1547 3592 enim
1578 3530 1701 3592 ait:
1728 3529 1876 3591 Erat
1904 3528 2165 3610 quidam
2196 3527 2330 3588 lan·
2518 3532 2604 3589 Ec
2641 3532 2795 3589 huic
2828 3540 2968 3591 erat
3006 3551 3184 3592 soror
3220 3534 3483 3593 nomine
3522 3535 3773 3603 Maria,
3814 3532 3934 3595 sci-
4068 3542 4141 3595 39

829 3649 1030 3713 guens
1065 3630 1335 3693 Lazarus
1373 3649 1411 3691 a
1447 3628 1766 3704 Bethania,
1801 3629 1878 3689 de
1916 3626 2173 3689 castello
2210 3626 2329 3687 Ma·
2438 3626 2584 3689 licet
2621 3626 2999 3707 Magdalene‚
3036 3630 3113 3691 (16
3151 3648 3279 3710 (106
3323 3630 3387 3691 10
3427 3630 3628 3693 Marco
3674 3628 3880 3692 fertur
3912 3648 3926 3691 :

833 3730 943 3793 riae
989 3737 1051 3791 61
1097 3728 1370 3791 Marthae.
1415 3728 1504 3789 Ex
1554 3726 1791 3809 quibus
1839 3734 2122 3808 apparet,
2157 3724 2327 3806 quod
2438 3724 2711 3807 Sui-gens
2759 3725 2937 3788 Jesus
2995 3744 3181 3789 mane
3240 3728 3445 3810 prima
3500 3727 3767 3803 sabbati,
3818 3748 3931 3810 ap-
3976 3755 4217 3797 ,ism-,m

833 3827 972 3911 ipsa
1011 3826 1332 3901 Bethania,
1376 3845 1520 3908 quae
1562 3824 1686 3887 fuit
1724 3824 1896 3899 villa,
1931 3831 2191 3887 vocetur
2229 3842 2330 3885 ca-
2439 3824 2651 3905 paruit
2708 3825 2915 3906 primo
2971 3824 3177 3888 Mariae
3232 3825 3610 3906 magdalene,
3674 3828 3750 3889 de
3806 3845 3935 3908 qua
3960 3822 4001 3861 ⁹·

564 3926 1112 3996 Luc.xx1v,stellum.
1157 3925 1334 3988 Unde
1376 3932 1438 3986 et
1479 3924 1648 3986 infra
1697 3923 1946 4005 legitur,
1989 3923 2162 4003 quod
2204 3922 2329 3984 duo
2440 3922 2711 4003 ejecerat
2753 3932 2996 4006 septem
3042 3925 3372 3987 daemonia.
3420 3928 3574 3994 Quoe
3610 3927 3809 3987 etiam
3845 3945 3937 3985 se-

541 4012 606 4053 13·
831 4042 909 4085 ex
961 4023 1294 4105 discipulis
1343 4022 1522 4084 ibant
1562 4022 1628 4083 in
1672 4021 2024 4095 castellum,
2068 4020 2173 4082 cui
2221 4039 2332 4083 no-
2438 4024 2595 4081 dens
2622 4042 2797 4081 secus
2816 4026 3011 4099 pedes
3041 4024 3330 4093 Domini,
3350 4026 3654 4084 audiebat
3676 4026 3935 4085 verbum

831 4140 980 4184 men
1031 4120 1328 4183 Emmaus
1383 4139 1396 4182 ε
1452 4138 1567 4202 pro
1614 4138 1742 4201 quo
1791 4118 2029 4180 Marcus
2084 4118 2327 4193 scribit,
2444 4122 2649 4179 illim.
2701 4121 2767 4182 ln
2828 4120 3066 4201 quibus
3117 4120 3329 4183 verbis
3388 4122 3750 4184 insinuatur
3797 4121 3937 4203 ejus

558 4242 805 4292 Mamm,
832 4221 1002 4303 quod
1055 4220 1231 4282 ibant
1279 4220 1346 4281 in
1395 4218 1634 4281 villam.
1685 4218 1990 4299 Denique,
2044 4217 2217 4298 quod
2265 4217 2330 4279 in
2443 4217 2767 4280 humilitas
2798 4237 2871 4280 ac
2901 4219 3241 4300 diligentia,
3258 4219 3410 4301 quia
3437 4221 3516 4282 ad
3547 4221 3739 4302 pedes
3770 4219 3940 4285 Chri-

831 4320 1116 4383 Matthaeo
1178 4319 1267 4381 ait
1326 4318 1608 4381 Salvator
1664 4317 1911 4381 duobus
1973 4316 2328 4399 discipuliS,
2442 4318 2521 4378 sti
2572 4317 2903 4379 humiliter
2950 4336 3017 4380 36
3056 4318 3287 4381 locavit
3324 4326 3387 4380 61
3426 4318 3796 4381 avidissime
3845 4319 3941 4381 in-

539 4436 803 4489 unitam,
833 4419 920 4481 Ite
969 4420 1035 4481 in
1077 4417 1410 4481 castellum
1457 4418 1626 4498 quod
1668 4424 1885 4479 contra
1935 4434 2046 4479 vos
2096 4424 2212 4489 est,
2256 4416 2333 4478 de
2365 4414 2413 4475 D
2443 4424 2613 4479 tenta
2650 4414 2776 4478 fuit
2818 4416 3251 4497 praedicationi
3292 4417 3517 4499 ipsius.
3554 4416 3686 4489 Quo
3726 4425 3937 4479 autem

836 4517 974 4599 ipsa
1021 4517 1181 4580 urbe
1219 4515 1567 4578 Jerusalem
1603 4515 1763 4578 solet
1808 4514 2062 4596 exponi.
2108 4514 2333 4576 Castel-
2441 4513 2749 4576 humilius
2790 4514 2973 4589 sedit,
3008 4515 3505 4596 diligentiusque
3539 4514 3831 4589 advertit,
3862 4532 3939 4576 60

833 4616 968 4678 10111
1024 4624 1237 4678 tamen
1297 4614 1556 4698 proprie
1613 4614 1848 4676 dicitur
1906 4633 2175 4695 parvum
2234 4633 2333 4675 ca-
2441 4614 2586 4695 plus
2624 4613 2987 4695 spirituales
3032 4613 3244 4675 1160311
3281 4612 3626 4695 111-01661113,
3662 4621 3725 4675 61
3766 4612 3935 4675 rivos

831 4722 1058 4777 strum.
1111 4714 1256 4776 Fuit
1311 4720 1523 4775 autem
1572 4713 1636 4775 in
1693 4712 1994 4775 Bethania
2051 4719 2327 4774 castrum
2440 4711 2740 4775 doctrinae
2768 4728 2843 4774 ex
2873 4710 3049 4775 fonte
3080 4710 3408 4793 sapientiai
3437 4711 3732 4793 sumpsit.
3758 4710 3937 4773 Chri-

825 4811 1035 4876 Mariae
1083 4820 1148 4875 61
1192 4811 1446 4874 Marthae
1491 4830 1565 4873 ac
1612 4810 1850 4885 Lazari,
1893 4812 2065 4892 quod
2113 4812 2327 4873 forsan
2439 4816 2572 4871 stus
2621 4811 2863 4892 quippe
2912 4818 3007 4871 est
3052 4809 3195 4873 fons
3245 4808 3593 4890 sapientiae‚
3634 4809 3814 4890 juxta
3862 4808 3935 4871 il—

829 4910 1151 4973 interdum
1200 4909 1628 4992 comparative
1682 4909 2000 4991 loquendo
2047 4908 2330 4971 nomina·
2437 4906 2548 4969 lud
2581 4907 3050 4969 Ecclesiastici:
3088 4906 3247 4969 Fons
3279 4906 3627 4987 sapientire,
3663 4905 3929 4969 verbum
3980 4927 4127 4969 accit.
4168 4930 4249 4974 3.

827 5017 933 5071 101·
971 5009 1303 5071 castellum
1349 5026 1362 5070 :
1408 5015 1470 5069 et
1509 5007 1676 5069 sicut
1713 5006 2082 5088 frequenter
2125 5013 2325 5068 totum
2436 5004 2545 5067 Dei
2602 5006 2667 5067 in
2719 5006 3008 5067 excelsis.
3060 5004 3223 5065 Deus
3271 5022 3529 5085 quoque
3579 5003 3931 5066 humilibus
3962 5023 4047 5065 ,νας
4048 5024 4143 5066 oa.

827 5128 863 5171 a
893 5127 1006 5171 sua
1050 5116 1227 5190 parte
1266 5124 1498 5170 nomen
1537 5106 1818 5180 sortitur,
1855 5104 1946 5166 sic
1985 5104 2146 5167 forte
2181 5104 2331 5166 villa
2439 5105 2541 5165 dat
2580 5103 2869 5184 gratiam.
3966 5086 4060 5128 ¹¹²⁶
4063 5094 4121 5128 ‘

827 5205 1147 5281 Bethania,
1182 5204 1423 5267 ratione
1463 5204 1649 5266 castri
1691 5203 1824 5265 sive
1865 5202 2104 5264 castelli
2150 5200 2215 5263 in
2256 5220 2329 5263 ea
2516 5200 2837 5274 Praeterea,
2873 5200 3039 5262 sicut
3076 5200 3164 5261 ait
3198 5198 3488 5273 BasiliuS,
3531 5199 3747 5261 Omnis
3787 5216 3937 5280 ope-

827 5303 1130 5378 contenti,
1171 5302 1530 5385 appellatur
1571 5300 1922 5364 castellum.
2440 5300 2597 5363 ratio
2644 5310 2835 5381 atque
2892 5298 3128 5361 locutio
3183 5296 3521 5361 Salvatoris
3570 5297 3787 5379 regula
3842 5300 3939 5359 est
