4300 6259
77 1578 201 1622 scete.
219 1591 260 1620 ιιι

1121 501 1472 550 numano
1513 502 1578 548 m
1618 501 1758 549 GAP.
1803 501 1912 549 xlx
1955 503 2142 550 LUGAE.
2188 521 2271 532 --
2312 502 2454 550 Am.
2500 503 2625 550 nu

3308 483 3427 550 159

301 672 550 737 bonum
613 691 804 736 suum
870 672 1274 754 propositum
1342 671 1602 755 publice
1673 690 1818 754 pro-
1845 670 1894 732 A
1927 669 2028 734 vel
2069 687 2184 752 per
2214 688 2406 732 unam
2444 670 2609 734 hanc
2637 669 2913 732 mediam
2943 687 3137 750 quam
3176 687 3430 752 expres-

300 772 620 846 testando,
681 771 1042 834 ostenderet
1100 771 1273 852 quod
1341 770 1626 834 Salvator
1691 789 1812 832 non

302 870 676 933 indecenter
705 871 783 932 ad
815 869 1022 951 ipsum
1053 869 1429 942 divertisset,
1450 869 1664 950 sicque
1696 887 1820 930 ma-

302 969 632 1049 lignorum
675 969 1051 1051 reprimeret
1098 968 1315 1042 verba,
1349 970 1527 1028 dimit
1565 971 1654 1028 ad
1691 971 1819 1028 Do-

302 1069 570 1130 minum
608 1068 824 1130 Jesum
859 1085 873 1130 :
911 1070 1073 1128 Ecce
1100 1068 1466 1128 dimidium
1505 1068 1818 1126 bonorum

301 1185 628 1237 meorum,
673 1167 974 1237 Domine,
1031 1168 1114 1226 do
1165 1167 1598 1244 pauperibwe,
1659 1180 1820 1245 pure

305 1273 572 1346 propter
610 1264 830 1339 Deum,
873 1273 938 1326 et
984 1272 1055 1325 ut
1103 1264 1265 1326 mihi
1314 1281 1456 1326 mea
1499 1262 1820 1325 dimittan-

305 1371 412 1424 tur
463 1370 746 1445 peccata,
795 1362 990 1424 etiam
1042 1370 1359 1443 quantum
1407 1361 1486 1423 ad
1537 1379 1816 1443 poenam,

303 1469 504 1542 atque
529 1461 798 1541 gratiam
829 1478 1186 1541 consequar
1215 1460 1594 1541 ampliorem
1625 1478 1640 1522 ε
1669 1477 1824 1540 quo-

263 1611 274 1628 ,
307 1560 486 1621 niam
514 1566 678 1622 teste
706 1557 1056 1641 Scriptura,
1077 1556 1252 1621 Sicut
1279 1576 1445 1639 aqua
1475 1557 1823 1637 exstinguit

306 1657 550 1738 ignem,
601 1657 690 1719 ita
734 1657 1142 1740 eleemosyna
1201 1655 1552 1736 exstinguit
1604 1673 1824 1737 pecca-

304 1763 472 1818 tum.
521 1755 588 1818 In
634 1754 736 1817 his
786 1754 1004 1819 verbis
1053 1761 1224 1837 patet
1270 1773 1500 1835 magna
1548 1762 1612 1815 et
1659 1753 1824 1816 mira

1927 769 2030 843 sit,
2055 769 2195 832 aliae
2224 769 2669 850 intelliguntur
2698 775 3019 830 extremm.
3053 767 3174 831 Sed
3203 776 3269 830 et
3298 787 3431 850 poe-

1928 886 2009 930 na
2049 866 2229 942 furti,
2264 869 2617 930 secundum
2659 874 3021 948 temporum
3060 866 3429 930 varietatem

1927 973 1992 1028 et
2033 984 2239 1028 causae
2286 965 2666 1046 exigentiam
2718 965 2922 1048 potuit
2968 964 3138 1047 apud
3184 965 3429 1028 Judaeos

1928 1082 2067 1127 esse
2108 1064 2379 1126 diversa.

2007 1165 2124 1224 Ait
2176 1172 2395 1224 autem
2435 1165 2615 1224 Jesus
2662 1164 2751 1222 ad
2792 1182 2939 1224 eum
2968 1182 2992 1220 .·
3026 1163 3193 1230 Quia
3242 1162 3431 1222 hodie

1927 1264 2104 1322 salus
2149 1263 2380 1321 domui
2428 1263 2584 1322 huic
2629 1263 2809 1338 faeta
2855 1270 2946 1322 esc
2976 1281 3000 1320 .·
3030 1261 3151 1323 hoc
3198 1269 3314 1334 est,
3363 1259 3429 1321 in

1930 1357 2052 1421 hoc
2109 1359 2212 1420 dic
2266 1358 2469 1438 gratia
2526 1358 2959 1422 conversionis
3010 1366 3073 1420 et
3132 1358 3428 1421 meritum

1933 1475 2098 1519 verae
2129 1457 2373 1530 salutis,
2404 1475 2705 1520 concessa
2742 1463 2894 1518 sunt
2924 1458 3198 1539 desuper
3239 1455 3436 1538 patri-

1932 1554 2209 1618 familias
2251 1555 2446 1636 hujus
2486 1556 2733 1630 domuS,
2767 1563 2830 1618 et
2870 1555 3008 1636 ejus
3048 1554 3433 1628 domesticiS,

1935 1653 2049 1735 qui
2100 1653 2275 1715 illius
2324 1653 2619 1735 exemplo
2663 1654 3143 1736 poenituerunt3
3186 1652 3441 1734 fuitque

1940 1752 2006 1814 in
2051 1751 2349 1816 cordibus
2400 1751 2655 1815 illorum
2704 1750 2912 1814 factus
2962 1752 3097 1814 dies
3140 1752 3443 1834 spiritua-

309 1853 554 1916 Zachaei
605 1853 962 1927 conversio,
1016 1853 1103 1914 ita
1151 1854 1322 1934 quod
1374 1854 1452 1914 de
1499 1869 1574 1914 ea
1617 1849 1827 1934 potuit
1864 1854 1908 1916 B
1937 1851 2038 1926 lis,
2072 1851 2323 1914 lucente
2358 1851 2425 1913 in
2455 1868 2676 1914 eorum
2716 1858 2930 1912 mente
2970 1849 3112 1913 Sole
3150 1850 3438 1931 justitiae,

71 1969 106 2011 r
193 1984 273 2020 n..
308 1952 436 2014 dici
483 1971 498 2015 :
541 1951 684 2016 Haec
728 1949 1014 2014 mutatio
1042 1951 1318 2014 dexterae
1362 1950 1632 2014 Excelsi.
1667 1949 1824 2012 Nam

309 2050 418 2112 ille
449 2051 566 2132 qui
600 2043 792 2132 paulo
827 2057 975 2112 ante
1016 2057 1146 2111 tam
1186 2068 1416 2114 avarus
1457 2048 1581 2110 fuit
1619 2049 1686 2111 in
1723 2068 1828 2112 ac—

307 2149 630 2230 quirendo
673 2155 736 2211 et
779 2147 1116 2212 retinendo
1164 2156 1432 2222 terrena,
1479 2146 1693 2210 subito
1735 2146 1829 2210 fa-

305 2257 447 2310 ctus
477 2254 579 2309 est
607 2255 739 2310 tam
771 2255 1108 2329 promptus
1148 2254 1210 2308 et
1250 2245 1534 2309 liberalis
1577 2246 1643 2307 in
1675 2247 1828 2308 dan-

305 2347 399 2409 do.
425 2345 568 2409 Non
598 2346 773 2408 enim
804 2346 988 2420 dixit,
1015 2345 1208 2422 Dabo,
1235 2345 1366 2420 sed,
1391 2345 1497 2420 Do,
1519 2352 1826 2426 tanquam

303 2463 482 2508 nunc
524 2452 786 2527 paratus
826 2445 908 2506 ad
950 2443 1097 2506 hoc.

370 2545 460 2605 Ec
489 2546 552 2604 si
580 2543 746 2623 quid
772 2544 1064 2622 aliquem
1090 2543 1520 2620 defraudavi,
1554 2540 1676 2603 hoc
1704 2547 1824 2616 est,

303 2659 419 2724 per
463 2641 762 2704 fraudem
804 2659 920 2703 seu
967 2640 1095 2704 alio
1143 2641 1332 2704 modo
1383 2649 1604 2703 contra
1643 2639 1830 2720 justi-

303 2741 461 2802 tiam
491 2739 690 2803 alicui
721 2739 880 2821 quid
911 2739 1222 2802 subtraxi.
1246 2737 1321 2801 Et
1353 2756 1468 2820 per
1497 2739 1622 2802 hoc
1653 2737 1828 2819 quod

302 2839 416 2915 ait,
449 2837 520 2901 Si
550 2839 708 2920 quid
751 2837 1057 2919 aliquem,
1093 2845 1240 2911 etc„
1276 2836 1493 2899 innuit
1530 2837 1704 2918 quod
1745 2835 1832 2898 si·-

304 2937 372 2999 bi
423 2935 727 3000 conscius
780 2955 907 2999 non
956 2934 1084 2998 fuit
1131 2953 1199 2998 se
1241 2935 1477 2998 multos
1525 2942 1638 2997 aut
1688 2934 1831 3016 plu-

307 3035 510 3098 rimos
574 3033 1004 3096 defraudasse.
1067 3035 1289 3096 Reddo
1347 3035 1828 3114 quadruplum,
1864 3034 1908 3098 C
1940 3029 2147 3092 braeus

309 3142 568 3216 paratus
629 3133 778 3216 plus
837 3133 1124 3206 reddere,
1184 3132 1234 3194 si
1296 3139 1367 3194 tu
1425 3132 1638 3214 jubes.
1689 3131 1826 3195 Non

307 3233 494 3306 dixit,
530 3230 831 3306 Reddam,
865 3238 997 3306 aut,
1031 3229 1300 3294 Restitui
1333 3230 1562 3294 faciam
1601 3250 1614 3293 :
1648 3231 1823 3313 quia,

309 3330 673 3392 secundum
701 3329 1152 3409 Augustinum,
1183 3335 1439 3392 tenetur
1467 3328 1660 3392 homo
1703 3337 1826 3392 sta·

306 3428 424 3491 tim
467 3427 810 3490 restituere
856 3427 1026 3491 bona
1073 3427 1333 3508 injusta,
1374 3427 1428 3489 si
1468 3435 1719 3510 potest3
1761 3435 1824 3490 et

309 3544 572 3610 semper
607 3524 993 3607 judicandus
1023 3532 1119 3588 est
1149 3525 1215 3588 in
1254 3544 1453 3600 mora,
1486 3543 1826 3607 quousque

309 3625 690 3688 restituatur
729 3642 832 3686 res
871 3642 1016 3705 quae
1057 3624 1235 3686 reddi
1275 3623 1465 3686 debet
1491 3633 1556 3686 et
1593 3631 1821 3706 potest,

308 3742 428 3787 nec
467 3723 802 3802 redditur;
846 3740 1057 3804 neque
1095 3729 1242 3785 ante
1281 3722 1402 3786 hoc
1439 3723 1648 3804 agitur
1690 3741 1826 3804 poe-

309 3822 602 3897 nitentia,
623 3823 736 3884 sed
764 3821 1137 3902 simulatur3
1160 3839 1278 3884 nec
1307 3820 1650 3883 dimittitur
1680 3839 1826 3902 pec-

310 3929 555 3995 catum,
599 3919 724 3982 nisi
767 3919 1142 3982 restituatur
1177 3917 1479 3981 ablatum.
1515 3917 1635 3982 Sed
1675 3927 1826 3982 sunt

309 4019 603 4100 quidam,
623 4017 739 4100 qui
769 4017 1080 4098 quamdiu
1110 4017 1358 4092 vivunt,
1377 4024 1487 4080 aut
1513 4017 1824 4098 quamdiu

313 4119 538 4182 vivere
599 4133 790 4200 posse
836 4114 1192 4189 confidunt,
1247 4115 1582 4178 restituere
1639 4115 1826 4179 diffe-

1935 1950 2048 2031 qui
2099 1948 2392 2011 tenebras
2439 1948 2739 2011 vitiorum
2788 1955 2849 2010 ct
2899 1956 3148 2011 noctem
3199 1947 3442 2031 peccati

1935 2047 2085 2110 inde
2142 2047 2439 2128 fugavit3
2497 2067 2566 2108 eo
2616 2049 2789 2126 quod
2838 2056 2900 2108 et
2956 2049 3091 2125 ipse
3148 2046 3443 2112 Zachaeus

1935 2149 2118 2224 filius
2147 2148 2235 2206 sit
2260 2148 2567 2208 Abrakoe.
2604 2144 2781 2208 Circa
2830 2144 2951 2208 hoe
2993 2145 3217 2208 dicunt
3251 2145 3439 2220 Beda,

1936 2243 2153 2308 Glossa
2191 2251 2255 2306 et
2294 2243 2507 2318 Gorra,
2540 2243 2712 2324 quod
2750 2242 3044 2306 Zachaeus
3086 2243 3322 2306 dicitur
3366 2242 3446 2306 fi-

1939 2343 2064 2405 lius
2097 2341 2385 2416 Abrahae,
2422 2360 2550 2406 non
2582 2340 2791 2404 carnis
2823 2341 3298 2424 propagatione,
3332 2343 3443 2406 sed

1939 2441 2248 2503 virtutum
2290 2439 2665 2514 imitatione,
2700 2440 2789 2502 ita
2825 2441 2996 2526 quod
3029 2441 3283 2504 natione
3322 2440 3447 2504 fuit

1936 2539 2217 2620 gentiliS.
2256 2539 2431 2610 Quod
2470 2545 2535 2600 et
2571 2537 2944 2602 Ambrosius
2994 2539 3231 2601 sentire
3274 2539 3447 2602 vide-

1939 2644 2064 2710 tur,
2111 2637 2380 2700 dicendo
2415 2655 2428 2699 :
2464 2636 2758 2700 Zachaeus
2798 2636 2977 2699 nulla
3014 2636 3313 2717 ingenitae
3352 2638 3446 2701 di-

1937 2736 2197 2816 gnitatis
2228 2734 2561 2798 nobilitate
2591 2734 2911 2810 sublimis,
2946 2736 3213 2816 exiguus
3256 2737 3447 2799 meri-

1941 2834 2040 2910 tis,
2055 2833 2221 2896 sicut
2251 2833 2528 2915 populus
2560 2832 2900 2896 nationum.
2918 2831 3037 2896 Sed
3067 2833 3445 2914 quibusdam

1940 2932 2140 3012 magis
2198 2938 2485 3013 apparet,
2538 2931 2711 3012 quod
2768 2930 2966 2993 fuerit
3022 2934 3275 2996 natione
3322 2933 3445 2998 He-

2204 3047 2218 3092 :
2271 3029 2426 3092 alias
2473 3029 2669 3092 Judaei
2722 3026 3180 3094 murmurando
3232 3033 3443 3116 potius

1941 3128 2251 3191 dixissent
2298 3136 2517 3191 contra
2574 3127 2917 3204 Christum,
2969 3131 3142 3211 quod
3190 3132 3270 3194 ad
3330 3133 3446 3196 ho-

1938 3228 2179 3290 minem
2206 3228 2509 3309 gentilem
2542 3226 2917 3304 divertisset,
2938 3247 3131 3310 quam
3162 3231 3334 3311 quod
3362 3232 3441 3294 ad

1937 3326 2265 3391 hominem
2318 3333 2734 3408 peccatorem.
2779 3325 3225 3391 Detestabilius
3265 3329 3438 3392 enim

1937 3425 2317 3508 reputabant
2362 3424 2662 3487 accedere
2706 3425 2999 3504 gentileS,
3052 3445 3245 3507 quam
3296 3447 3441 3509 pec-

1937 3532 2177 3588 catores
2219 3524 2486 3587 Judaeos.
2532 3522 2790 3605 Propter
2836 3524 3009 3605 quod
3060 3524 3124 3586 in
3174 3524 3435 3590 Actibus

1935 3622 2221 3703 loquitur
2262 3621 2477 3683 Petrus
2514 3640 2527 3684 :
2561 3621 2685 3684 Vos
2724 3621 2899 3684 scitis
2928 3623 3250 3704 quomodo
3286 3624 3438 3688 abo-
3464 3645 3724 3698 A01.x,2⁸.

1935 3719 2250 3782 minatum
2292 3719 2375 3781 sit
2416 3719 2552 3780 viro
2587 3717 2801 3782 Judaeo
2844 3719 3146 3800 conjungi
3182 3729 3293 3784 aut
3333 3741 3436 3786 ac-

1936 3819 2160 3880 cedere
2196 3819 2276 3880 ad
2314 3817 2759 3896 alienigenam.
2793 3816 3050 3892 Deinde,
3094 3819 3247 3901 quia
3282 3839 3436 3902 gen-

1935 3918 2078 3980 tiles
2117 3937 2245 3981 non
2278 3916 2658 3979 tenebantur
2689 3916 2810 3979 nisi
2851 3917 2929 3979 ad
2970 3919 3434 3985 restitutionem

1935 4015 2177 4098 simpli,
2225 4015 2349 4078 nisi
2396 4014 2559 4078 forte
2603 4015 2672 4078 in
2716 4015 2933 4097 aliquo
2978 4035 3127 4079 casu
3162 4027 3275 4081 :et
3316 4020 3431 4096 sic,

1937 4116 1990 4179 si
2039 4115 2333 4179 Zachaeus
2392 4113 2619 4176 fuisset
2660 4114 2941 4194 gentiliS,
2994 4134 3122 4179 non
3172 4117 3436 4180 dixisset

317 4224 506 4296 runt3
549 4217 664 4279 sed
707 4215 980 4277 letaliter
1023 4213 1448 4289 infirmanteS‚
1491 4221 1600 4276 aut
1645 4232 1828 4278 sene-
1855 4217 1906 4280 D
1937 4215 2014 4278 de
2045 4213 2399 4277 redditione
2427 4213 2495 4276 in
2524 4212 2981 4297 quadruplum.
3015 4214 3174 4285 Quid
3205 4217 3434 4281 horum

317 4324 494 4378 ctute
532 4313 830 4387 confecti,
866 4313 1217 4395 disponunt
1255 4312 1334 4376 de
1374 4312 1772 4377 restitutione
1807 4332 1821 4376 :

316 4433 601 4496 quorum
641 4413 774 4476 vita
815 4418 880 4473 et
921 4429 1094 4474 mors
1140 4410 1684 4495 periculosissima
1723 4429 1830 4476 ex-

316 4520 458 4575 stat.
487 4511 774 4593 Denique
803 4509 906 4572 lex
933 4508 1160 4592 Moysis
1191 4510 1258 4572 in
1289 4509 1612 4590 aliquibus
1639 4509 1832 4591 jussit

71 4683 86 4722 ι
118 4687 142 4725 ⁸
169 4638 290 4726 ⁷¹3³·
317 4611 498 4674 reddi
549 4609 846 4691 duplum,
891 4608 956 4670 in
995 4607 1320 4688 aliquibus
1369 4608 1824 4690 quadruplum,

320 4710 386 4772 in
416 4707 808 4791 quibusdam
839 4725 991 4770 vero
1019 4706 1450 4788 quintuplum,
1481 4713 1552 4768 ut
1581 4706 1647 4768 in
1676 4705 1832 4770 Exo-

321 4809 402 4872 do
433 4808 730 4871 habetur.
762 4804 1054 4868 Salomon
1088 4821 1347 4886 quoque
1378 4804 1444 4866 in
1474 4803 1830 4868 Proverbiis

281 4949 296 4968 .
322 4908 410 4969 ait
457 4907 538 4968 de
585 4903 732 4966 fure
784 4923 800 4966 :
853 4903 1296 4985 Deprehensus
1356 4903 1576 4965 reddet
1621 4911 1832 4986 septu·

325 5006 531 5088 plum.
565 5003 744 5066 Unde
783 5001 1080 5066 Zachaeus
1111 5001 1364 5064 videtur
1403 5000 1580 5082 loqui
1620 5001 1699 5064 de
1736 5019 1833 5064 re-

326 5103 656 5167 stitutione
687 5119 805 5184 per
833 5099 1284 5181 erogationem,
1320 5099 1406 5161 ita
1434 5100 1606 5180 quod
1646 5099 1834 5164 scivit

327 5219 394 5263 se
434 5201 626 5263 talem
670 5197 1216 5262 defraudationem
1263 5216 1390 5261 non
1437 5197 1833 5260 commisisse

327 5299 395 5362 in
423 5318 554 5381 qua
592 5299 740 5381 plus
771 5315 966 5379 quam
1001 5295 1269 5378 duplum
1311 5295 1489 5358 reddi
1525 5294 1829 5377 jubetur3

1938 4313 2020 4375 sit
2070 4312 2307 4386 veriuS,
2360 4319 2606 4374 certum
2666 4329 2792 4374 non
2851 4330 3013 4389 reor,
3064 4331 3435 4397 quanquam

1939 4412 2058 4475 hoc
2089 4417 2333 4474 certum
2365 4409 2467 4484 sit,
2500 4410 2675 4490 quod
2715 4409 2835 4472 ista
2861 4420 3233 4492 argumenta
3272 4414 3433 4476 nihil

1939 4508 2321 4572 concludant
2363 4526 2378 4570 ε
2419 4506 2573 4588 quia
2610 4514 2674 4570 et
2705 4507 2903 4571 Judaei
2943 4509 3251 4573 vocabant
3285 4530 3438 4593 gen-

1940 4607 2082 4670 tiles
2121 4605 2547 4670 communiter
2586 4612 2967 4688 peccatores.
3000 4607 3156 4671 Nam
3185 4617 3249 4671 et
3284 4609 3439 4674 Pau-

1939 4707 2063 4780 luS,
2095 4703 2241 4780 Nos,
2285 4703 2518 4785 inquit,
2563 4712 2787 4767 natura
2825 4705 3044 4781 Judaei,
3083 4714 3146 4768 et
3188 4726 3315 4770 non
3356 4727 3435 4772 ex
3466 4727 3731 4779 Galatuas.

1937 4803 2235 4886 gentibus
2281 4810 2663 4885 peccatores.
2706 4802 2998 4866 Zacbaeus
3041 4824 3322 4888 quoque,
3367 4815 3437 4870 ut

1941 4903 2182 4965 dictum
2212 4909 2328 4976 est,
2362 4919 2439 4962 ex
2467 4900 2822 4963 devotionis
2854 4901 3125 4978 fervore,
3162 4923 3277 4986 per
3306 4925 3439 4970 mo-

1942 5004 2094 5064 dum
2134 4999 2709 5083 supererogationis
2750 5001 3139 5066 mentionem
3176 5002 3329 5066 fecit
3359 5004 3437 5068 de

1945 5100 2343 5163 restitutione
2386 5099 2452 5162 in
2494 5099 2952 5181 quadruplum.

2040 5199 2223 5258 Venit
2261 5201 2439 5258 enim
2480 5196 2545 5259 in
2589 5196 2763 5260 hunc
2810 5199 3143 5273 mundum,
3186 5219 3302 5282 per
3340 5201 3438 5264 in-

1945 5294 2329 5358 carnationis
2352 5293 2739 5377 mysterium,
2755 5297 2975 5358 Filius
2992 5299 3294 5372 hominis,
3312 5300 3435 5366 hoc

3537 5205 3606 5263 10
