4300 6259
1138 518 1489 566 mantnano
1530 517 1596 566 m
1641 517 1780 566 cAr.
1826 519 1935 566 xlx
1978 517 2171 567 LUGAE.
2218 537 2300 550 —
2338 519 2481 566 ΛΒΤ.
2526 519 2651 566 xm

3319 501 3437 566 169

340 699 574 775 perunt
629 691 950 756 civitatem
1001 689 1350 753 Jerusalem
1411 707 1724 772 reparare,
1777 695 1838 752 et
1865 688 1916 750 A
1945 690 2322 769 neticorum,
2384 701 2448 756 et
2504 700 2807 774 tanquam
2873 690 3099 755 furiosi
3165 690 3435 766 infirmi,

340 809 518 853 sacra
545 791 682 854 loca
709 789 1022 853 venerari.
1054 787 1189 862 Quo
1218 789 1490 870 cognito,
1526 788 1838 850 miserunt

339 889 600 953 Romani
633 889 864 952 AElium
903 889 1275 962 Adrianum,
1309 887 1422 969 qui
1463 895 1680 970 postea
1713 885 1837 949 tuit

340 988 687 1070 imperator
726 1006 740 1052 :
788 1007 824 1050 a
871 1006 1000 1069 quo
1049 986 1273 1050 civitas
1319 986 1664 1048 Jerusalem
1712 984 1838 1047 fuit

341 1094 490 1150 tunc
529 1087 790 1150 omnino
829 1086 1157 1160 subversa,
1191 1085 1277 1147 ita
1315 1085 1488 1166 quod
1531 1084 1692 1166 lapis
1731 1102 1838 1146 su-

340 1203 454 1267 per
493 1185 774 1268 lapidem
817 1203 944 1247 non
987 1183 1314 1246 remansit.

419 1284 728 1366 Denique,
761 1283 1066 1365 quoniam
1110 1300 1365 1365 poenam
1394 1282 1558 1344 Deus
1598 1280 1838 1362 infligit

339 1391 599 1465 propter
628 1383 906 1465 culpam,
939 1389 1002 1444 et
1032 1399 1286 1464 poenam
1313 1381 1670 1462 graviorem
1701 1397 1839 1462 pro-

338 1489 480 1562 pter
511 1481 768 1563 culpam
805 1479 1137 1560 majorem,
1170 1485 1632 1560 consequenter
1661 1478 1839 1542 Chri-

337 1585 472 1640 stus
511 1577 844 1660 suhjungit
883 1596 1138 1641 causam
1177 1585 1240 1640 et
1279 1577 1535 1658 culpam
1575 1584 1836 1659 propter

337 1695 530 1758 quam
573 1684 663 1740 tot
711 1677 879 1739 mala
924 1675 1203 1759 poenalia
1248 1674 1503 1737 fuerant
1545 1675 1837 1755 infligen-

338 1776 434 1837 da.
470 1778 568 1837 Eo
606 1778 781 1855 quod
819 1795 951 1836 non
989 1777 1358 1852 coynoveris
1399 1784 1646 1852 tempus
1683 1775 1838 1834 visi-

1943 788 2313 852 insilierunt
2367 791 2433 854 in
2487 809 2657 866 eum,
2709 797 2771 852 et
2821 808 3047 853 manus
3104 789 3437 872 sacrilegas

1945 887 2304 968 injecerunt
2340 889 2407 951 in
2448 889 2682 972 ipsum,
2714 888 2894 970 juxta
2933 888 3093 951 illud
3128 887 3383 952 Joannis
3416 907 3431 952 ε

1942 984 2076 1048 Lux
2112 986 2177 1049 in
2207 988 2487 1050 tenebris
2518 988 2709 1063 lucet,
2742 996 2805 1050 et
2838 988 3112 1051 tenebrae
3140 1006 3279 1050 eam
3308 1005 3433 1051 non
3475 1006 3727 1060 amns,

1943 1092 2407 1164 cognoverunt;
2443 1085 2507 1148 in
2541 1087 2799 1169 propria
2831 1087 3025 1162 venit,
3060 1093 3123 1149 et
3160 1086 3257 1149 sui
3287 1105 3436 1149 eum
3467 1073 3534 1114 ¹¹·

1943 1201 2070 1246 non
2113 1192 2513 1265 receperunt.
2554 1184 2623 1246 ln
2668 1184 2904 1266 quibus
2956 1185 3293 1267 impletum
3342 1191 3437 1247 est

1942 1282 2114 1362 quod
2156 1299 2271 1363 per
2308 1281 2463 1344 Osee
2502 1282 2805 1346 Dominus
2845 1289 3226 1365 protestatur
3260 1301 3274 1346 :
3308 1282 3437 1364 Ego
3465 1303 3729 1355 omn-‚ia

1945 1380 2184 1442 redemi
2222 1397 2351 1456 eOS,
2386 1387 2449 1443 et
2488 1381 2612 1463 ipsi
2656 1381 2849 1445 locuti
2894 1389 3043 1445 sunt
3080 1389 3294 1446 contra
3333 1400 3437 1444 me
3465 1369 3533 1410 ¹⁵·

1943 1479 2311 1559 mendacia;
2354 1488 2416 1542 et
2458 1497 2572 1561 ego
2610 1480 2858 1543 erudivi
2898 1497 3027 1556 eos,
3060 1480 3185 1562 ipsi
3223 1488 3435 1543 autem

1943 1584 2342 1639 recesserunt
2384 1596 2421 1639 a
2468 1595 2591 1654 me,
2637 1585 2699 1642 et
2746 1578 2811 1640 in
2859 1596 2962 1642 me
3004 1578 3439 1660 cogitaverunt

1942 1675 2272 1738 malitiam.

2021 1777 2108 1836 Et
2152 1776 2478 1854 ingressus
2518 1777 2593 1836 in
2645 1780 2971 1856 templum.
3013 1774 3217 1848 Quum
3264 1775 3437 1838 enim
3570 1787 3643 1843 45

340 1875 606 1936 tationis
637 1883 786 1945 tuoe,
819 1873 940 1937 hoc
969 1881 1086 1946 est,
1113 1890 1240 1936 non
1269 1871 1596 1935 advertisti
1628 1889 1836 1953 neque
1871 1875 1919 1936 B
1947 1872 2241 1938 intrasset
2300 1873 2617 1937 civitatem
2665 1874 3034 1950 Jerusalem,
3085 1873 3295 1956 primo
3343 1874 3442 1936 in-

337 1990 716 2053 cognoscere
747 1971 1006 2035 voluisti
1045 1971 1183 2034 istis
1223 1971 1449 2034 diebus
1486 1989 1590 2033 me
1624 1988 1836 2051 regem

335 2069 624 2134 Messiam
653 2089 794 2134 esse
824 2070 1094 2133 missum
1123 2071 1200 2132 ad
1230 2077 1314 2144 te,
1351 2088 1468 2133 nec
1497 2069 1702 2132 credis
1735 2086 1838 2131 me

336 2187 474 2231 esse
529 2169 874 2244 Christum,
939 2187 1057 2232 nec
1115 2187 1330 2231 meum
1387 2168 1675 2250 agnoscis
1731 2169 1839 2230 ad-

337 2275 624 2330 ventum.
673 2267 830 2330 Nam
878 2267 997 2329 etsi
1044 2268 1124 2330 ad
1169 2275 1425 2349 tempus
1475 2265 1838 2348 aliqualiter

337 2366 454 2428 ista
481 2373 820 2440 noverunt,
852 2374 1066 2429 tamen
1107 2373 1392 2448 tempore
1431 2366 1830 2448 procedente,

335 2471 397 2527 et
438 2465 691 2529 Christo
727 2483 834 2528 eos
879 2464 1110 2528 acriter
1153 2465 1543 2546 increpante,
1577 2463 1836 2546 propria

335 2573 484 2628 sunt
513 2565 759 2627 invidia
783 2565 1094 2626 excaecati.
1116 2563 1333 2646 ltaque
1364 2563 1640 2626 visitatio
1669 2562 1838 2626 Chri-

335 2663 414 2726 sti
465 2663 748 2726 sumitur
793 2662 900 2725 hic
950 2663 1016 2723 in
1066 2662 1256 2737 bono,
1299 2669 1362 2723 et
1409 2661 1534 2724 fuit
1581 2662 1720 2742 ejus
1767 2662 1834 2724 in

337 2763 650 2825 mundum
688 2761 862 2824 hunc
891 2760 1134 2840 missio,
1167 2759 1539 2835 incarnatio,
1572 2768 1634 2822 et
1673 2761 1838 2823 inter

334 2860 626 2924 homines
675 2859 1092 2934 conversatio,
1140 2859 1525 2942 praedicatio.
1578 2859 1662 2921 De
1709 2879 1838 2942 qua

107 2975 306 3028 Lue.1.oa.
335 2979 530 3043 supra
575 2960 826 3024 locutus
875 2967 972 3022 est
1019 2959 1348 3022 Zacharias
1400 2978 1414 3022 :
1463 2958 1836 3022 Benedictus

1943 1989 2199 2052 gressus
2240 1979 2337 2034 est
2377 1972 2690 2054 templum
2724 1991 2739 2035 t
2772 1971 3003 2048 Primo,
3036 1972 3188 2054 quia
3232 1979 3303 2034 ut
3344 1972 3443 2054 ip-

1945 2077 2145 2132 semet
2192 2070 2372 2145 dixit,
2415 2071 2482 2132 in
2522 2070 2622 2133 his
2665 2090 2809 2153 quae
2850 2070 3045 2133 Patris
3090 2071 3188 2132 sui
3233 2079 3432 2145 erant,
3466 2090 3726 2142 Laenas.

1944 2168 2227 2250 oportuit
2272 2187 2421 2231 eum
2466 2187 2625 2244 esse,
2668 2170 2790 2234 hoc
2839 2176 2932 2232 est
2983 2170 3049 2232 in
3088 2169 3329 2252 templo
3376 2176 3441 2231 et

1943 2266 2190 2329 actibus
2248 2268 2442 2330 sacris
2499 2286 2660 2349 quos
2709 2269 2774 2330 in
2832 2268 3073 2351 templo
3128 2267 3433 2331 exercuit.

1941 2365 2159 2446 Itaque
2200 2366 2409 2448 primo
2446 2367 2567 2430 hoc
2604 2365 2757 2430 fecit
2797 2374 3058 2450 propter
3099 2366 3297 2429 Patris
3337 2365 3434 2428 sui

1943 2465 2271 2539 honorem,
2324 2465 2861 2546 quemadmodum
2910 2466 2997 2528 ait
3043 2467 3211 2549 apud
3257 2466 3439 2529 Joan-

1945 2581 2090 2625 nem
2126 2581 2140 2625 ε
2174 2561 2303 2644 Ego
2349 2563 2704 2627 honorifico
2750 2563 2995 2627 Patrem
3044 2583 3281 2627 meum.
3331 2563 3438 2626 Se-
3475 2579 3729 2630 lucanam,

1943 2661 2175 2735 cundo,
2212 2669 2470 2743 propter
2509 2669 2785 2725 nostram
2824 2661 3332 2736 aedificationem,
3365 2670 3435 2724 ut
3462 2645 3531 2686 ⁴⁹·

1943 2759 2189 2822 scilicet
2216 2759 2535 2823 civitatem
2574 2778 3047 2842 quamcumque
3080 2760 3439 2841 ingredien-

1945 2859 2045 2933 do,
2080 2858 2289 2939 primo
2333 2858 2643 2920 intremus
2684 2858 3040 2934 ecclesiam,
3074 2859 3439 2922 adoremus-

1944 2973 2072 3037 que
2102 2954 2462 3019 Dominum.
2494 2955 2655 3018 Hinc
2682 2956 2771 3019 ait
2800 2955 3280 3039 chrysostomus
3306 2956 3439 3019 :Tu

339 3057 642 3123 Dominus
681 3057 846 3120 Deus
884 3058 1097 3133 Israel,
1131 3058 1284 3140 quia
1324 3057 1607 3121 visitavit
1643 3065 1706 3120 et
1751 3057 1838 3120 fe·
1873 3055 1915 3119 C
1947 3053 2180 3116 Christi
2236 3053 2538 3128 imitator,
2600 3073 2801 3136 quum
2862 3055 3184 3136 ingressus
3241 3054 3440 3118 fueris

337 3157 422 3219 cit
478 3157 987 3239 redemptionem
1038 3156 1246 3240 plebis
1306 3175 1477 3237 suae3
1531 3155 1833 3238 itemque,

335 3254 448 3317 Per
505 3255 754 3318 viscera
813 3254 1264 3318 misericordiae
1319 3254 1428 3317 Dei
1488 3253 1710 3330 nostri,
1770 3254 1837 3316 in

335 3352 577 3434 quibus
634 3353 920 3418 visitavit
977 3372 1092 3417 nos
1149 3352 1361 3416 oriens
1411 3371 1486 3414 ex
1543 3351 1692 3416 alto.
1744 3351 1838 3414 Ad

337 3451 498 3515 hanc
535 3453 896 3516 Judaeorum
947 3451 1432 3515 excaecationem
1479 3449 1838 3532 applicatur

337 3550 496 3614 illud
547 3551 724 3614 Isaiae
771 3549 1099 3633 prophetie
1131 3568 1144 3612 :
1180 3549 1485 3630 Cognovit
1533 3549 1648 3612 bos
1697 3567 1840 3631 pos-

337 3667 652 3714 sessorem
683 3668 894 3724 suum,
929 3655 994 3710 et
1019 3647 1238 3710 asinus
1278 3665 1563 3730 praesepe
1592 3647 1836 3711 domini

337 3749 476 3828 sui;
530 3747 726 3810 Israel
751 3754 967 3810 autem
997 3765 1100 3808 me
1129 3765 1256 3810 non
1289 3746 1602 3826 cognovit,
1635 3753 1698 3807 et
1728 3764 1838 3827 po-

109 3269 206 3313 nid.
224 3275 284 3314 78.

123 3567 175 3608 1⁸.
199 3582 225 3618 ι,
243 3573 278 3612 3.

337 3846 528 3930 pulus
575 3864 757 3908 meus
801 3863 928 3908 non
971 3844 1309 3908 intellexit.
1355 3843 1432 3905 Et
1472 3844 1633 3906 illud
1673 3844 1840 3906 Jere—

103 3957 310 4012 :munh-1.
337 3945 484 4007 miae
531 3943 860 4027 prophetie
894 3941 1168 4005 :Milvus
1216 3943 1284 4004 in
1335 3942 1496 4006 coelo
1546 3941 1838 4022 cognovit

335 4049 594 4125 tempus
637 4059 869 4121 suum;
913 4039 1190 4122 populus
1231 4047 1444 4102 autem
1489 4058 1668 4102 meus
1711 4058 1835 4102 non

335 4138 652 4202 intellexit
691 4137 1010 4219 judicium
1054 4137 1328 4201 Domini.

1945 3152 2227 3234 aliquam
2262 3152 2608 3231 civitatem,
2640 3159 2785 3216 ante
2823 3171 3080 3217 omnem
3116 3161 3328 3216 actum
3362 3155 3441 3216 ad

1945 3250 2279 3312 ecclesiam
2310 3269 2549 3312 curraS.
2575 3250 2805 3326 Tertio,
2837 3259 2906 3313 ut
2930 3251 3269 3315 abusiones
3298 3270 3444 3333 quae

1945 3355 2124 3410 erant
2164 3347 2230 3410 in
2274 3348 2534 3431 templo,
2578 3349 2940 3430 corrigeret,
2983 3357 3045 3412 et
3086 3349 3291 3412 zelum
3331 3349 3440 3411 Dei

1945 3455 2134 3528 atque
2172 3446 2435 3528 justitiae
2480 3465 2593 3510 nos
2642 3447 2877 3510 habere
2924 3448 3175 3512 doceret
3222 3456 3440 3512 contra

1947 3553 2224 3627 peccata.
2256 3543 2413 3607 Nam
2455 3545 2769 3620 subditur,
2802 3550 2989 3624 coepit
3024 3547 3254 3625 ejicere
3289 3567 3438 3608 ven-

1943 3646 2161 3704 dentes
2190 3645 2263 3704 in
2292 3663 2361 3704 eo
2390 3653 2451 3704 et
2477 3654 2771 3706 ementes.
2801 3643 2985 3727 Apud
3013 3645 3316 3708 Ioannem
3346 3645 3437 3707 le·

1942 3741 2135 3823 gitur,
2169 3743 2340 3823 quod
2368 3739 2621 3823 flagello
2650 3742 2729 3804 de
2758 3741 3064 3805 funiculis
3099 3742 3264 3806 sacto
3291 3743 3435 3806 illos
3461 3764 3640 3818 amu,
3659 3767 3724 3808 ιε.

1946 3839 2155 3919 ejecit.
2207 3839 2653 3902 Verumtamen
2699 3839 2967 3903 Ioannes
3016 3841 3297 3922 loquitur
3342 3841 3433 3903 ibi

1948 3939 2025 4000 de
2071 3937 2195 4000 alia
2241 3937 2571 4018 ejectione,
2614 3938 2726 4001 illa
2764 3939 3057 4002 videlicet
3103 3958 3246 4021 quae
3289 3959 3439 4004 con-

1945 4035 2089 4116 tigit
2135 4036 2415 4122 paschali
2464 4035 2839 4100 solennitate
2892 4037 3099 4119 primo
3146 4039 3438 4120 sequenti

1948 4141 2091 4215 post
2137 4135 2551 4198 mutationem
2608 4153 2789 4216 aquae
2840 4135 2907 4197 in
2959 4135 3177 4200 vinum
3232 4156 3246 4200 ε
3300 4137 3442 4201 ideo

410 4237 741 4311 Praeterea,
795 4235 1082 4300 Christus
1131 4235 1328 4298 Filius
1378 4235 1509 4311 Dei,
1560 4235 1724 4298 Deus
1776 4244 1840 4298 et
1869 4237 1919 4298 D
1947 4250 2074 4295 non
2116 4232 2369 4295 videtur
2414 4240 2545 4294 tam
2587 4241 2854 4308 certum,
2895 4253 2975 4296 an
3026 4234 3145 4296 ista
3186 4254 3443 4318 quoque

335 4336 546 4412 homo,
573 4334 859 4399 visitavit
883 4351 1086 4415 genus
1117 4334 1493 4409 humanum,
1519 4333 1684 4397 sicut
1713 4351 1840 4396 cre-

335 4443 468 4499 ator
499 4441 882 4506 creaturam,
905 4431 1072 4493 sicut
1100 4430 1395 4494 dominus
1428 4449 1699 4506 servum,
1725 4430 1841 4493 sic-

337 4541 404 4595 ut
449 4532 742 4596 medicus
797 4547 1061 4611 aegrum,
1110 4530 1278 4592 sicut
1333 4529 1694 4612 redemptor
1741 4549 1841 4592 ca-

337 4631 612 4712 ptivum,
674 4627 840 4690 sieut
895 4627 1167 4690 salvator
1223 4627 1612 4702 damnatum,
1675 4625 1840 4689 sicut

337 4728 462 4791 vita
491 4734 838 4800 mortuum,
865 4725 1032 4788 sicut
1059 4724 1358 4806 magister
1389 4725 1699 4805 ignarum.
1725 4723 1840 4787 Un-

338 4827 412 4890 de
461 4845 582 4909 per
629 4823 992 4887 Zachariam
1052 4823 1427 4905 prophetam
1481 4823 1767 4886 hortatur
1819 4841 1832 4886 :

95 4933 313 4990 tutuno.
337 4924 546 4988 Lauda
590 4930 655 4986 et
691 4923 926 4996 laetare,
967 4920 1107 4982 filia
1144 4919 1317 4995 Sion,
1351 4921 1502 5002 quia
1541 4939 1687 4983 ecce
1721 4938 1838 5002 ego

341 5023 524 5088 venio
559 5029 624 5084 et
661 5020 960 5084 habitabo
999 5019 1065 5082 in
1106 5019 1316 5083 medio
1350 5019 1464 5081 tui.
1500 5018 1644 5094 Sed,
1673 5019 1833 5084 heu!

339 5123 594 5205 reprobi
637 5129 704 5184 et
742 5119 972 5200 ingrati
1016 5118 1141 5181 filii
1185 5119 1518 5182 hominum
1570 5137 1695 5182 non
1743 5139 1840 5182 co·

335 5227 693 5302 gnoverunt
744 5226 1115 5291 creatorem,
1177 5218 1576 5292 salvatorem,
1631 5219 1841 5281 docto-

339 5337 491 5396 rem,
512 5326 578 5383 et
607 5319 932 5382 medicum
963 5335 1154 5380 suum
1189 5335 1204 5380 ε
1240 5316 1390 5391 imo,
1427 5315 1628 5378 instar
1658 5316 1840 5398 phre-

1947 4330 2173 4411 ejectio
2203 4348 2318 4412 per
2347 4330 2668 4412 flagellum
2706 4331 2826 4394 tale
2856 4331 2939 4394 sit
2968 4332 3145 4396 sacta.
3170 4333 3443 4415 Utraque

1946 4436 2158 4491 tamen
2209 4429 2390 4492 valde
2434 4429 2745 4492 mirabilis
2794 4430 2937 4506 suit,
2979 4439 3169 4513 atque
3205 4433 3307 4512 (ut
3346 4451 3447 4495 as-

1947 4529 2100 4590 serit
2133 4527 2461 4609 Origenes)
2489 4528 2843 4592 mirabilior
2877 4531 3225 4593 mutatione
3262 4549 3445 4611 aquae

1947 4625 2013 4688 in
2061 4626 2308 4700 vinum,
2362 4626 2897 4708 suscitationeque
2955 4626 3166 4689 Lazari
3222 4646 3235 4690 :
3289 4628 3443 4709 quia

1945 4730 2038 4787 tot
2093 4724 2427 4787 hominum
2486 4732 2733 4787 mentes
2793 4743 3215 4807 compescere,
3272 4726 3440 4790 vires

1944 4822 2163 4903 ligare,
2197 4823 2452 4904 ingenia
2500 4823 2857 4899 immutare,
2891 4823 3441 4888 mirabilissimum

1943 4921 2088 4983 fuit.
2123 4921 2575 5002 Egrediebatur
2603 4922 2847 5004 quippe
2886 4922 3143 5003 quidam
3184 4923 3439 4987 divinus

1945 5019 2247 5102 splendor
2285 5037 2361 5081 ex
2393 5018 2575 5082 vultu
2604 5027 2668 5081 et
2705 5019 2907 5083 oculis
2949 5019 3263 5101 Unigeniti
3301 5021 3435 5096 Dei,

1945 5138 2074 5201 quo
2113 5119 2340 5195 territi,
2374 5138 2500 5182 non
2540 5119 2856 5183 audebant
2896 5137 3104 5200 neque
3146 5121 3439 5184 valebant

1945 5217 2160 5280 reniti.
2203 5216 2294 5279 Ex
2333 5217 2569 5299 quibus
2610 5217 2936 5299 probatur,
2969 5218 3143 5298 quod
3182 5219 3439 5282 saecula-

1947 5335 2050 5378 res
2090 5324 2269 5379 actus
2304 5333 2432 5379 non
2463 5315 2697 5378 debent
2724 5314 2791 5378 in
2823 5315 3091 5378 ecclesia
3127 5318 3431 5380 exerceri.
