4300 6259
1144 461 1498 509 mutumne
1539 460 1603 508 m
1644 461 1782 508 GAP.
1828 459 1873 506 11
1915 455 2191 507 sommis,
2236 477 2316 488 --
2356 457 2500 505 ΛΒΤ.
2545 457 2630 505 vn

3317 428 3433 503 321

90 652 237 696 naith.
316 641 543 708 testeS,
583 634 930 696 dixerunt:
966 632 1089 697 Nos
1134 633 1497 696 audivimus
1542 650 1687 693 eum
1740 631 1833 692 di·
1860 628 1913 691 A
1942 629 2256 692 turalibus
2299 629 2690 711 argumentis
2733 647 2845 691 seu
2889 628 3122 692 divinis
3168 628 3438 690 miracu-

44 731 134 764 un,
173 717 217 757 ⁶1
244 729 257 765 ¹,

46 779 171 820 Marc.
196 791 283 826 xw,

48 845 99 883 ⁵8.

116 934 179 986 22

318 741 582 794 centem
617 751 632 795 ε
665 732 927 794 Possum
968 732 1297 794 destruere
1336 730 1650 811 templum
1697 728 1828 802 Dei,

317 839 388 891 et
433 829 501 892 in
547 830 751 891 tribus
796 829 1021 892 diebus
1068 829 1456 891 reaedil'icare
1500 828 1679 890 illud.

409 931 629 997 Quum
666 947 815 1005 erqo
858 929 1309 988 resurreoeisset
1338 949 1379 986 a
1410 927 1709 995 mortuis,
1739 945 1835 984 re-

316 1029 583 1088 cordati
621 1036 775 1088 sunt
813 1027 1130 1104 discipuli
1166 1026 1331 1103 ejus,
1372 1026 1530 1104 quia
1570 1027 1685 1084 Ιιοσ
1731 1025 1836 1082 di-

315 1126 506 1185 cebat
541 1123 721 1186 Jesus
768 1125 848 1186 de
897 1122 1115 1186 sutura
1162 1123 1499 1196 solutione,
1540 1120 1833 1202 passione

1941 729 2019 790 lis
2067 727 2276 789 fuerat
2323 727 2810 811 comprobanda,
2857 736 2927 789 ut
2973 735 3100 789 tam
3145 735 3314 790 certa
3355 725 3438 788 sit

1940 826 2093 888 fidei
2138 827 2390 900 veritaS,
2425 845 2616 908 quam
2662 834 2905 887 certum
2946 835 3040 887 est
3083 825 3280 887 Deum
3325 823 3439 886 sal-

1942 925 2142 986 sitatis
2196 943 2322 986 non
2371 941 2509 986 esse
2558 924 3092 999 confirmatorem,
3141 941 3438 1005 coopera-

1941 1031 2164 1096 torem,
2214 1022 2314 1084 vel
2356 1029 2755 1084 assertorem.

2020 1124 2165 1197 Ipse
2197 1130 2413 1181 autem
2439 1125 2618 1182 Jesus
2655 1140 2786 1182 non
2815 1123 3104 1181 credebat
3141 1123 3436 1200 semetip·
3573 1133 3644 1188 24

318 1230 387 1284 et
442 1222 929 1285 resuscitatione
984 1221 1271 1304 corporis
1331 1221 1453 1282 sui.
1505 1218 1833 1282 Recordati
1940 1239 2082 1280 sum
2131 1221 2243 1279 eis,
2297 1218 2424 1281 Hoc
2472 1220 2680 1300 quoad
2731 1217 3140 1300 superficiem
3190 1219 3434 1294 litterae,

316 1327 545 1382 autem
594 1327 747 1382 sunt
793 1318 1097 1401 discipuli
1146 1318 1489 1381 verborum
1540 1317 1829 1390 istorum,

320 1437 459 1481 non
500 1418 717 1481 statim
757 1425 902 1500 post
940 1417 1493 1488 resurrectionem,
1527 1415 1681 1496 quia
1717 1431 1835 1476 nec

320 1517 546 1578 statim
597 1516 944 1580 credebant
989 1534 1139 1578 eum
1202 1514 1673 1593 resurrexisse3
1726 1513 1836 1574 sed

122 1647 291 1684 mm,
322 1622 675 1696 postquam
714 1614 1013 1697 apparuit
1043 1614 1157 1688 eiS,
1191 1620 1255 1675 et
1284 1612 1536 1695 aperuit
1563 1611 1657 1672 eis
1696 1628 1839 1672 sen-

320 1731 473 1774 sum
504 1720 576 1774 ut
606 1713 1033 1793 intelligerent
1059 1711 1429 1793 Scripturas.
1446 1710 1622 1772 Unde
1651 1709 1837 1771 etiam

323 1820 599 1886 constat,
642 1813 814 1894 quod
865 1811 1165 1893 discipuli
1218 1829 1343 1873 non
1389 1809 1842 1871 intellexerunt
1873 1809 1921 1874 B
1948 1810 2153 1871 stinus
2198 1827 2346 1890 ergo
2388 1817 2452 1871 et
2495 1809 2655 1872 Beda
2696 1818 3024 1892 exponunt
3069 1810 3190 1873 hoc
3233 1812 3441 1886 modo,

324 1910 531 1974 verba
590 1910 827 1973 Christi
877 1928 1021 1991 quae
1069 1909 1177 1984 ait,
1232 1908 1468 1972 Solvite
1528 1907 1839 1988 templum

321 2009 478 2082 hoc,
529 2015 678 2083 etc„
735 2015 891 2070 tunc
949 2007 1205 2088 quando
1262 2005 1528 2088 protulit
1582 2023 1676 2080 ea,
1730 2005 1839 2066 sed

324 2114 481 2189 post
538 2106 1093 2179 resurrectionem,
1158 2112 1227 2166 ut
1284 2104 1527 2167 dictum
1582 2109 1697 2164 est.
1754 2105 1840 2164 Et

320 2207 757 2266 crediderunt
811 2207 1177 2281 Scripturae
1236 2202 1691 2284 Prophetarum
1752 2201 1843 2264 lo-

200 2323 207 2328 ·
323 2303 561 2384 quenti
609 2304 689 2365 de
739 2302 971 2365 Christi
1022 2301 1317 2384 passione
1368 2309 1432 2362 et
1479 2299 1844 2362 resurrecti-

326 2419 485 2474 one,
516 2409 577 2461 ει
604 2404 891 2461 sermoni
929 2406 1413 2482 praememorato
1451 2419 1639 2478 quem
1665 2399 1843 2458 dimit

323 2503 543 2567 Jeme-3,
606 2498 903 2560 videlicet
960 2516 974 2560 :
1030 2497 1268 2560 Solvite
1324 2496 1639 2578 templum
1699 2496 1838 2558 hoc.

326 2597 637 2670 Quamvis
664 2596 960 2678 discipuli
990 2603 1137 2658 ante
1159 2596 1686 2658 resurrectionem
1716 2613 1843 2656 non

325 2695 796 2757 intellexerunt
825 2695 958 2757 haec
992 2694 1206 2768 verba,
1240 2711 1358 2756 nec
1389 2693 1845 2774 Prophetarum

326 2794 616 2875 eloquia,
670 2800 881 2854 tamen
940 2792 1283 2854 credebant
1338 2810 1413 2854 ea
1460 2810 1609 2853 vera
1664 2809 1843 2871 esse3

328 2892 451 2954 sed
505 2897 647 2973 post
704 2889 1237 2956 resurrectionem
1289 2890 1459 2952 idem
1508 2889 1849 2951 credebant

1944 1325 2123 1380 sonat
2171 1337 2243 1381 ac
2292 1318 2344 1380 si
2393 1317 2570 1380 Jesus
2614 1318 2918 1381 Dominus
2959 1318 3289 1392 virtutum,
3334 1318 3438 1381 cui
3466 1337 3730 1390 Pamuao.

1946 1423 2318 1498 potestatem
2367 1417 2574 1480 omnis
2635 1417 2844 1478 carnis
2897 1417 3069 1479 dedit
3114 1416 3310 1491 Pater,
3362 1417 3440 1478 ti-
3467 1437 3734 1492 mmm,

1946 1515 2213 1577 muisset
2257 1515 2501 1596 aliquid
2551 1514 2700 1577 mali
2762 1515 2884 1576 sibi
2938 1533 3123 1596 posse
3170 1515 3249 1577 ab
3298 1515 3438 1578 istis
3470 1502 3511 1545 ²·

1946 1612 2193 1674 inferri.
2236 1612 2354 1675 Sed
2403 1621 2648 1675 certum
2697 1621 2794 1675 est
2838 1613 3009 1694 quod
3059 1632 3184 1676 non
3231 1613 3444 1676 timuit

1946 1711 2087 1786 hoc,
2132 1729 2248 1774 nec
2293 1729 2399 1774 eos
2443 1711 2554 1792 qui
2601 1730 2832 1792 corpus
2877 1711 3193 1774 occidunt.
3230 1712 3438 1793 Augu·
3474 1716 3736 1820 ²gineth-³1.

1948 1909 2117 1989 quod
2152 1909 2293 1971 ideo
2320 1907 2499 1970 Jesus
2532 1927 2657 1970 non
2691 1927 2758 1970 se
2788 1908 3056 1970 credidit
3087 1908 3200 1984 eiS,
3228 1910 3448 1990 quoni-

1948 2025 2050 2067 am
2081 2007 2364 2069 nondum
2405 2005 2704 2087 baptizati
2735 2013 2797 2068 et
2827 2006 3016 2088 plena
3054 2006 3184 2069 fide
3217 2007 3446 2070 imbuti

1950 2097 2254 2178 fuerunt,
2292 2110 2583 2184 gerentes
2641 2103 2908 2166 formam
2969 2105 3453 2169 catechumeno-

1952 2221 2095 2264 rum
2147 2221 2162 2264 :
2215 2202 2452 2283 quibus
2506 2202 2791 2264 Christus
2840 2203 3074 2265 dicitur
3122 2221 3188 2266 se
3239 2203 3451 2286 ipsum

1952 2319 2078 2362 non
2136 2299 2417 2373 credere,
2471 2301 2624 2380 quia
2683 2319 2808 2362 non
2859 2301 3043 2362 datur
3091 2301 3182 2362 eis
3240 2301 3455 2364 Sacra-

1955 2407 2242 2460 mentum
2292 2399 2576 2481 corporis
2615 2398 2868 2460 Christi.
2901 2398 3044 2462 Haec
3085 2407 3297 2462 antem
3348 2419 3455 2462 ex-

1958 2497 2188 2579 positio
2219 2497 2469 2558 videtur
2500 2497 2758 2558 tendere
2786 2497 2863 2559 ad
2896 2497 3312 2560 moralitatem
3344 2519 3359 2580 3
3392 2505 3455 2560 et

1957 2602 2170 2678 posset
2215 2595 2448 2675 aliquis
2497 2595 2555 2656 ei
2602 2594 2903 2675 objicere,
2952 2597 3122 2678 quod
3173 2597 3456 2678 discipu-

1957 2695 1999 2756 li
2030 2695 2174 2757 Jesu
2218 2694 2490 2756 necdum
2532 2692 2783 2757 fuerant
2821 2695 3141 2777 baptizati,
3179 2703 3248 2756 ut
3288 2703 3456 2778 patet

1957 2793 2023 2856 in
2074 2793 2365 2874 sequenti
2421 2793 2722 2876 capitulo,
2776 2811 2893 2855 nec
2951 2794 3138 2875 plene
3196 2795 3456 2856 creden-
3484 2816 3748 2868 namma.

1954 2900 2073 2966 teS,
2119 2891 2344 2954 saltem
2393 2891 2713 2973 explicite.
2745 2891 3012 2975 ——Lyra
3063 2911 3212 2956 vero
3261 2909 3455 2974 expo-

329 2989 545 3069 magis
590 2987 892 3070 perfecte,
935 2996 1239 3069 tanquam
1291 2988 1582 3050 notitiam
1625 2987 1851 3051 verbo-
1884 2989 1929 3056 C
1958 2989 2072 3064 nit,
2108 2988 2440 3051 affirmans
2479 2990 2648 3071 quod
2677 2990 2855 3052 Jesus
2896 3009 3021 3052 non
3061 3008 3130 3052 se
3161 2990 3455 3052 credebat

332 3106 491 3149 rum
534 3087 764 3149 sortiti.

422 3188 647 3254 Quum
694 3193 909 3246 autem
961 3194 1115 3246 esset
1148 3187 1564 3263 Jerosolymis
1612 3187 1684 3245 in
1723 3187 1851 3246 Pa-

326 3287 523 3353 scha,
564 3282 863 3346 videlicet
900 3285 976 3343 in
1013 3286 1122 3344 die
1156 3285 1317 3359 festo
1367 3283 1670 3365 paschali.
1713 3281 1849 3345 Non

328 3382 558 3445 solum
597 3381 701 3443 die
744 3399 873 3444 uno
910 3399 1025 3444 seu
1070 3381 1297 3444 ultimo
1333 3380 1695 3444 festivitatis
1739 3399 1850 3462 pa-

326 3481 605 3554 schaliS,
644 3497 791 3562 quae
838 3487 1085 3561 septem
1136 3480 1387 3542 duravit
1430 3479 1696 3560 diebus;
1738 3479 1847 3540 sed

326 3580 511 3644 forte
554 3586 685 3642 toto
728 3585 1017 3660 tempore
1060 3579 1193 3652 illo,
1237 3579 1337 3641 vel
1382 3578 1677 3660 pluribus
1721 3579 1851 3641 die-

324 3679 488 3752 bus,
524 3675 618 3738 ibi
658 3674 804 3738 fuit.
840 3677 1043 3738 Multi
1080 3677 1497 3737 crediderunt
1536 3679 1611 3736 in
1650 3677 1853 3736 nomi-

324 3797 415 3838 ne
464 3777 641 3852 ejus,
687 3774 756 3836 id
813 3781 909 3835 est
964 3773 1034 3836 in
1092 3772 1234 3855 ipso
1282 3791 1396 3856 per
1454 3791 1687 3837 nomen
1736 3791 1850 3836 no-

328 3874 605 3936 minans
662 3872 1013 3954 designato,
1074 3872 1401 3934 credentes
1457 3873 1628 3953 quod
1688 3878 1853 3933 esset

328 3972 660 4045 ChristuS,
697 3971 797 4033 vel
826 3970 1051 4032 saltem
1082 3970 1179 4034 vir
1209 3979 1463 4033 sanctus
1491 3979 1681 4052 atque
1710 3969 1855 4033 Pro-

330 4073 565 4154 pheta.
602 4069 736 4133 Non
779 4077 991 4131 tamen
1035 4067 1442 4131 crediderunt
1488 4087 1605 4132 nec
1649 4069 1857 4150 suspi-

1958 3088 2071 3161 eiS,
2105 3087 2258 3169 quia
2303 3107 2427 3150 non
2477 3088 2782 3150 revelavit
2825 3088 2915 3150 eis
2959 3089 3182 3151 altiora
3224 3098 3456 3172 myste-

1960 3188 2051 3249 ria
2080 3186 2256 3262 fidei,
2293 3204 2367 3249 eo
2398 3187 2567 3267 quod
2600 3193 2810 3249 essent
2842 3187 3195 3270 incapaceS.
3222 3187 3455 3249 Verum

1958 3303 2075 3347 nec
2114 3284 2414 3367 discipuli
2456 3303 2718 3367 capaces
2759 3284 2890 3365 jam
2931 3285 3183 3348 fuerant
3227 3294 3457 3370 myste—

1961 3383 2202 3445 riorum
2249 3382 2624 3444 sublimium
2659 3401 2672 3445 :
2706 3383 2944 3463 quibus
2985 3383 3152 3445 infra
3193 3385 3280 3445 ait
3319 3383 3452 3446 Sal-

1962 3489 2158 3554 vator,
2190 3479 2380 3541 Multa
2423 3479 2624 3542 habeo
2671 3481 2851 3544 vobis
2895 3481 3126 3556 dicere,
3170 3483 3278 3544 sed
3326 3501 3449 3545 non
3519 3510 3747 3562 mam

1961 3579 2222 3663 potestis
2253 3586 2501 3660 portare
2533 3579 2740 3642 modo.
2775 3577 2850 3640 Et
2879 3587 3089 3642 tamen
3117 3580 3296 3642 Jesus
3328 3599 3457 3644 cre-
3491 3575 3554 3617 ¹²·

1959 3677 2147 3740 debat
2189 3695 2256 3738 se
2297 3676 2412 3738 eiS.

2039 3776 2319 3858 Apparet
2374 3775 2570 3856 igitur
2619 3776 2789 3856 quod
2851 3777 3051 3858 possit
3097 3776 3453 3840 litteraliter

1960 3875 2051 3937 sic
2082 3873 2313 3955 exponi
2340 3876 2556 3935 :lesus
2584 3893 2715 3934 non
2743 3877 3051 3946 credebat,
3089 3875 3152 3937 id
3182 3883 3297 3950 est,
3326 3896 3452 3939 non

1961 3970 2415 4047 committebat,
2447 3974 2849 4048 semetipsum
2891 3975 3007 4042 eis,
3039 3982 3340 4055 tanquam
3377 3975 3456 4036 ri-

1961 4069 2213 4132 delibus
2261 4068 2828 4150 constantibusque
2883 4071 3128 4146 amieiS,
3183 4090 3300 4134 nec
3350 4091 3458 4136 vo-

327 4170 661 4233 cabantur
708 4167 880 4249 quod
922 4174 1087 4228 esset
1126 4166 1323 4228 Filius
1366 4167 1473 4228 Dei
1524 4167 1849 4241 naturaliS,
1886 4177 1933 4242 1)
1963 4169 2083 4230 luit
2122 4168 2482 4231 conversari
2522 4167 2688 4230 inter
2717 4186 2822 4231 eos
2855 4170 3038 4250 quasi
3081 4171 3245 4232 inter
3276 4189 3456 4235 veros

329 4284 677 4348 verusque
736 4266 921 4340 DeuS,
974 4265 1097 4327 nisi
1152 4264 1318 4328 forte
1372 4273 1519 4328 ante
1564 4265 1855 4346 agnovis-

326 4374 491 4430 sent
534 4382 653 4447 per
682 4363 1043 4445 Scripturas
1072 4364 1243 4444 quod
1282 4364 1566 4427 Christus
1605 4364 1673 4426 in
1717 4365 1854 4444 lege

330 4463 711 4549 promissus
760 4469 929 4524 esset
984 4461 1170 4522 Deus.
1221 4461 1418 4525 Causa
1464 4463 1853 4525 credulitatis

328 4560 774 4644 subjungitur
806 4579 821 4622 ε
856 4561 1143 4620 videntes
1174 4561 1367 4638 siyna
1402 4563 1544 4639 ejus
1581 4581 1725 4641 quoe
1760 4562 1857 4640 fa-

327 4665 559 4724 ciebat
608 4667 896 4740 tempore
953 4658 1076 4721 isto
1126 4677 1139 4721 ε
1193 4676 1338 4739 quae
1396 4673 1522 4722 non
1581 4667 1730 4722 sunt
1788 4660 1855 4722 in

329 4757 622 4844 speciali
681 4756 1019 4838 descripta,
1070 4757 1193 4818 nisi
1242 4758 1414 4839 quod
1472 4758 1661 4839 ejecit
1709 4777 1860 4822 ven-

331 4861 583 4922 dentes
614 4855 681 4917 in
721 4854 982 4936 templo,
1016 4863 1137 4916 etc.
1170 4854 1345 4918 Fecit
1380 4864 1591 4918 tamen
1632 4875 1860 4937 magna

329 4953 691 5020 miracula.
742 4951 1003 5034 Propter
1049 4954 1220 5033 quod
1275 4952 1653 5018 Nicodemus
1703 4955 1861 5017 dixit

236 5092 301 5128 m.
330 5058 420 5120 ad
474 5071 639 5117 eum
685 5070 700 5114 ε
746 5051 942 5114 Nemo
990 5059 1198 5133 potest
1244 5053 1379 5116 haec
1427 5053 1605 5134 signa
1648 5053 1861 5116 facere

332 5172 499 5240 quoe
557 5159 629 5214 tu
686 5150 867 5226 saciS,
922 5150 1044 5212 nisi
1102 5151 1265 5213 Deus
1313 5151 1510 5213 l'uerit
1566 5171 1712 5215 cum
1761 5171 1857 5216 eo.

332 5249 880 5336 Supernaturalis
918 5249 1163 5332 quippe
1209 5250 1514 5326 doctrina,
1558 5269 1865 5333 superna·-

614 5385 681 5438 T.
712 5385 795 5437 12.

1963 4266 2332 4348 discipulos,
2385 4266 2538 4347 quia
2584 4285 2711 4330 non
2761 4267 2922 4329 bene
2969 4269 3168 4330 sensit
3216 4270 3292 4331 de
3340 4271 3454 4346 eiS,

1965 4384 2081 4428 nec
2130 4364 2254 4447 ipsi
2303 4364 2665 4427 habuerunt
2711 4364 2907 4428 fidem
2949 4366 3306 4443 formatam,
3352 4377 3461 4432 aut

1964 4463 2280 4526 stabilem.
2331 4463 2475 4526 Ideo
2531 4482 2656 4526 non
2706 4465 3001 4527 credebat
3051 4484 3118 4528 se
3164 4467 3279 4541 eiS,
3333 4487 3456 4531 non

1965 4563 2118 4644 quia
2163 4560 2497 4625 verebatur
2543 4562 2995 4626 circumveniri
3049 4564 3148 4627 vel
3199 4565 3328 4647 pati
3377 4566 3457 4628 ab

1964 4662 2081 4736 eiS,
2125 4661 2235 4723 sed
2276 4660 2578 4742 quoniam
2627 4661 2816 4724 scivit
2861 4664 3033 4743 quod
3077 4683 3204 4727 non
3252 4665 3462 4728 adhae-

1969 4768 2181 4822 rerent
2223 4758 2343 4820 sibi
2396 4766 2775 4834 constanter,
2819 4767 2883 4822 et
2923 4780 3041 4824 nec
3087 4781 3196 4826 cor
3238 4781 3461 4826 eorum
3487 4785 3748 4839 'Pensm

1967 4866 2210 4920 rectum
2250 4855 2456 4919 fuerat
2485 4876 2631 4919 cum
2665 4858 2825 4939 ipso.
2859 4858 2965 4921 Isti
2996 4860 3168 4922 enim
3209 4861 3302 4924 sic
3331 4880 3465 4925 cre-
3494 4852 3562 4894 ⁸⁷·

1969 4957 2203 5019 debant
2249 4955 2313 5017 in
2360 4955 2594 5030 Jesum,
2646 4958 3184 5037 quemadmodum
3238 4959 3332 5022 illi
3385 4962 3464 5024 de

1969 5055 2207 5136 quibus
2271 5052 2436 5116 infra
2495 5053 2765 5116 habetur
2825 5073 2839 5116 :
2901 5053 2990 5116 Ex
3053 5057 3458 5140 principibus
3508 5081 3761 5134 hanani,

1971 5153 2156 5215 multi
2216 5152 2619 5214 crediderunt
2675 5153 2742 5215 in
2800 5171 2969 5228 eum,
3033 5157 3142 5218 sed
3203 5166 3464 5241 propter
3495 5139 3654 5197 ⁴²³³·

1969 5251 2314 5314 Pharisaeos
2369 5269 2496 5314 non
2554 5250 3046 5315 confitebantur.
3100 5254 3470 5321 Dilexerunt

3157 5390 3218 5444 21
