4300 6259
90 1580 105 1623 i
122 1581 264 1624 Thena.
278 1593 319 1630 v,

124 4529 137 4571 l
153 4531 246 4574 cor.
260 4547 314 4580 ιι,

92 4596 143 4636 w.

1178 509 1532 557 manuam-10
1574 507 1640 554 m
1681 507 1819 554 cAP.
1866 505 1993 552 xvu
2034 506 2224 555 LUGAE.
2269 527 2350 538 ·—
2390 510 2533 557 ΛΒΤ.
2578 512 2656 557 11.

3356 493 3472 558 133

351 698 551 761 quem
605 681 659 743 si
710 681 1025 744 transiens
1077 681 1400 765 impingit,
1455 678 1793 743 collabitur
1846 695 1859 739 :
1894 676 1945 736 A
1974 677 2087 759 qui
2120 679 2501 742 scandalizat
2529 699 2641 743 seu
2671 682 2964 744 scandala
3008 681 3176 765 parit
3209 700 3223 744 :
3257 689 3320 744 et
3348 682 3467 746 hoc

350 777 451 840 sic
498 778 565 841 in
619 779 724 842 via
768 779 1111 860 spirituali,
1162 799 1273 842 seu
1324 779 1470 842 vitae
1516 793 1865 860 operumve

350 894 687 958 processu,
722 879 1033 960 contingit
1072 878 1398 942 hominem
1442 895 1520 940 ex
1558 877 1729 939 dicto
1757 883 1867 937 aut

348 974 526 1038 facto
575 975 840 1039 alterius
883 978 961 1039 ad
1011 977 1254 1059 peccati
1306 976 1554 1038 ruinam
1604 975 1861 1054 induci;

347 1074 639 1155 talisque
677 1075 840 1138 obex
880 1076 1251 1138 scandalum
1293 1082 1722 1156 nuncupatur.
1764 1072 1863 1135 Nil

349 1180 571 1234 autem
613 1191 691 1235 ex
731 1193 847 1236 sua
886 1181 1111 1236 natura
1152 1174 1433 1256 disponit
1462 1173 1540 1234 ad
1571 1171 1867 1253 spiritua-

352 1269 487 1332 lem
522 1271 801 1346 ruinam,
837 1271 958 1333 nisi
1001 1272 1285 1353 aliquem
1326 1271 1727 1334 rectitudinis
1766 1270 1867 1331 de-

352 1367 513 1430 bitae
563 1368 841 1451 patiatur
889 1368 1233 1432 defectum.
1276 1368 1432 1431 Nam
1480 1376 1543 1430 et
1586 1368 1648 1430 id
1694 1368 1865 1449 quod

354 1466 648 1548 speciem
699 1467 849 1529 mali
899 1466 1113 1540 habet,
1148 1466 1588 1530 defectuosum
1638 1473 1733 1528 est
1774 1473 1867 1528 at-

352 1583 491 1646 que
520 1564 877 1642 vitandum,
902 1565 1155 1629 dicente
1183 1565 1483 1649 Apostolo
1517 1585 1530 1628 :
1565 1564 1659 1626 Ab
1690 1564 1864 1628 omni

352 1664 579 1745 specie
608 1664 777 1728 mala
806 1665 1123 1728 abstinete
1154 1684 1287 1729 vos.
1324 1700 1399 1710 —
1430 1664 1733 1727 Praeterea
1760 1664 1867 1725 ad-

352 1761 768 1834 vertendum,
811 1762 985 1842 quod
1030 1761 1274 1824 dictum
1320 1761 1419 1824 vel
1466 1760 1704 1823 factum
1753 1760 1866 1822 ho-

1974 792 2198 838 verum
2257 786 2352 840 est
2399 779 2476 840 de
2536 780 2829 843 scandalo
2877 780 2989 844 illo
3044 780 3248 842 activo
3295 781 3466 860 quod

1974 882 2070 936 est
2127 876 2392 938 mortale
2443 885 2795 958 peccatum.
2849 877 3226 941 Scandalum
3275 879 3466 961 quip-

1977 990 2055 1054 pe
2094 973 2397 1048 activum,
2431 983 2527 1037 est
2562 977 2808 1038 veniale
2848 984 3178 1059 peccatum
3213 978 3468 1060 quando

1973 1072 2120 1153 quis
2171 1080 2380 1135 actum
2433 1073 2699 1137 venialis
2750 1075 3015 1157 peccati,
3062 1075 3161 1138 vel
3211 1076 3323 1158 qui
3369 1095 3468 1140 so-

1974 1170 2109 1232 lum
2141 1171 2334 1234 habet
2363 1173 2645 1254 speciem
2674 1174 2843 1252 mali,
2869 1174 3239 1255 committit3
3272 1193 3468 1256 quan-

1975 1270 2185 1350 doque
2217 1288 2365 1333 vero
2395 1279 2491 1332 est
2519 1272 2784 1346 mortale
2815 1280 3162 1355 peccatum,
3184 1273 3284 1336 vel
3314 1273 3468 1354 quia

1975 1368 2166 1431 homo
2225 1370 2490 1432 mortale
2549 1379 2878 1453 peccatum
2946 1371 3309 1446 committit,
3363 1371 3463 1434 vel

1974 1466 2127 1549 quia
2167 1468 2440 1548 proximi
2481 1468 2748 1531 salutem
2789 1470 3160 1544 contemnit,
3196 1487 3322 1533 non
3358 1489 3466 1532 cu-

1974 1572 2069 1627 rat
2113 1581 2224 1627 seu
2264 1566 2443 1647 parvi
2486 1566 2728 1648 pendit,
2766 1569 2989 1632 nolens
3031 1574 3291 1650 propter
3325 1585 3465 1629 eam

1974 1663 2268 1726 omittere
2325 1665 2497 1746 quod
2555 1665 2676 1727 sibi
2736 1672 2832 1728 est
2891 1666 3218 1748 placitum.
3276 1665 3467 1729 Porro

1976 1763 2343 1825 scandalum
2401 1763 2681 1827 activum
2731 1782 2844 1846 per
2892 1782 2980 1838 se,
3039 1782 3116 1827 ex
3171 1763 3467 1826 intentio-

352 1857 555 1919 minis
618 1865 827 1940 potest
885 1859 1234 1941 dupliciter
1294 1876 1432 1921 esse
1491 1857 1673 1920 alteri
1721 1876 1865 1939 pec-
1900 1853 1947 1915 B
1976 1877 2056 1921 ne
2104 1861 2372 1940 agentiS,
2424 1869 2578 1924 tunc
2635 1868 2732 1924 θεῖ
2786 1862 3052 1924 mortale
3108 1869 3462 1944 peccatum,

351 1957 545 2018 candi
595 1957 867 2020 occasio.
912 1957 1046 2020 Uno
1088 1958 1279 2021 modo
1320 1975 1435 2040 per
1477 1975 1565 2032 se,
1608 1958 1863 2039 quando

350 2054 661 2117 videlicet
710 2055 859 2137 quis
918 2057 1215 2138 exemplo
1266 2062 1375 2118 aut
1431 2055 1863 2119 admonitione

350 2151 635 2215 intendit
664 2153 864 2215 alium
894 2154 974 2216 ad
1006 2160 1335 2236 peccatum
1378 2154 1721 2234 inducere3
1763 2153 1862 2215 vel

348 2251 553 2313 etiam
592 2251 891 2331 quamvis
933 2252 1073 2334 ipse
1110 2271 1237 2315 non
1281 2252 1590 2328 intendat,
1625 2251 1744 2314 hoc
1773 2258 1865 2313 ta-

349 2368 505 2412 men
537 2369 701 2432 opus
746 2369 936 2413 suum
974 2351 1099 2413 tale
1138 2358 1236 2413 est
1272 2351 1447 2432 quod
1488 2368 1564 2412 ex
1604 2369 1718 2412 sua
1758 2370 1865 2412 na-

348 2457 505 2511 tura
540 2448 741 2511 alium
785 2450 863 2511 ad
910 2457 1243 2531 peccatum
1289 2449 1593 2512 inducere
1633 2456 1859 2530 potest,

348 2547 457 2609 vel
491 2546 799 2629 quoniam
832 2547 1073 2610 malum
1103 2554 1220 2622 est,
1255 2547 1355 2610 vel
1387 2547 1691 2629 quoniam
1723 2565 1864 2629 spe-

345 2645 521 2708 eiem
584 2645 736 2708 mali
793 2645 986 2708 habet
1048 2664 1063 2708 :
1125 2647 1381 2727 taleque
1444 2645 1685 2708 dictum
1750 2664 1861 2708 seu

342 2742 597 2806 factum
658 2743 895 2806 dicitur
952 2744 1325 2807 scandalum
1387 2744 1691 2806 activum.
1752 2743 1861 2806 Se·

346 2843 569 2905 cundo
613 2861 730 2925 per
774 2842 1093 2918 accidenS‚
1127 2843 1383 2924 quando
1426 2861 1504 2904 ex
1548 2843 1717 2906 dicto
1754 2850 1866 2904 aut

347 2940 523 3004 sacto
554 2939 830 3022 alicujus
861 2941 1099 3022 aliquis
1129 2941 1608 3015 scandalizatur,
1636 2948 1864 3022 praeter

1972 1958 2125 2019 dum
2158 1957 2304 2039 quis
2335 1957 2532 2019 alium
2571 1959 2649 2020 ad
2689 1961 3080 2041 peccandum
3115 1959 3466 2023 mortaliter

1971 2063 2236 2119 conatur
2266 2055 2590 2118 inducere.
2625 2056 2797 2130 Quod
2839 2059 2891 2120 si
2931 2059 3010 2120 ad
3046 2057 3294 2120 veniale
3326 2075 3466 2140 pec-

1971 2162 2183 2216 catum
2225 2154 2531 2216 inducere
2569 2155 2745 2235 velit,
2787 2156 2910 2218 erit
2952 2156 3199 2219 veniale
3250 2175 3463 2238 pecca-

1969 2260 2129 2314 tum.
2181 2255 2418 2314 Utilius
2453 2264 2545 2316 est
2583 2255 2718 2324 illi,
2746 2257 2806 2315 si
2844 2257 3013 2333 lapis
3045 2257 3312 2316 molaris
3344 2257 3463 2317 im-

1971 2471 2174 2518 mare,
2204 2471 2399 2529 quam
2441 2460 2513 2511 ut
2550 2454 2951 2514 scandalizet
2986 2473 3194 2514 unum
3233 2456 3312 2514 de
3337 2473 3464 2531 pu-

1967 2549 2139 2608 sillis
2175 2549 2340 2609 isti&
2383 2547 2474 2610 Ad
2515 2549 2789 2611 litteram
2828 2551 2982 2613 dicit
3020 2551 3142 2613 hoc
3179 2549 3464 2614 Christus

1970 2646 2049 2708 de
2098 2664 2248 2708 saxo
2297 2647 2542 2721 molari,
2596 2647 2864 2728 loquens
2917 2649 3270 2711 secundum
3319 2668 3466 2713 con—

1972 2743 2377 2806 suetudinem
2412 2745 2756 2826 provinciae
2786 2746 3150 2822 Palaestinae,
3187 2747 3296 2810 ubi
3329 2767 3465 2812 mos

1968 2840 2094 2903 fuit
2134 2851 2204 2904 ut
2242 2842 2482 2923 maj0ra
2523 2843 2792 2906 crimina
2832 2845 3214 2926 punirentur
3240 2847 3463 2927 grandi

1970 2939 2181 3022 lapide
2231 2941 2308 3003 ad
2358 2941 2592 3005 collum
2643 2943 2732 3004 rei
2775 2942 2986 3024 ligato,
3030 2944 3240 3026 ipsum
3285 2963 3464 3008 reum

348 3038 781 3101 intentionem
838 3039 1108 3120 agentis,
1158 3046 1221 3101 et
1279 3048 1509 3122 praeter
1557 3039 1863 3102 conditio-
1898 3037 1943 3104 C
1972 3039 2035 3100 in
2068 3058 2300 3120 aquam
2337 3039 2632 3121 jactando
2670 3059 2743 3103 ac
2783 3041 3249 3124 submergendo
3293 3062 3306 3107 :
3351 3062 3466 3127 per

347 3155 507 3200 nem
554 3136 793 3219 operia,
838 3145 909 3199 ut
947 3156 1151 3219 quum
1200 3156 1363 3219 opus
1403 3138 1471 3200 in
1512 3156 1579 3200 se
1618 3137 1859 3201 bonum

346 3244 473 3309 est,
508 3236 621 3297 sed
661 3235 823 3296 alter
862 3253 939 3297 ex
978 3254 1093 3297 sua
1132 3235 1375 3298 malitia
1415 3235 1565 3298 inde
1602 3237 1681 3298 ad
1722 3255 1864 3318 pec-

347 3334 635 3396 candum
677 3333 1007 3396 inducitur
1040 3351 1053 3396 :
1098 3341 1160 3395 et
1199 3333 1321 3397 hoc
1360 3342 1457 3396 est
1493 3334 1861 3396 scandalum

346 3431 692 3514 passivum
724 3431 865 3494 sine
892 3431 1123 3511 activo,
1159 3450 1306 3494 nam
1335 3450 1527 3512 agens
1560 3451 1684 3495 non
1720 3450 1866 3514 pec-

348 3537 478 3602 cat,
525 3547 665 3604 nec,
714 3536 1028 3611 quantum
1074 3529 1141 3591 in
1187 3547 1257 3592 se
1299 3537 1415 3605 est,
1463 3530 1643 3592 alteri
1688 3550 1863 3594 occa—

346 3629 604 3692 sionem
636 3627 841 3690 ruinae
871 3627 1213 3690 ministrat.
1238 3627 1410 3690 Patet
1440 3628 1669 3711 itaque,
1689 3630 1861 3710 quod

346 3727 683 3790 interdum
722 3733 877 3788 sunt
914 3726 1131 3802 simul,
1172 3727 1540 3790 scandalum
1583 3728 1861 3792 activum

347 3827 415 3889 in
454 3844 608 3899 uno,
644 3832 708 3886 et
737 3825 1108 3887 scandalum
1152 3826 1478 3908 passivum
1520 3827 1586 3888 in
1626 3827 1858 3908 alter03

347 3924 747 4007 quandoque
798 3941 951 3986 vero
1007 3931 1105 3986 est
1162 3924 1533 3987 scandalum
1581 3925 1861 3990 activum

348 4023 417 4086 in
478 4041 627 4096 uno,
682 4039 811 4085 non
871 4030 1085 4084 autem
1146 4023 1475 4104 passivum
1524 4024 1591 4086 in
1636 4024 1857 4099 altero,

348 4123 511 4184 dum
542 4120 709 4182 alius
749 4138 877 4183 non
919 4121 1237 4184 consentit
1278 4139 1395 4184 nee
1434 4122 1705 4184 laeditur.
1741 4122 1864 4185 Sae-

1970 3138 2140 3220 quod
2171 3136 2456 3200 Christus
2488 3138 2772 3200 insinuat
2798 3141 3237 3203 enormitatem
3272 3141 3465 3223 hujus

1971 3236 2236 3319 peccati.
2269 3236 2490 3299 Melius
2520 3244 2732 3300 autem
2764 3246 2860 3301 est
2889 3240 3301 3321 corporaliter
3339 3259 3468 3305 mo-

1971 3335 2023 3396 ri
2074 3341 2267 3417 atque
2324 3335 2560 3410 necari,
2612 3355 2803 3418 quam
2867 3337 3066 3419 impie
3115 3338 3352 3415 vivere,
3406 3347 3469 3402 et

1969 3434 2168 3496 alium
2214 3433 2633 3515 spiritualiter
2675 3435 2991 3497 occidere.
3409 3429 3412 3432 ’

2058 3533 2348 3613 Insuper,
2403 3533 2640 3613 duplex
2687 3540 2784 3594 est
2841 3533 3207 3597 scandalum
3270 3537 3466 3613 [mere

1971 3631 2346 3714 passivumJ,
2373 3631 2616 3693 scilicet
2642 3648 2656 3693 :
2690 3631 2864 3693 aliud
2896 3630 3375 3709 Pharisaeorum,
3401 3635 3466 3698 id

1968 3738 2064 3792 θεῖ
2094 3747 2314 3792 eorum
2344 3729 2458 3810 qui
2489 3747 2566 3792 ex
2597 3748 2710 3791 sua
2740 3729 2998 3806 malitia,
3025 3748 3100 3792 ex
3133 3731 3328 3794 verbo
3357 3739 3466 3795 aut

1968 3827 2135 3891 facto
2171 3827 2432 3889 alterius
2474 3828 2768 3908 quamvis
2807 3828 2996 3902 bone,
3041 3829 3468 3892 scandalizan-

1968 3935 2093 4000 tur,
2127 3926 2665 4007 quemadmodum
2698 3925 2992 3989 Pharisaei
3023 3945 3101 3988 ex
3133 3927 3345 3990 verbis
3376 3937 3468 3990 at-

1967 4043 2095 4104 que
2154 4023 2460 4107 operibus
2518 4022 2747 4087 Christi
2785 4044 2800 4102 ;
2850 4025 3023 4087 aliud
3083 4025 3465 4107 pusillorum

1969 4141 2081 4184 seu
2114 4122 2522 4185 infirmorum
2565 4130 2677 4184 aut
2713 4123 3260 4205 imperfectorum,
3293 4126 3464 4206 quod

348 4235 713 4301 penumero
771 4236 1031 4299 quoque
1089 4226 1185 4280 est
1244 4219 1611 4283 scandalum
1662 4221 1863 4302 passi·
1894 4222 1943 4283 D
1972 4238 2049 4282 ex
2097 4239 2315 4283 eorum
2370 4220 2746 4282 infirmitate
2793 4229 2902 4283 aut
2950 4221 3305 4302 ignorantia
3361 4241 3468 4284 na-

350 4335 511 4380 vum
558 4315 699 4378 sine
740 4315 971 4390 actiVO,
1006 4316 1174 4379 sicut
1216 4336 1388 4379 nunc
1432 4319 1656 4399 patuit.

432 4415 679 4496 Itaque,
721 4413 1126 4496 Impossibile
1174 4421 1271 4477 est
1322 4423 1391 4477 ut
1438 4435 1563 4478 non
1606 4416 1865 4480 veniant

350 4512 677 4588 scandala,
702 4530 779 4574 eo
807 4513 995 4575 modo
1025 4531 1154 4594 quo
1183 4513 1271 4575 ait
1299 4513 1660 4595 ApostoluS,
1679 4514 1867 4598 Opor-

354 4619 445 4674 tet
487 4610 763 4674 haereses
802 4627 963 4684 esse,
1001 4619 1071 4673 ut
1100 4611 1211 4693 qui
1254 4611 1500 4693 probati
1534 4621 1704 4688 sunt,
1738 4633 1864 4677 ma-

352 4708 578 4772 nifesti
637 4708 801 4770 fiant
853 4727 866 4770 ε
926 4727 1072 4789 quae
1130 4717 1228 4772 est
1283 4711 1627 4773 necessitas
1684 4711 1859 4786 finis,

352 4809 512 4891 quia
539 4808 620 4869 ad
648 4806 922 4870 aliorum
954 4807 1393 4889 probationem
1426 4810 1719 4872 scandala
1747 4811 1864 4874 hae-

354 4923 665 4987 resesque
723 4903 1096 4986 proficiunt.
1152 4905 1393 4968 Rursus
1454 4925 1712 4970 necesse
1768 4918 1863 4971 est

354 5004 505 5066 talia
556 5020 719 5078 esse,
770 5003 1144 5066 necessitate
1198 5004 1646 5081 conditionata,
1699 5008 1864 5070 sicut

360 5103 635 5185 praevisa
672 5121 709 5164 a
758 5101 880 5164 Deo
925 5120 1183 5164 necesse
1224 5111 1320 5166 est
1362 5104 1641 5168 evenire.

426 5205 531 5264 Voe
562 5209 785 5263 autem
813 5203 923 5261 illi
946 5221 1069 5279 per
1099 5223 1285 5282 quem
1318 5205 1616 5274 veniunt,
1648 5203 1712 5267 id
1744 5213 1859 5279 est,

362 5309 597 5363 aeterna
657 5298 981 5363 damnatio
1038 5299 1331 5362 imminet
1380 5307 1443 5362 et
1491 5301 1758 5364 debetur
1804 5302 1863 5365 ci

1972 4319 2193 4394 scitur,
2228 4320 2305 4381 de
2336 4320 2528 4382 verbo
2567 4328 2676 4382 aut
2712 4318 2879 4382 facto
2917 4319 3202 4383 alterius.
3236 4356 3311 4366 —
3345 4321 3468 4384 Cir-

1972 4437 2044 4480 ca
2090 4417 2226 4479 haec
2274 4417 2604 4498 quaeritur,
2657 4436 2737 4479 an
2790 4424 3050 4500 propter
3097 4418 3462 4482 scandalum

1972 4516 2302 4579 vitandum
2343 4516 2471 4578 sint
2507 4516 2675 4579 bona
2714 4516 3070 4598 spiritualia
3098 4518 3460 4582 omittenda.

1972 4615 2062 4677 Ad
2112 4615 2286 4696 quod
2335 4614 2604 4678 Thomas
2656 4616 3016 4698 respondet,
3070 4617 3240 4698 quod
3290 4636 3466 4699 quae-

1972 4715 2113 4776 dam
2167 4713 2334 4776 bona
2376 4721 2525 4774 sunt
2567 4713 2645 4775 de
2689 4714 3064 4776 necessitate
3102 4714 3346 4792 salutiS,
3388 4717 3465 4779 ad

1974 4830 2117 4894 quae
2167 4811 2356 4874 homo
2403 4818 2656 4874 tenetur
2707 4831 2720 4875 :
2773 4819 2838 4874 et
2882 4813 3018 4875 haec
3068 4820 3326 4894 propter
3373 4814 3469 4876 vi-

1971 4912 2236 4973 tandum
2278 4909 2539 4972 alterius
2583 4911 2951 4973 scandalum
3003 4929 3128 4974 non
3177 4919 3326 4973 sunt
3363 4913 3468 4974 de—

1973 5009 2260 5070 serenda.
2311 5007 2450 5069 Alia
2499 5015 2649 5070 sunt
2696 5009 3052 5090 spiritualia
3099 5008 3285 5084 bona,
3337 5030 3466 5074 non

1973 5105 2327 5170 necessaria
2374 5107 2452 5168 ad
2501 5106 2767 5168 salutem
2823 5125 2837 5170 :
2891 5114 2952 5169 et
3001 5107 3168 5169 circa
3216 5107 3326 5171 illa
3371 5118 3467 5172 est

1973 5204 2515 5286 distinguendum.
2558 5204 2711 5267 Nam
2757 5205 3124 5267 scandalum
3170 5209 3343 5288 quod
3385 5226 3462 5271 ex

1972 5303 2206 5366 talibus
2250 5302 2436 5366 bonis
2476 5310 2790 5380 causatur,
2833 5306 3216 5386 quandoque
3251 5315 3348 5370 est
3385 5326 3462 5370 ex

1962 2362 2254 2429 ponatur
2292 2355 2361 2413 in
2407 2354 2606 2414 collo*
2647 2355 2814 2431 ejuS,
2852 2363 2912 2416 et
2944 2356 3348 2433 projiciatur
3386 2356 3461 2415 in
3489 2371 3655 2476 [cirea
3669 2371 3756 2414 eoc-

3509 2446 3578 2476 um
