4300 6259
884 471 1005 536 320

1699 486 2049 535 mumulo
2090 485 2154 531 IN
2196 485 2337 533 cu.
2384 485 2428 531 n
2469 484 2745 531 scamus,
2786 504 2867 514 -
2908 486 3051 534 ΛΒΤ.
3095 487 3180 532 VH

886 664 1195 738 templum
1242 664 1379 733 hoc,
1428 661 1493 724 id
1541 668 1658 735 est,
1711 667 1981 724 mortem
2031 657 2374 721 violentam
2405 655 2458 718 A
2485 674 2682 736 gnum
2719 675 2732 719 :
2768 655 2927 720 Ecce
2967 657 3145 738 virgo
3193 657 3509 739 concipiet
3543 663 3605 719 et
3655 655 3858 738 pariet
3901 655 3976 717 si-

880 757 1040 819 mihi
1091 757 1443 834 inferendo,
1492 757 1771 832 solvetiS,
1822 756 2146 830 occidetis,
2196 754 2380 816 dissi-

878 856 1135 937 pabitiS,
1188 866 1252 919 et
1299 877 1336 919 a
1384 857 1780 918 naturalibus
1827 855 2147 936 juncturis
2198 871 2380 935 sepa-

880 955 1099 1017 rabitis
1146 974 1377 1038 corpus
1422 974 1659 1029 meum,
1702 955 1873 1036 quod
1918 961 2014 1015 θεῖ
2061 951 2376 1033 templum

879 1052 1066 1115 Verbi
1112 1055 1177 1116 in
1222 1072 1297 1117 eo
1340 1054 1705 1117 habitantis.
1748 1053 1816 1115 In
1861 1052 2154 1134 passione
2203 1051 2376 1113 enim

881 1153 1161 1215 solutum
1191 1161 1289 1215 θεῖ
1318 1172 1549 1236 corpus
1582 1151 1810 1215 Christi
1842 1151 1921 1212 ab
1960 1150 2174 1212 anima
2210 1149 2373 1230 ejuS,

2487 754 2670 816 lium.

2565 855 2896 915 Dixerunt
2935 874 3084 933 erqo
3120 857 3338 916 Judoei
3385 854 3720 917 irridentes
3767 861 3832 915 et
3880 871 3974 914 re·
4091 854 4155 908 20

2489 953 2795 1032 darguere
2862 953 3193 1034 cupientes
3266 953 3456 1016 verba
3520 952 3774 1026 Christi,
3835 970 3976 1033 quae

2488 1049 2824 1112 carnaliter
2862 1051 3315 1113 intellexerunt
3351 1053 3428 1114 de
3467 1051 3707 1133 templo
3743 1049 3854 1114 illo
3893 1051 3978 1112 la-

2489 1147 2695 1229 pide0,
2738 1148 3085 1213 inanimato
3132 1157 3195 1212 et
3236 1148 3596 1212 manufacto
3630 1168 3643 1212 :
3681 1151 3976 1219 Quadra-

879 1257 943 1313 et
972 1252 1227 1332 sanguis
1256 1271 1295 1314 a
1322 1269 1604 1334 corpore,
1622 1250 2044 1331 universaque
2070 1248 2380 1311 membro-
2480 1249 2669 1323 qima
2718 1257 2776 1307 ec
2828 1267 2940 1308 seoe
2997 1250 3194 1309 annis
3239 1249 3640 1326 aedificatum
3685 1257 3774 1308 est
3829 1257 3978 1308 tem-

883 1369 1025 1412 rum
1066 1368 1371 1432 compago
1414 1369 1544 1432 prae
1584 1349 1781 1412 nimia
1819 1348 2101 1430 corporis
2142 1348 2380 1409 disten·

885 1450 1056 1512 tione
1094 1449 1297 1512 soluta
1334 1456 1450 1510 est.
1485 1448 1744 1530 Propter
1781 1448 1951 1528 quod
1990 1446 2076 1509 ait
2117 1446 2183 1508 in
2219 1445 2380 1507 Psal-

593 1573 853 1622 122.m‚15.
888 1566 993 1610 mo
1026 1565 1037 1610 ε
1071 1546 1247 1610 Sicut
1284 1566 1448 1629 aqua
1487 1545 1734 1609 effusus
1778 1565 1943 1620 sum,
1987 1552 2051 1607 et
2094 1545 2380 1627 dispersa

622 1671 829 1717 mais.
888 1653 1038 1708 sunt
1082 1646 1295 1709 omnia
1351 1665 1490 1709 ossa
1548 1663 1729 1725 mea3
1780 1652 1844 1706 et
1893 1662 2133 1718 rursus,
2188 1644 2380 1706 Dinu-

886 1752 1294 1809 meraverunt
1335 1745 1550 1807 omnia
1592 1763 1733 1807 ossa
1772 1761 1930 1805 mea.
1965 1742 2175 1816 Porr0,
2207 1744 2378 1824 quod

2477 1349 2669 1422 plum
2726 1347 2840 1406 hoc
2897 1347 3271 1422 secundum,
3333 1366 3370 1408 a
3426 1346 3727 1409 Nehemia
3785 1351 3976 1426 atque
4027 1364 4226 1408 lesdam.

2489 1441 2851 1518 Zorobabel,
2905 1445 3432 1527 prophetantibus
3489 1445 3713 1526 Aggaeo
3759 1451 3824 1507 et
3871 1444 3976 1505 Za-
4001 1428 4218 1533 ²312.ng

2487 1541 2723 1604 charia.
2760 1541 3094 1625 Templum
3127 1562 3276 1607 vero
3316 1543 3596 1625 primum
3628 1562 3665 1605 a
3703 1542 3978 1607 Salomo—

2490 1658 2569 1702 ne
2617 1649 3073 1714 constructum,
3115 1642 3282 1705 intra
3327 1650 3570 1724 septem
3609 1660 3807 1706 annos
3855 1641 3978 1704 fuit
4017 1660 4222 1714 numu,

2488 1739 2897 1821 completum.
2932 1739 3136 1802 Verba
3164 1759 3314 1805 vero
3346 1748 3638 1824 praetacta
3675 1760 3802 1804 non
3831 1748 3980 1804 sunt
4005 1726 4066 1765 ³⁸·

886 1845 974 1906 ait
1001 1844 1310 1924 Salvator,
1338 1843 1595 1917 Solvite,
1630 1861 1756 1906 non
1797 1841 1953 1904 dicit
1988 1842 2378 1905 exhortando
2414 1846 2460 1907 B
2489 1838 2580 1900 sic
2628 1839 3060 1920 intelligenda,
3102 1841 3273 1920 quod
3320 1840 3515 1903 Judaei
3565 1841 3982 1921 quadraginta

885 1949 950 2004 θῖ
989 1941 1372 2004 licentiando
1410 1940 1593 2022 quasi
1641 1959 1773 2002 rem
1812 1939 2043 2003 bonam
2082 1957 2161 2002 ex
2201 1947 2379 2021 parte

886 2040 1281 2114 facientium,
1340 2039 1492 2121 quia
1557 2039 1907 2101 maximum
1966 2047 2101 2100 erat
2159 2056 2378 2120 pecca-

886 2146 1065 2220 tum3
1116 2139 1228 2200 sed
1288 2138 1791 2220 praenuntiando,
1841 2138 2162 2218 quomodo
2217 2137 2378 2200 dixit

608 2261 762 2304 Joann.
777 2272 856 2310 xm,
884 2239 963 2300 ad
991 2236 1213 2299 Judam
1253 2237 1317 2298 in
1360 2237 1569 2311 Coena,
1601 2235 1774 2308 Quod
1818 2234 1994 2309 faciS,
2028 2234 2127 2297 fac
2164 2234 2374 2298 citius.

592 2325 661 2369 ²⁷·
886 2335 1129 2397 Dicitur
1186 2342 1399 2397 autem
1462 2353 1693 2417 corpus
1750 2333 1981 2396 Christi
2045 2341 2109 2396 et
2165 2333 2378 2394 anima

884 2433 1047 2514 ejus,
1102 2452 1214 2496 seu
1274 2439 1400 2496 tota
1457 2451 1571 2493 sua
1628 2432 2009 2506 humanitaS,
2059 2431 2375 2513 templum

883 2532 1070 2594 Verbi
1113 2540 1174 2594 et
1214 2531 1407 2594 unitae
1440 2529 1697 2592 Deitatis
1742 2549 1755 2592 :
1796 2529 2027 2604 Primo,
2069 2530 2374 2611 quoniam

886 2629 1159 2692 Verbum
1204 2629 1327 2691 suit
1370 2629 1435 2690 in
1480 2629 1573 2690 eis
1617 2646 1732 2710 per
1774 2628 2200 2690 immediatam
2243 2646 2377 2711 per-

866 2717 1293 2810 sonalemque
1352 2727 1652 2790 unionem
1716 2745 1730 2788 ε
1795 2727 1965 2788 unde
2020 2728 2372 2789 secundum

592 2845 853 2898 colmano.
883 2827 1276 2909 Apostolum,
1310 2827 1374 2888 in
1422 2826 1669 2890 Christo
1711 2825 1950 2887 habitat
1991 2826 2200 2888 omnis
2241 2825 2377 2907 ple-

884 2927 1107 2989 nitudo
1160 2925 1517 2988 Divinitatis
1576 2923 2005 3005 corporaliter.
2057 2923 2369 2998 Secunde,

2487 1945 2549 1999 et
2597 1955 2706 1998 sex
2753 1938 2938 2000 annis
2989 1939 3288 2000 continue
3333 1938 3806 2001 fabricaverunt
3863 1939 3980 2002 hoc

2486 2035 2822 2118 templum,
2875 2038 2984 2098 sed
3041 2037 3194 2118 quia
3242 2057 3280 2099 a
3335 2044 3620 2119 tempore
3674 2057 3804 2120 quo
3859 2056 3983 2100 coe-

2489 2142 2740 2216 perunt,
2806 2152 3007 2216 usque
3064 2136 3142 2197 ad
3205 2136 3427 2218 templi
3488 2136 3982 2199 consummatio-

2487 2251 2650 2308 nem,
2684 2232 3012 2296 fluxerunt
3050 2241 3141 2297 tot
3175 2235 3348 2296 anni.
3383 2233 3506 2297 Sed
3553 2235 3810 2297 interim
3859 2233 3984 2296 fre-

2485 2338 2757 2413 quenter
2799 2332 3296 2408 retardabantur,
3340 2339 3402 2395 et
3441 2351 3607 2416 saepe
3649 2333 3980 2396 cessabant

2483 2431 2562 2492 ad
2613 2438 2865 2512 tempus
2915 2431 2995 2493 ab
3049 2431 3468 2495 {edificatione
3517 2432 3786 2515 incepta,
3837 2451 3982 2514 pro-

2485 2535 2626 2611 pter
2663 2528 2932 2609 gentiles
2966 2529 3206 2593 vicinos
3245 2536 3309 2592 et
3347 2530 3844 2612 prohibitionem
3885 2549 3982 2592 re-
4021 2549 4221 2593 nesam.

2482 2627 2601 2708 giS,
2625 2634 2692 2688 ut
2723 2634 2893 2709 patet
2923 2627 2986 2689 in
3021 2627 3185 2692 libro
3212 2627 3446 2691 Esdrae.
3466 2629 3515 2690 A
3549 2629 3754 2712 primo
3785 2629 3982 2710 siqui·
4009 2649 4220 2695 mati-s.

2484 2727 2629 2788 dem
2671 2744 2834 2789 anno
2878 2726 3019 2809 Cyri
3067 2727 3230 2808 regis
3274 2726 3618 2800 Persarum,
3652 2728 3758 2809 qui
3805 2728 3982 2790 dedit

2480 2824 2711 2887 Judaeis
2768 2824 3090 2888 licentiam
3138 2845 3177 2887 a
3221 2825 3560 2909 Babylonia
3619 2827 3979 2889 revertendi

2483 2928 2546 2984 et
2587 2923 2901 3005 templum
2939 2922 3322 3004 aedificandi‚
3365 2942 3570 3006 usque
3606 2925 3684 2986 ad
3725 2934 3976 2988 sextum
4007 2947 4220 2991 mamis.

881 3024 1185 3105 quoniam
1226 3023 1533 3086 habitavit
1576 3023 1642 3084 in
1688 3021 1778 3084 eis
1824 3041 1938 3105 per
1978 3022 2376 3085 excellentis·
2409 3023 2453 3087 C
2481 3039 2720 3083 annum
2763 3021 2928 3083 Darii
2962 3023 3148 3103 regis,
3183 3024 3436 3104 quando
3465 3032 3980 3086 consummatum

880 3123 1105 3184 simam
1135 3123 1423 3204 gratiam.
1458 3121 1687 3196 Tertio,
1721 3121 2025 3202 quoniam
2064 3121 2374 3186 habitavit

881 3221 946 3282 in
994 3221 1207 3282 anima
1262 3220 1493 3284 Christi
1554 3237 1668 3301 per
1715 3219 2085 3282 fruitionem
2136 3219 2369 3282 claram

876 3338 951 3382 ac
992 3318 1375 3381 beatificam.
1415 3317 1667 3392 Quarto,
1709 3318 1860 3398 quia
1902 3317 2069 3380 sicut
2107 3317 2173 3379 in
2215 3327 2374 3380 tem-

878 3417 987 3500 plo
1043 3417 1351 3479 materiali
1410 3417 1723 3480 orationes
1772 3415 2035 3479 Domino
2087 3414 2372 3479 offerun-

876 3524 1001 3590 tur,
1048 3521 1110 3577 et
1148 3515 1227 3576 ab
1277 3514 1416 3596 ipso
1465 3514 1943 3594 exaudiuntur;
1995 3514 2089 3576 sic
2148 3533 2368 3596 preces

876 3613 1172 3677 Ecclesiae
1230 3613 1641 3696 porriguntur
1697 3613 1821 3675 Dco
1878 3613 1945 3675 in
2004 3613 2252 3676 Christo
2309 3621 2371 3676 et

876 3731 990 3794 per
1046 3712 1388 3786 Christum,
1441 3730 1557 3794 per
1610 3729 1805 3793 quem
1864 3712 2050 3774 etiam
2111 3713 2372 3775 exaudi-

875 3819 1091 3874 untur.
1143 3814 1226 3873 E't
1275 3814 1345 3872 in
1396 3813 1601 3871 tribus
1646 3813 1897 3881 diebuS,
1947 3811 2010 3873 id
2059 3819 2156 3872 θεῖ
2205 3812 2371 3874 intra

873 3917 999 3972 tres
1059 3910 1193 3972 dies
1252 3909 1590 3983 naturaleS,
1644 3908 1939 3971 videlicet
1996 3909 2184 3971 tertia
2241 3910 2364 3985 die,

876 4016 1137 4090 repente
1174 4009 1481 4078 ewa-icabo,
1526 4007 1587 4068 id
1632 4014 1748 4080 est,
1790 4025 1827 4068 a
1868 4015 2068 4070 morte
2113 4007 2370 4070 suscita-

873 4107 979 4181 bo,
1012 4109 1211 4175 illud,
1250 4107 1525 4168 animam
1558 4104 1617 4167 ei
1656 4106 2024 4169 reuniendo.
2060 4105 2368 4169 Divinitas

2481 3126 2576 3180 est
2622 3119 2956 3202 templum,
3011 3119 3308 3201 leguntur
3363 3121 3512 3183 anni
3562 3123 3983 3204 quadraginta

2481 3236 2590 3279 sex
2627 3217 2911 3281 fluxisse.
2947 3218 3023 3280 Et
3059 3227 3269 3282 tamen
3313 3238 3438 3283 non
3477 3229 3574 3282 est
3611 3239 3841 3302 magna
3885 3221 3980 3284 vis

2482 3317 2853 3380 verificandi
2887 3318 3021 3380 haec
3055 3318 3247 3381 verba
3271 3319 3640 3395 Judaeorum,
3676 3319 3787 3402 qui
3819 3321 3983 3383 mul-

2480 3422 2542 3476 ta
2591 3415 2749 3478 salsa
2801 3416 3099 3479 dixerunt
3151 3419 3471 3498 arguendo
3525 3425 3742 3482 contra
3793 3419 3980 3482 Chri-

2481 3520 2671 3576 stum.
2699 3517 2782 3576 Et
2818 3525 2888 3576 tu
2927 3517 3000 3577 in
3043 3517 3248 3577 tribus
3288 3519 3512 3577 diebus
3549 3519 3883 3586 excitabis,
3915 3518 3978 3580 id

2478 3620 2595 3686 θεῖ,
2631 3614 2908 3677 solutum
2951 3633 3064 3676 seu
3102 3613 3476 3696 dissipatum
3521 3615 3872 3698 reparabis,
3907 3620 3981 3677 il-

2480 3714 2639 3772 lud?
2667 3711 2848 3793 quasi
2881 3712 3093 3774 dicant
3119 3712 3282 3776 :Hoc
3315 3713 3428 3775 tibi
3463 3714 3862 3796 impossibile
3891 3735 3982 3778 es-

2479 3818 2593 3884 set,
2646 3829 2845 3891 quum
2898 3812 3124 3873 domus
3169 3811 3302 3874 haec
3339 3812 3422 3874 sit
3467 3820 3641 3876 tanto
3689 3821 3978 3896 tempore

2477 3907 2851 3970 fabrificata.
2889 3908 3141 3972 Certum
3182 3917 3298 3984 est,
3343 3911 3395 3972 si
3435 3910 3721 3974 Christus
3759 3923 3978 3996 aperte

2476 4007 2758 4082 dixisset,
2811 4006 2877 4069 In
2929 4007 3133 4070 tribus
3178 4009 3402 4071 diebus
3454 4028 3800 4092 resurgam,
3851 4013 3974 4086 vel,

2475 4104 2884 4169 Resuscitabo
2927 4124 3158 4189 corpus
3199 4125 3434 4181 meum,
3466 4110 3640 4190 quod
3680 4129 3806 4174 non
3843 4131 3978 4174 cre—

873 4204 1045 4267 enim
1077 4203 1311 4266 mansit
1340 4221 1594 4285 semper
1628 4203 1803 4265 unita
1842 4204 2093 4286 corpori
2130 4200 2195 4266 et'
2232 4205 2370 4267 ani-
2399 4208 2446 4269 D
2476 4203 2804 4278 didissent,
2852 4205 2960 4266 sed
3005 4205 3396 4268 derisissent.

874 4321 995 4366 mae
1038 4302 1293 4366 Christi.

980 4400 1087 4462 His
1145 4400 1356 4464 verbis
1416 4399 1693 4463 ostendit
1755 4416 1821 4461 se
1880 4399 2169 4462 Christus
2229 4419 2366 4465 esse

874 4498 1069 4561 Deum
1126 4498 1649 4581 omnipotentem,
1711 4497 1814 4559 cui
1874 4498 2089 4560 omnia
2146 4498 2362 4562 licent.

871 4595 1023 4658 Nam
1074 4615 1141 4659 se
1190 4597 1398 4679 ipsum
1457 4596 1833 4659 resuscitare
1880 4615 1917 4658 a
1965 4606 2187 4671 morte,
2241 4617 2365 4662 non

871 4697 1175 4778 competit
1216 4695 1341 4758 nisi
1386 4695 1509 4758 Deo
1556 4694 1816 4778 mortalit
1850 4701 2074 4757 natura
2117 4696 2362 4760 induto.

868 4792 1085 4856 Merito
1130 4801 1341 4856 autem
1403 4792 1743 4876 perversiS,
1798 4791 2107 4855 induratis
2167 4793 2370 4854 incre-

870 4891 1167 4973 dulisque
1193 4891 1446 4964 Judaeis,
1481 4893 1666 4953 datur
1703 4891 1958 4971 signum
1995 4890 2364 4966 obscurum,

871 4990 1424 5052 rememorativum
1493 4989 1816 5070 praeteriti,
1882 4989 2047 5050 sicut
2106 4996 2170 5050 et
2235 4990 2368 5070 regi

870 5084 1075 5149 Achaz
1123 5086 1393 5168 ejusque
1432 5087 1670 5169 populo
1720 5086 1937 5148 datum
1978 5093 2072 5148 est
2113 5086 2369 5167 signum

870 5183 1103 5248 futurae
1140 5186 1614 5260 incarnationiS‚
1653 5193 1721 5247 ut
1757 5185 1820 5246 in
1851 5184 2007 5246 Isaia
2047 5185 2318 5247 habetur
2351 5203 2364 5247 ε

589 5302 656 5348 ιε.
682 5315 752 5354 vn,
775 5305 840 5348 u.
873 5282 1131 5366 Propter
1170 5285 1291 5348 hoc
1330 5285 1504 5348 dabit
1542 5285 1845 5348 Dominus
1885 5283 2023 5366 ipse
2066 5283 2244 5348 vobis
2285 5283 2371 5346 si-

2556 4305 2679 4362 Ille
2724 4312 2942 4363 autem
2987 4305 3260 4377 dicebat,
3316 4303 3378 4367 id
3426 4311 3543 4377 est,
3586 4304 3766 4368 Jesus
3819 4326 3976 4389 prae-
4093 4314 4148 4367 21

2477 4401 2645 4462 dicta
2687 4400 2876 4462 verba
2926 4399 3260 4475 intellexit,
3303 4405 3382 4464 de
3423 4408 3654 4481 templo
3690 4409 3976 4483 corporis

2475 4501 2605 4567 sui,
2647 4499 2713 4561 id
2751 4507 2846 4561 est
2884 4499 2961 4561 de
3005 4518 3270 4581 corpore
3318 4502 3597 4584 proprio,
3642 4504 3814 4583 quod
3853 4502 3976 4566 fuit

2481 4596 2790 4677 templum
2819 4596 3201 4659 Divinitatis.
3234 4597 3407 4670 Quod
3440 4599 3634 4680 igitur
3661 4601 3750 4662 ait
3779 4601 3977 4665 Evan-

2474 4695 2720 4776 gelista‚
2748 4695 2829 4757 De
2859 4696 3098 4778 templo
3127 4697 3411 4779 corporis
3443 4698 3564 4770 sui,
3593 4702 3972 4762 sumendum

2477 4801 2572 4855 θεῖ
2619 4793 3041 4867 intransitive,
3095 4795 3262 4856 sicut
3307 4797 3384 4858 ad
3435 4795 3834 4860 Colossenses
3884 4799 3974 4861 di-

2478 4891 2564 4953 cit
2619 4891 2979 4974 Apostolus,
3042 4891 3109 4954 ln
3173 4893 3632 4975 exspoliatione
3688 4897 3970 4978 corporis
4025 4913 4210 4956 cozan-a.

2478 4989 2708 5064 carnia,
2743 4990 2861 5052 hoc
2899 4999 2996 5052 θεῖ
3034 4991 3320 5074 corporis
3353 4993 3524 5073 quod
3561 5001 3659 5054 θεῖ
3695 5012 3862 5057 caro.
3897 5030 3970 5040 -—
3999 4979 4056 5018 ¹¹·

2477 5086 2620 5150 Haec
2660 5088 2853 5150 verba
2897 5088 3145 5152 Domini
3184 5089 3353 5163 Jesu‚
3396 5098 3737 5153 tenuerunt
3774 5091 3972 5155 Judaei

2479 5185 2865 5261 memoriter,
2917 5195 3221 5269 tanquam
3279 5188 3438 5251 falsa
3485 5189 3747 5271 prolata.
3801 5190 3974 5253 Unde

2479 5291 2542 5346 et
2580 5285 2645 5347 in
2687 5294 2869 5349 nocte
2907 5287 3244 5367 passionis,
3285 5295 3614 5370 surgentes
3665 5289 3791 5353 duo
3829 5288 3974 5353 falsi
