4300 6259
1209 510 1559 557 mantuano
1601 509 1666 556 m
1706 509 1845 557 GAP.
1892 509 1915 556 1
1953 508 2229 557 JOANMS.
2273 529 2354 539 —-
2395 509 2536 555 Am.
2582 509 2623 553 V

3349 483 3470 549 297

352 682 657 759 stodiam,
705 685 856 747 dum
899 685 1272 749 consisteret
1315 694 1606 767 peccator
1646 688 1865 750 adver·
1894 680 1941 743 Α
2054 685 2140 743 Ει
2181 682 2358 742 dimit
2396 702 2419 741 .·
2461 682 2606 745 Non
2649 702 2794 743 sum
2839 678 3007 742 Elias
3059 680 3124 765 in
3176 695 3465 760 persona,

352 798 509 843 sum
551 801 694 863 me;
735 784 1051 859 obmutui,
1085 792 1149 847 et
1187 785 1559 848 humiliatus
1602 806 1767 861 sum,
1802 794 1865 848 et

348 880 511 943 silui
554 900 591 943 a
640 881 873 963 bonis),
923 903 1252 965 nunquam
1302 893 1513 948 tamen
1564 886 1713 947 licet
1762 905 1864 949 ve-

350 980 611 1042 ritatem
661 1000 909 1063 negare,
944 984 1239 1065 quamvis
1280 984 1477 1066 possit
1520 984 1861 1066 aliquando

348 1079 463 1159 pia
522 1082 769 1143 cautela
823 1081 1149 1145 abscondi.
1203 1086 1290 1147 Ec
1336 1085 1659 1160 confessus
1705 1095 1795 1146 est
1837 1106 1859 1145 .·

351 1181 554 1251 Quia,
590 1179 653 1241 id
698 1188 793 1241 est
834 1182 1028 1262 quod,
1061 1200 1189 1243 non
1227 1202 1371 1243 sum
1409 1202 1519 1259 eyo
1554 1184 1860 1251 Christus,

348 1277 415 1338 id
470 1285 567 1339 est
613 1298 739 1342 non
785 1279 1003 1360 judex,
1047 1299 1174 1343 non
1226 1300 1519 1363 sponsus,
1564 1300 1689 1343 non
1732 1280 1861 1343 Sal-

348 1383 557 1450 vator,
593 1396 721 1439 non
754 1378 1120 1459 unigenitus
1151 1377 1348 1440 Filius
1377 1379 1509 1453 Dei,
1543 1381 1651 1442 sed
1682 1380 1862 1443 Chri-

348 1475 433 1536 sti
490 1476 803 1550 minister,
847 1476 1084 1558 judicis
1136 1496 1363 1560 praeeo,
1411 1479 1626 1560 sponsi
1679 1498 1859 1560 para-

348 1575 703 1656 nymphuS‚
746 1574 1087 1639 Salvatoris
1139 1596 1513 1658 praecursor,
1555 1577 1696 1639 Filii
1748 1579 1854 1640 Dei

344 1672 673 1735 minister.
724 1673 1091 1737 Sacerdotes
1149 1694 1298 1756 ergo
1359 1677 1566 1758 primo
1623 1677 1855 1758 quaesi-

346 1779 543 1834 erunt
588 1773 889 1854 explicite
931 1773 1032 1836 vel
1074 1774 1296 1837 saltem
1342 1774 1653 1857 implicite
1690 1795 1726 1838 a
1760 1777 1858 1841 1ο-

1973 781 2127 863 quia
2165 800 2290 844 non
2332 781 2499 845 idem
2540 782 2749 844 homo.
2781 781 3050 843 Joannes
3088 786 3298 840 tamen
3343 778 3470 840 diei

1974 888 2181 962 potest
2229 880 2416 953 Elias,
2472 886 2730 962 propter
2787 878 3274 941 similitudinem
3327 894 3472 959 ope-

1972 980 2256 1053 rationiS,
2291 979 2670 1061 parilitatem
2706 976 2930 1051 officii,
2966 975 3470 1039 conformitatem

1972 1077 2492 1154 conversationiS,
2545 1076 2892 1140 sanctitatis
2941 1084 3004 1138 et
3047 1076 3265 1155 gratiae
3321 1094 3469 1137 cum

1971 1177 2127 1239 Elia.
2171 1176 2493 1240 Praeeessit
2541 1176 2712 1239 enim
2760 1176 3039 1257 primum
3085 1174 3314 1238 Christi
3363 1175 3469 1235 ad-

1971 1284 2256 1351 ventum,
2309 1276 2475 1338 sicut
2523 1276 2632 1337 ille
2693 1276 3003 1358 praecedet
3061 1274 3462 1353 secundum;

1972 1377 2292 1457 redarguit
2345 1375 2654 1438 Herodem
2703 1383 2766 1437 et
2811 1374 3246 1448 Herodiadem,
3301 1372 3465 1435 sicut
3491 1392 3757 1444 notemur,

1971 1474 2079 1536 ille
2110 1475 2323 1537 Achab
2363 1483 2424 1536 et
2453 1474 2728 1553 Jezahe13
2765 1482 3034 1554 uterque
3070 1472 3367 1551 eremita3
3401 1480 3464 1533 et
3490 1459 3754 1573 fluum...

1970 1572 2035 1635 in
2078 1574 2222 1635 aliis
2267 1572 2486 1635 multis
2535 1572 2943 1636 conveniunt.
2987 1570 3248 1652 Propter
3289 1572 3460 1652 quod
3489 1584 3638 1625 20-24.

1966 1672 2055 1734 ait
2102 1672 2386 1735 Christus
2435 1671 2767 1753 discipulis
2811 1689 2824 1733 :
2868 1670 3034 1733 Elias
3081 1670 3210 1751 jam
3263 1670 3456 1745 venit,
3489 1679 3756 1731 uanam,

1968 1780 2029 1835 et
2073 1772 2125 1834 si
2172 1771 2362 1834 vultis
2401 1771 2584 1845 scire,
2626 1770 2893 1834 Ioannes
2945 1769 3081 1851 ipse
3127 1778 3223 1831 est
3268 1768 3456 1831 Elias.
3493 1746 3638 1795 “³⁸¹⁸
3665 1745 3728 1786 ¹⁴·

345 1890 542 1944 anne,
591 1892 672 1934 an
723 1880 891 1935 esset
939 1873 1246 1937 Christus.
1300 1875 1541 1939 Idcirco
1586 1876 1854 1939 Joannes
1892 1870 2127 1934 BHine
2191 1870 2440 1933 Gabriel
2501 1871 2578 1932 de
2626 1870 2862 1932 Joanne
2914 1869 3207 1951 praedixit
3257 1888 3271 1931 :
3321 1868 3462 1951 Ipse
3521 1886 3756 1937 Lue.1‚¹7.

348 1972 685 2053 respondit
734 1972 835 2035 vel
895 1974 972 2035 ad
1023 1973 1239 2047 verba,
1291 1974 1390 2037 vel
1446 1976 1525 2037 ad
1574 1983 1853 2037 mentem

350 2088 601 2133 eorum.

151 2166 211 2221 21
453 2172 543 2231 Et
600 2170 1166 2248 interroyaverunt
1212 2192 1359 2232 eum
1410 2194 1433 2232 .·
1484 2174 1658 2241 Quid
1708 2193 1855 2250 erqo

346 2270 459 2331 632
500 2275 565 2329 et
603 2268 763 2349 quid
805 2272 1041 2331 restat?
1080 2272 1263 2331 Elias
1294 2290 1357 2330 es
1389 2274 1511 2331 tu?
1548 2270 1858 2333 Putabant

345 2374 566 2429 autem
603 2367 800 2429 Judaei
841 2368 1143 2430 Joannem
1183 2385 1323 2430 esse
1358 2368 1637 2449 aliquem
1673 2370 1854 2432 valde

344 2484 679 2547 magnum.
713 2465 920 2539 Quum
962 2486 1111 2547 ergo
1149 2468 1474 2530 audissent
1512 2469 1681 2549 quod
1726 2488 1852 2531 non

342 2572 515 2627 esset
585 2564 895 2639 ChristuS,
958 2566 1256 2629 sciscitati
1326 2575 1479 2629 sunt
1544 2586 1622 2629 an
1687 2576 1852 2629 esset

342 2661 539 2735 Elias,
582 2662 694 2743 qui
747 2661 871 2724 fuit
920 2682 1086 2725 unus
1136 2664 1213 2725 de
1263 2664 1558 2726 maximis
1608 2664 1850 2727 Sanctis

342 2762 585 2823 veteris
614 2760 1021 2823 Testamenti.
1055 2761 1247 2824 Multa
1276 2782 1426 2826 vero
1465 2764 1853 2827 induxerunt

343 2860 707 2921 sacerdotes
768 2867 961 2941 atque
1015 2860 1261 2923 Judaeos
1322 2862 1399 2923 ad
1457 2863 1849 2943 opinandum

68 2968 309 3079 „Lffiss'ffff
341 2960 519 3040 quod
563 2958 834 3022 Joannes
878 2966 1043 3021 esset
1086 2958 1273 3034 Elias,
1318 2960 1561 3022 scilieet
1594 2980 1607 3023 ε
1644 2960 1853 3024 solita-

68 3100 103 3143 4;
122 3102 196 3148 liv,
216 3104 257 3141 4.

70 3160 207 3241 mia-9
212 3176 309 3213 ιιιιι
340 3164 569 3219 eontra
606 3156 941 3220 Herodem.
975 3155 1201 3218 Omnia
1237 3156 1409 3219 enim
1453 3158 1587 3221 haec
1621 3157 1686 3220 in
1717 3157 1851 3221 Elia

68 3222 307 3343 ΞῘῘῘΠΗᾸᾞῙ
337 3254 633 3317 fuerunt.
659 3255 837 3329 item,
870 3256 1173 3336 quoniam
1207 3256 1517 3318 adventus
1547 3255 1699 3320 Eliae
1729 3256 1851 3319 fuit

70 3355 307 3457 223¹&
335 3354 575 3416 Judaeis
620 3354 974 3436 promissus
1018 3372 1134 3436 per
1168 3354 1556 3417 Malachiam.
1591 3354 1852 3437 Propter

70 3478 154 3522 aa.
239 3429 267 3457 '¹
296 3449 307 3463 '
338 3452 519 3533 quod
552 3451 853 3534 discipuli
886 3452 1189 3515 dixerunt
1217 3453 1485 3527 Christo,
1509 3454 1680 3535 apud
1710 3453 1851 3517 Mat·

72 3564 309 3617 maecham,
340 3550 587 3612 thaeum
622 3568 635 3612 ε
672 3549 993 3623 Quomodo
1043 3550 1265 3613 dicunt
1312 3538 1633 3625 Pharisaei,
1677 3553 1847 3633 quod

72 3630 307 3735 ffigf'm·
342 3646 547 3710 Eliam
581 3655 834 3730 oportet
872 3648 1050 3730 prius
1092 3650 1353 3712 venire?
1385 3648 1502 3712 Sed
1545 3651 1847 3731 quoniam

336 3747 444 3808 isti
494 3746 696 3809 Judaei
746 3747 1035 3809 sciebant
1077 3748 1380 3811 Joannem
1434 3766 1573 3810 esse
1624 3748 1850 3813 Zacha-

338 3846 451 3908 riae
494 3844 713 3907 filium
758 3853 951 3926 atque
993 3845 1339 3921 Elisabeth,
1383 3846 1550 3908 circa
1590 3846 1849 3927 triginta

334 3964 543 4009 annos
606 3945 970 4019 habentem,
1027 3946 1193 4007 intra
1252 3964 1413 4027 quos
1469 3964 1546 4007 ex
1606 3945 1845 4008 infante

335 4043 545 4105 crevit
588 4043 657 4105 in
700 4043 936 4117 virum,
972 4044 1209 4105 mirum
1253 4051 1348 4105 est
1391 4044 1711 4125 quomodo
1754 4043 1849 4106 in-

333 4150 847 4225 terrogaverunt,
879 4162 960 4203 an
998 4142 1267 4205 Joannes
1305 4149 1472 4204 esset
1510 4142 1697 4213 Elias,
1731 4143 1843 4225 qui

1968 1971 2280 2052 praeeedet
2315 1977 2462 2032 ante
2511 1969 2695 2031 illum
2739 1969 2803 2030 in
2855 1968 3080 2050 spiritu
3130 1975 3192 2030 et
3229 1968 3462 2030 virtute

1965 2068 2138 2131 Eliae.

2034 2167 2248 2259 Tertio¹
2272 2166 2695 2247 quaesierunt:
2719 2168 3044 2243 Propheta
3072 2186 3135 2226 63
3167 2166 3314 2226 tu?*
3341 2165 3464 2227 Ali-
3529 2174 3549 2193 ⁶
3578 2172 3662 2247 [Β]
3687 2184 3755 2216 ’'⁶-

1964 2266 2077 2347 qui
2123 2265 2366 2338 dicunt,
2399 2266 2570 2346 quod
2615 2266 2970 2327 sacerdotes
3012 2264 3118 2326 isti
3163 2282 3278 2345 per
3322 2284 3461 2346 pro-
3485 2235 3667 2355 Ἐπ’
3699 2251 3716 2279 “’

1966 2364 2244 2447 phetam,
2290 2364 2738 2426 intellexerunt
2782 2383 2907 2427 non
2953 2362 3311 2444 simplicem
3357 2382 3462 2425 va-

1963 2471 2107 2537 tem,
2128 2466 2237 2526 sed
2268 2463 2643 2545 Prophetam
2672 2465 3010 2545 quemdam
3044 2462 3454 2544 praecipuum,

1910 2566 1915 2572 ”
1964 2562 2145 2624 illum
2188 2561 2482 2625 videlieet
2521 2563 2598 2623 de
2641 2580 2769 2644 quo
2814 2561 3048 2643 Moyses
3092 2561 3348 2643 scripsit
3391 2561 3456 2622 in

1962 2660 2451 2724 Deuteronomio
2495 2679 2508 2723 :
2551 2660 2925 2741 Prophetam
2975 2660 3305 2722 suscitabit
3355 2678 3460 2722 vo·
3485 2680 3744 2727 Daunum,

1962 2759 2061 2822 bis
2100 2759 2403 2823 Dominus
2445 2761 2521 2821 de
2563 2758 2862 2821 fratribus
2895 2760 3118 2821 vestris
3157 2766 3458 2841 tanquam
3488 2743 3750 2849 {2⁴⁶‘·¹¹¹·

1962 2876 2084 2920 me.
2124 2857 2196 2920 Et
2229 2858 2470 2931 dicunt,
2504 2859 2674 2939 quod
2702 2857 2898 2920 Judaei
2935 2876 3048 2939 per
3087 2858 3278 2920 istum
3318 2857 3462 2921 Pro-

1964 2957 2242 3038 phetam,
2305 2956 2756 3019 intellexerunt
2816 2974 2942 3019 non
3007 2956 3217 3038 ipsum
3280 2956 3458 3019 Chri-

297 3057 439 3119 ’ria
497 3056 652 3129 vita,
716 3056 953 3119 duritia
1010 3057 1306 3133 vestium,
1360 3058 1533 3121 zelus
1590 3059 1851 3139 justitiae
1889 3054 1934 3120 C
1964 3062 2154 3129 stum,
2200 3057 2307 3117 sed
2357 3055 2497 3136 ejus
2549 3073 3025 3137 praecursorem.
3073 3055 3199 3119 Hoc
3247 3062 3458 3117 autem

1964 3172 2089 3216 non
2123 3154 2374 3216 videtur
2411 3154 2870 3217 rationabiliter
2899 3154 3161 3216 dictum.
3194 3153 3460 3217 Ioannes

1963 3253 2132 3315 enim
2183 3253 2643 3334 respondendo,
2679 3254 2834 3315 dicit
2875 3272 2942 3315 se
2983 3272 3107 3316 non
3149 3271 3287 3315 6336
3323 3252 3462 3317 Pro-

1964 3352 2218 3433 phetam
2271 3352 2454 3413 illum
2503 3353 2581 3414 de
2628 3372 2758 3434 quo
2806 3352 2930 3434 ipsi
2982 3352 3352 3433 loquuntur.
3396 3351 3456 3414 Si

1962 3450 2156 3531 igitur
2205 3451 2324 3533 ipsi
2390 3452 2644 3514 nomine
2700 3452 3043 3533 prophetae,
3097 3450 3460 3531 intelligunt

1960 3549 2338 3631 Prophetam
2373 3550 2554 3612 illum
2593 3550 3010 3632 praecipuum,
3041 3548 3267 3613 Christi
3302 3567 3457 3631 prae-

1960 3666 2297 3723 cessorem,
2343 3654 2598 3728 negaret
2641 3666 2708 3709 se
2754 3666 2892 3709 esse
2940 3649 3111 3728 quod
3150 3648 3457 3710 veraciter

1960 3755 2112 3808 erat.
2144 3746 2220 3809 Et
2263 3748 2314 3808 si
2355 3747 2500 3828 quis
2547 3747 2732 3819 dicat,
2767 3747 2936 3827 quod
2983 3754 3167 3827 negat
3208 3765 3276 3808 se
3318 3764 3456 3809 esse

1961 3844 2141 3907 illum
2179 3844 2554 3927 Prophetam
2585 3847 2662 3908 de
2702 3864 2830 3927 quo
2862 3845 3255 3927 praeallegata
3294 3844 3456 3907 Seri-

1962 3952 2147 4026 ptura
2177 3945 2482 4026 loquitur,
2515 3964 2658 4025 quae
2687 3944 2762 4006 ad
2796 3944 3066 4007 litteram
3099 3944 3457 4025 intelligen-

1959 4042 2037 4103 da
2078 4050 2176 4103 est
2218 4043 2294 4104 de
2334 4042 2602 4117 Christo,
2635 4049 2790 4105 tunc
2832 4042 3159 4125 responsio
3198 4038 3484 4107 Joannis’

1960 4158 2084 4203 non
2136 4140 2494 4204 absolveret
2540 4141 2954 4222 quaestionem
3015 4141 3455 4223 interroganti-

92 4254 301 4311 wlcan,
336 4260 452 4323 per
494 4248 587 4304 tot
634 4248 935 4303 centenos
974 4258 1171 4302 annos
1224 4239 1563 4301 translatus
1612 4239 1734 4302 fuit
1778 4241 1839 4303 in
1876 4241 1924 4304 D
1960 4257 2065 4300 um
2100 4257 2113 4301 ε
2152 4238 2280 4302 11110
2311 4239 2448 4321 ipse
2479 4247 2540 4301 et
2572 4239 2664 4301 illi
2697 4239 3054 4303 laborarent
3084 4240 3148 4302 in
3181 4242 3456 4323 aequivo-

70 4318 303 4424 :Jf‘zdoeh
334 4340 733 4421 paradisum,
778 4346 842 4401 et
886 4339 1206 4400 rediturus
1258 4346 1353 4401 est
1402 4338 1469 4400 in
1519 4337 1722 4401 forma
1771 4359 1844 4403 66

330 4447 501 4502 statu
536 4438 731 4502 virili.
765 4436 838 4500 Et
876 4438 1414 4520 respondendum,
1450 4439 1619 4518 quod
1658 4440 1843 4500 multi

324 4537 695 4601 Judaeorum
742 4536 921 4611 tunc,
952 4536 1117 4598 sicut
1158 4544 1222 4597 et
1264 4554 1457 4610 nunc,
1492 4544 1843 4618 posuerunt

326 4637 581 4698 animas
635 4634 1135 4716 transcorporari
1190 4654 1203 4697 z
1256 4634 1479 4715 sieque
1528 4634 1841 4697 aestimare

327 4741 628 4817 poterant
670 4734 843 4815 quod
879 4732 1149 4796 Ioannes
1190 4741 1355 4795 esset
1398 4730 1561 4795 Elias
1606 4733 1669 4794 in
1715 4734 1839 4797 alio

326 4850 622 4915 corpore,
676 4830 844 4893 sicut
895 4838 957 4893 et
1016 4831 1479 4914 multi-eorum
1540 4832 1839 4894 dixerunt

76 4938 295 4995 Nun-tm.
324 4932 503 5012 quod
555 4928 720 4991 Elias
767 4936 935 4991 esset
981 4928 1271 5003 PhineeS,
1323 4936 1581 5011 propter
1628 4929 1835 4992 zelum

66 5002 295 5116 3311οῗξῇ
326 5030 672 5109 utriusque
720 5035 938 5090 eontra
987 5026 1265 5107 iniquos.
1304 5026 1433 5099 Vel,
1484 5027 1647 5089 sicut
1696 5028 1841 5109 qui-

323 5128 471 5190 dam
522 5126 825 5189 dixerunt
871 5125 1083 5187 Jesum
1131 5142 1270 5185 esse
1318 5124 1541 5197 Eliam‚
1595 5124 1834 5207 aliique

316 5225 687 5301 Jeremiam,
718 5230 831 5285 aut
870 5242 1069 5285 unum
1101 5241 1179 5285 ex
1217 5222 1569 5305 ProphetiS,
1605 5224 1696 5287 sic
1727 5225 1827 5287 isti

318 5324 727 5388 aestimabant
768 5323 847 5385 de
887 5322 1144 5386 Joanne.

1956 4336 2067 4399 cis.
2094 4338 2192 4399 Illi
2232 4340 2426 4412 enim,
2462 4340 2812 4401 secundum
2854 4339 3027 4414 istoS,
3063 4340 3453 4421 quaesierunt

1953 4455 2031 4498 an
2096 4443 2263 4499 esset
2330 4438 2691 4520 praecipuus
2759 4437 3069 4521 Propheta
3129 4438 3447 4502 Christum

1956 4554 2414 4617 praeeessurus3
2454 4546 2516 4599 et
2560 4537 2718 4619 ipse,
2751 4538 3101 4599 seeundum
3148 4538 3322 4613 istos,
3359 4556 3454 4599 re-

1954 4634 2211 4715 spondit
2269 4654 2336 4697 se
2387 4654 2510 4698 non
2569 4654 2707 4697 esse
2763 4635 3137 4719 Prophetam
3187 4638 3264 4698 de
3321 4656 3450 4718 quo

1950 4732 2188 4815 Moyses
2221 4733 2525 4814 loquitur,
2560 4735 2912 4796 secundum
2941 4735 3292 4809 veritatem,
3328 4736 3450 4797 sci-

1952 4831 2121 4905 lieet,
2157 4832 2327 4913 quod
2371 4849 2496 4894 non
2528 4840 2693 4894 esset
2723 4832 3008 4895 Christus
3044 4852 3057 4895 :
3093 4833 3314 4915 sicque
3351 4833 3445 4896 illi

1952 4947 2065 5010 per
2109 4930 2504 5011 prophetam,
2545 4929 2971 5011 intelligerent
3012 4931 3208 4993 alium
3253 4951 3446 5014 quam

1946 5027 2237 5091 Ioannes.
2289 5028 2420 5091 Imo
2479 5028 2571 5091 sic
2629 5028 2958 5110 responsio
3017 5028 3135 5091 ista
3190 5030 3444 5094 Joannis

1950 5146 2075 5189 non
2128 5125 2416 5188 differret
2463 5146 2500 5188 a
2550 5126 2774 5209 prima,
2819 5146 2945 5209 qua
2993 5146 3062 5189 se
3109 5128 3268 5190 dixit
3317 5149 3442 5194 non

1946 5243 2085 5287 esse
2124 5223 2466 5300 Christum,
2500 5244 2699 5308 quum
2737 5232 2946 5288 tamen
2977 5226 3244 5290 Joannes
3284 5229 3446 5310 opti-

1946 5342 2049 5386 me
2095 5323 2288 5385 sciret
2325 5324 2496 5405 quod
2541 5325 2894 5387 sacerdotes
2937 5324 3004 5388 in
3049 5326 3234 5389 tertia
3271 5346 3443 5409 quae-
