4300 6259
1216 521 1567 569 mammo
1607 521 1671 568 m
1712 519 1851 566 car.
1898 522 1937 566 v
1977 521 2252 568 somnis.
2299 541 2378 552 —
2420 522 2563 574 Aur.
2609 523 2720 569 xm
3392 505 3514 570 367

384 692 805 772 operationis
837 693 1252 777 principium,
1286 694 1578 775 sequitur
1607 695 1779 776 quod
1808 692 1917 756 Pa·
1943 691 1993 754 Α
2026 693 2245 769 sentis,
2298 693 2762 776 perfectissime
2817 713 3074 777 quoque
3131 695 3508 775 conjunctae,

386 789 533 850 tris
582 799 645 852 et
691 791 834 854 Filii
888 792 971 854 sit
1013 812 1139 855 una
1186 800 1410 854 natura
1458 812 1471 856 :
1520 812 1646 855 una
1695 793 1915 873 utique
2025 792 2232 874 palam
2290 795 2462 875 quod
2529 794 2784 858 dilectio
2842 795 3036 856 trium
3099 793 3515 858 Personarum

390 905 709 964 numero,
750 909 877 954 non
924 909 1159 973 genere
1196 892 1296 954 vel
1346 891 1581 974 specie,
1624 892 1777 973 quia
1825 890 1918 952 di-
2022 892 2100 953 ad
2140 891 2419 954 invicem
2461 891 2545 954 sit
2593 910 2740 954 vere
2789 893 3116 956 immensas
3156 893 3516 955 dulcedinis

389 985 571 1049 vina
619 995 843 1051 natura
889 990 1305 1073 multiplicari
1353 1009 1478 1053 non
1528 997 1753 1072 potest.
1803 989 1918 1051 Per
2026 989 2426 1072 infinitaque
2483 991 2678 1072 pacis.
2715 991 2786 1053 Εἰ
2847 991 3050 1064 dulce,
3099 999 3386 1054 sanctum
3445 1009 3518 1052 ac

394 1083 541 1148 hoc
604 1104 753 1150 vero
801 1090 973 1170 quod
1016 1089 1333 1164 subditur,
1386 1087 1691 1151 Similiter
1741 1087 1913 1162 facit,
2026 1087 2336 1152 deiforme
2379 1097 2494 1164 est,
2530 1089 2650 1154 hoc
2699 1109 2870 1152 nunc
2916 1088 3197 1152 fideliter
3238 1097 3521 1153 contem-

393 1190 593 1264 patet
647 1186 820 1266 quod
875 1186 1055 1249 Pater
1110 1197 1411 1269 operatur
1472 1206 1586 1271 per
1635 1186 1917 1248 Verbum
2028 1187 2212 1268 plari,
2274 1188 2520 1250 sincere
2576 1188 2926 1271 adspicere,
2987 1196 3179 1270 atque
3246 1189 3312 1250 in
3372 1206 3522 1251 con·-

394 1299 533 1344 seu
583 1282 835 1360 Filium,
888 1305 1016 1348 non
1066 1286 1231 1349 sicut
1282 1286 1509 1349 artifex
1568 1304 1682 1369 per
1729 1285 1920 1347 mini-
2026 1286 2438 1368 templatione
2469 1295 2593 1348 tam
2623 1287 2747 1349 alta
2789 1287 3150 1351 cordialiter
3193 1286 3393 1362 affici,
3429 1287 3523 1350 di-

396 1388 625 1443 strum
656 1383 757 1445 vel
788 1383 1308 1460 instrumentum,
1342 1387 1451 1448 sed
1482 1385 1646 1447 sicut
1674 1385 1917 1446 amicus
2028 1384 2192 1448 vinae
2234 1384 2608 1448 beatitudini
2653 1385 3096 1467 congratulari,
3141 1405 3178 1447 a
3225 1386 3518 1448 sensibus

398 1498 539 1561 per
568 1481 867 1556 amicum,
902 1502 1012 1546 rex
1043 1503 1159 1566 per
1196 1501 1432 1565 regem,
1455 1485 1649 1565 judex
1683 1501 1797 1565 per
1822 1483 1919 1564 ju-

2028 1483 2187 1564 rapi,
2223 1483 2288 1546 in
2339 1485 2590 1547 divitias
2631 1485 2849 1566 gloriae
2896 1484 3242 1548 absorberi.
3295 1483 3517 1547 Beatus

401 1579 653 1654 dicem,
678 1599 805 1644 non
836 1582 1362 1657 subalternatum‚
1388 1585 1497 1645 sed
1528 1600 1914 1664 comparem.

2027 1582 2137 1662 qui
2190 1582 2280 1644 sic
2325 1590 2536 1664 gustat
2588 1602 2781 1664 quam
2841 1583 3044 1645 dulcis
3103 1589 3163 1644 et
3220 1581 3373 1645 felix
3421 1590 3517 1645 est
3563 1595 3802 1649 mexxm.

498 1681 704 1740 Pater
746 1682 924 1742 enim
969 1682 1198 1760 diziyic
1244 1684 1523 1751 Filium,
1556 1683 1676 1745 hoc
1723 1700 1918 1762 supra
2028 1679 2221 1759 Deus;
2274 1680 2439 1743 beati
2487 1681 2710 1743 mundi
2762 1682 2970 1754 corde,
3015 1681 3276 1744 studiosi
3317 1687 3378 1742 et
3425 1678 3517 1743 af-
3542 1661 3808 1774 {mm-„⁸⁸-

402 1776 734 1857 scriptum
790 1785 983 1859 atque
1039 1779 1399 1861 expositum
1457 1787 1573 1843 est.
1626 1779 1702 1841 Et
1744 1798 1916 1841 nunc
2027 1777 2293 1842 fectuosi
2345 1779 2411 1840 in
2460 1779 2768 1860 obsequio
2806 1779 2935 1855 Dei,
2971 1778 3286 1843 ferventes
3325 1786 3516 1861 atque

401 1875 568 1936 addi
602 1883 828 1957 potest,
866 1878 1038 1958 quod
1078 1878 1333 1944 dilectio
1373 1897 1499 1942 non
1543 1885 1639 1940 est
1683 1877 1919 1960 princi·
1953 1878 1999 1940 B
2026 1877 2282 1940 solliciti
2332 1880 2644 1959 quomodo
2685 1878 3039 1941 Creatorem
3089 1897 3274 1940 suum
3327 1878 3520 1942 hono-
3561 1880 3571 1886 '

406 1973 603 2056 pium
647 1976 1065 2039 emanationis
1108 1976 1247 2039 Filii
1286 1996 1323 2039 a
1365 1976 1562 2050 Patre,
1596 1977 1748 2058 quia
1790 1995 1915 2039 non
2028 1984 2189 2050 rent,
2238 1995 2514 2058 eumque
2572 1977 2650 2038 ab
2709 1976 2851 2038 aliis
2909 1977 3203 2040 honorari
3265 1977 3518 2059 conspi-

403 2073 708 2155 procedit
753 2092 790 2135 a
836 2074 1015 2138 Patre
1059 2093 1174 2157 per
1221 2075 1634 2150 voluntatem,
1688 2082 1797 2137 aut
1844 2075 1920 2137 li-
2027 2075 2216 2138 ciant.
2253 2074 2616 2139 Maledictus
2660 2093 2809 2139 vero
2851 2076 2962 2157 qui
3006 2075 3160 2138 facit
3202 2095 3362 2158 opus
3407 2076 3516 2138 Dei
3562 2096 3808 2150 numm,

400 2169 573 2234 bere
604 2172 896 2235 libertate
935 2173 1381 2255 contingentia)
1414 2174 1515 2238 vel
1555 2175 1632 2236 ad
1677 2181 1920 2236 utrum-
2028 2173 2439 2254 negligenter,
2462 2174 2575 2256 qui
2608 2173 2966 2237 intimorate
2994 2174 3277 2236 ambulat
3305 2192 3517 2237 coram
3545 2163 3742 2272 jssgehm
3769 2227 3810 2269 Β.

398 2269 595 2344 libet,
618 2271 741 2358 'sed
781 2271 1051 2334 naturali
1093 2272 1512 2336 emanatione.
1556 2271 1767 2336 Nihilo
1807 2272 1923 2334 mi·
2028 2271 2374 2336 Altissimo.
3747 2259 3757 2276 '

400 2388 541 2431 nus
574 2369 752 2432 Pater
783 2371 993 2451 diligit
1024 2371 1257 2433 Filium
1291 2389 1438 2434 vere
1478 2379 1539 2433 et
1578 2371 1916 2446 intensive,
2109 2373 2195 2432 E't
2221 2371 2444 2432 omnia
2473 2373 2868 2432 demonstrat
2905 2372 2969 2430 ei
2995 2391 3139 2451 quoe
3168 2373 3302 2448 ipse
3329 2373 3519 2452 facit,

402 2466 696 2542 infinite,
760 2470 1072 2533 sumendo
1128 2469 1537 2533 dilectionem
1606 2470 1917 2545 absolute,
2030 2469 2092 2531 id
2136 2476 2253 2544 est,
2291 2469 2451 2530 Deus
2482 2468 2659 2531 Pater
2706 2471 2810 2532 dat
2851 2469 3006 2533 Filio
3055 2470 3346 2532 notitiam
3390 2489 3525 2534 om-

406 2566 507 2628 ita
546 2568 717 2648 quod
756 2567 949 2630 habet
979 2586 1045 2630 se
1088 2569 1273 2650 quasi
1308 2569 1806 2633 concomitanter
1844 2570 1923 2631 ad
2032 2568 2212 2630 nium
2269 2585 2532 2651 operum
2594 2586 2854 2630 suorum
2889 2586 2902 2630 ε
2935 2569 3297 2649 generando
3352 2569 3521 2631 enim

408 2666 913 2729 emanationem.
2034 2665 2284 2740 Filium,
2329 2668 2434 2729 dat
2475 2666 2531 2728 ei
2573 2665 2855 2729 divinam
2905 2665 3266 2741 essentiam,
3301 2674 3364 2728 et
3415 2684 3529 2748 per

500 2763 791 2846 Denique
840 2764 1057 2827 multae
1104 2771 1254 2827 sunt
1312 2765 1586 2829 rationes
1643 2765 1925 2828 dilectio-
2033 2781 2429 2846 consequens
2466 2771 2764 2826 aeternam
2806 2771 2867 2825 et
2912 2763 3234 2826 infinitam
3279 2763 3531 2845 sapien-

406 2863 550 2936 nis‚
590 2881 737 2944 quae
785 2862 1063 2925 maxime
1104 2871 1167 2926 et
1206 2863 1790 2946 superexcellenter
1831 2864 1927 2925 in-
2032 2862 2186 2925 tiam
2234 2862 2520 2926 omnium
2573 2862 2955 2924 intuitivam.
3007 2861 3110 2924 Sic
3155 2880 3306 2943 ergo
3354 2861 3532 2923 Pater

410 2961 774 3025 veniuntur
806 2961 972 3024 inter
1002 2960 1247 3024 Patrem
1277 2969 1340 3024 et
1367 2962 1626 3035 Filium,
1664 2963 1792 3027 imo
1832 2963 1929 3025 in·
2035 2963 2425 3026 demonstrat
2453 2961 2626 3033 Filio,
2661 2980 2784 3024 non
2825 2961 3006 3042 quasi
3053 2961 3390 3042 ignoranti,
3424 2966 3533 3022 aut

407 3067 521 3122 ter
568 3067 696 3123 tres
735 3059 1263 3143 supersublimes,
1298 3067 1583 3136 aeternas,
1620 3060 1925 3124 increatas
1962 3065 2005 3129 C
2038 3059 2498 3143 praeexsistenti
2565 3069 2628 3122 et
2695 3061 2954 3122 demum
3025 3059 3356 3133 instructo,
3422 3059 3530 3121 sed

410 3159 750 3234 PersonaS,
806 3160 927 3224 hoc
964 3167 1061 3222 est
1106 3159 1173 3221 in
1218 3158 1360 3242 ipsa
1400 3160 1725 3236 Trinitate‚
1776 3180 1922 3238 una,
2036 3159 2220 3241 quasi
2252 3167 2454 3222 totum
2491 3177 2678 3220 suum
2723 3176 2885 3233 essc,
2923 3176 3108 3240 posse
3151 3177 3224 3220 ac
3269 3175 3454 3222 nosse
3497 3176 3534 3219 a

414 3258 968 3340 superessentiali,
1012 3258 1489 3341 simplicissima
1526 3259 1784 3322 Deitate.
1830 3260 1937 3330 In·,
2036 3257 2214 3320 Patre
2266 3257 2662 3339 suscipienti.
2719 3255 3037 3338 Quidquid
3096 3257 3270 3319 enim
3334 3255 3530 3318 Patris

415 3357 679 3420 tet-dum
728 3357 903 3419 enim
960 3358 1255 3432 dicimuS,
1310 3359 1482 3439 quod
1538 3358 1777 3439 agnitio
1832 3367 1930 3420 est
2036 3363 2154 3436 est,
2206 3355 2744 3419 communicatum
2793 3363 2888 3417 est
2938 3355 3113 3430 Filio,
3152 3363 3216 3417 et
3250 3354 3534 3437 resplen-

416 3473 619 3518 causa
648 3455 1035 3530 dilectioniS,
1071 3455 1371 3519 videlicet
1411 3463 1481 3518 ut
1521 3456 1623 3519 via
1659 3457 1738 3518 ad
1776 3456 1927 3518 dile·
2036 3456 2141 3517 det
2177 3455 2242 3516 in
2283 3473 2356 3518 eo
2393 3455 2558 3517 sicut
2597 3454 2664 3515 in
2709 3454 2979 3516 naturali
3031 3462 3094 3516 et
3143 3454 3332 3536 plena
3381 3454 3534 3515 ima-

416 3553 742 3633 ctionem3
776 3553 1310 3635 interdum‚quod
1342 3554 1583 3617 bonum
1614 3561 1708 3616 est
1740 3573 1928 3616 causa
2033 3554 2182 3634 gine
2212 3553 2429 3616 Patris.
2467 3551 2539 3614 Et
2567 3553 2870 3634 quoniam
2902 3552 3097 3615 Filius
3129 3559 3388 3634 propter
3417 3571 3530 3616 nos

416 3651 789 3715 dilectionis
835 3661 1138 3734 tanquam
1189 3652 1554 3734 objectum3
1605 3653 1924 3716 interdum
2036 3652 2440 3715 instruendos
2488 3670 2560 3714 ac
2618 3651 3018 3714 redimendos
3076 3651 3266 3714 homo
3324 3649 3528 3712 factus
3557 3671 3819 3720 ananam&

423 3769 583 3814 vero
620 3751 975 3814 similitudo
1013 3751 1373 3833 appellatur
1421 3769 1611 3814 causa
1656 3753 1924 3834 amoris3
2036 3751 2180 3825 fuit,
2215 3758 2276 3813 et
2319 3751 2485 3812 inter
2526 3750 2818 3813 homines
2858 3749 3175 3812 socialiter
3223 3749 3402 3824 vixit,
3438 3749 3531 3811 id-
3558 3731 3738 3838 gfff&
3763 3743 3822 3780 ¹¹¹·

422 3849 543 3912 sed
598 3858 665 3911 et
720 3849 1217 3913 communicatio
1266 3856 1362 3910 est
1410 3869 1598 3912 causa
1646 3851 1925 3932 amoris3
2038 3851 2210 3914 circo
2235 3849 2636 3912 altitudinem
2669 3848 2996 3930 sapientise
3035 3867 3164 3910 suae
3199 3848 3439 3930 aptavit
3468 3854 3532 3909 et

422 3964 733 4029 saepeque
762 3947 1054 4016 dicimus,
1088 3947 1261 4027 quod
1294 3946 1454 4008 nihil
1487 3947 1581 4009 sic
1628 3949 1929 4011 accendat
2040 3949 2542 4032 proportionavit
2579 3947 2908 4030 capacitati
2947 3946 3382 4028 intelligentiae
3425 3965 3534 4010 no-

420 4062 737 4118 amorem‚
770 4046 1091 4126 quomodo
1134 4044 1186 4106 si
1235 4045 1383 4125 quis
1423 4045 1579 4107 sciat
1626 4064 1693 4108 se
1731 4046 1927 4109 amari
2039 4056 2204 4122 strae,
2236 4047 2555 4128 loquendo
2594 4045 2778 4109 nobis
2825 4046 2901 4108 de
2943 4045 3132 4108 rebus
3177 4045 3538 4127 incompre-

420 4143 507 4207 ab
536 4143 688 4206 alio.
722 4142 929 4216 Quum
969 4160 1118 4224 ergo
1157 4142 1336 4205 Pater
1374 4151 1439 4205 et
1479 4143 1672 4206 Filius
1724 4163 1790 4207 se
1834 4145 1929 4207 in·
2038 4144 2468 4208 hensibilibus
2525 4163 2598 4206 ac
2665 4144 2900 4208 divinis
2968 4144 3250 4206 humano
3320 4143 3532 4217 modu,

424 4242 639 4306 vicem
674 4241 1137 4324 perfectissime
1166 4242 1730 4324 comprehendant,
1750 4252 1811 4306 et
1840 4243 1933 4306 Fi·
1959 4248 2012 4313 D
2039 4253 2353 4328 quatenus
2385 4244 2476 4306 sic
2507 4261 2579 4305 ea
2606 4243 2968 4324 aliqualiter
2998 4260 3392 4324 capere-mus
3417 4241 3540 4304 Un-

424 4342 555 4405 lius
600 4341 768 4403 Patri
818 4341 1081 4404 omnino
1112 4341 1479 4403 simillimus
1529 4342 1631 4414 sit,
1666 4349 1931 4424 uterque
2042 4347 2119 4407 de
2177 4346 2255 4406 de
2302 4343 2555 4407 aeternis
2607 4342 2891 4425 loquitur
2950 4341 3133 4406 nobis
3183 4359 3296 4424 per
3345 4341 3538 4404 verba

425 4458 691 4522 quoque
724 4438 997 4502 infinita>
1025 4438 1325 4502 bonitatis
1356 4446 1419 4502 et
1456 4441 1805 4502 sanctitatis
1834 4459 1933 4503 ex-

428 4540 633 4610 sistat,
670 4539 980 4620 Paterque
1029 4538 1273 4601 dederit
1299 4537 1459 4602 Filio
1510 4546 1710 4602 totum
1760 4541 1932 4620 quod

429 4657 625 4701 suum
656 4645 776 4718 est,
821 4645 975 4720 puta
1012 4637 1296 4700 divinam
1340 4637 1705 4718 essentiam,
1738 4657 1928 4719 quam

427 4736 828 4799 transfundit
878 4737 943 4798 in
988 4754 1159 4810 eum,
1194 4743 1257 4798 et
1287 4735 1483 4797 Filius
1531 4742 1777 4798 tantum
1829 4737 1934 4800 bo-

431 4854 589 4898 num
642 4855 681 4897 a
720 4835 897 4897 Patre
925 4834 1298 4917 susceperit,
1334 4833 1515 4896 Pater
1552 4835 1743 4897 etiam
1778 4835 1935 4898 sciat

432 4952 503 4996 se
530 4934 733 4997 amari
762 4953 799 4995 a
829 4933 989 4996 Filio
1028 4933 1341 4996 immenso
1380 4951 1616 5009 amore,
1651 4940 1713 4995 et
1750 4952 1937 4997 econ-

432 5041 561 5112 tra3
596 5033 751 5095 hinc
780 5039 1044 5105 constat,
1078 5033 1251 5112 quod
1283 5031 1347 5093 in
1379 5031 1616 5094 divinis
1649 5032 1935 5096 Personis

432 5133 517 5195 sit
544 5130 1027 5214 quomodolibet.
1064 5129 1660 5212 omniformiterque
1704 5132 1940 5214 plenis-

434 5232 599 5295 sima
650 5231 809 5294 ratio
858 5237 1097 5294 mutuae
1134 5229 1517 5293 dilectionis.
1550 5229 1698 5303 Quae
1735 5251 1935 5312 quum

436 5331 521 5394 sit
578 5329 822 5393 infiniti
879 5329 1147 5405 ardoris,
1198 5337 1261 5392 et
1307 5329 1399 5392 rei
1448 5348 1739 5406 summae,
1783 5349 1940 5413 pra>-

2041 4444 2413 4526 temporalia
2459 4443 2812 4506 secundum
2859 4459 3078 4506 omnes
3139 4440 3537 4504 differentias

2040 4542 2368 4624 temporiS,
2403 4542 2556 4623 quia
2593 4549 2655 4604 et
2705 4541 2842 4624 ipsa
2887 4540 3204 4603 aeternitas
3254 4558 3538 4621 compre-

2042 4641 2264 4704 hendit
2305 4659 2379 4702 ac
2417 4640 2698 4704 continet
2743 4657 2932 4703 omne
2980 4646 3254 4721 tempus.
3305 4637 3537 4719 Sicque

2043 4739 2361 4820 loquendo
2407 4757 2576 4800 nunc
2619 4737 2908 4800 subditur
2943 4757 2956 4800 :

2122 4840 2210 4898 Et
2257 4838 2508 4913 majora
2561 4837 2662 4897 Itis
2706 4836 3169 4897 demonstrabit
3213 4836 3276 4895 ei
3312 4853 3532 4912 opera,

2046 4936 2107 4997 id
2148 4942 2245 4997 est
2286 4933 2603 4996 mirabilia
2649 4934 3098 4997 excellentiora
3144 4933 3342 5015 signis
3392 4951 3536 5015 quie

2048 5035 2379 5115 hucusque
2419 5033 2484 5094 in
2511 5033 2853 5095 Jerusalem
2895 5031 3016 5094 feci
3054 5051 3068 5095 τ
3113 5051 3258 5094 nam
3299 5032 3540 5095 illumi-

2049 5133 2218 5196 natio
2249 5132 2397 5196 caeci
2437 5132 2566 5194 nati
2610 5138 2672 5192 et
2713 5130 3038 5193 suscitatio
3067 5129 3301 5205 Lazari,
3335 5131 3540 5212 major

2048 5232 2176 5295 fuit
2218 5250 2412 5313 quam
2460 5229 2702 5293 curatio
2752 5229 3102 5311 paralytici.
3149 5227 3540 5292 Convenien-

2050 5329 2180 5392 tius
2209 5337 2419 5391 tamen
2451 5345 2644 5411 opera
2673 5327 2792 5390 ista
2819 5326 3060 5409 majora
3087 5327 3540 5409 intelliguntur
