4300 6259
635 916 656 937 ⁶
673 914 802 959 modo

668 1089 742 1145 26
954 1090 1286 1150 Dixerunc
1333 1108 1478 1165 erqo
1528 1091 1638 1148 illi
1687 1109 1710 1147 .·
1762 1090 1935 1157 Quid
1981 1089 2136 1167 fecit
2189 1088 2308 1147 cibi
2337 1088 2369 1146 ἒ
2478 1104 2545 1147 re
2583 1088 2754 1167 quod
2796 1106 2921 1150 non
2961 1094 3126 1149 esset
3158 1106 3195 1149 a
3224 1086 3369 1150 Deo.
3406 1087 3671 1149 Patriam
3709 1104 3965 1168 quoque

875 1189 1187 1268 quomodo
1227 1190 1488 1265 aperuit
1527 1190 1646 1248 tibi
1683 1186 1944 1247 oculos?
1973 1185 2100 1249 Hoc
2147 1203 2367 1247 rursus
2477 1185 2618 1266 ejus
2676 1194 2739 1247 et
2793 1204 2994 1267 genus
3056 1194 3387 1249 noverunt.
3440 1186 3615 1249 Unde
3672 1184 3965 1267 superius

875 1284 1248 1366 quaerebant
1301 1284 1626 1359 insidiose,
1684 1293 1753 1346 ut
1811 1290 2069 1367 possent
2123 1284 2368 1365 aliquid
2479 1283 2670 1347 locuti
2723 1292 2873 1347 sunt
2916 1284 3258 1348 Nicodemo
3299 1304 3314 1348 ε
3356 1284 3647 1347 Scrutare
3688 1282 3969 1366 Scriptu-
4004 1308 4207 1353 souma

876 1384 1389 1465 reprehensionis
1446 1383 1697 1457 elicere,
1747 1392 2126 1465 tantumque
2185 1385 2374 1446 mira-
2482 1402 2603 1457 raS,
2644 1390 2708 1444 et
2746 1383 2891 1445 vide
2931 1383 3085 1465 quia
3118 1402 3155 1445 a
3192 1382 3444 1446 Galilaea
3490 1382 3799 1465 Propheta
3844 1401 3967 1445 non
3992 1373 4052 1413 ⁵³·

873 1483 1092 1545 culum
1143 1481 1498 1546 obfuscare.
1533 1483 1865 1546 Timebant
1910 1484 2106 1559 enim,
2149 1484 2202 1546 si
2254 1482 2373 1545 mi—
2481 1481 2703 1561 surgit.
2746 1481 3067 1553 Quomodo
3109 1500 3257 1563 ergo
3299 1501 3471 1544 nune
3512 1482 3752 1555 dicunt,
3792 1482 3969 1543 Eune

877 1582 1166 1644 raculum
1205 1582 1375 1643 istud
1413 1582 1867 1663 divulgaretur,
1899 1584 2070 1664 quod
2111 1590 2373 1665 propter
2482 1580 2801 1641 nescimus
2842 1581 3009 1641 unde
3053 1581 3179 1641 sit?
3223 1581 3571 1662 praesertim
3615 1600 3815 1661 quum
3862 1599 3973 1662 pu-

879 1680 1220 1742 novitatem
1280 1687 1343 1741 et
1398 1681 1900 1761 magnitudinem
1959 1682 2122 1761 ejuS,
2187 1680 2372 1743 multi
2483 1686 2689 1741 tarent
2726 1698 2874 1740 eum
2912 1699 2949 1741 a
2985 1679 3236 1743 diabolo
3282 1698 3419 1741 esse
3462 1687 3527 1741 et
3568 1680 3829 1761 magicis
3878 1698 3972 1740 ar-

673 1785 745 1841 27
877 1779 1239 1861 acciperent
1281 1778 1496 1841 Iesum
1547 1798 1661 1862 pro
1708 1778 1975 1842 Christo.
2017 1782 2375 1858 Respondit
2482 1777 2654 1839 tibus
2688 1777 3017 1839 inhaerere.
3043 1777 3605 1859 Dicendum,quod
3638 1796 3715 1839 ex
3744 1796 3972 1858 magno

877 1881 968 1939 eis
1017 1899 1040 1937 .·
1088 1879 1253 1939 Dixi
1303 1880 1473 1939 vobis
1517 1880 1692 1956 jam,
1747 1888 1806 1939 ec
1857 1879 2165 1948 audistis,
2214 1878 2372 1959 quid
2412 1877 2457 1939 B
2484 1884 2852 1957 contemptu
2900 1876 2993 1938 sic
3041 1876 3487 1957 loquebantur,
3526 1877 3605 1939 ad
3654 1876 3973 1937 insinuan-

875 1975 1102 2040 fecerit
1140 1975 1322 2051 mihi,
1357 1983 1420 2038 et
1451 1978 1769 2058 quomodo
1806 1977 2052 2038 dederit
2089 1976 2249 2039 mihi
2282 1976 2375 2040 vi·
2483 1976 2635 2037 dum
2686 1975 2993 2038 vilitatem
3039 1975 3207 2037 Iesu.
3256 1975 3581 2056 Tanquam
3630 1975 3913 2037 dicerent
3954 1993 3967 2037 :

879 2094 1044 2138 sum.
1103 2076 1276 2144 Quid
1321 2076 1559 2136 iterum
1615 2077 1810 2136 vultis
1858 2078 2144 2136 audire?
2186 2076 2369 2157 quasi
2482 2072 2669 2135 Velut
2697 2073 3114 2136 inventicium
3148 2074 3320 2135 hunc
3348 2080 3737 2155 reputamuS,
3770 2092 3973 2155 quum

879 2174 1044 2237 dieat
1089 2192 1103 2236 ε
1145 2172 1278 2237 Non
1323 2173 1491 2237 bono
1537 2174 1752 2236 animo
1800 2173 2109 2255 quaeritis,
2156 2181 2377 2255 quate-
2485 2171 2849 2253 ignoremus
2906 2190 3053 2233 eum
3102 2191 3139 2234 a
3186 2171 3309 2234 Deo
3365 2172 3659 2234 missum.
3710 2171 3821 2233 Vel
3878 2172 3975 2233 di-

879 2292 1000 2334 nus
1031 2271 1280 2352 cognita
1311 2271 1573 2334 veritate
1612 2271 1880 2334 credatis
1913 2272 1978 2333 in
2021 2271 2227 2345 illum,
2263 2274 2373 2335 sed
2485 2272 2780 2345 cendum,
2814 2273 2983 2352 quod
3025 2269 3448 2352 loquebantur
3482 2272 3647 2333 sieut
3685 2270 3975 2333 homines

881 2377 951 2432 ut
977 2369 1258 2451 aliquam
1288 2368 1714 2449 objectionem
1743 2368 2022 2450 fingatiS.
2057 2370 2203 2433 ldeo
2232 2370 2379 2433 sub·
2486 2371 2849 2453 passionati,
2884 2379 2946 2432 et
2986 2370 3125 2434 ideo
3166 2369 3397 2432 mirum
3440 2389 3568 2434 non
3611 2376 3705 2433 est
3744 2370 3797 2431 si
3840 2388 3979 2432 ver-

881 2468 1054 2531 ditur
1100 2486 1114 2531 :
1165 2470 1509 2548 Numquid
1555 2478 1613 2528 et
1665 2488 1767 2528 vos
1816 2471 2015 2530 vultis
2059 2471 2378 2547 discipuli
2485 2469 2566 2531 ba
2602 2487 2822 2532 eorum
2860 2469 2989 2531 sint
3029 2468 3184 2531 falsa
3219 2478 3411 2551 atque
3448 2470 3524 2531 ad
3567 2468 3839 2532 invicem
3884 2486 3981 2529 re-

879 2569 1018 2645 qjus
1051 2568 1228 2644 ficri,
1267 2565 1452 2647 eujus
1501 2585 1616 2646 ego
1655 2565 1786 2648 jam
1831 2567 2186 2650 discipulus
2229 2568 2373 2630 fieri
2487 2568 2853 2650 pugnantia.

880 2665 1114 2748 cupio?
1162 2672 1464 2747 tanquam
1514 2666 1680 2727 dicat
1733 2684 1746 2728 :
1799 2664 1942 2729 Scio
1987 2668 2160 2748 quod
2220 2686 2371 2731 non.
2564 2668 2919 2745 Respondit
2958 2668 3074 2725 ille
3116 2669 3296 2727 homo
3344 2672 3558 2728 mente
3605 2673 3667 2727 et
3712 2684 3979 2747 corpore
4095 2670 4151 2725 3⁰
4256 2704 4258 2715 ·

879 2762 1096 2845 Magna
1123 2762 1248 2825 fuit
1277 2764 1630 2826 constantia
1661 2763 1855 2844 hujus
1891 2765 2062 2839 effici,
2095 2766 2210 2846 qui
2247 2773 2373 2828 tam
2486 2764 2860 2838 illustratus,
2892 2774 2953 2825 ec
2980 2766 3159 2825 dixit
3185 2766 3300 2832 eis,
3331 2763 3718 2845 increpando
3754 2781 3977 2827 eorum
4256 2724 4258 2829 l

882 2862 1275 2944 pertinenter
1321 2869 1513 2943 atque
1555 2863 1853 2925 audacter
1889 2864 2219 2945 respondit
2262 2883 2377 2947 pro
2486 2864 2785 2926 duritiam
2847 2862 3313 2945 perfidiamque
3372 2862 3768 2945 reprobando
3828 2880 3845 2925 t
3898 2866 3981 2923 In
4256 2866 4258 2869 ⁴

883 2978 998 3023 suo
1045 2958 1469 3022 benefactore.
1503 2958 1630 3021 Nec
1680 2959 1946 3022 dubium
1998 2962 2157 3042 quin
2208 2962 2381 3024 Chri·
2486 2965 2601 3024 hoc
2637 2964 2813 3023 enim
2854 2963 3152 3022 mirabile
3188 2972 3300 3029 est,
3336 2961 3400 3024 id
3438 2969 3555 3035 est,
3592 2962 3655 3023 in
3698 2979 3772 3023 eo
3808 2961 3986 3043 quod

881 3064 1016 3121 stus
1059 3058 1222 3120 hanc
1263 3057 1320 3119 ei
1365 3058 1679 3121 concessit
1722 3060 2164 3122 constantiam.
2417 3058 2460 3120 G
2488 3060 2695 3123 dicam
2746 3066 2915 3141 patet
2972 3059 3264 3122 mirabile
3320 3077 3481 3135 esse,
3534 3063 3713 3139 quia,
3766 3060 3829 3122 id
3892 3067 3989 3121 est

676 3150 748 3207 28
959 3158 1471 3229 Maledioeerunt,
1506 3156 1568 3219 id
1610 3164 1726 3232 est,
1762 3157 2001 3219 malum
2046 3158 2376 3239 imprecati
2488 3158 2682 3240 quod,
2726 3178 2834 3218 vos
2873 3158 3132 3218 nescitis
3174 3160 3343 3217 unde
3382 3158 3487 3230 sit,
3538 3157 3599 3219 id
3648 3165 3765 3231 est,
3812 3158 3987 3239 quod

883 3262 1052 3329 sunt,
1085 3256 1168 3323 ei,
1212 3254 1509 3317 videlicet
1555 3274 1721 3319 caeco
1769 3256 1920 3318 huic
1960 3255 2280 3333 Pharisaei,
2322 3269 2380 3319 ec
2486 3256 2665 3319 Jesus
2722 3257 2841 3318 iste
2888 3274 2925 3317 a
2972 3256 3098 3319 Deo
3150 3255 3253 3317 sit.
3312 3254 3621 3337 Deinceps
3682 3255 3861 3337 ponit
3920 3255 3988 3317 in

879 3355 1196 3415 dixerunt
1233 3375 1257 3413 .·
1303 3356 1398 3416 Tu
1445 3355 1810 3431 discipulus
1861 3357 2047 3417 illius
2095 3358 2207 3418 sis.
2251 3356 2380 3420 Hoc
2490 3373 2619 3434 quo
2677 3362 2848 3436 patet
2904 3354 3078 3434 quod
3142 3352 3427 3414 miranda
3488 3352 3571 3414 sit
3634 3352 3991 3433 ignorantia

884 3458 1096 3513 narrat
1133 3450 1531 3533 Evangelista
1570 3453 1920 3514 seeundum
1960 3453 2377 3517 intentionem
2493 3452 2947 3515 Pharisaeorum
2983 3469 2996 3514 :
3030 3460 3088 3511 ct
3122 3454 3380 3528 aperuit
3417 3455 3629 3513 oculos
3674 3472 3837 3512 meos
3870 3473 3895 3512 .·
3926 3451 3988 3513 id

881 3550 1165 3624 illorum,
1199 3549 1312 3631 qui
1352 3550 1732 3632 reputabant
1767 3551 2218 3633 discipulatum
2260 3554 2378 3616 sub
2490 3558 2605 3625 est,
2644 3569 2757 3633 per
2795 3550 2914 3613 hoe
2956 3550 3128 3631 quod
3174 3550 3423 3631 aperuit
3471 3550 3688 3613 oculos
3738 3568 3915 3613 meos
3952 3569 3990 3612 a

883 3648 1246 3729 magisterio
1290 3649 1435 3711 Jesu
1486 3666 1624 3711 esse
1673 3648 2019 3724 miseriam,
2066 3652 2383 3716 seductio-
2491 3650 2819 3712 nativitate
2863 3649 3109 3712 clausos
3154 3658 3217 3711 et
3254 3666 3474 3721 caecOS,
3510 3648 3737 3712 merito
3776 3666 3971 3729 agno—

885 3765 1031 3809 nem
1070 3754 1134 3809 et
1172 3747 1616 3829 perditionem,
1652 3767 1853 3830 quum
1894 3751 2247 3812 secundum
2279 3769 2383 3813 ve-
2491 3748 2751 3811 seeretis
2810 3766 2959 3810 eum
3014 3764 3154 3809 esse
3200 3766 3236 3807 a
3288 3746 3430 3822 Deo,
3482 3766 3685 3828 quum
3737 3748 3859 3810 hoe
3910 3747 3992 3809 sit

885 3844 1136 3915 ritatem
1183 3843 1380 3907 fuerit
1425 3844 1805 3920 benedictio,
1854 3845 2022 3908 salus
2073 3855 2134 3908 et
2180 3847 2383 3927 gratia
2492 3845 2993 3928 supernaturalis
3042 3844 3334 3920 effectuS‚
3378 3844 3493 3907 soli
3543 3844 3667 3907 Deo
3720 3846 3991 3927 possibi-

886 3960 1134 4022 magna.
1185 3945 1315 4005 Nos
1361 3952 1578 4005 autem
1625 3944 1869 4021 Moysis
1915 3946 2231 4022 discipuli
2276 3967 2385 4007 su·
2490 3944 2593 4019 lis,
2636 3944 2749 4026 qui
2798 3952 2859 4006 et
2906 3942 3059 4005 fecit
3107 3942 3299 4004 istum
3350 3941 3655 4005 effectum
3706 3942 3771 4005 in
3814 3944 3992 4005 testi-

887 4060 1052 4102 mus.
1084 4039 1212 4103 Nec
1259 4041 1378 4105 hoc
1427 4059 1575 4104 vere
1624 4042 1818 4104 locuti
1864 4050 2032 4117 sunt,
2075 4044 2382 4125 quoniam
2492 4043 2778 4105 monium
2819 4042 3101 4105 veritatis
3152 4040 3628 4123 sanctitatisque
3674 4040 3821 4103 Jesu
3868 4061 3883 4105 ε
3928 4050 3989 4103 et

626 4152 856 4204 emax,
888 4139 1254 4200 mandatum
1303 4138 1411 4200 Dei
1461 4140 1540 4201 de
1587 4139 1998 4203 honoratione
2046 4150 2379 4223 parentum
2492 4141 2728 4204 mirum
2786 4141 2957 4222 quod
3018 4158 3144 4202 non
3203 4139 3525 4202 attenditis
3584 4139 3727 4213 hoc,
3782 4159 3985 4221 quum

597 4216 857 4323 {2³⁰‘“¹·'·
889 4254 1003 4318 per
1038 4234 1286 4319 Moysen
1329 4238 1567 4311 datum,
1604 4256 1718 4320 per
1755 4257 1933 4300 suam
1979 4240 2381 4303 traditionem
2417 4244 2463 4306 D
2492 4246 2867 4301 consuetum
2918 4255 3171 4319 semper
3218 4236 3414 4299 fuerit
3464 4237 3701 4319 populo
3746 4236 3989 4300 Judaeo-

607 4340 858 4393 Ruth-xv.
890 4333 1143 4396 irritum
1179 4333 1490 4409 fecerunt,
1530 4343 1599 4397 ut
1637 4336 1862 4419 probat
1889 4336 2175 4401 Christus
2211 4339 2381 4421 apud
2494 4356 2635 4398 rum
2679 4338 2857 4418 signa
2897 4354 3183 4418 quaerere
3226 4335 3481 4417 illisque
3523 4336 3799 4397 eredere.
3844 4334 3989 4399 Pro-

595 4406 682 4449 ²'⁶'
887 4432 1678 4514 Matthaeum.Scripturam
1709 4454 1968 4517 quoque
1996 4435 2223 4519 Moysis
2254 4457 2379 4501 non
2494 4444 2634 4519 pter
2678 4436 2851 4517 quod
2908 4434 3062 4497 dicit
3107 4434 3443 4515 Apostolus
3496 4452 3509 4496 :
3559 4433 3756 4497 Judaei
3806 4434 4215 4515 signaicor.1.22

889 4548 1038 4593 vere
1075 4541 1530 4613 exposuerunt.
1563 4532 1824 4615 Propter
1852 4535 2022 4615 quod
2063 4554 2257 4615 supra
2294 4536 2384 4597 di·
2492 4542 2809 4616 quaerunt.
2862 4536 3121 4596 Scimus
3169 4542 3381 4593 autem
3432 4536 3589 4613 quia
3629 4544 3985 4610 peccatores
4100 4542 4151 4597 3¹

593 4642 858 4749 “lanan-v.
891 4628 982 4691 xit
1021 4629 1113 4692 eis
1149 4628 1431 4694 Salvator
1464 4650 1478 4694 :
1512 4630 1574 4693 Si
1620 4632 1959 4695 crederetis
2001 4630 2216 4716 Moysi,
2252 4653 2385 4697 cre·
2492 4635 2663 4694 Deus
2705 4653 2833 4694 non
2878 4634 3089 4693 audit.

682 4832 755 4889 29

867 504 989 569 454

1639 522 1990 570 mutuno
2030 522 2096 569 nt
2135 520 2277 569 cAP.
2324 522 2388 568 lx
2428 521 2707 570 somma.
2753 540 2835 553 -··
2874 522 3017 569 Am.
3062 522 3209 569 xxtv

871 694 1022 756 dum
1091 693 1278 757 scivit
1333 712 1480 758 eum
1545 712 1684 757 esse
1745 693 2066 758 Christum
2130 693 2361 755 Filium
2396 692 2447 753 A
2475 712 2617 755 sum
2659 694 2975 755 nescimus
3012 695 3185 755 unde
3220 695 3326 755 sit.
3358 692 3549 756 Paulo
3586 700 3731 754 ante
3770 690 3963 754 locuti

871 790 1002 853 Dei.
1051 794 1262 854 Unum
1297 794 1450 862 sci0,
1491 795 1650 873 quia
1689 794 2132 873 coecus'quum
2170 812 2359 852 essem

875 890 1064 973 paulo
1103 898 1271 964 ante,
1312 893 1524 952 nunc*
1565 893 1770 952 video.
1814 888 2086 952 Securus
2137 896 2200 950 et
2249 889 2367 950 im—

875 989 1252 1071 perterritus
1295 988 1419 1051 ruit
1461 989 1567 1051 hic
1608 1008 1835 1053 caecus.

888 4728 1120 4791 deretis
1178 4737 1242 4791 et
1296 4730 1498 4811 mihi3
1549 4732 1626 4792 de
1683 4750 1786 4793 me
1842 4732 2012 4794 enim
2075 4731 2185 4795 ille
2232 4734 2386 4796 scri-

890 4827 1038 4909 psit.
1099 4828 1232 4893 Nos
1286 4830 1525 4890 scimus
1581 4830 1952 4893 auctoritate
2014 4830 2379 4913 Scripturae,

888 4927 1049 5005 quia
1079 4929 1294 5004 Moysi
1323 4930 1572 4989 locutus
1601 4938 1689 4989 esc
1718 4930 1890 4989 Deus
1931 4946 2046 5011 per
2083 4929 2383 5010 angelum

888 5022 956 5086 in
989 5042 1258 5106 persona
1285 5024 1394 5086 Dei
1435 5025 1820 5107 loquentem.
1855 5026 2032 5090 Unde
2062 5026 2127 5089 in
2172 5027 2383 5092 Exodo

649 5134 798 5178 aava.
891 5122 1203 5204 scriptum
1251 5131 1393 5185 est:
1427 5123 1831 5206 Loquebatur
1879 5124 2184 5189 Dominus
2235 5146 2380 5189 cum

595 5201 830 5248 '‘¹¹¹⁸''¹¹‘
888 5220 1094 5304 Moyse
1141 5219 1302 5284 facie
1349 5222 1427 5283 ad
1474 5220 1728 5297 faeiem,
1782 5222 1947 5284 sieut
2002 5222 2176 5305 loqui
2226 5224 2386 5288 solet

892 5318 1081 5381 homo
1116 5319 1195 5380 ad
1232 5319 1510 5381 amicum
1554 5339 1764 5384 suum.
1801 5324 1996 5383 Hunc
2033 5331 2250 5383 autem
2290 5322 2385 5385 Je-

2474 800 2623 853 sunt
2658 790 2954 854 Pharisaei
2993 792 3095 854 isti
3139 792 3448 855 increduli
3495 810 3509 854 :
3551 791 3685 855 Non
3724 798 3821 852 est
3862 790 3965 851 hic
4022 810 4181 848 mne.

2474 887 2664 952 homo
2692 908 2729 951 a
2760 889 2925 969 Deo;
2968 897 3051 965 et,
3083 888 3206 953 Nos
3246 890 3483 952 scimus
3520 888 3673 971 quia
3710 888 3817 949 hic
3854 888 3965 950 ho-
4026 906 4183 947 mu.

2478 1005 2580 1049 mo
2620 996 2911 1069 peccator
2950 994 3065 1049 est.
3098 987 3532 1070 Opinabantur
3561 1006 3710 1068 ergo
3747 1005 3817 1049 se
3856 986 3967 1049 sci-

2572 4731 2797 4794 Omnia
2843 4729 3035 4794 verba
3082 4730 3229 4792 caeci
3280 4729 3384 4792 hic
3432 4728 3810 4801 introducta,
3858 4749 3985 4792 uno

2496 4831 2682 4893 modo
2710 4836 3117 4911 exponuntur
3148 4828 3582 4903 determinate,
3607 4828 3685 4889 ad
3718 4828 3989 4909 proban-

2495 4931 2647 4992 dum
2689 4947 2877 4991 suum
2919 4927 3318 5010 propositum
3354 4946 3367 4989 :
3401 4934 3461 4989 et
3500 4926 3592 4988 sie
3627 4943 3776 4989 vera
3814 4935 3983 4988 sunt.

2496 5028 2634 5091 Alio
2674 5028 2860 5090 modo
2909 5035 3318 5108 exponuntur
3364 5026 3789 5089 communiter
3822 5044 3835 5088 :
3872 5026 3991 5088 sic-

2494 5144 2642 5208 que,
2695 5126 3047 5187 seeundum
3097 5124 3542 5205 Augustinum‚
3598 5131 3750 5185 sunt
3799 5124 3985 5186 verba

2495 5224 2641 5287 caeci
2694 5224 2975 5286 nondum
3028 5220 3307 5305 perfecte
3353 5220 3619 5283 interius
3666 5220 3981 5293 illustrati,

2500 5324 2669 5385 unde
2716 5339 2833 5384 nee
2883 5338 3031 5383 vera
3088 5327 3238 5382 sunt
3292 5319 3601 5383 absolute.
3654 5355 3733 5365 -
3780 5318 3983 5382 Primo
