4300 6259
886 472 1007 539 284

1720 494 2069 542 alumno
2111 492 2180 539 IN
2219 492 2358 539 cu.
2406 494 2428 539 1
2467 492 2744 540 JOANNJS.
2790 512 2873 525 --·
2913 495 3055 541 Aur.
3101 496 3163 541 lv

886 663 962 727 Et
992 667 1505 748 respondendum
1538 665 1881 749 dupliciter
1914 684 1929 728 ε
1964 664 2186 736 Primo,
2212 663 2384 745 quod
2414 664 2465 725 A
2495 662 2692 725 fidem
2745 664 3079 741 uniuntur,
3125 673 3318 747 atque
3368 684 3480 748 per
3529 664 3851 727 caritatem
3900 664 3992 725 in·

888 762 1037 825 licet
1080 764 1269 827 homo
1312 766 1464 828 dum
1509 764 1901 828 convertitur
1944 763 2021 825 ad
2065 762 2383 826 Christum

888 880 1004 943 per
1040 861 1249 924 fidem.
1273 871 1336 925 ct
1373 862 1802 937 dilectionem,
1838 861 2159 923 efficiatur
2195 860 2389 941 adop-

885 960 1055 1022 tivus
1098 960 1276 1023 filius
1329 961 1457 1032 Dei,
1503 962 1621 1024 hoc
1668 969 1879 1022 tamen
1934 978 2059 1023 non
2114 966 2211 1021 est
2260 957 2383 1020 nisi

887 1058 952 1120 in
998 1068 1307 1141 quantum
1350 1060 1539 1122 habet
1580 1059 1981 1142 propositum
2033 1056 2382 1139 recipiendi

886 1157 1299 1240 Baptismum,
1354 1160 1417 1221 in
1466 1178 1597 1240 quo
1646 1157 2063 1240 spiritualiter
2111 1156 2385 1219 renasci-

886 1264 1011 1330 tur,
1054 1266 1117 1320 et
1159 1258 1388 1321 filiatio
1430 1258 1727 1339 adoptiva
1770 1255 2125 1339 perficitur.
2171 1255 2386 1318 Omni-

887 1356 1007 1418 bus
1044 1376 1194 1438 ergo
1240 1356 1352 1438 qui
1398 1363 1775 1439 receperunt
1825 1354 2167 1429 Christum,
2212 1353 2384 1416 dedit

887 1457 1155 1538 ipsemet
1212 1455 1497 1519 Christus
1556 1455 1907 1518 secundum
1965 1456 2137 1535 quod
2195 1454 2380 1527 DeuS,

887 1561 1259 1637 potestatem
1288 1554 1461 1618 filios
1489 1554 1597 1617 Dei
1627 1553 1771 1616 fieri
1806 1552 2083 1635 perfecte
2114 1552 2181 1613 in
2210 1550 2384 1615 fonte

886 1654 1309 1735 Baptismatis,
1353 1654 1523 1735 quod
1569 1672 1695 1716 non
1746 1654 1929 1715 datur
1976 1651 2209 1713 adultis
2261 1650 2382 1713 nisi

888 1752 1315 1826 credentibu3‚
1368 1753 1498 1815 imo
1548 1751 1708 1813 nulli
1765 1751 1890 1812 nisi
1938 1748 2137 1812 fidem
2189 1748 2386 1831 profi-

2495 771 2932 845 corporantur,
2967 762 3346 827 efficiuntur
3382 764 3506 827 filii
3549 763 3854 846 adoptivi.
3895 763 3994 825 Fi-

2496 861 2670 925 liatio
2699 870 2912 924 autem
2943 863 3259 945 adoptiva,
3278 882 3424 945 quae
3447 862 3524 925 fit
3557 881 3672 945 per
3698 863 3986 945 gratiam,

2493 979 2621 1041 qua
2669 960 2957 1024 homines
3007 959 3178 1023 fiunt
3231 962 3572 1044 participes
3623 961 3988 1023 hereditatis

2494 1057 2690 1121 Patris
2735 1060 3112 1141 adoptantiS,
3155 1068 3250 1122 est
3293 1060 3694 1142 participatio
3735 1058 3989 1122 filiatio-

2495 1156 2595 1219 nis
2635 1158 2961 1221 naturalis.
2997 1158 3155 1221 Hinc
3181 1159 3261 1221 ad
3300 1159 3610 1223 Romanos
3643 1160 3800 1221 dicit
3826 1159 3988 1240 Apo-

2495 1256 2732 1318 stolus:
2765 1255 2828 1319 Si
2864 1255 3008 1330 filii,
3035 1265 3098 1319 et
3125 1258 3412 1332 heredes,
3431 1258 3694 1319 heredes
3726 1257 3984 1339 quidem
4039 1273 4232 1321 aava.

2496 1355 2627 1429 Dei,
2663 1355 3003 1418 coheredes
3046 1363 3259 1418 autem
3303 1355 3557 1419 Christi.
3597 1354 3672 1417 Et
3714 1374 3934 1417 rursus
3966 1372 3981 1417 ε

4013 1337 4080 1379 17.

2494 1454 2629 1517 Non
2669 1455 3002 1537 accepistis
3047 1455 3346 1537 spiritum
3389 1454 3714 1517 servitutis
3758 1455 3986 1516 iterum
4037 1468 4146 1513 ιιι-α.
4165 1473 4216 1511 15.

2497 1553 2563 1615 in
2612 1554 2858 1629 timore,
2912 1554 3022 1616 sed
3069 1550 3403 1636 accepistis
3453 1554 3752 1636 spiritum
3800 1554 3991 1634 adop-

2494 1652 2686 1715 tionis
2735 1651 3043 1727 filiorum,
3098 1652 3163 1715 in
3211 1671 3342 1733 quo
3391 1653 3763 1728 clamamus,
3813 1652 3990 1714 Abba

2491 1750 2746 1832 (Pater).

888 1857 1113 1925 teatur,
1150 1851 1249 1913 vel
1296 1868 1408 1932 per
1452 1868 1541 1924 sc,
1576 1850 1629 1911 si
1669 1850 1751 1911 sit
1790 1867 2049 1930 compos
2095 1848 2378 1919 rationis,
2419 1846 2467 1909 B
2575 1849 2810 1911 Deinde
2859 1848 3256 1930 Evangelista
3301 1849 3638 1930 distinguit
3680 1848 3992 1930 generati—

890 1948 988 2012 vel
1034 1966 1149 2030 per
1195 1949 1414 2023 alium,
1462 1948 1515 2009 si
1565 1948 1648 2010 sit
1694 1946 1859 2009 infra
1904 1965 2103 2010 annos
2155 1946 2388 2010 discre-

888 2047 1101 2110 tionis.
1135 2047 1204 2108 In
1243 2047 1562 2129 Baptismo
1605 2054 1816 2108 autem
1855 2046 2055 2126 gratia
2092 2052 2382 2127 augetur,

814 2182 823 2187 -
888 2146 1211 2208 character
1279 2145 1691 2228 imprimitur,
1752 2152 1815 2205 et
1880 2145 2070 2208 homo
2135 2143 2385 2207 Christo

891 2244 1169 2326 perfecte
1211 2244 1642 2308 conformatur
1683 2251 1746 2305 et
1788 2244 2251 2325 incorporatur,
2295 2250 2386 2305 at—

890 2362 1017 2425 que
1053 2344 1131 2407 ab
1170 2344 1345 2408 omni
1385 2343 1525 2406 labe
1567 2343 1807 2425 peccati
1846 2362 1919 2405 ac
1960 2350 2135 2404 reatu
2181 2360 2385 2423 poenae

889 2442 1262 2518 absolvitur,
1318 2450 1386 2504 ut
1435 2444 1517 2505 sit
1564 2442 1827 2505 omnino
1873 2440 2051 2503 filius
2100 2441 2232 2503 Dei.
2285 2439 2388 2502 Se-

892 2543 1099 2605 cundo
1168 2544 1605 2624 respondetur,
1666 2542 1837 2623 quod
1906 2541 2205 2604 omnibus
2272 2539 2382 2621 qui

890 2640 1211 2704 Christum
1244 2660 1415 2703 nunc
1447 2659 1560 2722 per
1589 2639 1787 2702 fidem
1826 2638 2167 2721 recipiunt,
2203 2638 2387 2700 datur

892 2747 1165 2820 potestas
1214 2738 1385 2802 filios
1436 2740 1541 2801 Dei
1592 2738 1759 2812 fieri,
1809 2738 2121 2802 filiatione
2169 2737 2386 2818 gloriae

890 2846 1325 2901 consummata
1382 2838 1445 2901 in
1507 2838 1731 2920 patria.
1786 2837 1900 2901 Per
1958 2836 2156 2900 fidem
2213 2836 2383 2899 enim

890 2937 1262 3019 pervenitur
1316 2938 1395 2999 ad
1458 2937 1761 3019 speciem.
1822 2936 2069 2999 Filiatio
2126 2951 2385 3016 quoque

2494 1967 2679 2013 onem
2729 1948 3150 2031 spiritualem,
3197 1966 3312 2030 per
3364 1967 3554 2030 quam
3611 1947 3838 2011 filiatio
3885 1948 3992 2010 ad-

2493 2048 2709 2130 optiva
2757 2046 3133 2128 acquiritur,
3184 2066 3221 2109 a
3267 2046 3674 2127 generatione
3727 2046 3986 2109 carnali.

2496 2148 2623 2215 Qui
2678 2146 3005 2207 credentes
3063 2152 3126 2207 et
3183 2144 3303 2207 filii
3365 2144 3670 2228 adoptivi,
3723 2166 3852 2207 non
3909 2166 3992 2205 ex

2491 2246 2940 2322 sanquinibus,
2981 2244 3046 2306 id
3085 2251 3180 2306 est
3221 2244 3576 2307 seminibus
3621 2244 3742 2307 viri
3785 2262 3858 2305 ac
3899 2242 3992 2305 fe-

2493 2343 2704 2406 minae.
2757 2341 2984 2405 Semen
3043 2342 3214 2404 enim
3263 2349 3358 2405 est
3417 2342 3824 2425 superfluum
3879 2342 3994 2404 ali-

2494 2441 2690 2503 menti
2725 2440 3056 2522 sanguinei
3085 2450 3149 2503 et
3179 2441 3434 2521 sanguis
3466 2440 3995 2522 coagulatus.1ta-

2492 2558 2640 2621 que,
2682 2539 2818 2603 Non
2867 2558 2944 2601 ex
2995 2540 3434 2620 sanguinibuS,
3490 2539 3555 2602 id
3605 2547 3702 2602 est
3751 2538 3996 2601 semine

2494 2638 2638 2719 viri,
2690 2638 2757 2700 in
2806 2657 2934 2720 quo
2981 2645 3078 2701 est
3125 2638 3326 2700 virtus
3376 2636 3734 2711 formativa,
3787 2644 3852 2699 et
3901 2654 3998 2698 se-

2493 2737 2666 2799 mine
2696 2736 3006 2811 mulieris,
3039 2755 3182 2818 quae
3221 2736 3461 2818 praebet
3488 2736 3556 2797 in
3585 2734 3996 2817 generatione

2493 2836 2842 2898 materiam.
2879 2836 3101 2915 Neque
3145 2856 3225 2895 ex
3269 2839 3602 2897 voluntate
3641 2836 3888 2907 carnia,
3931 2832 3996 2896 id

2493 2942 2588 2997 est
2627 2934 3142 3016 concupiscentia
3185 2933 3634 3009 sensualitatiS,
3670 2933 3770 2996 vel
3811 2932 3996 2997 femi-

887 3036 1105 3117 gratiae
1141 3035 1493 3118 adoptionis
1531 3035 1860 3098 ordinatur
1888 3036 1965 3097 ad
2006 3033 2382 3097 filiationem
2422 3035 2465 3099 C
2496 3053 2615 3113 nae,
2647 3052 2791 3114 quae
2837 3032 3094 3095 nomine
3145 3032 3352 3095 carnis
3397 3032 3804 3113 exprimitur,
3837 3050 3996 3113 quo-

887 3134 1104 3215 gloriae
1144 3132 1457 3197 beatificae
1498 3132 1843 3195 fruitionis,
1884 3132 2131 3196 Filiatio
2172 3139 2384 3193 autem

892 3232 1194 3295 fundatur
1242 3233 1307 3293 in
1356 3232 1831 3295 assimilatione.
1884 3231 2190 3304 Quoniam
2239 3249 2386 3312 ergo

892 3350 1007 3414 per
1045 3332 1273 3394 Christi
1320 3331 1664 3394 adventum
1705 3332 1847 3393 data
1882 3337 1977 3393 est
2015 3329 2385 3393 hominibus

891 3430 1293 3514 participatio
1332 3429 1532 3493 divini
1577 3448 1735 3503 esse,
1779 3437 1843 3492 et
1884 3429 2386 3511 supernaturalis

892 3528 1243 3592 similitudo
1282 3548 1428 3591 cum
1468 3529 1613 3603 Deo,
1649 3528 1886 3592 idcirco
1928 3528 2386 3610 recipientibus

893 3627 1105 3709 ipsum
1150 3628 1334 3688 datur
1378 3626 1636 3709 praefata
1686 3633 1983 3709 potestas.
2026 3612 2141 3689 Per
2189 3626 2384 3688 fidem

890 3725 1134 3808 quippe
1173 3724 1509 3789 inchoatur
1551 3724 1616 3787 in
1658 3725 1841 3789 nobis
1885 3726 2387 3807 supernaturalis

893 3825 1167 3905 cognitio
1228 3824 1465 3907 patriae,
1519 3843 1663 3905 quae
1718 3832 2029 3906 quantum
2078 3826 2158 3887 ad
2207 3844 2386 3887 suam

896 3922 1382 4005 plenitudinem,
1434 3922 1559 3985 Deo
1608 3932 1702 3985 est
1760 3922 2038 4004 propria.
2092 3922 2208 3984 Per
2250 3940 2390 4003 gra-

895 4022 1047 4085 tiam
1105 4039 1356 4103 quoque
1415 4028 1666 4102 gratum
1729 4020 2065 4083 facientem
2130 4021 2390 4103 ponitur

893 4120 1104 4183 anima
1133 4120 1201 4181 in
1230 4138 1367 4181 esse
1397 4119 1886 4202 supernaturali,
1912 4120 2129 4183 divino
2159 4138 2232 4182 ac
2261 4138 2391 4181 me-

2497 3132 2668 3195 niam
2698 3132 2972 3207 mollior,
2998 3139 3061 3193 et
3091 3132 3155 3193 in
3189 3131 3429 3194 ratione
3460 3130 3763 3211 debilior;
3795 3150 3998 3211 neque

2495 3254 2575 3292 eoe
2613 3234 2964 3299 voluntate,
3005 3230 3071 3292 id
3115 3237 3210 3292 est
3253 3229 3793 3311 concupiscentia,
3829 3231 3996 3300 viri;

2494 3333 2604 3391 sed
2641 3350 2722 3390 em
2765 3332 2892 3391 Deo
2939 3331 3084 3391 naci
3124 3338 3302 3396 sunt,
3345 3328 3410 3390 id
3459 3336 3554 3391 est
3603 3327 3823 3390 divina
3873 3328 3998 3389 vir-

2496 3436 2631 3492 tute
2679 3435 2742 3490 et
2788 3427 2990 3508 gratia
3039 3427 3456 3509 spiritualiter
3503 3426 3878 3507 regenerati,
3925 3445 3996 3488 ac

2497 3527 2786 3591 divinum
2847 3544 2986 3589 esse
3043 3525 3271 3590 sortiti.
3323 3525 3478 3588 Nam
3537 3526 3862 3607 loquendo
3919 3526 3996 3587 de

2497 3644 2638 3689 esse
2674 3632 2935 3700 naturae,
2967 3632 3121 3687 tunc
3162 3624 3288 3687 nati
3329 3632 3478 3686 sunt
3516 3642 3594 3686 ex
3639 3624 3994 3687 seminibus

2499 3732 2830 3807 parentum
2880 3725 3046 3786 sicut
3087 3731 3150 3785 et
3192 3723 3530 3801 infideles;
3574 3724 3684 3785 sed
3727 3723 3995 3805 loquen-

2499 3824 2578 3886 do
2609 3824 2685 3884 de
2715 3840 2852 3884 esse
2880 3821 3116 3903 gratiae,
3149 3840 3263 3904 per
3291 3822 3456 3904 quod
3488 3822 3814 3885 constituti
3845 3830 3994 3883 sunt

2498 3922 2620 3985 filii
2669 3922 2778 3984 Dei
2827 3922 3131 4003 adoptivi,
3176 3922 3304 3983 nati
3351 3928 3500 3983 sunt
3545 3939 3624 3983 cx
3675 3920 3820 3995 Deo,
3865 3930 3994 3983 tan-

2498 4041 2692 4104 quam
2741 4039 2817 4083 ex
2865 4028 3040 4103 patre
3084 4019 3450 4102 principali,
3491 4019 3820 4082 hominem
3871 4018 3991 4081 sibi

2499 4121 2892 4184 assimilante
2922 4138 2995 4181 ac
3028 4118 3391 4181 deificante.
3425 4118 3612 4181 Porro
3643 4118 3710 4180 in
3737 4136 3995 4199 genera-

896 4218 1136 4293 ritorio,
1197 4225 1455 4300 tamque
1516 4226 1775 4301 accepta
1832 4237 1905 4281 ac
1968 4218 2198 4280 similis
2267 4218 2391 4281 Deo
2425 4223 2470 4284 D
2502 4220 2672 4301 tione
2712 4217 2948 4281 carnali
2991 4236 3064 4279 ac
3107 4216 3395 4290 naturali,
3437 4234 3656 4279 semen
3699 4234 3768 4279 se
3805 4216 3996 4279 habet

894 4316 1199 4391 efficitur,
1235 4325 1305 4379 ut
1344 4316 1534 4380 etiam
1567 4316 1761 4379 vitam
1800 4325 2100 4379 aeternam
2136 4318 2216 4379 de
2245 4336 2394 4381 con-

896 4416 1087 4496 digno
1129 4422 1465 4478 mereatur.

994 4516 1117 4576 His
1166 4515 1283 4593 qui
1328 4517 1601 4575 credunt
1650 4515 1723 4573 in
1770 4514 2033 4574 nomine
2086 4514 2251 4591 ejus,
2306 4514 2396 4577 lo-

896 4613 1152 4694 quendo
1200 4613 1278 4674 de
1322 4612 1581 4674 nomine
1631 4610 1975 4684 nominato,
2020 4612 2139 4674 hoc
2185 4620 2280 4674 est
2328 4612 2393 4674 in

898 4711 1037 4792 ipso
1085 4709 1354 4781 Christo,
1407 4710 1537 4772 fide
1586 4709 1872 4772 formata.
1924 4708 2129 4781 Quum
2181 4710 2396 4793 itaque

896 4808 1177 4872 Verbum
1226 4809 1309 4874 sit
1362 4809 1560 4871 Filius
1619 4808 1947 4883 naturaliS‚
2001 4810 2111 4891 qui
2165 4810 2223 4871 ei
2285 4828 2398 4892 per

2503 4337 2616 4401 per
2646 4318 2905 4381 modum
2937 4335 3140 4379 causae
3171 4315 3536 4391 materialiS,
3558 4323 3852 4398 parentes
3883 4335 3996 4399 per

2505 4418 2764 4481 modum
2807 4435 3014 4478 causae
3054 4414 3433 4495 efficientis3
3477 4414 3998 4498 concupiscentia

2506 4534 2654 4579 vero
2699 4522 2910 4578 movet
2955 4515 3032 4577 ad
3081 4522 3314 4576 actum.
3363 4513 3570 4576 Potest
3617 4520 3828 4575 autem
3883 4532 3996 4596 per

2507 4615 2895 4678 voluntatem
2937 4614 3146 4675 carnis
3185 4620 3249 4675 et
3281 4612 3402 4676 viri
3443 4612 3712 4693 intelligi
3751 4613 3994 4695 appeti—

2505 4722 2608 4775 tus
2659 4712 2952 4795 superior
2987 4730 3101 4775 seu
3142 4710 3592 4785 intellectivuS,
3626 4710 3740 4792 qui
3777 4719 3988 4773 actum

2503 4811 2928 4893 generationis
2973 4811 3264 4893 imperat,
3309 4810 3408 4873 vel
3451 4810 3511 4872 ei
3555 4809 3896 4873 consentit.

4113 2138 4167 2192 ¹3
