4300 6259
826 461 905 526 76
1602 485 1953 534 mmlx-rw
1993 486 2057 532 m
2096 485 2238 533 car.
2282 484 2394 531 xm
2435 484 2624 532 Luca.
2667 503 2750 516 —
2789 486 2934 533 nr.
2979 487 3147 532 xxxv

822 653 1064 714 erueris
1098 672 1113 716 ε
1147 655 1441 736 quamvis
1482 655 1547 718 in
1588 657 1742 720 bora
1771 657 1997 737 judicii
2036 656 2320 719 localiter
2347 655 2399 715 A
2427 655 2644 718 monio
2671 663 2890 720 contra
2919 664 3002 730 te,
3027 655 3373 720 inveniaris
3402 653 3920 718 damnabilis.Ce-

822 752 1144 834 contingat
1190 755 1363 816 exire
1406 757 1485 818 ad
1528 756 1853 819 modicum
1896 763 2173 838 tempuS,
2217 754 2316 818 vel

822 851 1077 913 interim
1120 870 1234 933 per
1271 853 1808 936 dispensationem
1850 855 2131 916 divinam
2153 875 2170 934 3
2207 859 2321 916 do-

818 969 933 1009 nec
974 952 1172 1012 eliam
1210 955 1636 1014 novissimum
1686 956 2015 1014 minutum
2058 957 2317 1024 reddet-3,

818 1047 882 1109 id
923 1057 1039 1121 est,
1074 1069 1189 1130 pro
1228 1051 1512 1114 minimis
1553 1052 1761 1134 culpis
1800 1051 2045 1114 debitas
2090 1052 2316 1115 tuleris

820 1165 1039 1228 poenas
1075 1149 1294 1228 :quod
1342 1169 1673 1231 nunquam
1723 1150 2119 1232 implebitur,
2164 1151 2318 1232 quia

818 1264 1146 1326 nunquam
1182 1247 1461 1328 plenarie
1493 1248 1649 1311 illud
1682 1248 1969 1311 debitum
2003 1250 2318 1331 persolve-

820 1349 942 1417 tur,
975 1362 1051 1406 eo
1080 1346 1249 1427 quod
1284 1364 1471 1427 poena
1498 1355 1732 1409 aeterna
1762 1347 2065 1410 debeatur
2096 1366 2320 1429 pecca-

818 1448 881 1502 to
925 1442 1171 1505 mortali
1222 1443 1499 1524 directe3
1540 1445 1651 1506 sed
1690 1429 2049 1507 venialibus
2100 1464 2318 1527 pecca·

816 1540 897 1601 tis
938 1559 1065 1604 non
1096 1541 1362 1604 debetur
1401 1561 1588 1624 poena
1620 1551 1870 1619 aeterna,
1896 1545 1961 1606 in
2002 1553 2314 1626 quantum

818 1647 966 1702 sunt
997 1640 1285 1714 venialia,
1320 1642 1429 1702 sed
1472 1641 1711 1704 ratione
1750 1642 2058 1722 adjuncti,
2094 1643 2159 1705 id
2197 1652 2312 1718 est,

821 1739 1057 1820 peccati
1094 1738 1377 1802 mortalis
1410 1739 1533 1800 sibi
1563 1741 1809 1801 annexi.
1830 1741 2114 1822 Denique
2142 1743 2316 1822 quod

2429 761 2564 816 tera
2601 755 2768 818 sicut
2802 755 2934 835 jam
2975 755 3216 817 dictum
3253 763 3353 817 est
3393 761 3808 836 exponantur.

2513 853 2723 917 Tertio
2753 853 2846 915 sic
2871 873 2885 915 :
2915 856 3123 922 Quum
3155 856 3342 914 vadis
3369 873 3520 913 cum
3547 853 3918 912 adversario

2430 961 2565 1021 tuo,
2615 952 2683 1013 id
2729 959 2828 1014 est
2883 951 3156 1026 diabolO,
3203 954 3291 1012 ad
3331 951 3699 1028 principem
3745 948 3922 1012 Chri-

2427 1057 2596 1112 stum
2635 1069 2648 1112 :
2681 1051 2836 1131 quia
2876 1052 3142 1113 durante
3181 1050 3300 1112 hac
3338 1049 3487 1122 vita,
3523 1048 3588 1110 in
3626 1066 3754 1130 qua
3797 1047 3923 1110 via-

2427 1157 2526 1211 tor
2555 1167 2644 1222 eS,
2680 1150 2946 1211 tendens
2984 1149 3062 1210 ad
3100 1148 3290 1210 aliam
3330 1147 3524 1211 vitam
3563 1153 3626 1208 et
3653 1147 3730 1208 ad
3765 1145 3924 1208 divi-

2428 1267 2583 1310 num
2623 1265 2910 1322 examen,
2947 1254 3220 1309 tentator
3259 1254 3319 1308 te
3357 1264 3482 1308 non
3527 1245 3779 1318 deserit,
3813 1245 3920 1306 scd

2429 1347 2789 1409 insidiando
2823 1345 3112 1427 graditur
3149 1353 3402 1422 tecum;
3445 1347 3532 1405 da
3562 1363 3818 1420 operam
3851 1345 3924 1401 li-

2427 1447 2644 1506 berari
2672 1447 2752 1505 ab
2789 1447 2927 1516 illo,
2962 1443 3026 1506 id
3070 1451 3186 1518 est,
3218 1443 3298 1505 ab
3337 1442 3476 1522 ejus
3515 1441 3920 1503 tentamentis

2426 1551 2490 1605 te
2519 1552 2766 1618 excute,
2801 1543 3202 1624 viriliterque
3232 1540 3476 1615 resiste,
3509 1561 3590 1602 ne
3617 1543 3836 1601 trahat
3866 1549 3923 1600 te

2427 1647 2514 1704 ad
2536 1644 2863 1720 judicem,
2893 1641 2956 1703 id
2997 1651 3112 1716 est,
3149 1647 3520 1722 potestatem
3564 1647 3626 1700 et
3661 1637 3767 1720 jus
3815 1639 3922 1699 ba-

2427 1741 2570 1803 beat
2601 1740 2664 1802 in
2704 1748 2786 1814 te,
2821 1740 2908 1802 ita
2947 1749 3017 1802 ut
3053 1739 3252 1820 possit
3289 1746 3350 1800 te
3382 1738 3688 1801 violenter
3725 1737 3924 1798 trahe-

818 1836 927 1908 ait,
983 1835 1207 1912 Donec,
1260 1838 1554 1918 quamvis
1612 1838 1983 1919 frequenter
2039 1840 2316 1922 accipia-
2353 1844 2398 1905 B
2429 1858 2496 1902 re
2543 1841 2622 1902 ad
2672 1839 2960 1901 divinum
3013 1837 3314 1912 tribunal,
3345 1847 3406 1898 et
3437 1839 3658 1914 judex
3704 1839 3922 1896 tradat

819 1943 923 1996 tur
954 1934 1280 2010 inclusive,
1307 1935 1412 1998 hic
1440 1936 1753 2018 accipitur
1782 1937 2119 2015 exclusive,
2157 1941 2318 2004 sicut

820 2052 1021 2114 quum
1065 2032 1318 2106 dicitur,
1354 2034 1473 2097 Iste
1514 2053 1640 2098 non
1687 2036 1948 2098 recessit
1990 2056 2027 2098 a
2064 2057 2182 2100 suo
2219 2057 2319 2100 er-

2431 1951 2486 2000 te
2513 1940 2802 2000 exactori
2831 1937 3104 2000 diabolo.
3139 1935 3348 2000 Potest
3376 1952 3634 2017 quoque
3675 1952 3788 2016 per
3817 1952 3924 1995 ex-

2425 2047 2700 2100 actorem
2757 2035 3025 2116 intelligi
3073 2034 3336 2115 angelus
3385 2033 3612 2104 bonuS,
3665 2033 3921 2113 exigens

825 2149 985 2204 rore,
1020 2132 1219 2194 donec
1261 2132 1441 2194 obiit.
1475 2131 1577 2194 Sic
1621 2152 1880 2215 quoque
1924 2135 2202 2198 sumitur
2249 2138 2318 2198 in
2425 2136 2737 2215 justitiam
2787 2134 2930 2196 fieri
2979 2142 3198 2197 contra
3244 2133 3520 2214 iniquos,
3570 2130 3682 2212 qui
3729 2129 3924 2193 mittit

533 2236 795 2290 Panum·
824 2229 1190 2311 Scripturis,
1232 2250 1433 2312 quum
1477 2232 1731 2307 dicitur,
1774 2231 1951 2294 Oculi
1996 2236 2196 2298 nostri
2239 2238 2318 2300 ad

825 2329 1160 2392 Dominum
1199 2329 1397 2392 Deum
1442 2339 1751 2405 nostrum,
1784 2333 1983 2395 donec
2021 2335 2321 2398 miserea-

536 2434 797 2537 2εἷλῑίιιευι-ι,
828 2437 931 2489 tur
980 2428 1219 2508 nostri3
1270 2435 1353 2502 et,
1402 2428 1536 2492 Non
1588 2431 1885 2510 cognovit
1932 2449 2093 2506 eam,
2148 2433 2321 2496 scili-

828 2533 925 2588 cet
968 2525 1197 2608 Joseph
1247 2526 1683 2590 christiferam
1726 2528 2071 2610 Virginem,
2118 2533 2320 2596 donec

830 2625 1101 2707 peperit.

906 2723 1215 2798 Secundo,
1260 2725 1646 2808 exponitur:
1686 2729 1899 2796 Quum
1944 2731 2133 2789 vadis
2173 2750 2322 2792 cum

825 2825 1199 2884 adversario
1230 2833 1359 2895 tuo,
1391 2823 1456 2886 id
1496 2832 1591 2886 cst
1630 2834 2140 2889 remurmurante
2175 2847 2322 2892 con-

826 2919 1110 2995 scientia,
1144 2924 1232 2982 ad
1258 2923 1631 3000 principem
1674 2921 2017 2999 Christum,
2050 2929 2137 2986 da
2183 2947 2323 3004 ope-

2429 2235 2496 2297 in
2537 2251 2854 2298 carcerem
2895 2232 3272 2316 permissive
3302 2249 3416 2293 seu
3453 2229 3768 2292 effective.
3801 2229 3923 2291 Un-

2429 2336 2506 2397 de
2544 2335 2611 2396 in
2651 2331 2936 2395 Matthaeo
2975 2331 3260 2395 Christus
3295 2330 3373 2391 de
3411 2329 3650 2409 angelis
3689 2327 3919 2390 sanetis

2431 2431 2718 2515 profatur
2765 2450 2778 2492 :
2826 2430 2894 2491 In
2953 2427 3498 2492 consummatione
3547 2425 3758 2489 saeculi
3817 2444 3922 2487 ex·
3951 2439 4224 2542 gaggam

2429 2532 2616 2594 ibunt
2637 2529 2862 2611 angeli,
2885 2537 2948 2590 et
2977 2526 3364 2610 separabunt
3386 2526 3582 2589 malos
3613 2527 3690 2588 de
3713 2523 3920 2587 medio

2427 2631 2759 2710 justorum,
2781 2636 2846 2690 et
2873 2627 3126 2689 mittent
3153 2644 3260 2689 eos
3291 2625 3358 2687 in
3389 2623 3709 2687 caminum
3739 2621 3919 2703 ignis

2429 2730 2750 2792 Postremo
2798 2725 3098 2807 Origenes
3144 2723 3252 2786 bic
3291 2723 3400 2798 ait,
3443 2723 3612 2804 quod
3651 2720 3922 2804 quilibet

2430 2828 2622 2891 homo
2669 2826 2828 2888 duos
2883 2822 3140 2904 angelos
3188 2821 3400 2896 babet,
3451 2818 3748 2884 videlicet
3798 2837 3926 2881 ma-

2431 2927 2590 3000 lum,
2621 2924 2736 3006 qui
2776 2924 3064 2987 hortatur
3097 2922 3177 2984 ad
3209 2921 3383 2995 vitia,
3417 2927 3480 2982 et
3517 2919 3779 2994 bonum,
3811 2917 3922 3000 qui

824 3040 971 3080 ram
1019 3021 1286 3080 liberari
1330 3022 1410 3080 ab
1459 3023 1600 3091 illo,
1651 3021 1715 3084 id
1774 3030 1889 3098 est,
1941 3042 1978 3085 a
2032 3042 2322 3088 remorsu
2360 3029 2403 3092 C
2433 3024 2772 3109 persuadet
2809 3023 2887 3084 ad
2925 3021 3092 3084 bona
3127 3038 3201 3082 ac
3239 3019 3500 3101 optima.
3532 3018 3584 3078 A
3613 3016 3780 3081 malo
3816 3036 3928 3079 au-

825 3118 1227 3182 conscientiae
1266 3126 1331 3181 te
1367 3137 1668 3201 expurga,
1710 3122 2105 3185 emendando
2147 3126 2320 3204 quod

828 3217 1216 3280 conscientia
1262 3218 1711 3299 reprehendit3
1762 3240 1842 3280 ne
1882 3221 2100 3282 trahat
2139 3230 2198 3281 te
2235 3227 2323 3283 ad

812 3317 1139 3394 judicem,
1171 3316 1234 3378 id
1274 3323 1390 3391 est,
1424 3335 1501 3378 ex
1540 3316 1679 3397 ejus
1720 3336 2007 3381 remorsu
2050 3325 2111 3380 et
2155 3321 2323 3382 testi-

2433 3133 2561 3186 tem
2602 3120 2828 3202 angelo
2875 3119 3246 3192 liberamur,
3289 3117 3580 3180 habendo
3627 3115 3924 3194 virtutes3

2430 3231 2494 3284 et
2531 3221 2582 3282 si
2627 3220 2870 3301 absque
2921 3225 3179 3301 peccato
3225 3215 3560 3290 fuerimuS,
3602 3232 3821 3276 secure
3869 3213 3926 3276 ei

2433 3338 2772 3403 possumus
2818 3317 3224 3400 respondere,
3256 3313 3426 3377 Nihil
3469 3313 3666 3376 debeo
3707 3313 3846 3375 tibi.

1869 3745 2519 3832 ARTICULUS
2586 3746 2904 3831 XXXV

1109 4019 1422 4065 Exposrrlo
1463 4019 1739 4066 currum
1780 4019 2190 4066 ‘rssn'rnnsscml
2235 4023 2249 4066 2
2297 4020 2590 4067 Ansium·
2636 4020 2842 4066 Auru
2886 4021 3126 4076 omnim
3167 4019 3300 4066 11>so
3343 4017 3643 4074 wuronc,

1870 4118 2258 4164 NUNTIANTES
2299 4119 2417 4165 lul
2458 4121 2540 4165 DE
2581 4119 2897 4166 GALILAEIS.

930 4394 1037 4456 ΑΜ
1097 4394 1475 4476 praecedenti
1534 4395 1813 4477 capitulo
1869 4395 2121 4476 longam
2180 4395 2331 4459 fecit
2362 4393 2411 4455 D
2439 4415 2508 4459 se
2547 4417 2672 4460 non
2714 4397 2929 4460 omnia
2973 4397 3184 4470 sciret,
3220 4395 3343 4469 vel,
3379 4403 3449 4456 ut
3484 4394 3640 4477 quid
3681 4394 3817 4476 ipse
3855 4394 3934 4456 de

948 4492 1229 4556 Salvator
1259 4494 1337 4556 de
1378 4493 1585 4574 poenis
1626 4493 2025 4574 peccantium
2065 4495 2334 4558 mentio-

836 4609 979 4653 nem
1017 4608 1032 4653 :
1067 4591 1209 4654 ideo
1248 4591 1365 4653 hac
1403 4591 1761 4664 occasione‚·
1786 4592 2048 4672 quidam
2085 4594 2336 4655 adstan-

836 4690 996 4752 tium
1056 4689 1512 4752 nuntiaverunt
1570 4689 1627 4752 ei
1678 4691 1757 4752 de
1805 4689 2121 4754 occisione
2179 4711 2337 4773 quo-

838 4790 1129 4852 rumdam
1176 4789 1289 4870 qui
1340 4788 1560 4871 inique
1609 4807 1676 4851 se
1725 4789 2107 4864 habuerunt,
2150 4791 2334 4872 quasi

836 4889 1187 4951 alludentes
1247 4886 1503 4968 eloquio
1560 4887 1811 4950 Christi.
1864 4891 2162 4950 Aderant
2215 4911 2335 4950 au-

839 4999 959 5048 tem
991 4987 1287 5066 quidam,
1326 4987 1447 5049 hoc
1484 4993 1601 5066 est,
1634 4985 1881 5050 Christo
1924 4987 2338 5069 corporaliter

838 5083 1201 5159 adsuerunt,
1256 5086 1391 5162 ipso
1446 5095 1741 5163 tempore,
1792 5105 1921 5167 quo
1979 5104 2334 5149 sermonem

842 5183 1220 5266 praecedenti
1256 5183 1535 5264 capitulo
1570 5182 1877 5266 scriptum
1917 5184 2334 5267 deprompsit,

845 5284 1225 5344 nuntiantes
1264 5282 1393 5353 illi,
1426 5281 1671 5345 scilieet
1710 5282 1978 5358 Christo,
2021 5283 2205 5364 quasi
2247 5283 2338 5366 ip-

2441 4495 2703 4558 materia
2753 4496 3164 4578 proponenda
3221 4493 3503 4567 sentiret,
3559 4491 3784 4554 callide
3833 4509 3936 4553 ex-

2443 4594 2786 4676 plorarent,
2805 4598 2886 4655 de
2917 4595 3227 4663 Galiloeis,
3247 4612 3522 4672 quorum
3549 4593 3934 4669 sanquinem

2439 4695 2706 4756 Pilatus
2763 4694 3027 4754 miscuit
3082 4712 3229 4752 cum
3285 4690 3630 4768 sacrificiis
3687 4707 3930 4759 eorum,

2443 4793 2564 4855 hoc
2600 4799 2716 4864 est,
2750 4809 2911 4872 quos
2949 4789 3183 4851 Pilatus
3225 4787 3458 4851 occidit
3496 4789 3646 4851 dum
3695 4784 3938 4848 sacrifi-

2443 4897 2679 4964 carent,
2715 4889 2802 4950 ita
2831 4889 3003 4970 quod
3043 4886 3299 4967 sanguis
3333 4903 3552 4948 eorum
3581 4891 3645 4945 et
3683 4883 3938 4963 sanguis

2447 4987 2848 5051 victimarum
2891 5004 3049 5067 quas
3092 4983 3471 5057 mactabant,
3514 4999 3626 5044 seu
3665 4981 3802 5062 ipsa
3835 4998 3941 5044 eo-

2448 5105 2590 5147 rum
2641 5083 2978 5157 sacrificia,
3027 5100 3094 5146 se
3143 5081 3419 5145 invicem
3468 5078 3936 5160 contingebant,

2448 5183 2546 5246 vel
2593 5183 3046 5265 jungebantur.
3097 5180 3304 5255 Porro,
3347 5179 3696 5242 secundum
3743 5175 3943 5259 Cyril-

2446 5284 2604 5358 lum,
2637 5281 2705 5344 hi
2734 5280 2971 5345 Galilaei
3002 5278 3432 5361 sequebantur
3461 5276 3808 5341 doctrinam
3835 5274 3943 5338 Ju-
