4300 6259
1085 502 1437 549 umanum
1478 503 1540 548 m
1583 501 1720 550 car.
1767 501 1918 547 xvm
1960 501 2234 547 soANNJS.
2278 521 2357 530 —
2396 502 2539 546 aar.
2586 501 2729 546 xtui
3340 485 3462 548 579

362 671 578 732 diante
608 672 707 733 sui
741 673 954 734 vultus
984 680 1516 754 apparatu‚quem
1550 672 1641 734 eis
1669 680 1864 735 osten·
1895 671 1943 732 A
1974 671 2326 752 ApostOIOS,
2363 671 2635 734 maxime
2678 671 2953 746 Petrum,
2995 671 3107 752 qui
3150 669 3462 732 Malchum

363 769 455 830 dit
488 771 550 831 in
587 771 815 833 timore
845 778 906 832 et
942 771 1287 852 majestate.
1322 770 1863 842 Quemadmodum
1973 777 2098 831 tam
2142 770 2421 850 graviter
2464 769 2842 831 vulneravit.

77 887 331 936 mamm,
361 867 536 929 enim
589 867 779 948 ejecit
821 869 899 929 de
939 869 1178 950 templo
1214 887 1434 932 omnes
1473 876 1754 930 ementes
1803 874 1864 928 et
2054 869 2179 931 Cur
2207 878 2418 932 autem
2451 869 2736 932 Christus
2775 869 2966 950 jussit
3005 887 3085 930 ne
3116 870 3463 951 discipulos

100 951 119 978 ⁴
361 966 734 1038 vendenteS‚
769 967 1074 1047 quoniam
1117 967 1344 1028 terruit
1391 985 1498 1029 eos
1540 966 1864 1046 egredien-
1973 975 2321 1048 tangerent,
2374 967 2589 1029 subdit
2640 967 3055 1048 Evangelista.
3118 971 3195 1030 Uc
3243 970 3467 1044 imple·
3606 973 3643 1028 9

358 1063 536 1124 tibus
587 1064 790 1144 igneis
843 1065 1034 1127 radiis
1092 1084 1170 1127 ex
1217 1065 1418 1128 oculis
1477 1065 1637 1144 ejuS,
1671 1072 1862 1145 atque
1969 1075 2153 1126 retur
2198 1087 2401 1126 sermo
2458 1085 2647 1146 quem
2696 1068 2875 1126 dia-it
2930 1066 3107 1128 lesus
3156 1065 3465 1147 (capitulo
3490 1080 3605 1123 ,νοω
3608 1093 3725 1122 nnnnn
3730 1093 3751 1128 ι,

359 1162 582 1225 divino
621 1164 897 1243 quodam
936 1162 1186 1244 fulgore
1223 1164 1288 1224 in
1331 1163 1469 1242 ejus
1501 1161 1662 1224 facie
1703 1162 1864 1224 radi·
1973 1163 2419 1244 praecedenti):
2450 1165 2615 1231 Quia
2646 1184 2796 1243 quos
2824 1166 3065 1224 dedisci
3094 1166 3277 1229 mihi,
3300 1183 3337 1226 ο
3365 1163 3467 1224 Pa·
3496 1145 3561 1185 ¹2·

358 1268 509 1321 ante
529 1281 546 1338 ;
579 1261 672 1322 sic
715 1280 886 1323 nunc
926 1261 1079 1323 istos
1120 1261 1352 1341 deJecit
1395 1261 1459 1323 in
1500 1269 1753 1322 terram.
1791 1259 1864 1322 Et
1972 1269 2088 1334 ter,
2123 1281 2251 1322 non
2280 1263 2547 1337 perdidi
2572 1283 2657 1321 em
2684 1265 2775 1322 eis
2804 1283 3216 1341 quemquam,
3249 1260 3309 1323 id
3346 1268 3461 1334 est,

359 1359 414 1420 si
449 1358 560 1419 illa
597 1358 848 1438 ejectio,
885 1360 1238 1421 secundum
1269 1357 1601 1438 Origenem
1633 1367 1695 1419 et
1725 1358 1864 1418 Hie·
1972 1359 2219 1422 nullum
2254 1360 2597 1423 electorum
2627 1360 3061 1443 Apostolorum
3094 1360 3304 1442 perire
3334 1379 3469 1442 per-

362 1474 729 1538 ronymum,
773 1465 897 1519 tam
944 1457 1106 1518 mira
1153 1455 1276 1518 fuit
1322 1457 1492 1538 quod
1540 1457 1864 1519 suscitatio
1973 1457 2142 1520 misi.
2194 1458 2322 1520 Hoc
2380 1458 2625 1521 dixerat
2674 1459 2959 1521 Christus
3019 1459 3117 1521 his
3178 1458 3389 1520 verbis
3448 1477 3462 1521 z

359 1553 576 1615 Lazari
611 1554 669 1616 ei
703 1555 809 1616 vix
841 1553 1234 1636 praeferatur,
1267 1555 1468 1617 multo
1501 1554 1722 1636 utique
1751 1554 1865 1617 mi·
1971 1555 2134 1628 Quos
2185 1556 2409 1618 dedisti
2456 1556 2637 1630 mihi,
2672 1575 2788 1637 ego
2830 1557 3166 1620 custodivi.
3200 1556 3467 1619 Possunt

363 1653 632 1716 rabilior
687 1653 928 1715 exstitit
987 1654 1107 1715 ista
1163 1661 1570 1727 armatorum,
1631 1671 1866 1735 pugna·
1972 1662 2183 1716 autem
2224 1654 2357 1716 haec
2397 1654 2589 1717 verba
2638 1656 2869 1736 exponi
2915 1655 3257 1738 dupliciter
3292 1674 3306 1718 :
3340 1655 3471 1717 Pri-

363 1759 602 1826 torum,
635 1761 829 1832 atque
859 1751 1189 1813 turbarum
1223 1759 1536 1813 tantarum
1571 1751 1860 1832 dejectio.
1975 1771 2099 1825 mo,
2153 1754 2230 1815 de
2289 1753 2597 1834 corporali
2660 1755 3157 1828 conservatione,
3218 1753 3469 1834 eritque

364 1849 586 1912 Merito
642 1867 901 1930 quoque
961 1849 1270 1912 cadebant
1328 1860 1696 1922 retrorsum,
1753 1849 1864 1930 qui
1904 1853 2199 1914 Bsensus
2244 1870 2257 1913 :
2298 1850 2432 1914 Non
2492 1851 2737 1932 perdidi
2788 1870 2864 1913 ex
2914 1852 3005 1913 eis
3054 1869 3466 1933 quemquam,

365 1949 619 2012 stabant
660 1967 738 2010 ex
780 1950 1046 2012 adverso
1089 1949 1342 2022 Christi,
1381 1957 1443 2011 et
1494 1957 1562 2010 ut
1609 1950 1868 2011 misera·
1976 1949 2040 2009 id
2083 1957 2199 2022 est,
2247 1949 2493 2010 nullum
2533 1949 2977 2031 Apostolorum
3020 1966 3267 2012 mecum
3308 1951 3472 2013 occi-

365 2047 630 2110 biliores
679 2055 1062 2128 apparerent
1110 2065 1183 2109 ac
1232 2047 1486 2128 penitus
1528 2048 1699 2121 victi,
1733 2055 1868 2110 tan-
1976 2047 2036 2109 di
2098 2048 2385 2128 permisi,
2438 2049 2547 2110 sed
2607 2049 2683 2110 de
2741 2067 2932 2110 manu
2993 2048 3271 2110 hostium
3330 2048 3471 2112 illos

366 2164 562 2226 quam
603 2145 716 2226 qui
759 2144 920 2208 Filio
959 2145 1068 2207 Dei
1109 2163 1177 2206 se
1208 2163 1531 2227 opponere
1561 2165 1868 2227 praesum-
1975 2146 2207 2227 eripui.
2256 2145 2544 2208 Secundo
2594 2146 2687 2208 sic
2720 2165 2733 2208 :
2769 2145 2903 2208 Non
2955 2146 3201 2227 perdidi
3254 2165 3329 2209 ex
3381 2147 3473 2209 eis

371 2250 662 2326 pserunt.
1977 2261 2391 2325 quemquam,
2426 2244 2488 2306 id
2536 2252 2653 2318 est,
2698 2243 2949 2305 nullum
2999 2245 3253 2308 illorum
3303 2246 3477 2309 dam-

193 2351 226 2405 ’1
476 2345 728 2403 Iterum
774 2361 922 2420 erqo
969 2344 1402 2418 interrogavit
1448 2363 1546 2402 eos
1595 2363 1618 2401 .·
1669 2345 1868 2412 Quem
1979 2343 2115 2404 nari
2176 2343 2462 2424 permisi.
2515 2342 2578 2405 Si
2639 2351 2851 2405 autem
2902 2342 3188 2405 Christus
3246 2343 3477 2425 permi-

369 2443 670 2522 quoeritis
699 2443 730 2500 ?
781 2442 901 2502 Illi
956 2449 1172 2500 autem
1219 2443 1534 2502 dixerunt
1584 2461 1606 2500 .·
1653 2443 1869 2503 Jcsum
1981 2443 2164 2504 sisset
2202 2442 2531 2523 Apostolos
2581 2442 2699 2504 hac
2750 2445 2887 2505 vice
2935 2443 3099 2524 capi,
3136 2442 3470 2524 perissent,

371 2541 824 2601 Nazarenum.
860 2537 994 2602 Non
1037 2539 1209 2600 enim
1254 2539 1692 2620 poenituerunt
1734 2540 1870 2603 viso
1981 2540 2332 2601 secundum
2364 2539 2977 2623 Augustinum,quia
3007 2539 3244 2602 infirmi
3279 2547 3472 2612 erant,

375 2646 504 2699 tam
561 2637 797 2718 insigni
855 2637 1164 2700 miraculo
1212 2637 1464 2710 Christi,
1518 2638 1874 2719 propriam·
1981 2645 2044 2699 et
2099 2639 2177 2698 ad
2231 2637 2634 2700 moriendum
2695 2657 2809 2719 pro
2860 2638 3107 2700 Christo
3156 2638 3472 2719 imparati.

373 2754 506 2817 que
551 2734 992 2798 infirmitatem
1033 2737 1298 2816 experti,
1333 2736 1636 2817 quoniam
1678 2735 1875 2799 obsti-
1982 2734 2134 2797 Nam
2166 2743 2229 2797 et
2264 2735 2559 2817 princeps
2590 2753 2802 2797 eorum
2834 2736 2965 2799 sola
2996 2736 3481 2816 interrogatione

117 2855 260 2898 seete.
275 2869 346 2904 1111
379 2834 507 2896 nati
541 2841 743 2908 erant,
779 2841 840 2894 et
867 2851 1062 2914 quem
1096 2832 1255 2895 Deus
1286 2834 1656 2907 contemnit,
1687 2851 1874 2897 nemo
1985 2852 2350 2908 concussuS,
2386 2841 2479 2894 ter
2522 2834 2793 2914 negavit.
2827 2833 3025 2895 Dilata
3062 2841 3159 2896 est
3194 2852 3341 2914 ergo
3381 2851 3479 2897 eo·
3560 2855 3730 2899 mun.

97 2921 155 2960 ¹⁴·
199 2974 234 3028 8
378 2932 696 3014 corrigere
737 2939 964 3013 potest.
999 2934 1352 3010 Respondit
1387 2935 1477 2992 eis
1504 2935 1683 2994 Jesus
1713 2955 1736 2992 .·
1771 2935 1878 2994 Di·
1987 2951 2127 2993 rum
2162 2930 2417 3005 occisio,
2450 2950 2787 3012 quousque
2828 2930 3186 2994 confirmati
3221 2931 3481 2994 fuerunt
3508 2920 3770 2968 ¹¹⁷¹·⁶⁹'⁷⁴·

375 3033 455 3092 xi
493 3033 693 3099 vobis,
725 3033 882 3110 quia
921 3049 1031 3108 eqo
1068 3051 1234 3091 sum.
1270 3033 1370 3102 Si,
1408 3050 1524 3112 pro
1572 3032 1744 3112 quia,
1781 3053 1878 3092 er·
1913 3034 1956 3098 C
1989 3031 2050 3092 in
2111 3029 2265 3105 fide,
2328 3037 2389 3091 et
2446 3029 2872 3110 evangelicam
2935 3030 3134 3111 legem
3196 3030 3483 3093 dissemi-

371 3151 454 3207 90
495 3151 595 3191 me
623 3131 920 3210 quan-itis
947 3129 1024 3190 ad
1064 3129 1445 3210 capiendum
1486 3137 1549 3191 et
1591 3131 1879 3193 occiden-
1988 3134 2337 3206 naverunt3
2370 3135 2651 3209 tuncque
2699 3129 3028 3193 moriendo
3080 3148 3192 3211 pro
3237 3129 3483 3193 Christo

380 3230 556 3302 dum,
592 3247 720 3292 non
751 3229 830 3290 ad
866 3228 1450 3310 contemplandum,
1485 3229 1875 3309 diligendum
1987 3247 2114 3291 non
2168 3227 2514 3309 perierunt,
2551 3245 2667 3289 nec
2708 3228 2983 3308 perdidit
3025 3245 3131 3290 eos
3172 3227 3480 3302 Christus»,

380 3335 442 3389 et
503 3325 988 3408 perfruendum,
1047 3327 1366 3407 quomodo
1425 3345 1526 3388 me
1584 3335 1878 3408 quaerunt
1988 3327 2098 3388 sed
2139 3325 2512 3406 ampliorem
2558 3333 2707 3386 sunt
2749 3326 3073 3388 consecuti
3118 3325 3411 3388 salutem.

381 3425 591 3496 electi,
642 3427 840 3486 sinite
882 3427 995 3485 hos
1049 3423 1395 3506 discipulos
1455 3442 1627 3488 meos
1676 3429 1874 3488 abire.
2076 3426 2304 3486 Simon
2365 3442 2515 3500 erqo
2574 3427 2811 3485 Petrus
2869 3425 3105 3485 habens
3152 3427 3479 3502 yladium.
3621 3437 3690 3494 10

381 3523 608 3586 Omnia
646 3523 780 3585 haec
816 3530 1113 3604 operatus
1153 3530 1248 3584 est
1277 3522 1561 3586 Christus
1596 3542 1609 3586 :
1644 3524 1873 3601 Primo,
1988 3523 2170 3603 Apud
2204 3521 2437 3583 Lucam
2476 3521 2707 3602 legitur
2739 3521 3023 3584 Christus
3063 3521 3298 3584 dixisse
3329 3521 3485 3604 Apo-

381 3622 457 3683 ad
511 3619 858 3700 majestatis
908 3637 1038 3682 suae
1088 3618 1597 3682 declarationem.
1649 3619 1882 3682 Secun-
1988 3620 2166 3683 stolis
2218 3637 2232 3681 ε
2290 3618 2404 3691 Qui
2464 3637 2589 3681 non
2654 3618 2861 3692 habet,
2915 3620 3142 3681 vendat
3201 3620 3482 3682 tunicam
3544 3642 3772 3695 Luam,

384 3719 480 3790 do,
506 3720 586 3780 ad
617 3717 984 3781 infidelium
1014 3718 1270 3781 illorum
1299 3719 1876 3795 commonitionem,
1989 3737 2191 3790 suam,
2254 3723 2315 3778 et
2372 3724 2541 3778 emat
2600 3717 2905 3798 gladium.
2968 3717 3081 3780 Cui
3141 3718 3483 3798 responde·
3514 3708 3661 3814 Ἕω.
3692 3773 3759 3815 ³⁸.

386 3816 706 3890 videlicet,
741 3824 811 3878 ut
849 3835 1027 3879 suam
1069 3816 1507 3878 infirmitatem
1549 3824 1612 3878 et
1651 3817 1879 3880 Christi
1991 3822 2137 3877 runt
2185 3834 2199 3877 :
2247 3815 2530 3889 Domine,
2582 3833 2729 3878 ecce
2776 3817 2902 3879 duo
2947 3815 3141 3896 gladii
3193 3816 3317 3878 hic.
3370 3815 3489 3880 Ho-

387 3915 690 3979 virtutem
748 3916 1166 3978 attenderent.
1220 3915 1430 3979 Voluit
1488 3916 1660 3977 enim
1709 3915 1875 3979 Chri·
1990 3933 2132 3975 rum
2179 3914 2445 3976 duorum
2483 3913 2839 3993 gladiorum
2882 3933 3083 3975 unum
3124 3914 3351 3977 detulit
3386 3914 3490 3976 Pe-

387 4023 522 4077 stus
573 4031 702 4088 eoS,
737 4021 1050 4095 quantum
1100 4014 1166 4076 in
1215 4033 1281 4076 se
1331 4022 1485 4093 erat,
1526 4033 1884 4077 commone·
1989 4020 2139 4075 trus.
2168 4010 2358 4075 Porro
2392 4011 2587 4091 gladii
2621 4011 2741 4088 isti,
2768 4014 3116 4075 secundum
3158 4013 3487 4094 quosdam,

139 4128 357 4176 taam.
388 4130 456 4174 re
480 4130 494 4175 :
522 4112 692 4174 unde
720 4119 780 4174 et
811 4111 1160 4174 auriculam
1190 4119 1578 4193 amputatam
1611 4112 1886 4175 restituit
1991 4110 2252 4172 fuerunt
2293 4109 2505 4189 magni
2552 4110 2816 4183 cultelli,
2863 4110 3101 4192 quibus
3150 4111 3238 4172 uti
3285 4111 3491 4174 solent

103 4194 166 4233 ⁵¹·
391 4209 652 4293 proprio
698 4209 857 4272 loco.
910 4209 1139 4284 TertiO,
1193 4218 1263 4271 ut
1319 4209 1572 4290 penitus
1632 4211 1884 4272 inexcu-
1915 4213 1965 4277 D
1998 4209 2379 4291 piscatores;
2424 4207 2531 4268 alii
2577 4208 2817 4283 dicunt,
2862 4209 3032 4290 quod
3076 4216 3256 4271 erant
3295 4209 3489 4289 gladii

387 4308 624 4371 sabiles
672 4306 925 4380 fierent,
971 4307 1378 4387 persistentes
1429 4308 1494 4370 in
1543 4308 1732 4370 malo.
1771 4308 1884 4370 De-
1995 4307 2252 4388 proprie
2302 4305 2479 4368 dicti.
2516 4308 2772 4367 Eduoeit
2820 4327 2968 4367 eum
3016 4307 3095 4368 de
3144 4307 3390 4386 vagina,
3432 4316 3493 4367 et

390 4408 590 4488 nique
655 4405 942 4468 Christus
1007 4405 1295 4478 dicend0,
1363 4405 1424 4468 Si
1488 4423 1590 4468 me
1651 4407 1882 4487 quaeri-
1985 4405 2658 4484 percussitpontificis
2679 4423 3045 4474 servum‚ex
3079 4422 3307 4485 magno
3334 4423 3495 4467 amo-

387 4505 494 4584 tis,
537 4504 728 4566 sinite
777 4503 892 4566 hos
943 4502 1143 4576 abire,
1186 4503 1358 4565 dedit
1416 4503 1703 4566 hostibus
1753 4505 1885 4566 suis
1996 4503 2082 4564 ris
2131 4501 2402 4576 fervore,
2444 4521 2573 4583 quo
2617 4501 2830 4564 Jesum
2880 4502 3101 4564 dilexit
3151 4521 3281 4584 prae
3329 4511 3495 4565 cete-

390 4603 713 4666 licentiam
753 4603 1118 4682 quamdam,
1154 4602 1274 4664 hoc
1312 4609 1562 4664 estnon
1610 4603 1888 4684 prohibi·
1997 4603 2104 4676 riS,
2141 4602 2361 4665 volens
2408 4601 2629 4664 ulcisci
2674 4602 2903 4664 Filium
2948 4602 3079 4672 Dei,
3122 4601 3291 4665 bono
3334 4602 3489 4678 ze10,

392 4702 653 4774 tionem,
705 4701 815 4762 sed
878 4700 1364 4782 permissionem
1425 4701 1714 4783 capiendi
1775 4720 1885 4783 se;
1998 4703 2106 4764 sed
2155 4701 2519 4772 indiscreto,
2553 4709 2611 4760 et
2647 4703 2921 4762 abscidit
2950 4703 3323 4762 auriculam
3354 4702 3495 4778 ejus

393 4818 518 4862 non
583 4806 793 4859 tamen
852 4798 1025 4860 dedit
1081 4799 1173 4860 eis
1231 4799 1728 4862 admonitionem
1787 4801 1886 4863 vel
1997 4803 2352 4860 dexteram.
2418 4797 2597 4861 Forte
2665 4799 2913 4880 putavit
2967 4817 3115 4861 eum
3182 4799 3491 4862 occidere.

391 4896 747 4977 jussionem
777 4894 1052 4957 faciendi
1095 4903 1338 4959 tantum
1377 4897 1722 4979 piaculum.
1755 4898 1891 4960 Jus-
1998 4897 2152 4972 Imo,
2178 4898 2525 4959 secundum
2564 4895 3103 4978 Chrysostomum,
3131 4897 3499 4960 intendebat

397 4995 480 5056 sit
519 5011 670 5057 vero
718 5000 786 5054 ut
825 4992 1010 5068 DeuS,
1047 5011 1126 5054 ne
1163 5003 1462 5076 caperent
1510 5014 1658 5058 suos
1707 4995 1894 5058 disci·
2002 4995 2060 5057 ei
2119 5002 2312 5076 caput
2365 5001 2716 5076 amputare.
2770 4997 2935 5056 Erat
2992 5006 3207 5056 autem
3267 5016 3495 5057 nomen

401 5092 624 5175 pulos;
669 5099 732 5154 et
781 5091 1138 5154 necessario
1185 5091 1583 5167 obedierunt,
1621 5111 1747 5156 non
1793 5113 1898 5156 va-
2003 5113 2181 5154 servo
2221 5095 2516 5153 Macellus
2555 5114 2577 5153 .·
2615 5111 2809 5175 quem
2852 5093 3067 5156 Petrus
3107 5102 3280 5155 stans
3318 5093 3499 5173 juxta

402 5190 603 5252 lentes
653 5188 962 5252 voluntati
1009 5189 1294 5269 jubentis
1345 5191 1637 5253 resistere
1681 5209 1696 5254 ι
1743 5191 1898 5254 alias
2005 5191 2219 5253 Iesum
2278 5209 2403 5253 non
2464 5189 2660 5270 magis
2711 5191 2973 5253 laesisset
3030 5211 3223 5273 quam
3274 5191 3494 5268 alium,

407 5288 642 5352 mirum
681 5295 848 5350 esset
888 5289 1060 5370 quod
1105 5306 1231 5351 non
1275 5288 1902 5370 comprehenderunt
2012 5288 2133 5350 nisi
2187 5289 2297 5351 ille
2344 5288 2553 5370 primo
2601 5289 2901 5370 coepisset
2941 5290 3193 5352 mittere
3236 5309 3499 5353 manum
