4300 6259
826 481 909 546 9⁰
1584 499 1937 548 tuamne
1978 499 2042 546 ιιι
2082 500 2224 547 m.
2271 501 2378 546 m
2421 501 2614 548 wan.
2655 521 2740 532 —
2777 503 2922 550 m.
2965 504 3178 550 mvn

830 677 1047 745 ventu,
1074 679 1143 732 ut
1170 671 1254 734 sit
1282 691 1509 734 sensus
1534 691 1549 734 :
1580 675 1743 734 Dico
1772 673 1945 733 vobis
1972 671 2322 734 incredulis
2351 671 2402 732 A
2431 670 2666 734 Christi
2713 691 2906 736 omne
2957 693 3128 755 genu
3185 675 3490 749 flectitur,
3539 675 3916 749 coelestium,
3965 692 4210 747 Ριιειερμ.
4269 701 4271 726 :

828 777 891 830 et
938 769 1225 850 ingratis,
1258 791 1385 832 reon
1428 773 1729 832 videbitis
1768 791 1884 842 me,
1922 771 2041 833 hoc
2088 777 2206 845 est,
2255 772 2322 833 in

830 877 1039 930 vestra
1076 869 1355 932 caecitate
1393 869 1845 951 relinquamini
1885 869 2058 949 justo
2084 869 2195 931 Dei
2224 870 2326 951 ju-

828 966 1017 1040 dicio,
1072 977 1333 1050 propter
1378 977 1619 1030 vestras
1668 967 1963 1040 malitiaS,
2018 967 2103 1030 ita
2149 970 2322 1049 quod

830 1082 955 1126 non
1004 1067 1357 1145 agnoscetis
1408 1084 1509 1128 me
1550 1084 1690 1128 esse
1728 1065 2049 1128 Christum
2090 1065 2320 1129 Filium

834 1162 963 1233 Dei,
1016 1167 1217 1224 donec
1268 1167 1488 1225 veniat
1538 1186 1745 1244 quum
1794 1167 2047 1234 dicetis,
2104 1165 2167 1226 id
2227 1174 2326 1227 est

786 1261 795 1270 '
832 1279 1035 1340 usque
1072 1261 1153 1322 ad
1190 1262 1359 1323 diem
1397 1261 1647 1342 judicii,
1681 1263 1939 1344 quando
1976 1263 2322 1344 corporali·

832 1365 927 1418 ter
972 1359 1267 1420 videbitis
1314 1369 1379 1422 ει
1424 1360 1743 1422 Christum
1788 1378 1927 1422 esse
1965 1360 2180 1422 scietis
2221 1379 2325 1423 me

570 1469 803 1520 lachana,
831 1473 1027 1536 quem
1074 1455 1453 1532 confixistiS,
1506 1466 1789 1539 tuncque
1844 1457 2045 1520 invite
2099 1459 2324 1521 dicetis

542 1535 605 1574 ¹⁰·
832 1571 943 1614 seu
999 1554 1493 1630 confitebimini,
1545 1559 1935 1618 Benedictus
1980 1559 2101 1634 qui
2149 1559 2326 1618 venit

834 1655 903 1712 in
938 1655 1197 1714 nomine
1224 1657 1496 1716 Domini
1523 1677 1547 1716 .·
1586 1655 1739 1737 quia
1780 1655 1845 1716 in
1886 1655 2145 1718 nomine
2181 1655 2328 1720 Jesu

2433 771 2852 843 terrestrium,
2895 782 2960 835 ει
3007 771 3426 837 infernorum.
3473 774 3660 838 Porro
3699 793 3923 836 secun-
3951 757 4020 797 ¹⁰·

2433 869 2586 930 dum
2632 869 3080 952 Theophilum,
3128 872 3414 935 Christus
3457 873 3746 944 dicendo,
3785 871 3919 935 Non

2433 984 2536 1029 me
2587 967 2908 1044 videbitis,
2945 987 3070 1031 non
3119 970 3444 1050 significat
3487 971 3706 1034 horam
3744 970 3920 1032 illam

2432 1083 2562 1145 qua
2603 1064 2738 1128 haec
2777 1067 2958 1140 dixit,
3003 1069 3110 1130 sed
3153 1076 3406 1151 tempus
3450 1069 3658 1131 crucis
3690 1088 3707 1131 ε
3739 1069 3921 1150 quasi

2433 1164 2624 1243 dicat,
2643 1164 2978 1246 Postquam
3011 1167 3464 1229 crucifixeritis
3493 1186 3615 1241 me,
3639 1186 3766 1230 non
3793 1187 3926 1229 am-

2437 1262 2608 1343 plius
2647 1263 2948 1326 videbitis
2992 1283 3117 1338 me,
3151 1265 3352 1330 donec
3396 1266 3626 1328 iterum
3671 1266 3920 1329 veniam

2433 1361 2650 1423 omnia
2686 1361 3107 1441 judicaturus.
3149 1362 3490 1438 Postrem0,
3539 1363 3602 1426 in
3645 1363 3926 1445 Scriptu—

2437 1459 2524 1520 ris
2551 1458 2768 1540 aliqua
2799 1479 2912 1541 per
2938 1462 3456 1543 anticipationem
3488 1463 3822 1542 dicuntur;
3861 1471 3926 1524 et

2436 1556 2722 1620 Christus
2761 1560 2982 1622 eadem
3017 1560 3212 1623 verba
3249 1561 3484 1644 saepius
3525 1561 3726 1643 potuit
3769 1580 3928 1643 prae-

2437 1657 2670 1720 dicare.

1811 2090 2459 2177 ARTICULUS
2539 2093 2956 2178 XXXVII

1030 2362 1385 2409 Etnctnarlo
1426 2363 1701 2410 curma!
1742 2363 2176 2418 ouan'rmsscmt
2221 2365 2236 2408 t
2287 2366 2358 2408 m·
2397 2364 2640 2410 lucro!
2687 2366 2816 2424 EST,
2859 2367 3024 2420 QUUH
3067 2365 3374 2412 mrumst·
3418 2366 3482 2412 m
3525 2366 3734 2412 00101

1786 2463 2095 2510 culusum
2138 2463 2438 2510 PRINCIPIS
2481 2464 2953 2511 Pflsnlsmuun.

952 2739 1329 2816 HRISTUS,
1363 2743 1474 2823 qui
1509 2743 1683 2805 venit
1714 2743 1779 2804 in
1812 2744 2125 2806 mundum
2157 2745 2330 2806 hunc
2361 2741 2409 2804 B
2439 2737 2882 2809 custodiebant
2907 2748 3186 2808 animam
3221 2765 3451 2820 meam,
3473 2743 3812 2808 consilium
3841 2741 3931 2804 fe·

980 2846 1341 2921 peccatores
1406 2849 1797 2916 convertere,
1860 2843 2053 2905 variis
2124 2843 2328 2905 modis

828 2938 1073 2999 studuit
1118 2957 1225 3002 eos
1274 2939 1523 3002 trahere
1572 2941 1650 3001 ad
1698 2941 1991 3003 salutem.
2042 2941 2220 3003 Unde
2267 2948 2330 3002 et

827 3035 921 3098 eis
950 3037 1242 3100 convesci
1272 3038 1567 3118 dignatus
1599 3047 1715 3112 εει,
1756 3047 1823 3101 ιιι
1864 3038 2332 3121 perfectissima

830 3153 1079 3198 morum
1130 3155 1391 3199 suorum
1434 3137 1782 3212 honestate,
1826 3157 1901 3200 ac
1938 3138 2332 3221 sapientissi-

832 3251 937 3295 ma
984 3233 1427 3308 collocutione,
1468 3254 1541 3297 ac
1587 3236 1731 3298 aliis
1782 3236 1985 3298 modis
2036 3237 2210 3318 ipsos
2251 3238 2331 3298 ad

834 3331 1099 3394 meliora
1139 3332 1443 3406 alliceret,
1483 3342 1673 3415 prout
1716 3334 1783 3395 in
1828 3334 2023 3414 hujus
2066 3335 2330 3416 capituli

662 3439 689 3494 1
837 3427 1039 3490 fertur
1068 3431 1348 3494 exordio.
1370 3435 1453 3492 Ec
1480 3433 1731 3506 factum
1760 3443 1873 3500 est,
1896 3454 2099 3512 quum
2128 3436 2334 3494 intra-

836 3538 931 3588 ret
980 3527 1281 3591 Dominus
1328 3529 1529 3604 Jesus,
1570 3533 1643 3591 in
1680 3535 1945 3592 domum
1986 3533 2332 3608 cujusdam

828 3629 1157 3704 principis
1204 3630 1693 3690 Pharis-<eorum
1740 3631 1997 3690 sabbato
2059 3633 2335 3690 mandu-

836 3746 984 3786 care
1006 3745 1263 3802 panem,
1300 3724 1463 3788 forte
1502 3726 1807 3789 invitatus
1844 3728 1921 3788 ad
1964 3728 2328 3809 prandium.

836 3822 953 3884 Per
985 3841 1211 3904 panem
1240 3831 1451 3886 autem
1486 3824 1549 3886 in
1582 3823 1925 3906 Scripturis
1958 3825 2336 3906 intelligitur

2439 2854 2666 2907 cerunt
2707 2845 2774 2907 in
2819 2865 3043 2907 unum.

2521 2945 2606 3003 Et
2651 2963 2786 3002 ecce
2827 2946 3012 3004 homo
3051 2945 3324 3023 quidam
3360 2943 3750 3018 hydropicus
3789 2949 3932 3000 erat

2437 3051 2590 3101 ante
2617 3043 2832 3101 illum.
2866 3040 3272 3103 Ordinatione
3301 3039 3520 3102 divina
3547 3037 3931 3120 hydropicus

2441 3139 2548 3200 ille
2595 3138 2874 3212 advenit,
2921 3146 2990 3201 ut
3037 3140 3103 3201 in
3157 3139 3298 3219 ejus
3341 3137 3667 3200 curatione
3714 3143 3934 3217 poten-

2442 3239 2528 3298 tia
2579 3236 2811 3300 Christi
2865 3236 3259 3310 claresceret,
3312 3244 3375 3298 et
3426 3253 3540 3317 per
3587 3234 3706 3297 hoc
3755 3251 3936 3296 error

2443 3334 2897 3398 Pharisaeorum
2931 3333 3388 3398 confutaretur.
3422 3332 3611 3396 Porro
3649 3332 3728 3395 ab
3759 3333 3928 3415 ὕδωρ,

2439 3434 2611 3516 quod
2659 3441 2755 3495 est
2802 3452 2990 3514 aqua,
3039 3433 3274 3495 dicitur
3321 3430 3682 3514 hydropisis
3729 3447 3744 3492 :
3789 3447 3934 3510 quae

2440 3539 2538 3594 est
2585 3531 2846 3594 morbus
2895 3550 3195 3612 aquosuS,
3228 3549 3306 3592 ex
3357 3529 3581 3592 vesicae
3625 3527 3778 3590 vitio
3827 3545 3937 3589 na-

2441 3636 2566 3702 tuS,
2619 3648 2765 3690 cum
2815 3626 3148 3691 inflatione
3207 3635 3498 3708 turgente
3543 3634 3605 3688 et
3649 3625 3934 3686 anhelitu

2443 3727 2684 3790 foetido.
2731 3726 3066 3808 Proprium
3115 3744 3374 3808 quoque
3423 3724 3769 3806 hydropico
3815 3731 3931 3796 est,

2441 3827 2613 3908 quod
2660 3833 2900 3907 quanto
2950 3826 3095 3907 plus
3145 3824 3330 3893 bibit,
3362 3830 3538 3886 tanto
3585 3823 3728 3904 plus
3777 3821 3930 3884 sitit.

836 3921 1111 4003 quilibet
1160 3921 1365 3996 cibuS,
1409 3921 1575 3984 sicut
1624 3941 1738 4004 per
1784 3942 2015 4004 aquam
2059 3923 2334 4004 quilibet
2369 3924 2414 3989 C
2441 3925 2681 3987 Idcirco
2711 3941 2826 4005 per
2854 3943 3002 3985 cum
3040 3924 3212 3986 avari
3241 3931 3306 3984 et
3343 3921 3577 3984 lubrici
3607 3920 3940 4001 designan-

840 4028 1027 4101 potus
1064 4037 1077 4082 :
1118 4027 1185 4080 ut
1214 4027 1459 4082 constat
1488 4038 1565 4080 ex
1596 4039 1670 4084 eo
1704 4022 1878 4101 quod
1908 4021 1975 4082 in
2008 4020 2192 4084 libris
2230 4020 2338 4083 Re-

836 4134 991 4197 gum
1042 4117 1286 4179 Eliseus
1344 4118 1629 4198 loquitur
1678 4119 1809 4199 regi
1858 4118 2050 4180 lsrael
2099 4121 2178 4182 de
2229 4118 2338 4202 Sy-

560 4232 809 4292 wmam,
841 4215 952 4277 riis
988 4234 1001 4279 :
1037 4215 1203 4278 Pone
1239 4234 1469 4297 panem
1508 4223 1571 4278 ει
1608 4236 1837 4297 aquam
1875 4236 2083 4280 coram
2118 4218 2234 4293 eis,
2269 4227 2338 4280 ut

546 4298 613 4339 ²²·
841 4314 1173 4376 comedant
1211 4321 1273 4375 et
1311 4313 1557 4377 bibant.
1599 4313 1867 4396 Moxque
1910 4315 2145 4377 ibidem
2189 4316 2338 4378 sub-

570 4432 782 4477 maezz.
836 4411 1129 4492 jungitur
1188 4431 1203 4474 :
1268 4411 1341 4473 Et
1396 4413 1686 4493 apposita
1744 4421 1839 4474 est
1894 4414 1987 4475 eis
2046 4414 2337 4477 ciborum

840 4529 1067 4591 magna
1115 4511 1512 4593 praeparatio,
1556 4518 1618 4573 et
1661 4513 2097 4592 comederunt,
2130 4520 2194 4574 ει
2241 4513 2340 4575 bi-

838 4609 1095 4672 berunt.
1121 4611 1207 4671 Ει
1232 4610 1364 4687 ipsi
1394 4608 1684 4672 Pharisaei
1717 4612 2134 4672 observabant
2163 4633 2339 4682 eum,

840 4708 1163 4788 quomodo
1212 4706 1277 4768 in
1328 4707 1525 4769 verbo
1574 4716 1685 4769 aut
1725 4707 1893 4771 facto
1939 4718 2197 4790 possent
2241 4728 2339 4771 re·

844 4805 1239 4887 prehendere
1302 4823 1473 4878 eum,
1537 4805 1888 4887 praesertim
1950 4826 2030 4868 an
2092 4808 2340 4890 aliquid

842 4911 1062 4967 contra
1112 4901 1523 4966 festivitatem
1584 4903 1830 4966 sabbati
1879 4915 2113 4986 ageret.
2167 4906 2343 4969 Chri-

844 5010 981 5064 stus
1038 5018 1293 5081 nempe,
1348 5008 1417 5062 ut
1462 5001 1551 5062 ait
1599 4999 1978 5076 BernarduS,
2031 5003 2096 5065 in
2158 5002 2340 5065 sactis

2443 4030 2569 4095 tur,
2619 4023 2732 4103 qui
2790 4028 3029 4103 quanto
3089 4021 3235 4103 plus
3289 4018 3812 4082 delectationibus
3870 4035 3938 4080 se

2443 4128 2772 4202 exponunt
2808 4127 2872 4181 et
2903 4121 3092 4182 rebus
3131 4117 3538 4201 acquirendis
3577 4117 3934 4188 intendunt,

2445 4228 2615 4282 tanto
2661 4237 2884 4281 eorum
2927 4217 3200 4280 affectus
3252 4217 3398 4299 plus
3445 4217 3523 4278 ad
3563 4233 3830 4278 venerea
3875 4224 3942 4277 et

2443 4320 2521 4381 ad
2563 4317 2936 4399 temporalia
2977 4315 3432 4379 inflammatur.
3475 4314 3760 4396 Denique
3799 4331 3942 4395 sep-

2445 4425 2572 4478 tem
2615 4422 2942 4498 ponuntur
2983 4414 3399 4496 proprietates
3438 4411 3790 4495 hydropici,
3825 4430 3940 4493 per

2444 4533 2604 4595 quas
2643 4521 2888 4594 septem
2928 4511 3219 4574 mortalia
3254 4517 3510 4592 peccata
3537 4511 3936 4572 denotantur.

2448 4613 2654 4676 Prima
2689 4621 2785 4674 cst
2825 4621 3034 4674 tumor
3063 4610 3348 4692 corporis
3389 4617 3453 4671 ει
3481 4609 3936 4682 membrorum,

2447 4730 2562 4794 per
2610 4728 2802 4793 quem
2853 4710 3137 4791 signatur
3185 4707 3506 4789 superbia,
3554 4707 3734 4788 juxta
3779 4707 3939 4771 illud

2445 4810 2558 4873 Job
2612 4828 2626 4872 ε
2680 4808 2841 4882 Quid
2899 4815 3102 4870 tumet
3153 4814 3370 4870 contra
3426 4805 3622 4868 Deum
3677 4805 3940 4886 spiritus
3982 4824 4114 4868 10⁶1

2447 4911 2649 4971 tuus?
2693 4907 2982 4969 Secunda
3037 4913 3134 4966 est
3189 4903 3516 4986 expressio
3573 4903 3940 4986 spirituum,

2451 5025 2565 5088 per
2606 5024 2800 5087 quam
2851 5002 3254 5084 significatur
3299 5001 3561 5077 invidia,
3604 5021 3748 5084 quae
3792 5002 3947 5066 alio-

845 5119 1073 5184 passus
1122 5107 1219 5160 est
1259 5099 1717 5174 observatoreS,
1764 5101 1827 5162 in
1872 5101 2058 5164 dictis
2102 5109 2344 5164 contra·
2374 5102 2424 5164 D
2453 5124 2593 5165 rum
2639 5103 2982 5166 laudabilia
3031 5101 3398 5184 comprimit
3434 5119 3514 5162 ne
3563 5101 3941 5182 pandantur.

846 5201 1139 5272 dictoreS‚
1174 5198 1241 5260 in
1273 5199 1605 5261 tormentis
1638 5199 1953 5262 illusores.
1988 5200 2073 5263 De
2104 5201 2344 5282 quibus

546 5317 813 5368 pemmo.
846 5295 1360 5364 observatoribus
1392 5297 1679 5360 Christus
1710 5298 1798 5361 ait
1828 5299 1894 5361 in
1925 5298 2203 5363 Psalmo:
2229 5299 2344 5373 Qui

2452 5203 2662 5266 Tertia
2708 5209 2806 5264 est
2851 5202 3039 5264 ardor
3085 5200 3248 5278 sitis,
3279 5219 3426 5282 quae
3471 5199 3756 5280 designat
3803 5217 3950 5262 ava-

2454 5301 2689 5364 ritiam.
2745 5299 2974 5374 Quarta
3029 5305 3126 5360 est
3183 5297 3519 5378 indigestio
3581 5298 3947 5379 humorum,

4119 4839 4160 4870 v,
4179 4829 4245 4866 ¹3.
