4300 6259
715 861 752 916 5

625 2833 789 2915 ppt-es.
802 2847 830 2876 n

601 3533 616 3577 l
629 3533 734 3578 Cor.
750 3548 778 3585 ι,
791 3535 861 3578 2⁴.

598 3634 709 3690 Sap.
720 3647 776 3685 vi,
795 3635 860 3684 13,

600 3700 667 3741 14.

897 473 1017 538 158

1699 488 2047 536 suamne
2089 489 2150 534 IN
2197 488 2335 534 CAP-
2386 487 2493 534 xlx
2532 487 2720 534 LUGAE.
2766 507 2849 518 ·-
2888 489 3031 536 ΛΒΤ.
3078 490 3201 538 xm

897 660 1222 734 scandere,
1264 678 1466 741 quum
1509 667 1675 722 esset
1725 660 2024 742 princeps
2067 667 2196 722 tam
2240 677 2398 741 opu·
2427 659 2474 721 A
2604 661 2691 721 Et
2748 659 2857 722 ille
2911 660 3235 737 festinans
3290 663 3640 729 descendit,
3690 667 3973 741 tanquam

897 758 1132 820 lentus.

976 859 1063 918 Et
1099 877 1303 936 quum
1345 858 1615 916 venisset
1653 858 1742 917 ad
1781 860 1992 916 locum
2040 855 2246 928 illum,
2292 876 2396 915 su-

892 955 1191 1031 spiciens,
1225 954 1345 1016 hoc
1389 962 1507 1029 est,
1554 973 1809 1017 sursum
1853 955 1930 1016 ad
1977 953 2271 1016 arborem
2317 952 2395 1013 il-

895 1051 1022 1113 lam
1050 1053 1428 1134 adspicienS,
1446 1055 1626 1114 Jesus
1651 1054 1820 1113 vidit
1850 1055 2063 1120 illum,
2080 1049 2393 1132 corporali

897 1149 1153 1225 intuitu,
1198 1150 1396 1231 magis
1441 1157 1652 1213 tamen
1698 1151 1950 1214 interno
1990 1149 2245 1233 pietatis
2284 1150 2396 1211 ad-

894 1255 1139 1330 spectu,
1172 1267 1303 1330 quo
1341 1255 1404 1310 et
1443 1257 1720 1311 mentem
1752 1248 1992 1311 Zachaei
2034 1246 2395 1311 misericor-

893 1346 1057 1407 diter
1089 1347 1418 1428 praevenit,
1454 1347 1681 1427 tetigit,
1705 1346 2040 1420 emollivit,
2069 1345 2394 1407 illumina-

895 1443 1007 1518 vit,
1049 1445 1378 1524 accendit3
1419 1451 1483 1506 et
1529 1444 1846 1527 quidquid
1889 1443 2184 1507 Zachaeus
2221 1441 2391 1506 foras

894 1541 1066 1617 fecit,
1111 1542 1396 1607 Christus
1439 1543 1604 1605 intra
1651 1561 1718 1604 sc
1757 1543 1938 1606 vidit.
1973 1547 2058 1605 E't
2085 1544 2267 1603 dimit
2304 1545 2393 1602 ad

893 1642 1142 1703 illum:
1171 1644 1454 1704 Zackoee.
1497 1640 1758 1722 Proprio
1797 1641 2056 1707 nomine
2095 1658 2243 1702 eum
2282 1658 2394 1720 ap-

892 1739 1108 1821 pellat,
1150 1757 1344 1822 quem
1394 1738 1558 1801 forte
1607 1739 2018 1821 corporaliter
2065 1745 2213 1800 ante
2262 1756 2389 1800 non

895 1837 1076 1918 vidit,
1108 1855 1226 1900 nec
1258 1837 1572 1900 nominari
1603 1837 1889 1917 audivit;
1933 1838 2045 1900 sed
2085 1837 2226 1919 ipse
2254 1855 2391 1900 om—

894 1935 1000 1998 nia
1049 1937 1112 1998 in
1162 1937 1306 1998 luce
1357 1936 1684 2018 sapientiae
1735 1954 1866 1998 suae
1912 1935 2229 2017 cognovit.
2273 1939 2393 1996 Fe-

891 2037 1148 2096 stinans
1183 2037 1490 2096 descende
1526 2055 1550 2094 .·
1591 2034 1745 2115 quia
1793 2052 1986 2116 opera
2029 2034 2197 2097 bona
2242 2051 2390 2095 cum

891 2131 1143 2196 fervore
1171 2139 1236 2194 et
1261 2133 1476 2196 animo
1507 2141 1801 2215 prompto
1829 2140 1972 2195 sunt
2001 2132 2387 2214 peragenda3

891 2228 1050 2310 quia
1079 2233 1270 2292 hodie
1299 2233 1373 2291 in
1403 2234 1588 2292 domo
1621 2241 1734 2292 tua
1764 2240 2006 2308 oportet
2043 2251 2142 2291 me
2174 2251 2391 2291 mane-

892 2349 982 2403 re,
1010 2330 1130 2392 hoc
1159 2337 1274 2404 est,
1309 2337 1417 2391 tua
1445 2330 1778 2393 devotione
1810 2330 1932 2392 hoc
1968 2329 2286 2403 meruisti,
2323 2335 2393 2390 ut

895 2427 960 2490 in
1009 2428 1318 2490 materiali
1369 2429 1556 2492 domo
1602 2437 1712 2490 tua
1765 2435 1978 2491 tecum
2029 2428 2150 2491 sim
2202 2428 2391 2490 hodie

895 2543 1009 2608 per
1043 2526 1436 2609 corporalem
1468 2527 1893 2609 praesentiam,
1925 2535 2117 2608 atque
2158 2526 2223 2588 in
2262 2525 2393 2608 spi-

895 2624 1105 2686 rituali
1157 2625 1344 2688 domo
1390 2631 1520 2698 tua,
1571 2624 1692 2688 hoc
1739 2632 1836 2686 est
1883 2625 1950 2686 in
1994 2633 2209 2687 mente
2258 2631 2387 2697 tua,

896 2739 1301 2804 permaneam
1357 2741 1471 2805 per
1515 2723 1733 2804 gratiae
1790 2723 2318 2787 inhabitationem
2370 2741 2385 2785 :

834 2847 862 2882 ι.
894 2820 1060 2883 sicut
1097 2821 1254 2884 dicit
1282 2821 1643 2903 Apostolus,
1677 2820 1999 2885 Christum
2039 2839 2154 2904 per
2190 2820 2387 2883 fidem

893 2920 1178 2984 habitare
1221 2921 1286 2984 in
1330 2920 1630 2983 cordibus
1675 2920 1929 2984 nostris.

2506 757 2787 839 perfecte
2832 758 3160 833 obedienS,
3203 767 3265 820 et
3310 759 3565 840 pristini
3607 759 3867 822 tumoris
3902 758 3978 820 al-

2504 856 2843 920 titudinem
2897 858 3373 940 derelinquenS.
3428 857 3622 920 Nemo
3678 857 3870 930 enim,
3918 864 3979 917 ut

2503 955 2592 1016 ait
2619 955 3013 1031 AmbrosiuS,
3050 975 3197 1018 cum
3230 955 3473 1019 desidia
3498 955 3712 1018 Jesum
3742 955 3974 1037 quaerit.

2505 1052 2601 1132 Et,
2636 1062 2705 1116 ut
2733 1054 2820 1116 ait
2848 1054 3199 1117 Bernardus
3234 1073 3248 1116 :
3284 1053 3483 1116 Verus
3524 1053 3827 1118 obediens
3864 1071 3982 1116 mo-

2506 1171 2603 1214 ras
2663 1154 2887 1227 nescit,
2949 1171 3067 1216 nec
3124 1154 3491 1216 mandatum
3554 1152 3978 1234 procrastinat,

2502 1251 2720 1314 oculos
2764 1259 2939 1333 parat
2977 1251 3168 1326 visui,
3202 1269 3313 1314 cor
3346 1250 3643 1332 jussioni,
3674 1269 3861 1312 aures
3890 1269 3983 1312 au-

2503 1349 2686 1422 ditui,
2727 1368 2950 1412 manus
2999 1351 3201 1431 operi,
3245 1351 3437 1432 pedes
3479 1349 3717 1422 itineri,
3750 1356 3814 1410 et
3860 1367 3982 1410 sese

2502 1455 2707 1510 totum
2755 1448 3069 1529 recolligit
3115 1448 3311 1522 intus,
3349 1454 3417 1508 ut
3454 1447 3829 1529 imperantis
3864 1446 3984 1527 jus·

2502 1545 2746 1608 sionem
2799 1546 3061 1629 impleat
3108 1545 3285 1609 foris.
3340 1545 3415 1609 Et
3464 1545 3633 1608 istud
3688 1545 3814 1608 Deo
3857 1563 3985 1627 gra-

2502 1645 2821 1707 tissimum
2880 1653 2996 1720 est,
3058 1645 3212 1726 quia
3268 1645 3359 1706 nil
3418 1643 3881 1726 acceptabilius
3932 1643 3981 1704 ei

2500 1741 2736 1806 offerre
2786 1743 3094 1818 valemuS,
3145 1762 3341 1824 quam
3390 1741 3715 1825 propriam
3775 1741 3985 1805 volun-

2426 1840 2475 1904 Β
2503 1848 2693 1903 tatem
2745 1841 3050 1924 plenarie.
3104 1845 3189 1904 Et
3234 1843 3481 1920 excepit
3530 1843 3723 1902 illum
3776 1841 3841 1902 in
3891 1841 3985 1902 do-

2500 1959 2678 2003 mum
2720 1959 2899 2002 suam
2931 1943 3252 2018 qaudens,
3282 1939 3402 2002 hoc
3446 1945 3563 2014 est,
3594 1939 3829 2020 gratias
3870 1957 3987 2000 ma-

2499 2036 2698 2099 ximas
2729 2056 2915 2118 agens
2950 2038 3123 2119 quod
3155 2037 3296 2100 talis
3327 2055 3400 2099 ac
3428 2045 3641 2099 tantus
3670 2036 3751 2098 ad
3782 2035 3983 2117 ipsum

2498 2136 2815 2200 divertere
2861 2135 3261 2217 dignabatur.
3304 2135 3369 2198 In
3414 2134 3698 2202 interiori
3740 2149 3985 2216 quoque

2500 2235 2687 2298 domo
2717 2254 2833 2298 sua
2862 2235 3145 2316 suscepit
3172 2252 3321 2297 eum
3351 2233 3696 2306 laetissime,
3732 2250 3846 2315 per
3874 2231 3985 2293 hoc

2498 2335 2671 2414 quod
2721 2333 3007 2397 Christus
3067 2341 3346 2395 mentem
3404 2332 3581 2394 illius
3640 2339 3769 2394 tam
3817 2329 3985 2393 beni-

2498 2431 2805 2512 gnissime
2836 2431 3199 2506 illustravit,
3232 2433 3310 2494 ad
3350 2430 3879 2494 considerandum
3918 2446 3985 2489 ea

2498 2549 2643 2612 quae
2684 2529 2791 2592 Dei
2832 2537 2983 2592 sunt
3023 2537 3087 2591 et
3126 2530 3205 2592 ad
3246 2547 3459 2592 veram
3498 2534 3787 2611 spectant
3834 2527 3988 2589 salu-

2500 2637 2651 2703 tem,
2685 2637 2877 2711 atquc
2914 2628 3133 2692 divino
3171 2627 3599 2690 inflammavit
3634 2643 3869 2690 amore.
3904 2624 3985 2686 lta

2500 2735 2563 2788 et
2610 2746 2724 2790 nos
2766 2727 3087 2792 Christum
3134 2726 3305 2788 intus
3354 2725 3643 2788 hilariter
3690 2723 3988 2806 suscipie—

2498 2844 2666 2900 muS,
2718 2825 3179 2889 consolationes
3227 2824 3633 2907 experiemur
3681 2823 3983 2896 coelestes,

2500 2924 2554 2986 si
2593 2923 3140 2987 exhortationibus
3184 2941 3257 2985 ac
3298 2921 3695 3004 jussionibus
3738 2921 3874 3003 ejus
3917 2938 3987 2983 ac

979 3021 1044 3084 Si
1092 3039 1240 3103 ergo
1289 3027 1351 3083 et
1392 3039 1505 3083 nos
1551 3021 1890 3101 gratiosam
1939 3019 2171 3083 Christ-i
2221 3039 2394 3102 quae-
2426 3024 2472 3091 C
2503 3022 2885 3086 vicariorum
2916 3021 3120 3104 ipsius
3150 3021 3515 3084 obedientes
3548 3028 3838 3103 prompte
3866 3017 3991 3080 sue-

893 3119 1096 3182 rimus
1126 3119 1673 3194 inhabitationem,
1708 3119 1920 3200 ipsum
1951 3136 2100 3181 cum
2137 3116 2390 3183 fervore

892 3237 1274 3300 quaeramuS,
1307 3217 1772 3298 hominumque
1815 3217 2249 3298 relinquentes
2292 3225 2393 3280 tu-

894 3316 1190 3391 multum,
1235 3316 1302 3378 in
1349 3315 1548 3378 altum
1595 3316 2012 3378 ascendamus
2051 3315 2385 3392 virtutum,

893 3415 1170 3478 carnalia
1224 3413 1538 3476 desideria
1592 3421 2024 3494 aspernantes.
2079 3414 2255 3476 Unde
2310 3415 2389 3476 de

893 3515 1172 3576 increata
1203 3511 1546 3595 Sapientia,
1579 3530 1723 3594 quae
1761 3510 2046 3574 Christus
2084 3520 2202 3588 est,
2236 3513 2389 3575 scri-

895 3622 1076 3696 ptum
1107 3621 1201 3675 est
1233 3612 1299 3674 in
1330 3610 1494 3674 libro
1531 3608 1868 3692 Sapientiae
1904 3630 1917 3673 :
1959 3610 2138 3675 Clara
2176 3620 2291 3687 est,
2324 3621 2389 3676 et

893 3731 1037 3794 quae
1082 3729 1412 3792 nunquam
1444 3709 1778 3772 marcescit
1819 3709 2153 3791 sapientia,
2196 3719 2259 3772 et
2295 3710 2387 3773 fa-

893 3813 1015 3874 cile
1053 3811 1304 3875 videtur
1341 3808 1420 3871 ab
1469 3809 1568 3870 his
1616 3809 1728 3890 qui
1773 3808 2049 3890 diligunt
2090 3808 2289 3884 illam,
2323 3817 2386 3872 et

891 3910 1218 3974 invenitur
1247 3907 1325 3970 ab
1366 3907 1466 3970 his
1503 3907 1615 3988 qui
1650 3915 1948 3988 quaerunt
1977 3907 2195 3986 illam3
2229 3926 2389 3989 prae-

890 4015 1160 4089 occupat
1205 4025 1311 4070 eos
1360 4005 1470 4086 qui
1521 4023 1590 4068 se
1638 4005 2120 4087 concupiscunt.
2170 4005 2381 4080 Porr0,

890 4124 1084 4187 quam
1136 4123 1356 4168 verum
1418 4103 1500 4165 sit
1556 4103 1697 4178 hoc,
1753 4103 2092 4166 innotescit
2141 4103 2208 4164 in
2264 4104 2385 4167 hoc

2502 3121 2726 3196 rimus,
2771 3120 2849 3183 ab
2888 3121 3225 3183 altitudine
3264 3119 3537 3202 propriae
3575 3118 3987 3201 reputationis

2500 3219 2776 3282 totaliter
2816 3219 3298 3281 descendentes.

2590 3321 2676 3379 E't
2722 3339 2924 3398 quum
2972 3320 3265 3378 viderent
3310 3335 3551 3386 omma,
3598 3316 3769 3397 quod
3812 3313 3987 3378 Jesus

2500 3417 2578 3478 ad
2642 3415 2973 3479 Zachaeum
3036 3434 3183 3477 cum
3252 3415 3384 3476 suis
3451 3414 3571 3476 iret
3631 3413 3982 3496 discipulis,

2500 3517 3029 3584 murmurabant,
3081 3515 3361 3573 dicentes
3416 3514 3589 3592 quod
3642 3515 3733 3572 ad
3786 3513 3989 3573 homi—

2501 3633 2646 3673 nem
2668 3621 3057 3690 peccatorem
3088 3612 3453 3671 divertisset
3479 3631 3503 3669 .·
3532 3609 3717 3691 quasi
3754 3610 3982 3684 dicant,

2500 3709 2628 3773 Hoc
2659 3710 2959 3773 indecens
2988 3708 3133 3770 fuit.
3164 3709 3271 3771 Isti
3302 3707 3564 3770 fuerunt
3590 3707 3905 3780 Pharisaei,
3928 3717 3989 3770 et

2498 3808 2608 3870 alii
2646 3808 2910 3890 quidam
2950 3808 3013 3869 in
3055 3806 3333 3888 propriis
3370 3806 3573 3870 oculis
3611 3805 3791 3886 justi,
3825 3806 3987 3868 mul-

2500 3906 2932 3988 tipliciterque
2971 3905 3297 3969 indiscreti
3335 3924 3349 3968 :
3390 3904 3621 3980 Primo,
3656 3906 3986 3968 temerarie

2495 4005 2862 4086 judicando,
2917 4011 3044 4067 tam
3096 4005 3175 4066 de
3225 4004 3481 4068 Zachaeo
3534 4003 3647 4085 qui
3694 4003 3829 4085 jam
3876 4021 3985 4086 per

2498 4121 2712 4166 veram
2755 4101 3201 4166 contritionem
3242 4101 3365 4164 fuit
3403 4119 3747 4166 conversus
3792 4109 3855 4164 et
3888 4103 3987 4183 ju-

891 4221 1083 4286 opere
1130 4201 1360 4267 Christi
1413 4219 1427 4263 :
1480 4201 1592 4282 qui
1653 4201 1936 4264 nondum
1997 4200 2301 4265 invitatus
2350 4222 2385 4264 a
2417 4209 2463 4270 D
2496 4202 2831 4276 stificatus,
2882 4209 2947 4263 et
2994 4203 3073 4264 de
3127 4201 3373 4264 Christo
3430 4199 3540 4282 qui
3597 4219 3801 4282 quum
3856 4201 3985 4263 ani-

892 4303 1170 4376 Zachaeo,
1223 4299 1515 4363 invitavit
1563 4317 1632 4361 se
1679 4300 1849 4380 apud
1899 4317 2087 4380 eum3
2137 4301 2252 4381 qui
2294 4301 2387 4363 af-

888 4398 1130 4461 fectum
1176 4397 1378 4478 ipsius
1420 4396 1736 4477 cognovit,
1776 4404 1840 4459 et
1878 4397 2024 4478 plus
2069 4397 2164 4460 illi
2210 4399 2387 4460 exhi-

891 4497 1034 4561 buit
1091 4516 1285 4579 quam
1343 4495 1452 4559 ille
1509 4515 1702 4558 ausus
1758 4495 1883 4557 suit
1940 4515 2179 4577 rogare,
2232 4499 2385 4579 quia

891 4614 960 4660 se
1002 4595 1218 4678 ipsum
1263 4595 1535 4678 praebuit
1579 4594 1672 4656 illi
1723 4595 1800 4656 ad
1849 4597 2383 4659 commanendum

889 4704 954 4758 et
982 4694 1513 4760 convescendum.
1539 4692 1824 4756 Christus
1855 4692 2100 4776 quippe
2131 4695 2383 4776 pietatis

891 4812 1023 4855 suae
1056 4791 1466 4864 abundantia,
1501 4798 1564 4852 et
1602 4791 1828 4852 merita
1865 4791 2233 4872 supplicum
2280 4810 2387 4854 ex-

892 4890 1060 4953 cedit
1087 4897 1150 4951 et
1178 4897 1361 4970 vota3
1404 4895 1467 4950 et
1495 4894 1735 4970 quanto
1763 4889 2088 4950 ardentius
2121 4889 2381 4972 petitur,

891 4996 1064 5051 tanto
1093 5005 1162 5050 se
1193 4988 1404 5070 ipsum
1443 5005 1686 5068 suaque
1725 4988 1890 5051 dona
1917 4988 2239 5070 copiosius
2270 4989 2389 5052 im-

892 5087 1183 5170 partitur,
1217 5087 1519 5168 quoniam
1554 5085 1766 5150 fervor
1793 5087 2026 5149 amoris
2064 5087 2247 5168 quasi
2289 5087 2389 5149 hi-

889 5194 1124 5260 antem,
1165 5193 1447 5267 apertam
1485 5193 1548 5248 et
1588 5186 1868 5267 patulam
1911 5185 2065 5248 facit
2105 5194 2385 5249 mentem

891 5283 1160 5346 amantis
1200 5283 1282 5347 ad
1322 5285 1794 5367 susceptionem
1833 5284 2048 5348 amati.

2494 4320 2743 4363 marum
2803 4300 3088 4362 medicus
3144 4308 3332 4373 esset,
3384 4305 3743 4382 peccatores
3792 4300 3984 4362 vitare

2497 4419 2624 4462 non
2669 4399 2909 4474 debuit,
2953 4399 3063 4460 sed
3098 4399 3421 4470 accedere,
3465 4405 3535 4459 ut
3572 4415 3681 4460 eos
3724 4415 3984 4462 conver-

2496 4505 2691 4578 teret3
2734 4515 2851 4560 nec
2882 4497 2991 4559 tali
3028 4515 3217 4559 causa
3251 4515 3397 4558 cum
3438 4496 3881 4580 peccatoribus
3919 4515 3983 4558 se

2496 4597 2787 4671 miscere,
2840 4594 2962 4658 fuit
3010 4594 3406 4678 prohibitum
3463 4595 3530 4657 in
3579 4594 3779 4658 veteri
3826 4595 3977 4676 lege.

2497 4694 2791 4758 Zachaeus
2838 4711 3097 4776 quoque
3156 4710 3271 4775 per
3316 4711 3492 4754 suam
3548 4693 3979 4774 poenitentiam

2492 4793 2624 4874 jam
2662 4813 2699 4854 a
2730 4793 2977 4856 Christo
3015 4791 3252 4854 meruit
3287 4791 3551 4855 visitari.
3584 4789 3979 4854 Potissimum

2494 4899 2706 4954 autem
2777 4897 3354 4973 praesumptuosum
3428 4889 3982 4972 periculosumque

2494 4999 2611 5065 est,
2655 4989 3080 5072 superiorum,
3122 4995 3187 5050 et
3225 4988 3583 5062 meliorum,
3624 5005 3697 5050 ac
3740 4987 3985 5070 sapien-

2494 5090 2727 5152 tiorum
2770 5087 2937 5150 facta
2976 5086 3250 5149 faciliter
3291 5085 3663 5167 dijudicare.

2588 5190 2787 5249 Stans
2832 5195 3049 5247 autem
3098 5188 3427 5257 Zackoeus,
3482 5192 3553 5246 ut
3596 5203 3746 5247 cum
3807 5183 3983 5246 debi-

2495 5292 2556 5347 ta
2602 5285 2956 5348 reverentia
3002 5284 3372 5366 loqueretur
3410 5283 3489 5346 ad
3538 5281 3880 5358 Christum,
3922 5288 3981 5344 et

4098 672 4127 724 6

4232 2693 4234 2706 Ι

4232 2709 4234 2718 ι

4232 2759 4234 2772 A
