4300 6259
855 500 934 563 38
1679 517 2027 564 zumulo
2069 517 2133 563 m
2175 516 2315 563 cu.
2360 516 2427 563 n
2466 517 2655 565 tum.
2701 538 2781 549 —
2822 519 2966 565 Aur.
3012 520 3141 565 xxx

797 716 824 753 ι,
855 689 1196 753 mulatores
1245 696 1308 751 et
1357 689 1592 765 callidi,
1633 690 1745 771 qui
1798 697 2143 771 provocant
2192 689 2351 750 iram
2381 688 2433 749 A
2462 696 2570 750 aut
2620 709 2765 772 quae
2822 690 3086 754 societas
3135 689 3297 753 lueis
3354 690 3431 751 ad
3488 687 3833 751 tenebras?
3886 686 3959 747 Et

682 842 736 870 η
785 840 826 878 ,ἡ
855 788 962 850 Dei
1019 807 1033 850 ε
1085 788 1198 870 qui
1258 788 1324 851 in
1381 788 1538 850 Isaia
1595 788 1964 870 loquuntur,
2018 787 2350 851 Posuimus
2465 788 2530 850 in
2572 789 2808 852 Joanne
2856 790 3086 871 legitur
3128 808 3141 852 ε
3183 790 3361 851 Jesus
3410 788 3757 851 moriturus
3800 794 3954 861 erat,
4012 802 4219 850 Joamn.

555 896 623 937 ¹⁵·
855 886 1257 948 mendacium
1317 905 1495 968 spem
1556 893 1854 961 nostram,
1906 894 1969 947 et
2020 886 2351 948 mendacio
2466 894 2534 948 ut
2572 887 2743 951 filios
2781 888 2889 949 Dei
2920 889 3032 970 qui
3074 898 3255 950 erant
3292 886 3586 969 dispersi,
3623 902 3961 966 congrega·
3986 869 4136 915 ⁵¹¹⁵²·

853 985 1119 1067 protecti
1165 1005 1408 1047 sumus·
1451 984 1538 1047 De
1578 985 1815 1067 quibus
1863 1005 2083 1047 rursus
2125 984 2351 1047 asseri·
2463 994 2558 1047 ret
2602 986 2664 1049 in
2712 1006 2934 1049 unum.

557 1098 674 1142 ma.
697 1100 822 1149 ma.
851 1090 957 1145 tur
990 1101 1003 1145 :
1040 1083 1384 1146 Considunt
1415 1084 1479 1146 in
1522 1085 1728 1159 nihili,
1763 1092 1825 1147 et
1864 1085 2216 1168 loquuntur
2245 1104 2351 1148 va·
2541 1085 2783 1169 Deinde·
2826 1086 3103 1149 ostendit
3158 1085 3440 1148 Salvator
3497 1082 3807 1166 populum
3855 1081 3962 1143 Ju-

851 1181 1136 1244 nitatem.
1175 1186 1262 1244 Ει
1301 1186 1510 1261 spolia
1553 1186 1697 1262 ejus
1735 1186 2099 1245 distribuet.
2133 1183 2348 1266 Spolia
2464 1185 2743 1247 daeorum
2776 1184 2897 1246 sibi
2931 1184 3331 1247 incredulum
3361 1203 3398 1245 a
3427 1181 3822 1245 daemonibus
3863 1181 3961 1242 in-

850 1281 1084 1343 diaboli
1116 1288 1266 1344 sunt
1306 1290 1686 1364 peecatoreS,
1720 1302 1880 1364 quos
1915 1284 2213 1345 tentando
2242 1284 2349 1345 de-
2463 1282 2750 1346 habitari.
2772 1287 2985 1352 Quum
3016 1286 3399 1343 immundus
3425 1282 3699 1359 spiritus
3722 1281 3959 1339 exierit
4092 1288 4155 1341 24

849 1380 1039 1461 cepit,
1083 1388 1146 1441 et
1188 1380 1463 1444 Creatori
1507 1382 1687 1463 quasi
1739 1382 2071 1457 subtraxit,
2113 1401 2189 1444 ac
2231 1400 2347 1445 suo
2462 1384 2541 1442 ab
2570 1382 2853 1451 homine,
2882 1389 3002 1444 etc.
3026 1382 3094 1444 ln
3124 1380 3431 1453 Matthaeo,
3460 1380 3568 1441 ubi
3602 1378 3794 1442 verba
3824 1378 3959 1439 haec
4004 1394 4223 1440 Macrian.

849 1478 1126 1559 subjecit
1179 1480 1481 1543 dominio.
1533 1480 1655 1544 Hos
1705 1480 1989 1543 Christus
2049 1498 2166 1563 per
2208 1498 2348 1563 gra·
2460 1480 2698 1562 scripta
2726 1488 2891 1555 sunt,
2915 1480 3147 1561 legitur
3175 1479 3460 1542 Christus
3492 1477 3781 1561 protinus
3808 1476 3961 1539 sub-
3986 1460 4055 1500 ⁴³·

847 1577 999 1639 tiam
1031 1597 1206 1640 suam
1241 1579 1509 1642 redemit
1537 1586 1598 1641 et
1628 1578 2023 1643 daemonibus
2057 1579 2341 1653 abstulit,
2461 1578 2717 1651 didisse,
2770 1577 2872 1640 Sic
2930 1579 3051 1641 erit
3105 1577 3497 1659 generationi
3556 1576 3708 1639 huic
3765 1574 3961 1657 pessi·
4014 1590 4203 1634 usmis.

583 704 668 748 Job
685 716 794 747 xxxv

557 770 606 810 ¹3
615 799 626 809 .

583 1887 752 1941 apim.
765 1902 820 1940 iv,

557 1953 598 2001 8,
623 1954 688 1994 Η.

573 2775 733 2819 Joann.
746 2789 818 2827 ιιι,

556 2842 603 2881 ³¹
613 2869 624 2882 .

577 2970 642 3016 Ie.

848 1694 1084 1758 eosque
1121 1676 1445 1740 distribuit
1480 1679 1780 1741 custodiae
1816 1678 2211 1758 angelorum,
2245 1696 2348 1740 ec-

849 1775 1217 1838 clesiasticis
1261 1794 1519 1858 quoque
1560 1775 1796 1839 officiis
1843 1775 2205 1857 assignavit.
2240 1776 2349 1840 Ca-

2460 1696 2600 1740 mae.
2652 1676 2784 1749 Quo
2833 1684 3076 1740 constat
3124 1678 3258 1739 haec
3307 1677 3385 1739 de
3436 1676 3673 1759 populo
3717 1675 3960 1737 Judaeo-

2464 1796 2605 1839 rum
2660 1776 3099 1859 principaliter
3147 1776 3297 1849 dici,
3348 1776 3435 1837 ita
3480 1775 3651 1856 quod
3702 1774 3962 1837 nomine

851 1874 1090 1956 ptivam
1143 1874 1316 1937 enim
1374 1876 1613 1938 ducens
1672 1876 2123 1957 captivitatem,
2177 1876 2349 1937 dedit
2387 1879 2433 1943 B
2462 1874 2763 1949 hominiS,
2808 1874 3086 1957 populus
3131 1873 3241 1936 ille
3282 1874 3589 1954 signatur,
3633 1872 3798 1935 sicut
3835 1871 3963 1933 fre-

851 1974 1016 2036 dona
1073 1974 1462 2049 hominibuS,
1514 1975 1824 2056 quosdam
1874 1974 2136 2056 quidem
2186 1974 2351 2056 Apo-

851 2072 1066 2147 stolOS,
1099 2071 1255 2135 alios
1290 2070 1742 2153 EvangelistaS,
1776 2072 1933 2135 alios
1962 2081 2176 2134 autem
2207 2071 2350 2136 Pro-

851 2170 1094 2252 phetaS,
1136 2170 1292 2233 alios
1331 2188 1479 2234 vero
1527 2172 1812 2233 doctores
1861 2171 2185 2245 ordinanS,
2234 2189 2345 2233 seu

850 2276 1154 2351 pastoreS.
1197 2268 1482 2351 Denique
1525 2269 1805 2331 diversas
1857 2270 2079 2332 mundi
2125 2277 2346 2350 gentes

849 2386 886 2429 a
932 2368 1218 2430 daemone
1275 2367 1618 2449 captivatas
1677 2367 1963 2431 Christus
2022 2368 2351 2431 distribuit

657 2491 706 2521 rc
737 2490 819 2527 m.
848 2466 1165 2547 Apostolis
1212 2467 1688 2540 convertendaS‚
1735 2467 2002 2530 dicendo
2050 2486 2063 2529 :
2111 2466 2348 2529 Euntes

849 2564 914 2625 in
966 2565 1276 2653 mundum
1326 2564 1720 2638 universum,
1766 2566 2102 2647 praedicate
2152 2565 2350 2629 Evan-

846 2663 1084 2745 gelium
1120 2662 1295 2726 omni
1335 2670 1658 2726 creaturae.
1693 2664 1867 2725 Unde
1913 2664 2206 2746 passione
2252 2664 2349 2726 in-

849 2768 1053 2822 stante
1084 2760 1574 2842 praenuntiavit:
1607 2760 1788 2823 Nunc
1818 2761 2119 2844 princeps
2152 2761 2347 2843 hujus

850 2858 1072 2922 mundi
1111 2857 1404 2940 ejicietur
1440 2859 1632 2923 foras.
1666 2859 1734 2921 ln
1775 2860 1932 2921 Isaia
1970 2878 2230 2942 quoque
2270 2861 2347 2923 de

663 2985 749 3025 vm,
791 3002 802 3015 .
849 2957 1078 3021 Christi
1123 2957 1548 3040 appellatione
1594 2958 1964 3041 praedictum
2008 2967 2149 3023 est:
2185 2960 2349 3023 Voea

2461 1981 2732 2053 quenter
2775 1974 2839 2034 in
2883 1972 3079 2035 veteri
3121 1972 3519 2034 Testamento
3564 1972 3641 2033 de
3675 1977 3808 2034 toto
3853 1990 3963 2053 po-

2464 2071 2616 2153 pulo
2647 2071 2778 2146 illo,
2813 2070 2995 2153 quasi
3037 2070 3114 2131 de
3145 2069 3405 2132 homine
3436 2087 3585 2143 uno,
3618 2068 3697 2130 fit
3726 2086 3957 2131 sermo.

2461 2171 2701 2251 ltaque,
2738 2174 2950 2240 Quum
2988 2171 3371 2230 immundus
3414 2170 3711 2247 spiram,
3754 2167 3817 2229 id
3869 2176 3964 2230 est

2463 2269 2753 2332 diabolus
2800 2287 2813 2331 ε
2861 2268 2975 2350 qui
3025 2267 3266 2330 ratione
3315 2267 3629 2349 simplicis
3678 2286 3809 2329 suae
3856 2286 3965 2328 na-

2462 2377 2620 2431 turae
2668 2367 2902 2430 dicitur
2950 2367 3236 2448 spirituS,
3280 2373 3343 2427 et
3384 2365 3465 2428 ob
3507 2365 3959 2428 abundantiam

2462 2486 2593 2529 suae
2632 2465 2839 2547 culpae
2878 2471 3137 2529 vocatur
3176 2464 3579 2542 immundus3
3612 2464 3847 2524 exierit
3884 2466 3965 2524 ab

2462 2566 2742 2636 homine,
2796 2563 2859 2625 id
2908 2569 3023 2636 est,
3076 2582 3113 2624 a
3162 2562 3403 2644 populo
3448 2561 3808 2625 Judaeorum
3854 2580 3967 2623 ex-

2463 2662 2688 2744 pulsus
2738 2668 2854 2735 est,
2905 2662 3163 2743 quando
3214 2678 3327 2743 per
3373 2659 3622 2742 Moysen
3683 2661 3823 2722 data
3867 2667 3964 2721 est

2461 2760 2518 2821 ei
2561 2759 2661 2821 lex
2692 2780 2729 2822 a
2757 2759 2883 2823 Deo
2917 2760 2983 2821 in
3026 2758 3198 2821 Sinai
3241 2765 3499 2837 monte3
3531 2760 3822 2819 ambulat
3842 2778 3962 2835 per

2463 2863 2596 2919 loca
2636 2860 2975 2939 inaquosa,
3018 2858 3081 2920 id
3132 2864 3247 2931 est,
3292 2874 3407 2939 per
3445 2858 3634 2920 corda
3672 2863 3733 2918 et
3772 2856 3962 2919 colle-

2460 2958 2700 3021 ctiones
2729 2958 3088 3039 gentilium,
3116 2976 3281 3039 aqua
3310 2956 3637 3038 sapientiae
3665 2955 3957 3018 salutaris

849 3076 1082 3121 nomen
1125 3058 1288 3139 ejuS,
1330 3057 1647 3133 Accelera,
1692 3058 1894 3140 spolia
1935 3059 2216 3134 detrabe,
2259 3058 2351 3120 fe-
2385 3056 2428 3119 C
2459 3057 2757 3133 carentia,
2793 3057 3109 3133 circumit,
3144 3077 3435 3136 quoerem
3466 3058 3733 3125 locum&
3766 3055 3828 3118 id
3862 3063 3959 3117 est
4040 3080 4059 3099 ·
4082 3078 4177 3151 {¹¹⁸³
4262 3028 4264 3080 l

849 3156 1015 3218 stina
1058 3155 1346 3239 praedari.
2458 3158 2854 3221 mansionem
2913 3157 2979 3218 in
3039 3157 3130 3218 eis
3189 3157 3265 3218 ad
3316 3154 3763 3237 decipiendum
3822 3172 3953 3235 θοε,
3988 3154 4175 3198 '‘⁹⁰¹⁶'‘

642 3252 714 3307 23
932 3258 1061 3324 Qui
1105 3276 1238 3317 non
1283 3265 1375 3315 est
1422 3274 1695 3324 mecum,
1746 3254 1809 3317 id
1859 3263 1976 3327 est,
2023 3256 2136 3337 qui
2188 3256 2346 3318 mihi
2456 3257 2993 3338 quemadmodum
3051 3254 3272 3317 Petrus
3330 3253 3419 3315 ait
3477 3271 3490 3315 ε
3542 3240 3957 3315 Adversarius
3990 3268 4210 3311 πηκτάς

850 3372 977 3417 non
1020 3354 1355 3428 consentit,
1399 3371 1516 3415 nec
1559 3354 1919 3428 concordat,
1963 3372 2080 3415 nec
2122 3372 2349 3436 coope-
2458 3362 2667 3417 vester
2709 3353 2998 3417 diabolus
3048 3361 3354 3434 tanquam
3396 3351 3495 3415 leo
3539 3350 3795 3431 rugiens
3839 3351 3961 3414 cir-

845 3459 1042 3527 ratur,
1076 3455 1422 3513 adversum
1465 3472 1563 3511 me
1597 3461 1712 3519 esc,
1755 3451 1819 3513 id
1862 3460 1960 3513 est
2002 3452 2161 3514 mihi
2201 3471 2349 3515 con-

845 3551 1098 3624 trarius,
1142 3557 1207 3611 et
1246 3567 1440 3631 opera
1481 3549 1783 3631 operibus
1832 3549 1991 3611 meis
2035 3552 2349 3613 contraria

844 3649 1036 3730 sacit3
1075 3658 1136 3709 et
1163 3650 1285 3729 qui
1310 3668 1442 3709 non
1471 3648 1720 3726 colligit
1751 3668 2024 3719 mecum,
2065 3648 2185 3711 hoe
2226 3658 2344 3725 est,

844 3748 1136 3811 homines
1175 3748 1253 3808 ad
1287 3746 1485 3808 Deum
1521 3752 1867 3808 creatorem
1911 3764 2036 3809 non
2075 3748 2342 3823 reducit,

844 3865 961 3909 nec
1007 3844 1352 3907 virtutibus
1394 3844 1554 3918 unit,
1599 3852 1788 3927 prout
1835 3851 2042 3927 potest
2082 3854 2145 3907 et
2188 3847 2348 3909 obli-

2459 3454 2678 3528 cumit,
2712 3470 3005 3535 quaerens
3036 3470 3228 3533 quem
3268 3452 3548 3514 devoret.
3584 3452 3670 3511 Ec
3698 3470 3827 3511 non
3858 3452 3964 3511 in-

2458 3554 2740 3621 veniens,
2792 3552 2913 3616 hoc
2960 3560 3058 3614 est
3106 3551 3171 3613 in
3225 3549 3573 3631 gentilibus
3626 3548 3820 3611 fixam
3872 3557 3965 3610 at-

2456 3668 2584 3731 que
2615 3657 2989 3732 perpetuam
3022 3668 3147 3711 non
3180 3648 3507 3729 reperiens
3538 3646 3957 3722 mansionem,

2455 3750 2607 3830 quia
2652 3767 2767 3830 per
2806 3746 3037 3810 Christi
3078 3746 3410 3828 Apostolos
3454 3753 3604 3808 sunt
3644 3746 3957 3821 conversi,

2454 3849 2617 3909 dicit
2669 3866 2691 3908 .·
2740 3851 3055 3910 Revertar
3104 3848 3173 3907 in
3222 3849 3485 3906 domum
3534 3864 3739 3905 meam
3792 3849 3963 3907 unde

839 3952 1045 4026 gatur,
1088 3943 1386 4006 videlicet
1430 3944 1688 4019 orando,
1731 3944 2037 4017 docendo,
2082 3962 2194 4006 seu
2240 3964 2347 4007 ex-
2453 3948 2657 4015 exivi,
2702 3947 2764 4009 id
2806 3954 2901 4007 est
2940 3946 3016 4007 ad
3062 3944 3447 4025 Synagogam
3490 3960 3601 4004 seu
3648 3943 3960 4024 populum

843 4042 1211 4125 emplariter
1251 4043 1704 4117 conversando,
1738 4044 2081 4121 dispergit,
2121 4042 2185 4104 id
2226 4052 2342 4120 est,
2452 4045 2831 4117 Judaeorum,
2884 4045 2961 4105 de
3000 4062 3129 4124 quo
3173 4042 3341 4104 exivi
3394 4058 3469 4104 eo
3506 4048 3791 4123 tempore
3828 4060 3959 4122 quo

842 4161 880 4204 a
914 4142 1039 4205 Deo
1080 4140 1330 4214 avertit,
1363 4147 1554 4221 atque
1591 4139 1914 4202 erroribus
1957 4158 2046 4211 se,
2078 4160 2150 4203 ae
2188 4142 2344 4205 alios
2458 4142 2580 4207 Deo
2624 4144 2811 4224 digne
2858 4141 3141 4204 servivit.
3176 4140 3295 4202 Sed
3341 4140 3599 4221 quando
3638 4138 3955 4202 Christum

844 4246 1158 4322 quantum
1189 4238 1255 4301 in
1289 4256 1356 4299 se
1384 4244 1500 4311 est,
1536 4236 1842 4318 implicat.
1876 4237 1991 4300 Per
2021 4238 2141 4302 hoe
2172 4240 2347 4303 Chri-
2374 4244 2425 4307 D
2456 4242 2741 4324 recipere
2791 4240 3021 4315 renuit,
3068 4240 3313 4301 daemon
3366 4256 3585 4299 rursus
3634 4236 3954 4317 ingressus

845 4346 980 4400 stus
1010 4337 1293 4399 insinuat
1322 4335 1444 4397 sibi
1476 4354 1623 4398 cum
1653 4336 1903 4400 diabolo
1935 4338 2176 4400 nullam
2207 4358 2345 4403 esse
2454 4347 2549 4401 est
2593 4338 2901 4422 populum
2946 4338 3153 4399 illum.

846 4435 1364 4500 communionem
1412 4442 1524 4496 aut
1579 4435 2088 4511 conventionem,
2139 4457 2343 4519 quum
2514 4440 2827 4517 E'tquum
2852 4437 3087 4497 venerit
3114 4434 3405 4497 diabolus
3434 4434 3513 4495 ad
3544 4432 3945 4515 Synagogam,
4086 4446 4152 4498 25

846 4535 984 4617 ipse
1015 4534 1099 4596 sit
1137 4532 1400 4595 humilis
1430 4539 1493 4593 et
1521 4531 1857 4614 benignus,
1894 4534 2343 4618 dispersosque
2454 4537 2708 4597 invenit
2750 4557 2893 4597 eam
2934 4538 3139 4612 scopis
3182 4532 3629 4600 mandatumst,
3681 4532 3801 4595 hoe
3856 4539 3951 4593 est
3997 4549 4221 4605 ‘sesom-

847 4652 960 4716 per
1008 4632 1162 4696 vitia
1209 4638 1272 4693 et
1321 4648 1565 4694 errores
1615 4632 1924 4696 reducens
1974 4641 2035 4695 et
2082 4653 2345 4715 congre-
2452 4634 2808 4697 forinsecus
2849 4631 3341 4715 superficialiter
3373 4638 3657 4693 ornatam
3690 4629 3951 4711 quibus·
3980 4613 4091 4668 ω’]

585 5270 620 5315 ll
634 5272 741 5315 Cor.
763 5286 818 5323 vt,

559 5342 624 5391 ¹5,
649 5340 713 5382 u.

841 4750 996 4814 gans
1045 4732 1124 4793 ad
1174 4730 1483 4792 unitatem
1530 4729 1706 4805 fidei,
1751 4732 1888 4813 spei
1928 4740 1992 4794 et
2039 4734 2338 4810 caritatiS,

844 4837 1036 4911 atque
1067 4828 1435 4891 unanimem
1477 4827 1580 4891 Dei
1613 4829 1878 4892 cultum.
1914 4829 2102 4894 Porro
2133 4832 2344 4895 diabo-

846 4929 946 4991 lus
985 4927 1301 5009 superbus
1331 4933 1394 4988 et
1423 4927 1760 5009 malignuS,
1796 4946 2050 5011 semper
2080 4937 2344 4993 conatur

846 5027 1136 5090 homines
1182 5026 1264 5088 ab
1313 5026 1552 5088 unitate
1603 5026 1903 5109 praedicta
1950 5036 2254 5103 avertere,
2307 5049 2344 5091 a

849 5124 982 5187 veri
1022 5124 1130 5186 Dei
1169 5124 1344 5187 cultu
1384 5124 1768 5206 dispergere,
1805 5144 1918 5207 per
1958 5125 2342 5189 idololatrias

848 5241 922 5285 ac
950 5229 1156 5285 cetera
1185 5222 1541 5303 disgregare
1572 5232 1846 5305 peccata.
1873 5223 2030 5287 Hinc
2060 5224 2147 5286 ait
2178 5224 2344 5307 Apo-

851 5320 1107 5401 stolus:
1149 5318 1298 5392 Quae
1340 5322 1673 5385 conventio
1711 5321 1938 5384 Christi
1979 5324 2056 5385 ad
2102 5322 2340 5385 Belial?

2453 4734 2596 4796 dam
2646 4730 3181 4795 caerimonialibus
3229 4728 3649 4794 observantiis
3692 4736 3756 4789 et
3796 4727 3951 4790 Pha-

2454 4831 2781 4895 risaeorum
2811 4829 3281 4904 traditionibuS‚
3315 4826 3777 4911 apparentique
3808 4844 3951 4888 san-

2453 4929 2665 4992 ctitate
2718 4948 2732 4993 :
2784 4948 2929 5012 quae
2976 4928 3192 4992 omnia
3237 4936 3523 5009 tempore
3572 4924 3949 5006 evangelieae

2451 5027 2606 5109 legis
2637 5028 3078 5110 reprobantur.
3108 5026 3283 5088 Unde
3313 5026 3391 5088 de
3421 5022 3741 5107 hypocrisi
3774 5022 3950 5085 Chri-

2452 5134 2585 5188 stus
2655 5127 2717 5188 in
2788 5124 3129 5206 Evangelio
3199 5122 3551 5206 praesertim
3628 5120 3946 5201 redarguit
3971 5132 4216 5240 „ffffih'a

2450 5224 2699 5287 Scribas
2747 5244 2819 5287 ac
2869 5223 3233 5287 Pharisaeos.
3270 5226 3353 5285 Εἰ
3394 5232 3547 5283 tunc
3590 5223 3768 5282 vadit
3816 5220 3947 5281 dia-
3968 5272 4065 5315 „4-

4078 5312 4143 5367 26

2452 5323 2660 5398 boluS,
2713 5340 2980 5386 cernens
3038 5321 3160 5385 sibi
3214 5326 3427 5404 patere
3481 5320 3807 5382 introitum
3864 5320 3939 5381 ad
