4300 6259
604 2257 634 2314 1

620 5019 656 5074 2

780 477 897 548 102
1535 501 1884 550 sumnum
1926 500 1988 548 m
2028 501 2168 550 cn.
2215 505 2300 550 xv
2341 504 2529 551 Luca.
2575 523 2655 534 —
2697 505 2838 552 urr.
2884 505 3120 552 mvn!

1730 905 2384 993 ARTICULUS
2459 907 2928 992 XXXVIII

946 1180 1263 1228 Exposlrlo
1305 1180 1583 1228 CAPITULI
1624 1180 2037 1237 Qulmmsscml
2084 1181 2098 1224 Σ
2149 1179 2353 1226 ERANT
2394 1181 2601 1226 AUTssu
2644 1181 3230 1237 Arrnormouaums
3273 1181 3331 1227 EI
3373 1180 3688 1228 runmcml

1704 1280 1779 1325 ET
1821 1278 2229 1336 PECGATORBS,
2273 1278 2349 1324 m·
2392 1277 2702 1324 AUDIRENT
2743 1279 2944 1324 uum.

780 1557 1055 1758 QUIA
1091 1559 1373 1624 Salvator
1408 1561 1619 1625 verbis
1657 1568 1720 1622 et
1754 1558 1939 1622 factis
1978 1555 2271 1620 exhibuit
2299 1555 2351 1617 A
2377 1557 2532 1639 justi
2573 1559 2701 1622 sint
2738 1559 2853 1621 tibi
2897 1561 3374 1624 commensales.
3409 1558 3483 1622 Et
3523 1557 3870 1630 psalmista,

936 1660 1390 1742 miraculisque
1438 1659 1713 1723 ostendit
1754 1675 1821 1720 se
1864 1656 2268 1740 potissimum

772 1767 963 1839 atque
1012 1758 1374 1841 piissimum
1419 1759 1738 1821 medicum
1786 1756 2166 1826 animarum,
2208 1760 2272 1814 et

775 1864 903 1920 tam
946 1874 1058 1939 per
1089 1857 1613 1921 comminationes
1642 1863 1892 1919 aeternae
1930 1851 2272 1916 damnatio-

776 1956 900 2030 niS,
930 1975 1123 2038 quam
1155 1974 1269 2038 per
1304 1955 1755 2038 promissiones
1798 1961 2121 2037 perpetuae
2150 1950 2274 2012 sal-

684 2077 692 2085 ·
776 2053 1068 2130 vationiS,
1116 2054 1484 2118 hortabatur
1522 2055 1601 2116 ad
1644 2051 2080 2135 poenitentiam
2126 2067 2275 2131 pec-

778 2159 1019 2216 catores
1053 2171 1068 2216 :
1102 2153 1252 2215 hinc
1285 2151 1694 2216 confluebant
1730 2153 1808 2214 ad
1838 2151 2074 2233 ipsum,
2108 2148 2275 2210 sicut

777 2251 909 2334 jam
949 2250 1169 2313 recitat
1204 2250 1620 2332 Evangelista.
1656 2253 1867 2312 Erant
1904 2258 2119 2309 autem
2159 2267 2276 2325 ap-

770 2352 1286 2429 propinquantes
1324 2351 1387 2409 ei
1420 2351 1787 2427 publicani,
1827 2347 1947 2410 hoc
2000 2353 2115 2420 est,
2159 2344 2273 2426 qui

779 2448 1055 2531 publicis
1084 2447 1352 2529 negotiis
1381 2447 1813 2522 intendebant,
1850 2445 2146 2509 videlicet
2178 2461 2275 2507 ve-

778 2547 1029 2628 ctigalia
1064 2564 1176 2609 seu
1220 2546 1457 2609 tributa
1495 2546 1824 2627 exigendo,
1860 2544 2127 2607 levando
2166 2550 2274 2604 aut

780 2646 1211 2709 conducendo.
1246 2643 1323 2707 Et
1350 2645 1653 2727 quoniam
1685 2643 1807 2705 tale
1842 2640 2134 2706 officium
2167 2641 2275 2704 vix

2380 1655 2667 1739 Superbo
2695 1658 2963 1740 (inquit)
2989 1666 3053 1720 et
3095 1657 3438 1720 insatiabili
3483 1658 3688 1730 corde,
3723 1673 3870 1716 cum
3927 1668 4016 1710 1²·-
4039 1681 4078 1717 ε.
4099 1671 4146 1710 ⁵.

2382 1756 2502 1818 hoc
2544 1775 2668 1819 non
2709 1757 3014 1838 edcbam3
3065 1766 3129 1820 et
3170 1757 3343 1833 item,
3376 1757 3533 1820 Cum
3575 1772 3875 1838 perverso
3899 1767 4174 1813 aarum.
4282 1759 4284 1764 ’

2382 1854 2787 1936 perverteris.
2822 1854 2942 1919 Sed
2973 1856 3278 1930 Christus,
3310 1856 3424 1937 qui
3457 1871 3714 1936 peccare
3745 1871 3872 1916 non

2385 1958 2649 2034 poterat,
2700 1961 2892 2035 atque
2937 1955 3014 2016 ad
3063 1954 3183 2018 hoc
3232 1954 3407 2018 venit
3450 1954 3516 2016 in
3562 1954 3872 2015 mundum

2385 2059 2456 2112 ut
2495 2059 2854 2132 peccatores
2893 2053 3064 2114 intus
3105 2059 3354 2114 curaret
3392 2060 3584 2134 atque
3620 2067 3878 2114 conver-

2384 2157 2565 2224 teret,
2605 2151 2849 2233 absque
2899 2151 3184 2234 periculo
3223 2159 3285 2213 et
3333 2170 3480 2213 cum
3519 2149 3730 2212 fructu
3779 2150 3879 2211 in-

2382 2250 2555 2329 genti
2589 2249 3026 2331 peccatoribus
3057 2267 3124 2312 se
3154 2249 3462 2330 adjunxit,
3485 2267 3558 2312 ac
3586 2247 3876 2312 convesci

2386 2347 2678 2429 dignatus
2727 2357 2860 2429 est3
2915 2368 3032 2412 nec
3080 2348 3356 2431 praefatis
3401 2347 3878 2412 auctoritatibus

2389 2446 2846 2528 prohibebatur
2907 2448 3066 2530 quin
3128 2447 3284 2527 justi
3343 2447 3461 2510 hac
3528 2446 3880 2509 intentione

2389 2553 2646 2627 possent
2704 2564 2772 2608 se
2829 2546 3266 2627 peccatoribus
3327 2545 3587 2621 sociare,
3643 2553 3708 2606 ut
3771 2563 3879 2608 eos

2387 2646 2464 2707 ad
2507 2643 2611 2706 Dei
2647 2644 3028 2726 obsequium
3071 2653 3574 2728 perpetuamque
3611 2643 3879 2706 salutem

779 2751 889 2806 aut
936 2763 1077 2806 raro
1123 2742 1202 2806 fit
1248 2743 1491 2825 absque
1539 2750 1818 2825 peccato,
1872 2741 2015 2804 ideo
2061 2739 2277 2801 Phari·
2313 2741 2358 2802 B
2388 2743 2782 2805 inducerent.
2852 2743 3138 2806 Christus
3205 2759 3486 2824 quoque,
3559 2743 3625 2804 in
3693 2740 3879 2821 cujus

781 2843 887 2906 saei
927 2851 989 2905 et
1026 2841 1263 2906 Scribae
1313 2843 1686 2924 publicanos
1728 2839 2106 2923 reputabant
2146 2857 2278 2900 ma-

778 2960 937 3024 gnos
991 2950 1182 3024 atque
1230 2942 1507 3005 notorios
1570 2947 1951 3023 peccatores.
2003 2938 2078 3000 Hi
2128 2955 2277 3018 ergo

777 3052 839 3102 et
880 3051 1257 3118 peccatores,
1309 3040 1427 3103 hoc
1474 3047 1593 3120 est,
1637 3039 1749 3120 qui
1799 3038 2013 3100 minus
2064 3035 2275 3098 vitiosi

778 3146 979 3212 erant,
1030 3145 1139 3200 aut
1187 3138 1591 3221 putabantur.
1644 3137 1751 3199 Isti
1800 3134 2278 3219 appropinqua-

780 3246 1010 3301 verunt
1063 3238 1309 3301 Christo
1367 3235 1775 3319 corporaliter
1822 3243 1885 3298 et
1931 3233 2278 3317 spirituali-

780 3345 898 3412 ter,
948 3337 1193 3400 scilicet
1240 3336 1524 3399 localiter
1569 3336 1924 3397 accedendo
1973 3335 2050 3395 ad
2100 3351 2271 3406 eum,

783 3437 1135 3498 secundum
1197 3453 1375 3497 suam
1438 3433 1987 3514 circumscriptam
2053 3431 2278 3492 huma-

782 3535 1066 3609 nitatem,
1128 3542 1191 3596 et
1253 3533 1611 3595 mentaliter
1670 3549 1737 3594 se
1796 3532 2098 3594 vertendo
2162 3547 2276 3591 seu

782 3633 1175 3715 disponendo
1203 3632 1277 3694 ad
1311 3631 1509 3714 ipsius
1541 3628 2277 3710 incircumscriptibilem

778 3732 1077 3795 deitatem
1128 3749 1239 3794 seu
1287 3731 1365 3792 ad
1414 3729 1553 3812 ejus
1602 3728 1926 3791 caritatem
1974 3735 2037 3790 et
2079 3727 2275 3808 grati-

776 3849 901 3893 am.
952 3834 1027 3894 Ut
1054 3831 1363 3892 audirent
1401 3831 1596 3890 illum
1634 3826 1897 3889 auribus
1939 3825 2172 3888 mentis
2215 3833 2276 3886 et

2384 2843 2660 2904 adventu
2727 2849 2980 2923 tempus
3039 2841 3257 2922 gratiae
3313 2849 3376 2902 et
3436 2840 3536 2902 lex
3603 2839 3878 2902 caritatis

2385 2948 2738 3023 coeperunt,
2782 2947 3060 3003 veterem
3105 2941 3307 3020 legem
3357 2957 3484 3003 non
3526 2938 3734 3020 fregit,
3769 2939 3879 3000 sed

2386 3038 2673 3121 perfecit,
2697 3056 3082 3120 omnemque
3122 3038 3444 3100 caritatem
3477 3037 3672 3100 verbo
3699 3043 3761 3098 et
3789 3035 3884 3098 fa-

2384 3138 2501 3200 ctis
2541 3137 2814 3200 edocuit.
2847 3137 3038 3201 Porro
3075 3136 3393 3210 Pharisaei,
3427 3136 3539 3218 qui
3571 3143 3748 3198 erant
3785 3153 3882 3196 re-

2385 3236 2593 3318 ligiosi
2641 3236 3022 3312 Judaeorum,
3065 3244 3129 3298 et
3177 3235 3412 3300 Scribae
3459 3235 3573 3316 qui
3623 3233 3883 3296 suerunt

2385 3336 2670 3398 doctores
2709 3353 2954 3408 eorum,
2990 3353 3116 3398 non
3149 3352 3296 3397 vere
3335 3333 3645 3396 caritativi
3683 3341 3746 3394 et
3779 3332 3883 3413 ju-

2383 3433 2486 3508 sti,
2521 3434 2630 3495 sed
2672 3433 2880 3514 magni
2925 3440 2988 3495 et
3029 3433 3344 3515 sapientes
3387 3433 3453 3494 in
3490 3431 3691 3494 oculis
3720 3430 3876 3505 suiS,

2381 3531 2668 3614 falseque
2721 3531 2900 3612 justi,
2954 3531 3260 3613 indignati
3318 3539 3468 3593 sunt
3515 3532 3593 3593 de
3649 3529 3880 3592 Christi

2383 3630 2740 3704 clementia,
2772 3631 2850 3692 de
2881 3649 3008 3712 qua
3034 3630 3308 3711 gaudere
3347 3628 3714 3691 debuerant.
3747 3627 3883 3689 Fal·
4285 3637 4288 3690 i

2383 3750 2451 3792 sa
2498 3746 2774 3810 namque
2828 3728 3074 3809 justitia
3120 3727 3309 3790 habet
3357 3727 3876 3808 indignationem,

2384 3846 2532 3891 vera
2558 3827 2803 3907 justitia
2831 3827 3350 3908 compassionem,
3368 3827 3714 3889 secundum
3743 3823 3882 3887 Gre-

781 3928 1085 4011 corporiS.
1121 3927 1406 3991 Christus
1444 3943 1722 4008 namque
1759 3924 2008 4007 aliquos
2050 3924 2276 3986 talium
2312 3923 2357 3986 G
2383 3927 2661 4008 gorium.

776 4028 1048 4111 gratiose
1079 4025 1407 4110 praevenit,
1440 4024 1716 4098 attraxit,
1752 4023 2083 4087 convertit.
2118 4023 2278 4086 Con-

781 4133 1119 4190 currerunt
1173 4141 1434 4207 quoque
1479 4124 1556 4185 ad
1606 4122 1818 4204 ipsum
1880 4129 2139 4203 propter
2187 4121 2278 4183 in-

782 4223 1227 4306 comparabilis
1266 4241 1397 4285 suae
1444 4220 1824 4303 eloquentiae
1867 4220 2172 4283 motivam
2216 4228 2278 4282 et

782 4320 1380 4386 affectuosissimam
1428 4326 1845 4390 venustatem,
1894 4317 1975 4381 ob
2025 4336 2274 4381 morum

784 4423 924 4504 ejus
964 4418 1461 4493 condecentiam,
1494 4417 1576 4481 ob
1617 4417 1762 4479 vitae
1800 4424 1862 4478 et
1902 4415 2087 4479 famae
2124 4417 2281 4478 emi-

786 4519 1091 4594 nentiam,
1151 4517 1234 4581 ob
1293 4515 1746 4579 miraculorum
1810 4514 2158 4577 claritatem
2217 4523 2279 4577 et

785 4616 1261 4690 abundantiam,
1296 4622 1360 4677 et
1389 4613 1740 4696 praesertim
1771 4613 2072 4696 quoniam
2104 4613 2280 4677 Chri-

784 4727 920 4782 stus
954 4715 1134 4780 valde
1174 4713 1597 4788 caritativum,
1632 4713 1905 4789 dulcem,
1940 4714 2278 4796 compassi-

788 4834 940 4880 vum
989 4822 1052 4877 et
1093 4813 1274 4896 pium
1317 4830 1386 4875 se
1427 4812 1517 4875 eis
1570 4811 1881 4887 exhibuit,
1926 4811 2091 4875 sicut
2131 4832 2278 4876 mox

788 4913 1105 4978 subditur.

870 5015 957 5075 Et
1003 5011 1508 5072 murmurabant
1544 5009 1872 5070 Pharisoei
1909 5018 1970 5069 et
2008 5011 2276 5080 Scriboe‚

2464 4025 2752 4108 Insuper,
2799 4024 3084 4088 Christus
3133 4023 3354 4088 solitus
3403 4024 3494 4085 uti
3541 4021 3876 4105 parabolis,

2389 4144 2502 4206 per
2539 4126 2845 4207 quasdam
2897 4123 3224 4206 parabolas
3266 4122 3542 4185 ostendit
3585 4121 3882 4184 Pharisae-

2387 4243 2570 4287 orum
2609 4242 2685 4286 ac
2723 4221 3084 4286 Scribarum
3126 4237 3428 4294 errorem,
3463 4238 3660 4302 seque
3694 4237 3880 4302 agere

2387 4324 2558 4405 quod
2597 4324 2675 4385 ad
2715 4340 2903 4383 suum
2943 4319 3303 4402 pertinebat
3337 4318 3630 4382 officium
3661 4337 3674 4382 :
3708 4319 3880 4400 quod

2386 4421 2512 4483 fuit
2555 4427 2912 4503 peccatores
2955 4425 3345 4492 convertere,
3388 4418 3666 4500 perditos
3710 4435 3883 4498 qua>-

2389 4538 2548 4594 rere,
2582 4518 2998 4601 spiritualiter
3036 4525 3318 4581 mortuos
3357 4535 3470 4598 per
3497 4517 3760 4597 gratiam
3790 4515 3881 4578 vi-

2388 4618 2671 4692 vificare,
2708 4635 2821 4699 per
2861 4623 3117 4699 peccata
3152 4614 3472 4697 dispersos
3503 4615 3567 4677 in
3607 4614 3732 4678 Deo
3763 4631 3878 4696 per

2387 4716 2583 4779 fidem
2629 4723 2692 4777 et
2733 4715 3056 4778 caritatem
3104 4713 3421 4794 colligere.
3462 4712 3624 4776 Hinc
3664 4712 3879 4775 subdi-

2387 4822 2492 4878 tur
2536 4814 2742 4897 prima
2785 4812 3103 4896 parabola.

2473 4915 2629 4983 Quis
2672 4933 2753 4973 ew
2797 4914 2970 4973 vobis
3017 4913 3200 4972 homo
3243 4913 3362 4990 qui
3399 4911 3585 4970 habet
3623 4919 3876 4972 centum
4027 4919 4068 4974 4

2386 5032 2554 5081 ουεε,
2581 5021 2643 5072 et
2669 5013 2729 5071 si
2759 5009 3124 5087 perdiderit
3163 5029 3368 5069 unam
3393 5028 3474 5068 ex
3507 5009 3665 5080 illis,
3699 5013 3818 5069 etc.
3849 5009 3876 5068 ’ἒ

787 5113 1067 5173 dicentes
1095 5130 1119 5169 .·
1154 5109 1323 5177 Quia
1365 5108 1472 5166 hic
1510 5106 1687 5168 Jesus
1727 5117 2086 5185 peccatores
2126 5112 2280 5168 reci-
2311 5107 2360 5168 D
2387 5108 2684 5172 Parabola
2740 5108 2859 5169 ista
2905 5107 2983 5168 ad
3033 5106 3432 5188 propositum
3488 5104 3717 5168 Christi
3775 5106 3882 5167 de-

781 5212 910 5287 pit,
940 5218 1001 5269 et
1038 5209 1393 5269 manducat
1422 5225 1573 5266 cum
1611 5207 1769 5265 illis.
1810 5203 1997 5277 Quasi
2037 5205 2273 5283 dicant,

2383 5208 2752 5270 clarandum
2782 5204 3110 5288 aptissima
3137 5203 3165 5265 f
3171 5203 3262 5265 uit
3291 5211 3356 5266 ct
3382 5212 3501 5278 est,
3533 5211 3724 5284 atque
3754 5204 3884 5284 pla-

494 5329 761 5384 Beetmzz
790 5306 925 5371 Non
972 5309 1151 5370 decet
1189 5323 1206 5367 ;
1252 5323 1453 5386 quum
1502 5302 1793 5366 Salomon
1842 5303 2091 5378 dixerit,
2144 5304 2274 5366 Viri
2386 5305 2668 5368 nissima.
2715 5304 2902 5366 Aliud
2955 5321 3184 5385 nempe
3232 5303 3563 5368 ostendere
3609 5319 3732 5364 non
3785 5300 3882 5362 in-
