4300 6259
45 1985 304 2036 Bou-auid
313 2019 324 2029 .

72 2179 87 2222 1
102 2181 212 2225 Cor.
230 2196 304 2226 xiv

63 2277 190 2351 ιὲῐα.
205 2323 238 2359 ι,
257 2311 326 2352 24.

50 2373 163 2434 Sap.
181 2384 328 2431 vn1,1.

147 3361 222 3417 23

1103 523 1455 570 RNARRATm
1499 523 1561 569 ΙΝ
1604 523 1742 569 cAP.
1791 523 1874 568 XX
1913 522 2189 570 JOANNIS.
2235 542 2315 552 -
2356 523 2499 571 ΛΒΤ.
2546 525 2733 572 vam

3356 508 3478 572 609

359 694 467 755 tis.
503 692 702 766 Quam
745 694 1052 758 rationem
1095 694 1432 775 Gregorius
1471 703 1534 756 et
1571 695 1730 756 Beda
1774 695 1864 755 af-
1893 693 1941 754 A
1976 695 2261 757 debitum
2308 695 2585 758 clavium
2636 717 2846 759 usum.
2880 698 3056 760 Unde
3098 697 3319 760 ultimo
3360 697 3475 759 Ec-

353 790 628 853 firmant
671 809 810 854 esse
855 793 1048 872 hujus
1094 794 1182 854 rei
1230 812 1508 866 causam,
1543 793 1858 867 videlicet,

353 890 532 970 quod
593 889 658 951 in
717 897 886 951 terra
931 891 1126 963 dedit,
1179 899 1246 952 ut
1293 891 1592 972 diligatur
1648 891 1860 972 proxi-

351 1007 524 1061 muS,
569 987 800 1050 deinde
849 989 928 1050 de
980 989 1162 1063 coelo,
1209 997 1279 1052 ut
1328 990 1628 1070 diligatur
1677 988 1856 1051 DeuS.

350 1083 477 1146 Sed
515 1085 671 1166 quia
711 1103 825 1168 per
868 1087 1157 1148 eamdem
1204 1087 1470 1168 gratiam
1517 1094 1860 1168 utrumque

352 1191 752 1265 praeceptum
791 1184 1120 1266 impletur,
1156 1203 1272 1248 nec
1311 1204 1510 1247 unum
1555 1186 1692 1248 sine
1735 1185 1860 1248 alio

350 1281 524 1344 valet
582 1281 862 1364 impleri,
925 1283 1054 1346 imo
1111 1291 1174 1345 et
1230 1302 1395 1345 unus
1452 1291 1548 1345 est
1603 1282 1858 1346 habitus

351 1379 635 1442 caritatis
675 1398 804 1461 qua
842 1380 1006 1443 Deus
1045 1381 1504 1463 proximusque
1543 1381 1854 1461 diligitur,

351 1474 498 1538 ideo
541 1481 750 1556 potest
799 1475 924 1537 alia
971 1477 1130 1540 ratio
1173 1477 1502 1557 assignari.
1557 1476 1634 1539 Ut
1681 1477 1854 1539 enim

350 1573 694 1656 Dionysius
752 1575 954 1650 docet,
1005 1575 1238 1636 Natura
1287 1594 1412 1639 non
1473 1577 1764 1658 procedit
1822 1594 1858 1637 a

350 1672 615 1734 distanti
646 1673 714 1734 in
745 1673 1006 1748 distanS‚
1029 1673 1152 1735 nisi
1189 1692 1302 1756 per
1331 1675 1636 1737 medium.
1660 1674 1856 1747 Quem

356 1789 733 1852 processum
783 1780 1003 1834 auctor
1062 1779 1302 1836 naturae
1347 1773 1511 1834 Deus
1561 1773 1857 1835 sublimis

355 1877 420 1932 et
467 1869 866 1944 benedictuS,
917 1871 1213 1934 observat
1259 1870 1648 1952 frequenter,
1703 1891 1860 1955 prae—
1895 1871 1942 1932 B
1973 1871 2152 1936 Petro
2190 1873 2595 1953 singulariter
2625 1873 2784 1936 dixit
2818 1892 2831 1937 ε
2864 1872 3340 1956 Quodcumque,
3376 1876 3467 1938 in·
3494 1896 3758 1949 mimas-1,

357 1969 582 2031 sertim
630 1987 833 2050 quum
885 1977 1042 2031 teste
1089 1969 1410 2052 Apostolo,
1457 1969 1605 2043 Quae
1651 1991 1688 2032 a
1735 1971 1860 2034 Deo

359 2076 534 2140 sunt,
587 2067 874 2130 ordinata
931 2073 1100 2129 sunt.
1149 2067 1327 2130 Unde
1371 2076 1435 2130 et
1490 2069 1788 2133 admonet
1841 2087 1855 2131 t

308 2214 322 2235 ,
358 2164 587 2227 Omnia
623 2166 922 2228 decenter
957 2172 1020 2227 et
1061 2167 1412 2228 secundum
1453 2167 1743 2230 ordinem
1784 2165 1862 2227 fi-

359 2270 472 2325 ant
509 2263 576 2325 in
609 2263 812 2327 vobis.
844 2261 1005 2325 Hinc
1043 2281 1191 2343 ergo
1222 2263 1508 2327 Christus
1549 2264 1861 2348 sapientia

360 2361 582 2436 PatriS,
625 2361 968 2443 disponens
1019 2361 1318 2424 universa
1363 2362 1663 2437 suaviter,
1713 2380 1860 2424 suos

361 2459 714 2542 discipulos
771 2459 1078 2542 paulatim
1123 2461 1202 2522 ad
1251 2459 1627 2524 sublimiora
1683 2459 1865 2522 attol-

361 2557 524 2632 lenS,
559 2577 634 2620 ac
669 2557 1062 2640 pedetentim
1101 2559 1177 2621 ad
1227 2557 1684 2640 perfectionem
1727 2577 1866 2642 per-

1961 791 2343 855 'clesiasticae
2388 793 2758 858 hierarchiae
2806 796 3107 877 capitulo,
3150 796 3238 856 ait
3274 795 3473 858 Theo-

1974 891 2153 970 logus
2189 910 2202 953 ε
2239 890 2604 956 Sacerdotes
2628 879 3045 955 ¹hierarchicis
3077 893 3199 956 sibi
3228 893 3473 956 collatis

1973 989 2320 1051 virtutibus
2373 990 2461 1052 uti
2511 998 2780 1072 oportet,
2841 999 3028 1072 prout
3085 991 3290 1053 Deitas
3344 1010 3476 1054 mo-

1975 1087 2136 1150 verit
2176 1106 2303 1151 eos.
2351 1089 2558 1168 Agens
2600 1089 2767 1150 enim
2818 1089 3299 1152 instrumentale
3344 1108 3471 1153 non

1971 1187 2234 1248 sortitur
2282 1185 2659 1260 efficaciam,
2714 1187 2839 1251 nisi
2898 1189 3249 1250 secundum
3297 1189 3470 1270 quod

1969 1302 2006 1344 a
2039 1283 2380 1365 principali
2424 1301 2609 1345 causa
2650 1291 2961 1347 movetur.
2996 1283 3257 1365 Propter
3296 1286 3465 1365 quod

1971 1381 2312 1464 profitetur
2352 1382 2690 1464 Apostolus
2733 1401 2749 1445 :
2792 1382 3152 1445 Secundum
3204 1391 3470 1464 potesta·
3516 1404 3551 1447 ιι
3566 1405 3753 1456 eor-,1112

1971 1489 2098 1543 tem
2141 1499 2287 1563 quae
2324 1481 2464 1543 data
2502 1489 2599 1542 est
2642 1481 2800 1543 mihi
2844 1481 2911 1543 in
2949 1481 3462 1558 aedificationem,
3498 1469 3563 1511 ¹⁰·

1969 1587 2032 1641 et
2075 1597 2201 1642 non
2245 1580 2310 1640 in
2354 1579 2876 1642 destructionem.

2048 1676 2267 1758 Itaque
2297 1676 2582 1740 Christus
2624 1696 2794 1739 nunc
2832 1677 2921 1739 ait
2948 1685 3011 1739 et
3040 1677 3286 1740 confert
3326 1679 3467 1741 uni—

1972 1775 2171 1837 versis
2239 1775 2577 1857 ApostoliS,
2647 1777 2818 1856 quod
2888 1783 3033 1839 ante
3104 1777 3465 1858 passionem

1971 1971 2223 2052 quienS,
2270 1972 2565 2053 ligaveris
2616 1990 2810 2054 super
2857 1980 3111 2049 terram,
3153 1975 3275 2036 erit
3322 1975 3469 2056 liga-
3496 1965 3563 2006 ¹⁹·

1971 2077 2108 2132 tum
2147 2078 2212 2132 et
2250 2070 2316 2131 in
2358 2071 2578 2151 coelis3
2612 2079 2674 2132 et
2710 2072 3163 2152 quodcumque
3201 2073 3467 2136 solveris

1973 2187 2167 2251 super
2222 2167 2478 2244 terram,
2530 2169 2652 2231 erit
2708 2170 2986 2232 solutum
3036 2178 3097 2232 et
3147 2170 3211 2232 in
3264 2172 3465 2235 coelis.

1970 2267 2115 2331 Ideo
2162 2276 2374 2331 autem
2434 2267 2613 2330 Petro
2670 2275 2972 2349 tanquam
3033 2268 3469 2351 principaliori

1975 2365 2140 2428 inter
2186 2364 2518 2447 Apostolos
2572 2372 2636 2427 et
2684 2366 2875 2447 capiti
2936 2366 3314 2430 universalis
3367 2367 3473 2431 Ec-

1973 2463 2204 2538 clesiae,
2270 2464 2387 2527 hoc
2448 2464 2687 2525 dictum
2752 2470 2847 2524 est
2914 2462 3339 2544 singulariter,
3404 2474 3474 2528 ut

1972 2581 2175 2642 quum
2224 2562 2306 2623 sit
2352 2562 2505 2624 ordo
2548 2561 2613 2623 in
2662 2560 2961 2638 Ecclesia,
3010 2562 3143 2624 haec
3195 2570 3469 2644 potestas

360 2659 626 2732 ducem,
658 2657 868 2739 primo
897 2657 1072 2720 dedit
1099 2656 1192 2718 eis
1221 2655 1532 2739 Spiritum
1563 2657 1864 2720 Sanctum
1975 2661 2268 2722 credatur
2313 2660 2522 2742 primo
2569 2678 2642 2721 ac
2692 2660 3133 2742 principaliter
3190 2661 3469 2724 residere

361 2756 427 2818 in
477 2763 648 2818 terra
696 2772 811 2836 per
859 2754 1388 2830 insufflationem,
1439 2775 1564 2820 non
1615 2757 1679 2819 in
1728 2764 1867 2818 tan-
1976 2758 2041 2819 in
2091 2777 2343 2821 summo
2392 2756 2717 2832 Pontifice,
2765 2757 2827 2819 S.
2869 2758 3033 2821 Petri
3083 2759 3334 2834 vicario,
3380 2767 3472 2822 at-

361 2863 423 2916 ta
463 2853 888 2936 plenitudine,
923 2853 1138 2918 necin
1179 2853 1360 2934 signo
1399 2863 1527 2917 tam
1557 2855 1862 2932 evidenti,
1975 2875 2102 2938 que
2160 2856 2239 2918 ab
2300 2857 2440 2938 ipso
2499 2855 2773 2920 derivari
2830 2857 2895 2918 in
2954 2856 3470 2940 archiepiscopos

363 2961 432 3014 ut
480 2961 720 3035 postea,
774 2959 1088 3034 quatenus
1148 2970 1262 3034 per
1309 2953 1494 3016 istam
1551 2954 1631 3015 ad
1689 2953 1864 3016 illam
1975 2962 2036 3016 et
2085 2955 2440 3038 episcopOS,
2482 2961 2545 3016 et
2592 2955 2672 3016 ab
2718 2954 2873 3037 ipsis
2921 2962 3225 3037 tanquam
3267 2976 3305 3018 a
3345 2975 3475 3018 me-

359 3050 1004 3113 exuberantissimam
1051 3049 1324 3133 Spiritus
1381 3050 1592 3113 Sancti
1651 3070 1865 3114 susce-
1900 3056 1945 3119 C
1975 3054 2119 3128 diis,
2184 3055 2250 3116 in
2308 3053 2635 3135 simplices
2699 3055 3077 3117 sacerdotes.
3138 3054 3471 3117 Verumta-

361 3150 650 3232 ptionem
687 3169 834 3232 quae
869 3149 1035 3212 facta
1070 3157 1166 3212 est
1205 3149 1270 3212 in
1310 3150 1412 3212 die
1452 3158 1668 3214 sancto
1710 3150 1866 3213 Pen-

361 3257 655 3323 tecosteS,
703 3250 1217 3331 disponerentur.

449 3351 737 3416 Quorum
783 3348 1166 3408 remiseritis
1215 3357 1499 3424 peccata,
1547 3366 1652 3411 eos
1713 3349 1864 3429 legi·

360 3447 520 3508 time
565 3445 975 3520 absolvendo,
1029 3453 1091 3508 et
1137 3445 1373 3510 divinae
1423 3446 1664 3522 virtuti,
1717 3465 1860 3527 quae

358 3545 494 3608 sola
533 3543 798 3607 dimittit
836 3551 1092 3626 peccata
1127 3552 1196 3605 ut
1227 3562 1416 3606 causa
1458 3545 1855 3627 principaliS,

355 3642 929 3705 instrumentaliter
985 3642 1045 3706 vi
1104 3642 1376 3706 clavium
1439 3645 1855 3726 cooperando,

351 3745 787 3804 remittuntur
823 3745 915 3802 eis
951 3761 986 3804 a
1031 3741 1175 3816 Deo,
1211 3742 1432 3804 saltem
1472 3745 1680 3824 quoad
1727 3744 1861 3806 cul-

353 3860 516 3923 pam,
538 3860 666 3905 non
699 3849 910 3903 tamen
941 3859 1194 3922 semper
1222 3849 1332 3903 aut
1363 3842 1636 3904 totaliter
1663 3862 1860 3924 quan-

351 3949 488 4004 tum
547 3941 627 4003 ad
688 3959 966 4022 poenam.
1021 3938 1278 4015 Tamen,
1333 3958 1448 4023 per
1503 3943 1853 4005 orationem

351 4039 702 4102 sacerdotis
761 4039 1192 4121 virtutemque
1255 4039 1554 4114 clavium,
1617 4048 1680 4102 et
1743 4060 1858 4122 per

353 4139 666 4222 pudorem
707 4156 780 4199 ac
825 4137 1274 4201 contritionem
1319 4137 1708 4213 confitentiS,
1743 4138 1860 4200 ali—

1975 3171 2146 3227 men,
2179 3152 2477 3233 quamvis
2517 3152 2725 3214 omnis
2772 3153 3061 3217 sacerdos
3106 3153 3171 3215 in
3216 3172 3331 3217 sua
3373 3173 3473 3216 or-

1974 3251 2295 3314 dinatione
2345 3251 2581 3332 ligandi
2629 3270 2703 3313 ac
2750 3251 3037 3316 solvendi
3096 3259 3467 3334 potestatem

1975 3349 2259 3431 recipiat,
2320 3368 2523 3430 quum
2582 3350 2935 3412 secundum
2994 3349 3320 3426 Thomam,
3376 3369 3470 3412 re-

1971 3448 2155 3509 aliter
2194 3447 2362 3510 idem
2401 3446 2530 3508 sint
2572 3448 2896 3510 character
2938 3449 3365 3523 sacerdotaliS,
3407 3457 3470 3511 et
3518 3519 3523 3524 ⁸

1973 3553 2246 3628 potestas
2308 3546 2628 3627 praedicta,
2682 3565 2827 3626 quae
2874 3546 3065 3608 etiam
3114 3547 3311 3610 clavis
3362 3566 3470 3610 vo-

1971 3653 2190 3724 catur3
2234 3663 2359 3707 non
2408 3652 2616 3706 tamen
2662 3642 2852 3705 habet
2896 3643 3091 3723 hujus
3143 3647 3469 3726 potestatis

1971 3742 2466 3816 exsecutionem,
2503 3741 2623 3804 nisi
2664 3741 2723 3802 ei
2764 3741 3142 3822 subjiciatur
3182 3741 3464 3816 materia,

1971 3840 2215 3904 scilicet
2273 3840 2563 3902 homines
2622 3857 2817 3921 super
2874 3858 3036 3920 quos
3096 3839 3219 3902 sibi
3276 3839 3471 3920 juris-

1969 3939 2162 4003 dictio
2201 3940 2406 4013 detur,
2442 3957 2552 4000 seu
2594 3956 2745 4000 cura
2782 3938 3143 4000 animarum
3184 3940 3470 4002 commit-

1971 4045 2135 4100 tatur
2182 4057 2219 4098 a
2267 4037 2617 4119 superiore,
2658 4036 2771 4118 qui
2825 4036 2990 4099 sicut
3036 4038 3143 4099 dat
3188 4055 3327 4099 eam
3378 4037 3469 4099 in-

1969 4135 2210 4211 feriori,
2254 4135 2345 4198 sic
2394 4143 2599 4218 potest
2646 4153 2783 4197 eam
2830 4135 2887 4196 ei
2926 4135 3179 4197 auferre
3226 4135 3293 4198 in
3338 4143 3468 4199 toto

351 4236 510 4318 quid
563 4254 770 4317 poenae
819 4235 1182 4311 dimittitur,
1228 4243 1402 4298 tanto
1452 4236 1676 4318 utique
1724 4256 1859 4300 am·
1886 4237 1937 4301 D
1970 4235 2069 4296 vel
2114 4243 2313 4316 parte,
2346 4233 2630 4315 legitima
2672 4253 2861 4296 causa
2899 4242 3297 4297 occurrente.

352 4335 550 4418 plius,
602 4341 844 4415 quanto
904 4334 1109 4417 pudor
1155 4341 1218 4396 et
1266 4335 1561 4398 contritio
1614 4335 1858 4397 fuerint

352 4432 674 4496 fortiores.
720 4431 982 4494 Possent
1027 4431 1200 4493 enim
1249 4449 1388 4494 esse
1434 4440 1563 4495 tam
1615 4433 1854 4514 magni,

351 4531 528 4612 quod
573 4538 702 4593 tota
746 4547 935 4612 poena
977 4529 1424 4592 dimitteretur.
1460 4533 1544 4592 Ec
1582 4551 1858 4611 quorum

353 4635 616 4710 peccata
662 4629 1096 4698 retinam-itia,
1143 4627 1208 4690 id
1259 4635 1374 4703 est,
1426 4647 1552 4691 non
1604 4629 1861 4691 dimise-

354 4727 518 4800 ritis,
557 4725 668 4788 sed
708 4725 1039 4788 retinenda
1078 4725 1538 4806 judicaveritiS,
1573 4746 1649 4791 eo
1686 4729 1860 4809 quod

356 4845 484 4889 non
517 4841 668 4888 vere
707 4824 1077 4906 poeniteant,
1112 4842 1230 4888 nec
1266 4825 1490 4906 dignos
1521 4844 1589 4888 se
1621 4827 1862 4909 praebe-

357 4933 470 4988 ant
515 4924 596 4984 ad
641 4922 1100 5002 indulgentiam
1141 4923 1574 4999 obtinendam,
1615 4935 1862 4986 retenta

361 5032 535 5093 sunt,
591 5021 655 5083 id
703 5029 820 5096 est,
875 5020 1037 5084 Deus
1097 5021 1204 5083 illa
1261 5021 1604 5104 imputabit
1660 5022 1865 5086 bomi-

363 5118 558 5182 nibus
609 5119 866 5181 talibuS.
921 5118 1179 5202 Oportet
1233 5121 1446 5203 itaque
1507 5128 1576 5183 ut
1631 5120 1867 5201 judici-

365 5237 476 5279 um
530 5215 827 5280 Ecclesiae
863 5217 1297 5282 conformetur
1336 5219 1554 5282 divino
1595 5219 1860 5300 judicic,

363 5316 681 5380 servando
728 5315 1024 5379 videlicet
1071 5323 1312 5378 rectum
1362 5335 1754 5399 processum,
1803 5328 1866 5381 et

615 5449 681 5502 T.
713 5449 792 5500 12.

2048 4333 2373 4407 Praeterea,
2436 4332 2719 4396 Christus
2776 4332 3044 4397 dicendo
3104 4332 3462 4415 discipuliS,

1967 4430 2246 4504 Quorum
2307 4430 2677 4493 remiseritis
2739 4439 3015 4513 peccata,
3067 4439 3215 4506 etc„
3269 4431 3469 4494 mani—

1970 4530 2128 4592 feste
2176 4529 2452 4593 ostendit
2498 4547 2565 4592 se
2614 4547 2753 4592 esse
2802 4546 3022 4592 verum
3080 4529 3301 4605 Deum,
3351 4529 3465 4610 qui

1971 4628 2143 4692 solus
2194 4635 2399 4711 potest
2451 4634 2687 4689 tantam
2740 4626 3029 4690 conferre
3091 4635 3463 4710 potestatem

1971 4726 2361 4801 hominibuS,
2395 4745 2540 4807 quae
2578 4744 2695 4789 nec
2732 4725 2973 4806 angelis
3014 4727 3157 4788 data
3198 4733 3314 4788 est.
3362 4724 3471 4788 De-

1973 4825 2106 4887 cuit
2149 4831 2361 4886 autem
2411 4831 2480 4885 ut
2529 4833 2865 4905 postquam
2918 4823 3080 4886 Deus
3122 4825 3470 4906 assumpsit

1975 4923 2320 4985 humanam
2369 4931 2679 4997 naturam,
2734 4921 3023 4985 homines
3074 4923 3155 4985 ab
3204 4923 3315 4986 illo
3366 4941 3467 4986 ac—

1975 5022 2265 5104 ciperent
2320 5020 2600 5083 divinam
2660 5021 2982 5096 virtutem,
3044 5027 3105 5082 et
3163 5038 3469 5103 superna-

1977 5119 2245 5183 turalem
2302 5121 2640 5202 quamdam
2703 5118 3170 5182 deificationem
3226 5139 3239 5182 :
3294 5121 3467 5202 quod

1977 5219 2252 5282 maxime
2297 5219 2513 5281 datum
2555 5227 2651 5280 est
2692 5218 3147 5293 sacerdotibus,
3191 5236 3305 5300 per
3347 5219 3468 5282 hoc

1978 5319 2148 5401 quod
2198 5326 2349 5380 sunt
2400 5317 2867 5400 dispensatores
2924 5325 3466 5380 sacramentorum

3155 5451 3218 5502 39
