4300 6259
87 3721 198 3763 nid.
223 3735 252 3769 ι.
276 3723 344 3763 ¹8.

109 4305 118 4345 Ι
135 4306 230 4349 Cor.
249 4320 302 4349 ιιι

95 4370 148 4410 ¹2.

1205 482 1553 531 mannum
1599 482 1662 529 m
1703 482 1841 530 cAr.
1888 484 1930 529 x
1973 483 2161 530 ωσι.
2206 504 2286 515 --
2328 487 2470 534 aar.
2516 487 2687 534 xxvn
3422 468 3499 531 13

368 646 584 707 omnia
631 647 1164 713 instaurarentur.
1200 652 1468 727 RursuS,
1511 652 1726 716 omnia
1763 660 1887 715 tra·
1915 651 1966 713 A
1991 662 2351 734 competere
2382 655 2507 717 nisi
2550 655 2902 719 intellectui
2936 654 3346 738 perfectionis
3380 655 3498 717 im-

370 743 501 806 dita
559 754 712 809 sunt
762 748 1010 813 Christo
1069 750 1337 824 homini,
1393 751 1471 813 de
1518 751 1754 833 quibus
1815 752 1882 813 in

103 859 340 949 ζωηωιι.
365 840 604 905 Joanne
648 854 1036 927 protestatur
1071 868 1084 911 :
1125 847 1250 929 Ego
1293 849 1346 911 si
1391 850 1700 911 exaltatus
1748 849 1884 912 fue-

372 959 440 1003 ro
485 961 522 1004 a
571 951 762 1019 terra,
808 947 1023 1009 omnia
1072 948 1314 1009 traham
1365 949 1444 1010 ad
1489 968 1590 1010 me
1642 949 1878 1031 ipsum,

369 1039 667 1104 videlicet
714 1046 932 1107 omnia
976 1063 1212 1126 genera
1259 1047 1596 1109 hominum
1648 1048 1880 1111 electo-

365 1157 534 1219 rum,
567 1158 682 1202 seu
723 1144 1035 1223 quosdam
1077 1145 1154 1206 de
1184 1144 1361 1208 omni
1400 1164 1636 1226 genere
1676 1147 1882 1210 homi-

363 1255 542 1311 num,
575 1239 1046 1323 cujuscumque
1077 1243 1486 1320 conditioni8‚
1523 1252 1723 1307 status
1767 1263 1878 1307 seu

356 1336 592 1415 gradus
653 1338 1026 1403 consistant.
1080 1340 1188 1403 His
1249 1342 1464 1406 verbis
1524 1344 1876 1405 secundum

361 1434 638 1515 primam
678 1438 1144 1519 expositionem
1175 1440 1465 1503 Christus
1505 1441 1781 1504 ostendit
1811 1458 1878 1503 se

360 1531 524 1595 Patri
570 1536 886 1615 aequalem
928 1537 996 1600 in
1041 1546 1372 1620 potestate.

439 1631 756 1716 Deinceps
796 1634 1081 1698 insinuat
1127 1637 1440 1719 aequalem
1487 1655 1554 1699 se
1594 1637 1758 1700 Patri
1809 1638 1876 1699 in

363 1730 702 1812 sapientia.
755 1735 842 1795 Et
887 1754 1098 1806 nemo,
1151 1735 1273 1798 hoc
1321 1743 1420 1797 est
1467 1736 1707 1811 nullus,
1757 1738 1878 1798 scit

1993 769 2257 813 mensae.

2070 849 2355 933 Denique
2398 852 2701 933 probatur
2730 871 2807 915 ex
2849 853 3057 927 dictis,
3090 853 3262 934 quod
3305 870 3498 934 opera

1991 944 2189 1009 Patris
2219 956 2281 1009 et
2314 948 2451 1010 Filii
2486 952 2564 1011 ad
2595 958 2771 1011 extra
2802 958 2951 1013 sunt
2982 950 3258 1012 indivisa
3293 968 3305 1011 :
3341 968 3500 1031 quo-

1991 1045 2163 1107 niam
2208 1047 2397 1128 paulo
2436 1058 2581 1109 ante
2622 1048 2952 1130 perhibuit
2990 1048 3185 1109 Filius
3226 1047 3498 1110 revelari

1990 1144 2209 1205 divina
2255 1163 2294 1206 a
2331 1144 2547 1225 Patre3
2591 1154 2652 1207 et
2689 1166 2861 1209 nunc
2909 1146 3135 1208 asserit
3183 1164 3251 1208 se
3299 1144 3496 1207 Patris

1990 1242 2415 1322 cognitionem
2446 1244 2737 1307 conferre
2766 1244 3169 1320 hominibus3
3200 1243 3356 1305 alibi
3390 1245 3499 1305 de-

1988 1359 2167 1402 mum
2207 1340 2490 1404 affirmat
2538 1343 2967 1423 cognitionem
3018 1362 3197 1405 suam
3240 1362 3277 1403 a
3317 1341 3493 1404 Patre

1987 1438 2233 1502 homini
2296 1440 2451 1515 dari,
2504 1447 2575 1502 ut
2630 1460 2834 1522 quum
2892 1441 3180 1521 loquitur
3236 1440 3419 1504 Petro
3474 1458 3487 1503 :

1987 1534 2209 1598 Beatus
2260 1555 2349 1613 eS,
2393 1537 2610 1601 Simon
2663 1538 2778 1601 Bar
2820 1539 2998 1614 Jona,
3042 1538 3195 1621 quia
3243 1557 3391 1601 caro
3429 1546 3493 1601 et
3520 1558 3783 1607 mamm.

1986 1635 2243 1716 sanguis
2274 1654 2401 1699 non
2433 1636 2737 1701 revelavit
2767 1637 2907 1713 tibi,
2934 1638 3043 1699 sed
3073 1635 3251 1699 Pater
3282 1655 3484 1699 meus.
3522 1624 3588 1663 ¹⁷·

2066 1733 2195 1797 Hoc
2248 1733 2489 1797 interea
2545 1737 3026 1812 advertendum,
3077 1736 3252 1817 quod
3300 1735 3491 1797 etiam

362 1828 632 1891 scientia
681 1830 889 1912 plenae
935 1833 1554 1914 comprehensioniS,
1598 1838 1746 1915 quis
1791 1836 1879 1896 sit
1913 1835 1962 1897 B
1990 1848 2104 1913 per
2137 1833 2490 1895 naturalem
2529 1834 2839 1897 rationem
2878 1834 3076 1897 Deum
3108 1834 3175 1895 in
3215 1833 3334 1896 hac
3363 1833 3494 1897 vita

361 1929 608 2001 Filius,
649 1928 771 1992 hoc
808 1938 905 1993 est
941 1930 1158 2012 ipsum
1209 1931 1619 2012 Unigenitum
1660 1950 1882 1995 secun-

364 2025 518 2087 dum
577 2046 761 2089 suam
820 2028 1247 2104 divinitatem,
1299 2032 1437 2092 nisi
1483 2033 1708 2104 Pater,
1763 2030 1876 2112 qui

363 2122 642 2188 infinitae
689 2134 788 2188 est
826 2128 1332 2210 perspicacitatis
1381 2128 1450 2191 in
1495 2147 1877 2210 cognoscen-

363 2223 466 2297 do,
500 2224 674 2286 sicut
710 2233 774 2287 et
807 2224 1006 2288 Filius
1041 2246 1056 2290 :
1091 2226 1222 2290 imo
1256 2226 1324 2289 in
1368 2225 1546 2289 Patre
1585 2236 1651 2290 et
1689 2228 1872 2304 Filio,

362 2320 534 2383 haud
588 2322 864 2387 dubium
908 2324 1070 2406 quin
1117 2333 1180 2388 et
1224 2326 1290 2388 in
1331 2325 1574 2408 Spiritu
1623 2325 1872 2400 Sanct0,

361 2427 458 2482 est
509 2440 681 2483 unus
731 2430 794 2483 et
839 2422 1011 2485 idem
1066 2442 1334 2487 numero
1383 2424 1766 2499 intellectus,
1815 2431 1879 2486 et

362 2518 685 2600 quidquid
717 2521 796 2582 de
828 2539 955 2583 una
983 2521 1176 2584 trium
1207 2521 1877 2604 superbonorabilium

365 2616 786 2681 Personarum
837 2619 1130 2684 absolute
1180 2621 1436 2697 dicitur,
1480 2622 1557 2683 de
1607 2621 1877 2702 singulis

365 2714 772 2797 intelligitur.
829 2717 1004 2780 Unde
1065 2720 1356 2801 exceptio
1413 2721 1534 2784 hoc
1593 2720 1873 2794 nomine,

363 2812 586 2889 Nemo,
635 2816 982 2897 designata,
1035 2818 1271 2879 dicitur
1319 2818 1696 2893 essentialiS,
1749 2837 1876 2882 non

367 2914 748 2994 personaliS,
790 2914 946 2996 quia
992 2916 1312 2998 excipitur
1358 2918 1566 2980 omnis
1615 2916 1876 2979 alterius

1987 1930 2350 2011 aliqualiter
2394 1949 2773 2013 cognoscere
2820 1950 3185 2015 possumus,
3218 1931 3296 1993 Et
3342 1950 3495 2013 quo—

1987 2028 2159 2091 niam
2201 2030 2359 2094 ratio
2388 2031 2693 2093 naturalis
2723 2050 2759 2093 a
2790 2031 2916 2094 Deo
2945 2030 3171 2094 collata
3200 2038 3315 2104 est,
3351 2030 3493 2093 ideo

1986 2127 2096 2189 illa
2139 2128 2415 2210 cognitio
2463 2148 2607 2212 quae
2655 2131 2734 2191 de
2788 2130 2909 2193 Deo
2966 2148 3083 2212 per
3132 2129 3485 2192 naturalem

1986 2226 2296 2289 rationem
2337 2227 2627 2301 habetur,
2663 2228 2984 2290 interdum
3032 2227 3336 2291 revelatio
3381 2245 3494 2308 ap-

1987 2324 2283 2406 pellatur,
2319 2334 2390 2388 ut
2415 2345 2617 2406 quum
2646 2327 2725 2389 ad
2755 2325 3071 2389 Romanos
3100 2326 3189 2387 ait
3222 2326 3495 2408 Aposto-

1987 2422 2086 2483 lus
2121 2442 2134 2485 :
2168 2423 2521 2485 Invisibilia
2551 2424 2659 2485 Dei
2695 2442 2809 2506 per
2838 2442 2912 2485 ea
2940 2443 3085 2506 quae
3122 2423 3287 2485 facta
3317 2431 3487 2499 sunt,
3534 2445 3781 2496 nom.1,20‚

1986 2521 2492 2603 conspiciuntur,
2544 2522 2931 2604 sempiterna
2978 2540 3236 2604 quoque
3288 2522 3491 2584 virtus
3521 2508 3587 2549 ¹⁹·

1986 2618 2126 2699 ejus
2177 2627 2239 2681 et
2286 2619 2612 2694 divinitas,
2660 2620 2747 2683 ita
2796 2628 2867 2683 ut
2914 2620 3041 2682 sint
3092 2619 3494 2682 inexcusabi-

1987 2717 2078 2779 les
2109 2738 2122 2781 :
2160 2718 2313 2800 quia
2336 2720 2505 2800 quod
2538 2725 2760 2782 notum
2790 2726 2887 2781 est
2916 2718 3046 2793 Dei,
3080 2716 3489 2780 manifestum

1986 2823 2082 2877 est
2120 2816 2187 2878 in
2233 2817 2393 2895 illis;
2436 2816 2598 2878 Deus
2637 2816 2810 2878 enim
2850 2816 2977 2879 illis
3021 2816 3344 2880 revelavit.
3379 2816 3494 2878 Ve-

1989 2923 2366 2989 rumtamen,
2402 2933 2516 2996 per
2546 2915 2899 2977 naturalem
2937 2915 3245 2979 rationem
3275 2915 3491 2977 nullus

366 3012 684 3087 essentiae,
721 3031 848 3076 non
893 3014 1102 3077 omnis
1146 3014 1406 3077 alterius
1452 3034 1758 3097 personae.
1793 3018 1879 3077 Εε
1914 3020 1957 3084 C
1987 3013 2517 3096 philosophorum
2558 3014 2852 3094 cognovit
2890 3014 3171 3095 aliquam
3211 3014 3491 3075 divinam

367 3112 508 3190 quis
533 3113 624 3172 sic
655 3114 884 3182 Pater,
910 3112 1031 3176 hoc
1060 3120 1177 3188 est,
1212 3112 1455 3176 Patrem
1497 3115 1714 3176 nullus
1746 3114 1881 3196 ple-

371 3210 546 3271 narie
576 3210 1089 3291 comprehendit,
1122 3214 1258 3273 nisi
1286 3215 1505 3275 Filius
1527 3234 1550 3273 .·
1573 3214 1878 3294 quoniam

369 3307 533 3371 sicut
576 3308 760 3369 Pater
797 3317 891 3371 est
933 3309 1207 3373 infinita!
1251 3312 1632 3374 actualitatis
1677 3320 1739 3374 et
1783 3312 1880 3374 in-

371 3406 870 3487 telligibilitatiS,
917 3408 1010 3470 sic
1059 3408 1254 3471 Filius
1303 3411 1657 3472 secundum
1707 3412 1879 3492 quod

370 3503 556 3579 DeuS,
593 3512 692 3567 est
720 3503 994 3569 infinitae
1033 3507 1555 3570 intellectivitatis
1597 3526 1708 3570 seu
1742 3526 1882 3590 per-

372 3603 764 3685 spicacitatis
823 3612 888 3666 et
947 3604 1249 3667 claritatis
1311 3606 1378 3667 in
1443 3604 1876 3688 intelligendO.

372 3701 534 3765 Hinc
560 3702 836 3767 Joannes
871 3722 886 3767 :
919 3702 1118 3765 Deum
1152 3723 1339 3768 nemo
1369 3705 1532 3768 vidit
1562 3724 1877 3788 unquam3

375 3802 750 3882 unigenitus
797 3801 996 3863 Filius
1046 3803 1161 3884 qui
1211 3810 1305 3865 est
1363 3803 1430 3865 in
1479 3804 1624 3865 sinu
1682 3804 1880 3867 Patris

373 3900 512 3983 ipse
561 3900 907 3962 enarravit.
943 3904 1027 3963 Ec
1065 3905 1176 3963 cui
1215 3903 1492 3963 voluerit
1529 3905 1748 3963 Filius
1784 3924 1884 3963 re-

371 4003 611 4069 velare,
657 3998 768 4060 ille
817 3999 1142 4079 cognoscit
1186 3998 1453 4076 Patrem,
1499 4020 1625 4064 non
1667 4009 1878 4063 tamen

371 4097 563 4179 plena
602 4096 1198 4178 comprehensione,
1233 4104 1452 4160 ettam
1493 4098 1772 4180 perfecte
1812 4107 1882 4162 ut

1987 3111 2323 3175 Personam
2374 3112 2725 3174 secundum
2779 3112 3230 3193 proprietatem
3282 3130 3495 3194 perso-

1990 3210 2222 3285 nalem,
2264 3228 2382 3272 nec
2424 3209 3049 3292 superbeatissimam
3092 3210 3487 3273 Trinitatem.

1989 3309 2127 3371 Alia
2153 3317 2249 3371 est
2278 3309 2579 3372 revelatio
2608 3308 2815 3385 altior,
2850 3328 2977 3389 qua
3018 3309 3140 3373 Deo
3170 3310 3491 3373 revelante

1989 3408 2429 3488 cognoscimus
2468 3426 2615 3469 eum
2659 3426 2773 3489 per
2800 3406 3031 3488 fidem3
3064 3417 3127 3471 et
3154 3409 3279 3470 alia
3320 3428 3489 3491 quae-

1990 3507 2132 3569 dam
2180 3524 2193 3569 :
2238 3506 2302 3567 in
2354 3524 2481 3587 qua
2533 3506 2919 3568 revelatione
2967 3513 3117 3567 sunt
3155 3507 3313 3569 varii
3350 3526 3491 3588 gra-

1991 3606 2130 3680 duS,
2196 3605 2549 3667 secundum
2606 3605 2777 3685 quod
2838 3604 3027 3667 variae
3088 3605 3489 3685 assignantur

1990 3704 2235 3785 species
2277 3702 2851 3784 contemplationis.
2896 3702 3091 3779 Unde,
3136 3704 3486 3767 secundum

1991 3803 2163 3883 quod
2211 3803 2401 3865 homo
2453 3808 2729 3863 mentem
2780 3819 2960 3862 suam
3009 3802 3207 3883 magis
3266 3820 3489 3884 purga·

1991 3900 2176 3975 verit,
2224 3908 2286 3962 et
2330 3900 2395 3961 in
2447 3898 2661 3961 divina
2707 3899 3045 3961 dilectione
3096 3901 3293 3982 magis
3344 3920 3490 3984 pro—

1994 3998 2235 4072 fecerit,
2279 3998 2629 4059 secundum
2675 3996 2796 4060 hoc
2838 3997 3038 4078 magis
3088 3998 3487 4061 illuminatur

1990 4097 2320 4171 divinitus,
2374 4102 2436 4157 et
2483 4096 2715 4157 clarius
2774 4095 2896 4157 sibi
2947 4097 3262 4160 revelatur
3312 4097 3487 4159 Pater

369 4195 571 4257 Filius
607 4214 622 4259 :
659 4195 772 4258 sed
809 4194 969 4259 Filio
1008 4196 1349 4271 revelante,
1384 4196 1608 4260 fideles
1650 4199 1716 4261 in
1762 4201 1881 4264 hoc
1911 4206 1962 4269 D
1989 4204 2284 4269 aeternuS,
2318 4201 2575 4274 totaque
2605 4192 2877 4255 Trinitas
2918 4197 3482 4276 superessentialis,

307 4322 338 4357 ι,
370 4294 610 4357 saeculo
659 4301 1051 4375 cognoscunt
1095 4312 1208 4376 per
1246 4296 1580 4377 speculum
1625 4297 1688 4359 in
1729 4298 1884 4361 aeni-

367 4400 608 4474 gmate,
643 4410 758 4473 per
804 4390 1028 4467 fidem,
1073 4400 1134 4454 et
1183 4410 1298 4473 per
1344 4393 1583 4456 donum
1633 4396 1883 4477 sapien-

369 4492 498 4567 tiae,
531 4500 727 4573 atque
773 4508 887 4572 per
925 4489 1440 4554 informationem
1486 4510 1679 4556 sacrae
1716 4492 1885 4557 Scri-

370 4599 622 4673 pturae3
676 4589 744 4651 in
803 4589 1006 4671 patria
1062 4606 1213 4652 vero
1270 4599 1659 4671 cognoscunt
1714 4592 1882 4655 clare

369 4708 490 4772 per
527 4687 828 4771 speciem,
863 4706 974 4750 seu
1014 4687 1178 4750 facie
1207 4689 1284 4750 ad
1323 4687 1574 4763 faciem,
1612 4692 1780 4753 unde
1820 4698 1883 4753 et

368 4785 922 4869 comprehendere
979 4784 1178 4848 Deum
1235 4786 1538 4848 dicuntur
1595 4806 1884 4870 compre-

368 4886 687 4949 hensione
734 4892 993 4946 extense
1041 4893 1322 4967 accepta,
1365 4885 1518 4965 quia
1565 4888 1884 4969 conspici-

370 4992 492 5046 unt
540 4983 742 5045 Deum
792 4982 980 5045 sicuti
1028 4992 1125 5046 est
1175 4984 1240 5044 in
1291 5001 1359 5045 se
1410 4984 1569 5065 ipso.
1624 4983 1884 5067 Proprie

371 5090 590 5146 autem
637 5081 838 5143 Deum
888 5082 1428 5163 comprehendere
1469 5082 1725 5158 dicitur,
1770 5083 1884 5165 qui

374 5200 528 5245 eum
575 5180 902 5261 cognoscit
951 5187 1078 5242 tam
1127 5180 1408 5262 perfecte
1451 5180 1618 5243 sicut
1659 5200 1888 5262 cogno—

376 5277 627 5343 scibilis
678 5286 776 5341 est
823 5297 900 5342 ex
949 5298 1064 5342 sua
1111 5286 1336 5341 natura
1383 5298 1396 5341 :
1435 5281 1614 5372 ‘quod
1663 5281 1890 5363 nequit

1987 4295 2311 4357 Altissima
2352 4300 2563 4355 tamen
2604 4293 3156 4375 contemplationis
3198 4292 3307 4357 Dei
3350 4314 3489 4379 spe·

1990 4394 2118 4457 cies
2168 4393 2234 4454 in
2285 4393 2403 4454 hac
2458 4391 2607 4467 vita,
2662 4390 2895 4453 dicitur
2942 4392 3207 4475 mystica
3246 4394 3487 4459 theolo-

1987 4493 2110 4574 gia,
2149 4510 2294 4571 quae
2337 4497 2433 4551 est
2474 4490 2901 4552 secretissima
2942 4498 3005 4551 et
3043 4491 3486 4555 ardentissima

1989 4590 2222 4653 mentis
2264 4607 2409 4650 cum
2450 4588 2576 4651 Deo
2614 4588 2849 4651 locutio
2884 4606 2897 4651 :
2932 4588 2998 4650 in
3039 4607 3167 4669 qua
3204 4598 3486 4654 contem-

1991 4688 2290 4771 platione,
2324 4695 2564 4768 quanto
2607 4686 2751 4769 plus
2794 4705 2971 4748 mens
3019 4689 3293 4770 desuper
3340 4690 3484 4752 illu-

1989 4794 2247 4861 stratur,
2290 4793 2464 4849 tanto
2506 4785 2905 4866 splendidius
2953 4784 3238 4847 intuetur
3286 4786 3483 4850 Deum

1992 4904 2252 4969 prorsus
2296 4883 3009 4966 incomprehensibilem
3054 4902 3212 4959 esse,
3246 4893 3307 4947 et
3349 4894 3487 4948 tan-

1989 4987 2134 5047 dem
2197 4984 2416 5046 unitur
2464 4983 2543 5057 ei,
2591 4990 2895 5064 tanquam
2944 4983 3204 5047 omnino
3253 4985 3488 5067 imper-

1991 5081 2319 5147 scrutabili
2364 5089 2427 5143 et
2470 5081 2705 5161 ignote,
2751 5100 2864 5163 per
2905 5082 3193 5145 omnium
3242 5084 3485 5145 entium

1993 5181 2474 5262 abnegationem
2516 5180 2595 5241 de
2636 5196 2733 5254 eo,
2777 5197 2924 5241 eum
2974 5180 3299 5244 intuendo.
3342 5181 3485 5245 ldeo

1995 5280 2252 5345 divinus
2282 5286 2344 5341 et
2376 5296 2643 5359 magnus
2682 5277 3017 5361 Dionysius
3056 5277 3277 5341 scribit
3310 5298 3323 5341 ε
3358 5278 3485 5343 Hoc
