4300 6259
1182 498 1535 546 mumulo
1577 497 1641 545 m
1682 496 1819 545 GAP.
1866 496 1911 543 11
1952 492 2228 544 JoANms.
2273 514 2354 524 —
2394 493 2538 541 Am.
2583 494 2669 540 vn

3355 464 3471 539 321

64 689 272 733 unuh.
360 678 583 746 testeS,
622 671 968 734 dixerunt:
1003 669 1126 734 Nos
1172 669 1535 732 audivimus
1580 687 1727 731 eum
1778 667 1872 730 di-
1897 664 1950 727 A
1976 666 2292 729 turalibus
2336 666 2728 747 argumentis
2771 683 2884 728 seu
2927 664 3160 728 divinis
3206 664 3477 726 miracu-

2 767 129 800 ιιτμ
186 755 295 802 Βί;

4 817 185 857 ,nm-e.
220 828 325 864 xiv,

4 881 75 919 55.

104 971 197 1024 22

32 1673 167 1715 Lac.
190 1683 335 1720 xxiv,

69 5119 275 5162 lucan.
292 5127 361 5164 m·

36 5187 105 5228 2..

364 778 621 832 centem
657 789 671 832 :
704 769 968 832 Possum
1006 769 1335 832 destruere
1375 767 1689 850 templum
1735 765 1865 840 Dei,

363 877 430 929 et
474 868 541 930 in
586 868 791 929 tribus
834 866 1061 929 diebus
1106 867 1494 929 reaedificare
1538 864 1717 927 illud.

451 969 668 1034 Quum
706 985 853 1042 erqo
897 966 1348 1026 resurrexisset
1376 985 1417 1024 a
1450 965 1747 1032 mortuis,
1776 982 1873 1022 re-

362 1065 623 1124 cordati
660 1073 815 1125 sunt
852 1064 1167 1141 discipuli
1204 1064 1368 1140 ejus,
1410 1063 1568 1141 quia
1608 1063 1723 1121 hoc
1769 1061 1875 1120 di-

362 1163 545 1222 cebat
580 1159 760 1223 Jesus
809 1161 887 1223 de
936 1159 1153 1222 futura
1200 1159 1537 1232 solutione,
1579 1157 1871 1239 passione

364 1266 429 1321 et
482 1258 967 1322 resuscitatione
1022 1258 1308 1340 corporis
1368 1257 1490 1319 sui.
1543 1255 1869 1318 Recordati

362 1363 584 1418 autem
633 1365 787 1418 sunt
833 1356 1135 1438 discipuli
1185 1355 1528 1419 verborum
1579 1354 1867 1426 istorum,

368 1474 499 1518 non
540 1455 757 1518 statim
796 1462 941 1538 post
978 1455 1532 1526 resurrectionem,
1565 1453 1719 1533 quia
1755 1469 1873 1513 nec

368 1553 588 1615 statim
636 1553 981 1617 credebant
1028 1571 1177 1614 eum
1238 1551 1711 1630 resurrexisse:
1764 1549 1871 1610 sed

370 1659 716 1734 postquam
752 1651 1053 1733 apparuit
1080 1651 1196 1725 eiS,
1230 1659 1293 1712 et
1322 1649 1574 1732 aperuit
1602 1648 1695 1710 eis
1734 1664 1877 1708 sen-

368 1769 513 1812 sum
546 1757 615 1811 ut
645 1750 1071 1830 intelligerent
1098 1749 1467 1830 Scripturas.
1484 1747 1659 1808 Unde
1688 1745 1875 1808 etiam

371 1857 639 1924 constat,
682 1851 855 1931 quod
903 1847 1205 1930 discipuli
1255 1866 1382 1910 non
1428 1846 1877 1908 intellexerunt
1910 1846 1958 1911 B
1986 1847 2191 1908 stinus
2236 1863 2384 1926 ergo
2427 1853 2489 1907 et
2531 1846 2692 1909 Beda
2734 1853 3063 1928 exponunt
3108 1846 3228 1909 hoc
3273 1848 3480 1922 modo,

374 1947 571 2010 verba
629 1947 867 2011 Christi
916 1965 1060 2029 quae
1108 1946 1215 2021 ait,
1270 1944 1506 2009 Solvite
1566 1943 1875 2025 templum

369 2046 517 2120 hoc,
569 2053 718 2121 etc„
776 2053 932 2108 tunc
988 2045 1243 2126 quando
1298 2042 1566 2125 protulit
1620 2059 1713 2115 ea,
1766 2042 1878 2103 sed

372 2152 519 2227 post
578 2143 1132 2216 resurrectionem,
1197 2149 1265 2203 ut
1322 2141 1565 2203 dictum
1620 2148 1734 2201 est.
1790 2141 1877 2202 Εε

368 2244 795 2303 crediderunt
850 2244 1214 2319 Scripturoe
1274 2239 1728 2322 Prophetarum
1790 2239 1880 2300 lo—

370 2340 602 2422 quenti
650 2342 729 2403 de
777 2339 1011 2402 Christi
1061 2339 1355 2421 passione
1407 2347 1469 2400 et
1517 2337 1881 2401 resurrecti-

372 2456 523 2512 one,
556 2446 618 2498 et
644 2441 929 2498 sermoni
968 2444 1451 2519 praememorato
1488 2457 1676 2516 quem
1703 2437 1881 2496 dimit

369 2540 583 2605 Jesus,
646 2535 943 2599 videlicet
998 2553 1012 2596 ε
1070 2533 1307 2598 Solvite
1362 2534 1677 2616 templum
1736 2534 1875 2596 hoc.

372 2634 675 2707 Quamvis
702 2633 999 2715 discipuli
1029 2640 1175 2695 ante
1197 2632 1723 2694 resurrectionem
1756 2650 1879 2694 non

374 2733 833 2795 intellexerunt
864 2732 998 2794 haec
1028 2730 1245 2804 verba,
1280 2748 1396 2793 nec
1430 2730 1883 2811 Prophetarum

373 2831 656 2912 eloquia,
706 2837 921 2892 tamen
978 2827 1323 2892 credebant
1376 2845 1451 2890 ea
1499 2847 1647 2891 vera
1703 2845 1881 2909 esse3

376 2930 493 2991 sed
544 2935 685 3010 post
742 2927 1276 2993 resurrectionem
1327 2925 1493 2988 idem
1546 2926 1887 2988 credebant

1978 764 2055 826 lis
2104 765 2314 826 fuerat
2360 764 2850 847 comprobanda,
2895 771 2964 825 ut
3010 772 3138 824 tam
3183 771 3352 825 certa
3393 762 3475 825 sit

1978 863 2129 925 fidei
2175 864 2426 937 veritaS,
2463 883 2653 945 quam
2701 870 2944 924 certum
2984 871 3078 923 est
3121 861 3318 923 Deum
3363 859 3478 922 sal—

1979 961 2180 1023 sitatis
2234 980 2359 1023 non
2409 979 2546 1022 esse
2597 961 3130 1034 confirmatorem,
3180 977 3477 1041 coopera-

1979 1067 2201 1134 torem,
2253 1059 2352 1122 vel
2394 1067 2793 1121 assertorem.

2057 1161 2202 1234 Ipse
2234 1167 2450 1218 autem
2477 1161 2656 1218 Jesus
2693 1177 2824 1218 non
2853 1159 3142 1218 credebat
3179 1159 3474 1236 semetip-

1978 1277 2119 1317 sum
2169 1257 2280 1316 eis.
2333 1255 2461 1318 Hoc
2509 1256 2718 1336 quoad
2769 1253 3180 1336 superficiem
3228 1255 3474 1328 litterae,

1982 1362 2161 1417 sonat
2208 1374 2281 1417 ac
2329 1355 2382 1416 si
2429 1354 2608 1416 Jesus
2651 1354 2956 1418 Dominus
2997 1353 3328 1428 virtutum,
3373 1353 3768 1426 ouip,.121...10.

1982 1460 2356 1534 potestatem
2405 1453 2612 1516 omnis
2673 1453 2882 1515 carnis
2935 1453 3107 1515 dedit
3153 1452 3349 1528 Pater,
3402 1453 3479 1514 ti-
3506 1473 3773 1528 amr-mvn,

1984 1551 2250 1613 muisset
2295 1551 2538 1632 aliquid
2589 1551 2740 1613 mali
2801 1551 2924 1613 sibi
2976 1568 3161 1633 posse
3209 1551 3288 1613 ab
3339 1551 3477 1614 istis
3508 1538 3549 1580 ²·

1984 1648 2230 1710 inferri.
2273 1649 2394 1711 Sed
2443 1656 2686 1711 certum
2735 1656 2832 1712 est
2876 1650 3046 1730 quod
3098 1668 3222 1712 non
3268 1650 3483 1712 timuit

1984 1747 2125 1821 hoc,
2171 1765 2286 1810 nec
2330 1765 2436 1811 eos
2481 1748 2594 1828 qui
2639 1767 2870 1830 corpus
2915 1747 3233 1810 occidunt.
3269 1748 3476 1830 Augu·
3512 1752 3774 1857 zallam-x,

3611 1169 3683 1226 24

1985 1946 2156 2025 quod
2190 1945 2332 2008 ideo
2358 1944 2537 2006 Jesus
2569 1963 2694 2007 non
2729 1963 2796 2006 se
2826 1945 3094 2007 credidit
3126 1945 3238 2019 eis,
3267 1947 3487 2026 quoni-

1984 2062 2086 2104 am
2118 2045 2402 2105 nondum
2444 2042 2741 2124 baptizati
2773 2050 2835 2105 et
2865 2043 3054 2124 plena
3093 2043 3223 2106 fide
3255 2043 3488 2106 imbuti

1987 2141 2269 2214 fuerunt,
2330 2149 2621 2221 gerentes
2679 2140 2946 2204 formam
3009 2142 3491 2206 catechumeno-

1990 2259 2133 2302 rum
2186 2257 2200 2301 :
2253 2239 2492 2320 quibus
2544 2239 2828 2301 Christus
2879 2240 3112 2302 dicitur
3160 2259 3226 2302 se
3277 2241 3490 2322 ipsum

1990 2357 2115 2400 non
2175 2338 2455 2410 credere,
2509 2337 2663 2417 quia
2721 2356 2846 2399 non
2897 2337 3081 2399 datur
3129 2338 3220 2400 eis
3279 2337 3495 2400 Sacra-

1994 2444 2280 2498 mentum
2329 2435 2613 2517 corporis
2654 2435 2904 2499 Christi.
2938 2434 3080 2498 Haec
3123 2445 3333 2498 autem
3386 2455 3493 2499 ex-

1995 2534 2225 2616 positio
2257 2533 2508 2595 videtur
2538 2535 2796 2596 tendere
2823 2535 2900 2596 ad
2933 2534 3349 2598 moralitatem
3382 2555 3398 2616 ;
3430 2541 3493 2597 et

1995 2640 2208 2715 posset
2253 2632 2487 2712 aliquis
2536 2632 2593 2694 ei
2639 2632 2940 2713 objicere,
2989 2634 3160 2714 quod
3212 2634 3493 2716 discipu-

1994 2732 2037 2794 li
2067 2732 2213 2793 Jesu
2257 2731 2528 2793 necdum
2570 2730 2821 2793 fuerant
2859 2732 3179 2814 baptizati,
3216 2739 3286 2793 ut
3323 2739 3494 2814 patet

1994 2831 2059 2892 in
2110 2829 2405 2912 sequenti
2459 2829 2760 2912 capitulo,
2815 2849 2930 2892 nec
2987 2832 3176 2912 plene
3233 2831 3493 2892 creden·
3522 2854 3785 2905 Joannma.

1994 2937 2110 3004 teS,
2157 2928 2382 2991 saltem
2431 2929 2752 3010 explicite.
2783 2929 3050 3011 —Lyra
3100 2947 3250 2993 vero
3300 2947 3493 3011 expo-

378 3027 585 3108 magis
627 3025 930 3108 perfecte,
972 3032 1277 3107 tanquam
1330 3024 1621 3087 notitiam
1664 3025 1889 3088 verbo-
1922 3027 1967 3094 C
1994 3027 2111 3100 nit,
2144 3026 2479 3089 affirmans
2517 3027 2688 3108 quod
2716 3026 2894 3089 Jesus
2935 3046 3059 3090 non
3100 3045 3168 3090 se
3199 3028 3493 3090 credebat

380 3143 529 3186 rum
574 3123 801 3188 sortiti.

465 3227 685 3292 Quum
732 3232 945 3284 autem
998 3232 1153 3283 esset
1186 3223 1603 3301 Jerosolymis
1651 3222 1723 3280 in
1762 3223 1890 3282 Pa-

374 3326 562 3393 scha,
602 3321 901 3385 videlicet
938 3323 1014 3382 in
1051 3323 1159 3382 die
1194 3322 1355 3398 festo
1405 3319 1709 3402 paschali.
1752 3317 1886 3383 Non

376 3422 593 3485 solum
635 3421 738 3483 die
781 3438 910 3483 uno
946 3437 1063 3482 seu
1110 3419 1335 3483 ultimo
1371 3418 1733 3481 festivitatis
1780 3436 1889 3499 pa-

376 3520 641 3594 schalis,
682 3537 828 3601 quae
876 3525 1122 3600 septem
1174 3518 1425 3580 duravit
1468 3517 1693 3580 diebus
1718 3537 1734 3598 ;
1778 3517 1885 3578 sed

376 3618 547 3680 forte
590 3625 721 3682 toto
765 3624 1054 3699 tempore
1097 3617 1230 3692 illo,
1274 3617 1375 3681 vel
1420 3617 1715 3698 pluribus
1759 3617 1890 3678 die—

377 3716 529 3790 11113,
564 3715 656 3776 ibi
695 3713 841 3776 fuit.
877 3715 1079 3777 Multi
1118 3716 1535 3775 crediderunt
1574 3715 1649 3774 in
1688 3714 1891 3774 nomi-

374 3833 461 3876 ne
508 3815 677 3891 ejus,
726 3813 793 3875 id
850 3819 945 3874 est
1002 3811 1070 3874 in
1129 3812 1271 3894 ipso
1320 3830 1433 3893 per
1490 3829 1726 3876 nomen
1776 3829 1891 3874 no-

380 3911 641 3974 minans
700 3909 1049 3991 designato,
1112 3911 1439 3972 credentes
1495 3911 1667 3992 quod
1726 3916 1893 3972 esset

377 4010 696 4083 ChristuS‚
734 4009 833 4072 vel
864 4008 1086 4070 saltem
1119 4007 1217 4070 vir
1246 4017 1501 4070 sanctus
1530 4018 1720 4090 atque
1751 4007 1893 4072 Pro-

386 4109 603 4190 pheta.
638 4107 773 4170 Non
815 4115 1027 4169 tamen
1072 4105 1481 4169 crediderunt
1528 4125 1643 4171 nec
1687 4107 1894 4188 suspi-

1996 3127 2109 3198 eiS,
2144 3126 2298 3206 quia
2341 3144 2466 3188 non
2515 3125 2820 3187 revelavit
2863 3126 2954 3187 eis
2997 3126 3218 3189 altiora
3263 3135 3494 3209 myste-

1997 3225 2089 3285 ria
2118 3223 2294 3298 fidei,
2331 3241 2405 3286 eo
2436 3224 2606 3305 quod
2638 3231 2849 3285 essent
2881 3225 3233 3306 incapaces.
3259 3224 3493 3286 Verum

1998 3339 2113 3383 nec
2153 3321 2452 3402 discipuli
2495 3339 2756 3402 capaces
2798 3321 2930 3402 jam
2971 3321 3221 3385 fuerant
3264 3331 3494 3408 myste-

2001 3420 2240 3482 riorum
2287 3418 2660 3480 sublimium
2698 3437 2711 3482 :
2745 3420 2984 3500 quibus
3024 3420 3190 3482 infra
3231 3422 3318 3483 ait
3357 3421 3490 3483 Sal-

2000 3525 2196 3593 vator,
2229 3516 2419 3579 Multa
2461 3516 2663 3580 habeo
2710 3518 2889 3581 vobis
2933 3518 3165 3593 dicere,
3209 3520 3317 3583 sed
3365 3539 3488 3582 non
3558 3547 3677 3592 155³,
3700 3561 3786 3600 m,

1999 3617 2261 3700 potestis
2292 3624 2540 3698 portare
2571 3617 2778 3680 modo.
2814 3616 2890 3679 Et
2918 3625 3129 3680 tamen
3158 3616 3334 3680 Jesus
3367 3637 3494 3681 cre-
3529 3613 3592 3654 ¹2·

1998 3715 2187 3778 debat
2228 3733 2294 3776 se
2337 3713 2451 3775 eiS.

2076 3813 2356 3894 Apparet
2412 3811 2608 3892 igitur
2657 3814 2828 3893 quod
2889 3813 3091 3895 possit
3135 3814 3492 3877 litteraliter

1999 3912 2090 3974 sic
2120 3910 2352 3992 exponi
2378 3929 2392 3972 τ
2414 3913 2595 3971 Jesus
2623 3930 2754 3971 non
2783 3914 3089 3984 credebat,
3127 3912 3190 3974 id
3221 3920 3336 3988 est,
3365 3933 3490 3976 non

2000 4008 2453 4083 committebat,
2485 4011 2889 4086 semetipsum
2930 4012 3044 4079 eis,
3077 4019 3378 4092 tanquam
3416 4011 3494 4074 ri·-

1999 4108 2250 4170 delibus
2299 4105 2866 4188 constantibusque
2923 4109 3166 4184 amiciS,
3221 4128 3338 4172 nec
3389 4129 3496 4173 vo—

382 4205 699 4268 cabantur
745 4206 919 4286 quod
958 4213 1121 4268 esset
1162 4204 1361 4267 Filius
1405 4205 1513 4267 Dei
1562 4205 1886 4281 naturaliS‚
1924 4217 1971 4281 1)
2001 4207 2121 4268 luit
2159 4205 2520 4269 conversari
2560 4205 2726 4267 inter
2755 4223 2860 4269 eos
2895 4208 3077 4288 quasi
3119 4208 3283 4270 inter
3314 4227 3495 4271 veros

386 4321 713 4384 verusque
774 4303 960 4377 Deus,
1010 4305 1133 4366 nisi
1189 4304 1357 4368 forte
1412 4311 1558 4366 ante
1603 4304 1893 4384 agnovis-

382 4409 536 4466 sent
573 4420 691 4484 per
721 4399 1079 4482 Scripturas
1109 4405 1281 4482 quod
1318 4402 1605 4467 Christus
1647 4402 1712 4463 in
1755 4402 1892 4482 lege

386 4499 749 4584 promissus
800 4506 969 4560 esset
1024 4498 1207 4560 Deus.
1259 4501 1457 4564 Causa
1502 4500 1893 4564 credulitatis

386 4599 811 4679 subjungitur
844 4615 860 4660 ι
896 4599 1181 4658 videntes
1212 4600 1404 4676 siqua
1440 4602 1582 4678 ejus
1620 4619 1763 4680 quoe
1799 4600 1896 4678 fa-

386 4701 597 4760 ciebat
644 4705 935 4778 tempore
994 4695 1115 4758 isto
1164 4715 1178 4760 :
1231 4715 1377 4778 quae
1433 4713 1561 4762 non
1618 4705 1769 4761 sunt
1828 4697 1893 4759 in

388 4796 657 4881 speciali
716 4795 1058 4877 descripta,
1110 4795 1231 4857 nisi
1280 4798 1451 4877 quod
1510 4797 1699 4878 ejecit
1747 4816 1898 4862 ven-

392 4897 619 4958 dentes
652 4895 717 4957 in
756 4892 1021 4975 templo,
1056 4899 1179 4954 etc.
1212 4893 1381 4956 Fecit
1419 4901 1629 4956 tamen
1670 4913 1897 4976 magna

394 4992 728 5054 miracula.
780 4990 1041 5074 Propter
1088 4992 1261 5073 quod
1314 4993 1692 5058 Nicodemus
1740 4993 1899 5056 dixit

392 5093 477 5154 ad
526 5108 675 5153 eum
724 5108 739 5152 ι
784 5089 981 5152 Nemo
1029 5097 1239 5170 potest
1286 5090 1417 5153 haec
1464 5092 1644 5173 signa
1690 5091 1899 5156 facere

396 5207 547 5272 quae
593 5197 667 5250 tu
724 5187 906 5262 faciS,
959 5186 1083 5248 uisi
1141 5187 1306 5249 Deus
1354 5186 1549 5250 fuerit
1604 5208 1753 5251 cum
1801 5209 1895 5253 eo.

396 5285 918 5370 Supernaturalis
957 5285 1202 5368 quippe
1248 5285 1555 5361 doctrina,
1598 5304 1904 5368 superna-

653 5420 722 5473 Τ.
752 5421 834 5476 12.

2001 4304 2372 4387 discipuIOS,
2423 4304 2576 4385 quia
2624 4323 2750 4368 non
2799 4304 2961 4367 bene
3008 4306 3207 4368 sensit
3254 4307 3330 4368 de
3379 4308 3493 4382 eiS‚

2004 4422 2119 4465 nec
2168 4403 2292 4484 ipsi
2342 4403 2704 4466 habuerunt
2749 4403 2943 4466 fidem
2989 4403 3346 4480 formatam,
3391 4415 3500 4468 aut

2002 4501 2318 4564 stabilem.
2370 4500 2514 4564 Ideo
2570 4520 2695 4564 non
2745 4502 3039 4564 credebat
3089 4520 3156 4565 se
3203 4504 3318 4578 eis,
3373 4524 3495 4568 non

2003 4601 2156 4681 quia
2201 4598 2537 4661 verebatur
2582 4600 3035 4664 circumveniri
3088 4602 3186 4666 vel
3239 4603 3367 4686 pati
3418 4603 3498 4664 ab

2004 4699 2120 4773 eiS,
2165 4699 2274 4760 sed
2315 4697 2618 4779 quoniam
2667 4699 2854 4761 scivit
2900 4702 3071 4782 quod
3115 4720 3242 4765 non
3292 4703 3502 4765 adhae-

2006 4804 2219 4860 rerent
2261 4796 2384 4858 sibi
2435 4805 2814 4872 constanter,
2857 4807 2921 4860 et
2963 4817 3079 4862 nec
3126 4820 3235 4865 cor
3277 4819 3500 4863 eorum
3551 4825 3787 4875 pamm,

2007 4903 2250 4958 rectum
2291 4893 2494 4956 fuerat
2525 4912 2671 4956 cum
2704 4895 2864 4977 ipso.
2897 4896 3002 4958 Isti
3035 4898 3207 4961 enim
3247 4899 3340 4961 sic
3370 4917 3505 4961 cre-
3534 4889 3601 4931 ⁸⁷·

2007 4995 2240 5059 debant
2286 4993 2350 5054 in
2399 4992 2634 5067 lesum,
2686 4996 3222 5074 quemadmodum
3275 4997 3372 5060 illi
3425 4999 3503 5061 de

2007 5094 2244 5175 quibus
2307 5089 2475 5153 infra
2535 5089 2804 5152 habetur
2865 5110 2878 5153 ε
2940 5091 3029 5154 Ex
3091 5095 3497 5179 principibus
3548 5119 3798 5184 Joqnnau.

2008 5191 2193 5253 multi
2253 5189 2658 5252 crediderunt
2716 5191 2781 5251 in
2839 5207 3008 5267 eum,
3071 5195 3181 5256 sed
3241 5205 3504 5279 propter
3535 5184 3692 5234 ⁴²⁵⁴&

2009 5287 2350 5351 Pharisaeos
2406 5305 2535 5350 non
2592 5287 3084 5352 confitebantur.
3139 5292 3509 5358 Dilexerunt

3195 5427 3256 5481 21
