4300 6259
856 460 977 526 234
1630 477 1979 525 mannum
2022 476 2087 522 m
2128 477 2267 523 cn.
2313 476 2470 523 xxm
2509 476 2702 523 Luca.
2745 496 2826 507 —
2864 478 3008 525 aar.
3054 478 3198 524 xux

859 651 963 713 die
1013 651 1283 714 naturali
1322 651 1652 733 (videlicet
1699 650 1766 712 in
1815 668 2061 723 aurora,
2106 656 2178 710 ut
2223 666 2358 710 cre-
2385 644 2439 707 A
2469 654 2626 721 tum,
2662 654 2724 710 et
2781 666 3036 710 causam
3097 648 3318 711 mortis
3375 648 3515 730 ejus
3561 647 3809 711 facietis
3857 667 3962 711 ve—

858 750 1052 825 ditur,
1087 770 1287 831 quum
1326 749 1559 811 Pilatus
1600 748 1979 811 surrexisset
2018 748 2095 809 de
2138 747 2302 809 lecto
2337 764 2350 808 :

854 850 1007 930 quia
1045 849 1337 923 dominae,
1372 849 1805 929 conjugesque
1853 854 2218 927 magnatum
2258 864 2357 908 so-

854 948 987 1011 lent
1014 950 1093 1010 ad
1121 955 1365 1031 tempus
1394 965 1650 1010 manere
1680 947 1746 1008 in
1778 947 1938 1009 lecto
1970 951 2109 1027 post
2138 944 2350 1024 viros),

856 1047 1020 1118 visu,
1057 1048 1118 1110 id
1166 1056 1263 1110 est
1310 1049 1375 1110 in
1416 1047 1661 1110 visione
1710 1052 1769 1107 et
1815 1064 2059 1125 somno,
2094 1051 2355 1125 propter

854 1163 1025 1220 eum,
1070 1146 1133 1209 id
1174 1154 1269 1209 est
1315 1148 1393 1209 ad
1438 1146 1557 1209 hoc
1607 1153 1676 1206 ut
1722 1144 1861 1225 ejus
1910 1142 2350 1205 liberationem

856 1263 1191 1326 procurem
1232 1265 1269 1307 a
1306 1254 1388 1307 te.
1423 1244 1515 1307 Ad
1550 1245 1744 1325 quod,
1782 1250 1851 1305 ut
1889 1243 2192 1315 creditur,
2226 1241 2355 1303 dia-

830 1343 1041 1406 bolus
1082 1344 1255 1405 illam
1295 1343 1601 1405 feminam
1643 1342 1987 1422 instigavit,
2019 1341 2152 1422 jam
2202 1359 2356 1421 qua-

621 2441 791 2484 Mami.

570 2506 830 2555 uvido-23.

658 3304 729 3358 22

857 1442 907 1503 si
963 1461 1077 1524 pro
1125 1450 1297 1505 certo
1346 1441 1695 1521 conjiciens
1743 1439 1914 1521 quod
1959 1439 2141 1502 Jesus
2191 1447 2356 1501 esset

854 1539 1130 1615 MessiaS‚
1166 1541 1317 1622 quia
1352 1540 1606 1603 videbat
1654 1537 2049 1600 ineffabilem
2100 1556 2356 1599 mansu-

2469 749 2718 807 stram?
2768 745 3002 808 Deinde
3057 746 3120 808 S.
3176 746 3436 828 Brigitta
3491 747 3734 822 scribit,
3790 749 3960 829 quod

2468 865 2614 909 caro
2661 853 2726 907 et
2773 846 2959 926 pellis
3003 846 3230 909 Christi
3281 854 3470 909 tantae
3516 846 3961 909 teneritudinis

2468 943 2612 1019 fuit,
2669 946 2840 1026 quod
2901 946 3156 1026 sanguis
3209 946 3544 1009 videbatur
3598 962 3713 1028 per
3767 964 3959 1023 eam3

2469 1043 2643 1115 item,
2698 1046 2869 1125 quod
2931 1044 2994 1105 in
3055 1045 3263 1125 primo
3320 1044 3452 1107 ictu
3504 1043 3764 1125 flagelli,
3820 1063 3963 1109 caro

2467 1142 2608 1220 ejus
2659 1141 3119 1223 perferebatur,
3173 1151 3238 1205 et
3285 1142 3540 1223 sanguis
3593 1142 3853 1216 exsiliit,
3903 1150 3966 1205 et

2467 1242 2640 1321 quod
2671 1240 2850 1320 virgo
2878 1240 3068 1302 Maria
3095 1240 3400 1314 adstabat,
3437 1241 3850 1322 primumque
3879 1241 3967 1303 ie-

2466 1346 2603 1400 tum
2645 1338 2828 1401 illum
2865 1346 2928 1400 et
2957 1338 3098 1401 Filii
3141 1339 3238 1401 sui
3273 1339 3776 1402 vulnerationem
3818 1340 3965 1401 inde

2466 1444 2840 1517 sequentem
2886 1436 3309 1519 conspicienS‚
3349 1438 3578 1500 cecidit
3619 1438 3684 1500 in
3731 1446 3964 1500 terram

2468 1542 2535 1596 ut
2589 1542 2858 1609 mortua,
2907 1554 3026 1598 nec
3075 1536 3262 1599 rediit
3309 1537 3388 1599 ad
3443 1555 3510 1598 se
3561 1536 3790 1618 ipsam,
3841 1537 3964 1599 nisi

856 1639 1206 1712 etudinem,
1260 1638 1627 1720 patientiam
1685 1645 1878 1718 atque
1934 1636 2353 1699 constantiam
2462 1630 2891 1713 flagellatione
2949 1635 3284 1716 completa.
3338 1641 3618 1716 tuncque
3675 1635 3967 1716 adspexit

856 1736 1087 1801 Christi
1138 1738 1203 1799 in
1254 1737 1427 1801 omni
1479 1756 1592 1799 sua
1635 1736 2045 1817 injuriatione
2089 1753 2164 1796 ac
2212 1755 2356 1818 pas-

2465 1750 2696 1813 corpus
2749 1731 2888 1793 Filii
2939 1732 3037 1793 sui
3083 1732 3518 1807 dilaceratum,
3565 1740 3631 1795 et
3681 1734 3966 1815 undique

856 1836 1055 1909 sione,
1090 1844 1153 1897 et
1193 1836 1345 1917 quia
1384 1836 1851 1898 damnationem
1890 1834 2064 1896 Judae
2098 1833 2231 1913 jam
2263 1834 2356 1896 vi-
2389 1827 2437 1891 B
2466 1838 2890 1894 cruentatum.

854 1934 969 2007 dit,
1003 1934 1286 2015 itemque
1318 1934 1637 1997 insolitam
1677 1933 2172 1997 consolationem
2213 1951 2354 1993 san-

856 2040 1100 2096 ctorum
1154 2033 1219 2094 in
1270 2031 1490 2105 limbo,
1544 2040 1613 2094 ut
1661 2030 1910 2093 fertur:
1948 2032 2089 2093 ideo
2137 2030 2353 2093 timuit

856 2132 1197 2213 exspoliari
1257 2138 1319 2192 et
1368 2130 1625 2193 vincia
1670 2129 1837 2203 Jesu,
1888 2148 2091 2210 quum
2138 2135 2352 2192 tamen

860 2230 1049 2311 paulo
1086 2237 1232 2291 ante
1260 2228 1481 2290 Judam
1513 2228 1589 2290 ad
1631 2228 1771 2309 ejus
1812 2226 2237 2301 traditionem,
2270 2236 2354 2290 at-

860 2344 987 2406 que
1016 2324 1260 2388 Judaeos
1298 2326 1376 2387 ad
1406 2324 1545 2404 ejus
1582 2324 1965 2387 occisionem
2004 2324 2350 2386 incitasset.

862 2423 1165 2485 Praeterea
1212 2425 1301 2486 ait
1344 2422 1667 2485 Matthaeus
1712 2441 1726 2485 :
1770 2421 2093 2503 Principes
2140 2429 2354 2483 autem

862 2523 1257 2585 sacerdotum
1307 2530 1369 2583 et
1417 2521 1695 2583 seniores
1747 2527 2199 2602 persuaserunt
2248 2538 2358 2601 po-

862 2619 1055 2702 puliS,
1100 2628 1168 2682 ut
1208 2628 1497 2702 peterent
1540 2618 1909 2692 Barabbam,
1947 2619 2163 2681 lesum
2207 2636 2356 2683 vero

860 2720 1217 2801 perderent,
1253 2720 1375 2783 hoc
1403 2726 1519 2791 est,
1552 2718 1754 2782 occidi
1786 2718 2223 2798 deposcerent.
2249 2716 2358 2779 Re-

859 2818 1181 2899 spondens
1211 2824 1423 2879 autem
1468 2835 1719 2899 praeses,
1755 2817 1915 2878 dixit
1944 2816 2075 2878 illis
2110 2835 2123 2879 ε
2158 2815 2354 2889 Quem

860 2915 1053 2978 vultis
1086 2915 1266 2979 vobis
1305 2917 1383 2978 de
1422 2915 1669 2978 duobus
1710 2914 1985 2976 dimitti?
2017 2914 2097 2977 At
2135 2914 2228 2975 illi
2264 2914 2359 2976 di-

2546 1928 2783 1991 Deinde
2817 1930 3085 1991 Joannes
3126 1936 3188 1991 et
3221 1929 3543 1993 Matthaeus
3584 1931 3808 1993 dicunt
3843 1950 3860 1995 ε
3893 1931 3970 1993 Et
4043 1950 4182 1993 uani.

2465 2026 2700 2089 milites
2741 2028 3028 2110 praesidis
3057 2029 3386 2109 (videlicet
3424 2030 3752 2110 garciones
3787 2049 3804 2093 ε
3839 2050 3966 2093 non
3993 2014 4239 2119 ῗζζξέ

2467 2125 2640 2187 enim
2679 2136 2858 2189 erant
2897 2126 3143 2189 nobiles
3175 2127 3318 2202 viri,
3355 2128 3519 2190 sicut
3555 2128 3688 2209 jam
3729 2129 3968 2193 milites
3997 2140 4090 2185 ΞΑ-
4238 2130 4239 2137 ’

2469 2231 2617 2285 sunt
2661 2225 2914 2305 aurati),
2959 2226 3380 2307 suscipientes
3424 2226 3638 2289 Jesum
3689 2228 3756 2290 in
3808 2248 3970 2310 prae—

2466 2322 2649 2395 torio,
2685 2331 3227 2404 congregaverunt
3269 2325 3345 2386 ad
3399 2342 3546 2386 eum
3599 2326 3966 2389 universam

2468 2420 2828 2497 cohortem3
2869 2429 2933 2483 et
2979 2430 3284 2484 exuentes
3324 2422 3538 2485 Jesum
3587 2424 3970 2489 vestimenta

2469 2538 2602 2591 sua,
2658 2520 3054 2602 chlamydem
3113 2520 3471 2583 coccineam
3533 2522 3972 2585 circumdede-

2469 2624 2620 2679 runt
2667 2617 2748 2691 ei,
2784 2617 2906 2680 hoc
2949 2626 3065 2693 est,
3101 2626 3274 2681 veste
3318 2619 3515 2681 rubea
3550 2621 3629 2681 ad
3669 2620 3972 2684 similitu-

2468 2716 2684 2777 dinem
2727 2735 3026 2798 purpurae
3066 2717 3415 2779 induerunt
3450 2735 3622 2780 eum.
3657 2718 3834 2781 Unde
3871 2720 3972 2784 Jo-

2467 2832 2664 2876 annes
2695 2815 2820 2877 ait:
2846 2815 3028 2877 Veste
3060 2834 3383 2897 purpurea
3412 2815 3972 2881 circumdederunt

2468 2931 2641 2974 eum.
2684 2912 2758 2975 Et
2803 2913 3002 2994 aliqui
3054 2914 3296 2989 dicunt,
3330 2915 3505 2996 quod
3550 2914 3673 2977 fuit
3720 2916 3969 2997 aliquid

860 3021 1090 3076 xerunt
1146 3032 1159 3077 ε
1212 3013 1580 3076 Barabbam.
1644 3013 1805 3075 Dicit
1861 3013 1991 3075 illis
2049 3012 2284 3075 Pilatus
2339 3031 2352 3075 ε
2396 3008 2438 3073 C
2470 3010 2737 3072 rubeum
2780 3011 2907 3073 vile
2946 3011 3155 3073 simile
3204 3030 3528 3093 purpurae.
3561 3010 3637 3075 Et
3685 3013 3972 3095 plecten-

857 3112 1018 3186 Quid
1047 3130 1197 3192 ergo
1226 3111 1453 3174 faciam
1486 3113 1562 3174 de
1588 3112 1747 3179 Jesu,
1778 3112 1889 3192 qui
1921 3111 2156 3173 dicitur
2188 3111 2359 3174 Chri-

862 3214 1039 3273 stus?
1090 3210 1319 3273 Dicunt
1365 3228 1585 3273 omnes
1638 3228 1651 3272 ε
1706 3208 2149 3290 crucifigatur.
2203 3209 2362 3271 Pila-

861 3316 963 3370 tus
992 3316 1203 3370 autcm
1237 3309 1422 3369 tertio
1450 3309 1629 3368 dixit
1657 3310 1745 3368 ad
1775 3309 1961 3369 illos:
1984 3310 2158 3377 Quid
2183 3311 2358 3369 enim

865 3408 1029 3467 mali
1057 3408 1263 3483 fecit?
1302 3408 1571 3468 Nullam
1610 3427 1873 3467 eausam
1914 3408 2139 3467 mortis
2189 3409 2361 3467 inve-

862 3506 975 3565 nio
1024 3506 1093 3564 in
1145 3524 1213 3564 eo
1244 3525 1268 3564 .·
1298 3505 1654 3579 corripiam
1700 3524 1849 3580 erqo
1898 3506 2118 3573 illum,
2150 3514 2214 3564 et
2258 3508 2361 3563 di-

864 3607 1141 3663 mittam.
1188 3602 1316 3665 Hoc
1359 3601 1627 3665 verbum
1668 3602 1895 3665 asserit
1933 3602 2155 3665 Lucas.

962 3700 1152 3764 Porro
1198 3702 1370 3783 quod
1418 3702 1709 3782 sequitur
1756 3701 1980 3763 scribit
2022 3702 2292 3765 Joannes
2341 3720 2355 3765 :

866 3798 1040 3862 Tunc
1090 3818 1238 3880 ergo
1286 3799 1707 3881 apprehendit
1754 3798 1987 3861 Pilatus
2027 3799 2265 3874 Jesum,
2299 3808 2361 3861 et

864 3897 1232 3978 flagellavit,
1286 3898 1405 3960 hoc
1452 3905 1566 3967 est,
1619 3898 1819 3960 servis
1872 3898 2005 3959 suis
2057 3898 2361 3979 praecepit

862 3996 1076 4059 Jesum
1110 3996 1369 4069 nudare,
1399 3996 1713 4059 columnae
1750 3996 2030 4076 alligare,
2054 4003 2117 4058 et
2144 3995 2363 4076 flagel-

866 4095 945 4157 lis
1002 4102 1353 4176 percutere.
1406 4094 1452 4156 Ο
1499 4113 1693 4175 quam
1744 4093 2168 4157 erubescibile
2215 4093 2358 4169 fuit,

2467 3116 2562 3170 tes
2616 3127 2911 3171 coronam
2971 3110 3049 3172 de
3103 3110 3308 3191 spinis
3367 3119 3718 3191 posuerunt
3775 3131 3972 3194 super

2469 3214 2661 3287 caput
2717 3206 2878 3287 ejus,
2940 3215 3005 3269 et
3061 3208 3463 3281 arundinem,
3525 3209 3588 3271 id
3648 3216 3744 3272 est
3801 3211 3970 3273 cala-

2471 3324 2671 3379 mum,
2708 3305 2771 3367 in
2806 3307 3125 3369 dexteram
3169 3306 3328 3388 ejus,
3359 3307 3656 3370 videlicet
3695 3326 3813 3390 pro
3844 3328 3972 3371 sce-

2471 3412 2613 3486 ptro
2653 3404 2869 3485 regali.
2905 3403 2980 3466 Et
3016 3422 3185 3486 genu
3225 3404 3396 3468 flexo
3433 3414 3578 3469 ante
3617 3424 3791 3481 eum,
3827 3408 3974 3469 illu-

2471 3501 2705 3564 debant
2735 3520 2905 3575 eum,
2930 3502 3211 3565 dicentes
3237 3522 3250 3565 :
3277 3503 3420 3577 Ave,
3447 3520 3556 3565 rex
3583 3502 3969 3569 Judaeorum.

2473 3598 2548 3662 Et
2575 3600 2808 3663 dabant
2837 3601 2893 3662 ei
2924 3600 3160 3682 alapas.
3185 3600 3261 3663 Et
3289 3609 3668 3683 exspuentes
3699 3602 3767 3666 in
3799 3621 3968 3675 eum,

2471 3705 2852 3780 acceperunt
2917 3699 3320 3773 arundinem,
3387 3707 3451 3761 et
3515 3710 3972 3783 percusserunt

2472 3804 2664 3879 caput
2705 3797 2866 3878 ejus.

2566 3894 2776 3959 Exivit
2832 3895 3047 3977 itaque
3104 3897 3338 3959 iterum
3395 3896 3654 3973 Pilatus,
3705 3906 3770 3960 et
3818 3900 3972 3963 dicit
3997 3921 4214 3964 :mm

2469 3994 2699 4057 Judaeis
2735 4012 2748 4056 :
2783 3993 2943 4057 Ecce
2990 3995 3234 4058 adduco
3273 4013 3422 4057 eum
3457 3995 3637 4060 vobis
3677 3996 3869 4073 foras,
3903 4007 3973 4061 ut
3997 3986 4076 4027 ⁴⁴·

2473 4092 2863 4172 cognoscatis
2922 4092 3074 4173 quia
3131 4093 3369 4156 nullam
3433 4113 3684 4157 causam
3749 4098 3972 4161 mortis

868 4193 931 4255 in
973 4199 1065 4257 tot
1102 4192 1379 4255 millium
1416 4193 1721 4273 adspectu
1763 4192 2029 4253 nudari!
2068 4200 2131 4254 et
2168 4212 2360 4274 quam
2393 4192 2442 4254 D
2474 4190 2538 4252 in
2590 4208 2664 4253 eo
2721 4190 3000 4254 invenio.
3054 4190 3222 4253 Exiit
3279 4210 3428 4273 ergo
3473 4192 3652 4256 Jesus
3715 4204 3970 4277 portans

870 4292 1373 4374 poenalissimum
1406 4288 1528 4352 fuit
1556 4290 1903 4353 tenerrimo
1943 4310 2016 4354 ae
2050 4292 2364 4356 nobilissi-

867 4410 974 4453 mo
1010 4389 1258 4471 corpori
1298 4388 1551 4463 Christi,
1586 4396 1715 4451 tam
1750 4390 2045 4453 atrociter
2084 4388 2365 4470 flagella-

868 4490 958 4551 ri!
998 4488 1231 4551 Scribit
1266 4487 1437 4549 enim
1476 4489 1899 4551 sacratissima
1929 4490 2119 4553 vidua
2146 4488 2208 4551 S.
2232 4488 2366 4551 Bri-

866 4587 1024 4667 gitta
1074 4585 1137 4647 in
1177 4584 1690 4649 Revelationibus
1738 4587 1892 4661 suis,
1926 4587 2260 4651 benedicta
2301 4595 2364 4650 et

865 4684 1139 4766 gloriosa
1187 4682 1433 4763 virgine
1480 4682 1667 4745 Maria
1716 4682 1834 4745 sibi
1893 4684 1954 4746 id
2004 4694 2359 4762 enarrante,

868 4782 1039 4863 quod
1080 4788 1208 4843 tam
1246 4780 1357 4842 diu
1408 4798 1481 4842 ac
1526 4781 1833 4843 acerrime
1880 4781 2364 4863 flagellaverunt

870 4879 1211 4953 Christum,
1263 4877 1435 4959 quod
1492 4886 1679 4941 costae
1736 4879 1873 4959 ejus
1934 4879 2254 4961 patebant,
2298 4881 2364 4943 in

870 4986 1113 5041 tantum
1157 4978 1331 5059 quod
1370 4995 1537 5038 unus
1576 4978 1653 5039 de
1692 4979 2066 5041 adversariis
2105 4977 2362 5053 Christi,

868 5075 1140 5137 abscidit
1194 5075 1415 5137 funem
1474 5064 1616 5157 quo'
1658 5074 1780 5138 fuit
1832 5076 2081 5157 ligatuS,
2130 5084 2192 5139 et
2249 5077 2368 5139 fla-

868 5171 1281 5255 gellatoribus
1331 5172 1491 5236 dixit
1533 5192 1547 5235 ε
1592 5172 1915 5255 Numquid
1967 5174 2366 5237 interficietis

874 5289 1024 5333 eum
1073 5271 1357 5333 nondum
1408 5268 1825 5349 dijudicatum
1876 5280 1940 5335 et
1988 5273 2368 5336 condemna-

2475 4289 2762 4371 spineam
2795 4308 3090 4352 coronam
3123 4297 3184 4351 et
3214 4309 3605 4371 purpureum
3642 4294 3975 4357 vestimen-

2475 4394 2634 4448 tum.
2670 4386 2745 4449 Et
2793 4387 2947 4449 dicit
2993 4387 3086 4449 eis
3121 4406 3135 4450 ε
3169 4386 3329 4450 Ecce
3376 4388 3586 4452 homo.
3621 4388 3828 4462 Quum
3872 4410 3972 4455 er·

2474 4504 2555 4566 go
2603 4485 2910 4548 vidissent
2963 4504 3108 4548 eum
3169 4485 3507 4567 pontifices
3557 4495 3621 4549 et
3669 4490 3968 4562 ministri,

2477 4585 2854 4660 clamabant,
2881 4586 3162 4649 dicentes
3197 4604 3210 4648 :
3237 4584 3433 4665 Tolle,
3465 4586 3632 4662 tolle,
3667 4590 3973 4671 crucifige

2477 4702 2646 4747 eum.
2682 4684 2846 4747 Dicit
2881 4685 2974 4747 eis
3011 4685 3245 4747 Pilatus
3279 4703 3293 4747 :
3327 4684 3612 4767 Accipite
3651 4704 3798 4750 eum
3837 4708 3970 4764 voa,

2475 4791 2538 4844 et
2585 4781 2944 4863 crucifigite
2987 4801 3000 4845 :
3045 4801 3160 4865 ego
3203 4782 3376 4845 enim
3427 4802 3552 4847 non
3598 4783 3859 4850 invenio
3905 4788 3970 4849 in

2476 4898 2551 4943 eo
2599 4900 2875 4943 causam.
2909 4880 3396 4962 Responderunt
3436 4881 3657 4956 sudaei,
3691 4891 3756 4945 et
3803 4885 3976 4947 dixe-

2478 4985 2673 5039 runt:
2707 4976 2830 5040 Nos
2880 4978 3084 5058 legem
3134 4976 3467 5051 habemuS,
3510 4985 3573 5041 et
3619 4983 3972 5045 secundum

2480 5075 2680 5156 legem
2723 5075 2910 5137 debet
2947 5075 3134 5149 mori,
3169 5075 3322 5156 quia
3359 5075 3588 5138 Filium
3633 5076 3742 5140 Dei
3781 5098 3848 5141 se
3879 5078 3975 5141 fe-

2479 5172 2586 5235 cit.
2621 5171 2825 5244 Quum
2866 5190 3014 5253 crgo
3054 5172 3335 5236 audisset
3365 5172 3596 5236 Pilatus
3637 5174 3808 5238 hunc
3843 5196 3974 5239 ser-

2480 5288 2758 5347 monem,
2793 5271 2996 5351 magis
3032 5270 3247 5333 timuit
3280 5289 3294 5334 :
3331 5278 3548 5354 utpote
3577 5291 3658 5335 ne
3693 5272 3852 5337 forte
3877 5274 3970 5339 sic
