4300 6259
817 471 938 534 544

1543 449 1891 535 FENARRA‘rlo
1933 487 1998 533 m
2039 487 2179 534 CAP-
2226 487 2307 532 XV
2348 485 2625 533 soumis.
2674 506 2755 516 —
2795 487 2936 533 ΛΒΤ.
2983 488 3197 534 xxxvl!

816 663 998 737 dunt,
1049 669 1113 724 et
1159 680 1284 725 non
1335 661 1543 724 solum
1593 671 1719 722 non
1772 666 2146 742 purgantur,
2201 658 2311 720 sed
2344 657 2391 720 A
2426 658 2727 740 speciem,
2760 625 2885 723 non
2932 665 3137 741 potest
3185 659 3629 722 intellectualis
3676 669 3923 724 creatu—

742 824 751 833 ,
817 760 1153 842 pristinam
1210 759 1474 840 gratiam
1541 760 1876 840 perdunt?
1933 757 2307 830 Dicendum,

814 860 987 940 quod
1037 858 1322 922 Christus
1373 858 1656 940 loquitur
1695 858 1771 919 de
1825 855 2311 939 proficientibus

817 965 881 1019 et
927 956 1166 1019 electis,
1209 955 1321 1018 Vel
1369 956 1733 1018 distributio
1782 955 2173 1037 praeinducta
2221 954 2315 1015 in-

819 1055 1158 1136 telligenda
1204 1063 1300 1117 est
1341 1075 1455 1137 pro
1495 1055 1837 1136 generibus
1888 1054 2308 1134 singulorum,

820 1174 946 1219 non
997 1175 1113 1237 pro
1166 1155 1435 1236 singulis
1490 1172 1820 1235 generum,
1873 1153 2040 1215 sicut
2093 1160 2159 1214 et
2205 1152 2314 1214 illa

526 1274 789 1322 nummu.
821 1272 966 1336 quae
994 1261 1090 1316 est
1128 1254 1192 1316 in
1225 1253 1480 1315 Daniele
1514 1272 1527 1315 :
1561 1252 1790 1314 Omnes
1827 1250 2072 1334 populi,
2106 1251 2313 1312 tribus

823 1360 885 1414 et
927 1353 1161 1434 lingua)
1203 1353 1484 1414 servient
1522 1353 1604 1414 ei.

642 1452 678 1508 3
898 1454 1048 1512 Jam
1086 1472 1192 1512 vos
1233 1453 1467 1512 mundi
1501 1453 1651 1510 escis
1695 1469 1732 1511 a
1770 1449 1912 1511 labe
1947 1447 2312 1512 mortalium

821 1548 1145 1624 vitiorum,
1179 1557 1242 1612 et
1277 1549 1356 1612 ab
1400 1548 1860 1611 incredulitatis
1902 1565 2137 1626 errore,
2164 1567 2317 1624 pro-

811 1659 958 1726 pter
983 1669 1360 1716 sermonem,
1395 1649 1458 1710 id
1503 1656 1597 1710 est
1637 1647 1955 1710 audiendo
1997 1655 2060 1709 et
2101 1646 2317 1708 obser-

820 1749 1025 1811 vando
1083 1748 1436 1811 doctrinam
1493 1746 1945 1827 evangelicam,
1996 1765 2184 1825 quem
2234 1747 2316 1804 lo-

529 1854 788 1906 lam-1¹³⁸-
819 1855 1005 1907 cutus
1041 1867 1186 1907 sum
1225 1849 1420 1906 vobis.
1455 1845 1621 1907 Beati
1662 1843 1835 1907 enim
1885 1844 1997 1925 qui
2047 1843 2319 1904 audiunt
2352 1844 2399 1906 B
2432 1842 2610 1905 vobis
2658 1852 2721 1904 et
2758 1844 2920 1906 velle
2968 1851 3032 1906 et
3070 1843 3400 1926 perficere,
3437 1865 3550 1927 pro
3598 1845 3765 1908 bona
3808 1864 3917 1909 vo-

821 1944 1091 2008 verbum
1131 1944 1260 2018 Dei,
1295 1951 1357 2006 et
1394 1943 1762 2006 custodiunt
1799 1943 1979 2005 illud.
2015 1941 2088 2003 Et
2123 1941 2317 2004 verba

823 2042 1053 2105 Christi
1100 2043 1378 2105 animam
1435 2049 1728 2124 purgant,
1779 2041 2120 2115 illustrant,
2176 2057 2317 2121 per-

542 2152 793 2203 Bammv,
824 2140 1072 2203 ficiunt.
1107 2141 1367 2222 Propter
1406 2142 1578 2222 quod
1617 2141 1928 2221 scriptum
1969 2145 2063 2200 est
2097 2157 2111 2200 :
2145 2137 2314 2200 Beati

529 2219 571 2260 ⁴·
823 2259 1044 2301 sumus
1094 2258 1229 2314 ηοε,
1279 2239 1434 2321 quia
1480 2257 1625 2320 quae
1677 2238 1911 2321 placita
1969 2244 2118 2299 sunt
2168 2237 2311 2312 De0,

824 2337 1160 2399 manifesta
1203 2345 1353 2399 sunt
1395 2336 1604 2400 nobis.

644 2435 681 2490 4
903 2439 1160 2498 Μαηειε
1199 2439 1271 2496 in
1313 2455 1411 2496 me
1455 2453 1568 2516 per
1607 2434 1804 2497 fidem
1853 2441 1916 2496 et
1965 2433 2313 2504 caritatem,

821 2534 1286 2617 perseverando
1335 2552 1538 2615 usque
1597 2533 1662 2596 in
1717 2532 1918 2595 finem
1971 2551 1985 2594 z
2039 2532 2211 2613 quod
2262 2530 2316 2592 si

818 2632 1120 2708 feceritiS,
1153 2643 1212 2692 ec
1249 2653 1357 2711 eqo
1401 2632 1668 2696 manebo
1705 2634 1778 2693 in
1819 2633 1993 2692 vobis
2031 2649 2146 2713 per
2182 2648 2318 2710 gra-

819 2733 1042 2796 tiosam
1105 2732 1651 2806 inhabitationem,
1709 2732 2050 2812 benignam
2109 2737 2316 2792 custo—

819 2832 988 2894 diam
1044 2840 1106 2894 et
1159 2831 1544 2912 singularem
1607 2830 2093 2913 providentiam.
2143 2827 2318 2890 Nun-

817 2951 1012 3013 quam
1077 2930 1250 2992 enim
1311 2930 1471 2992 Deus
1535 2929 1772 2993 reccdit
1828 2949 1864 2991 a
1921 2927 2126 3002 nobi5‚
2190 2927 2313 2989 nisi

2427 776 2496 818 ra
2532 775 2609 819 ex
2640 757 2775 818 suis
2814 757 3208 820 naturalibus
3248 759 3489 839 aliquid
3528 776 3715 838 agere
3747 759 3919 840 quod

2426 854 2509 916 sit
2540 855 2937 917 meritorium
2976 854 3383 918 beatitudinis
3426 856 3640 937 hujuS‚
3674 859 3785 918 sed
3826 856 3921 917 in-

2426 953 2599 1033 diget
2644 955 3235 1035 supernaturalibus
3274 956 3523 1029 mediiS,
3554 956 3794 1037 quibus
3840 955 3918 1017 ad

2428 1050 2628 1114 finem
2669 1053 2841 1114 hunc
2872 1054 3275 1134 perducatur.
3310 1054 3376 1116 In
3416 1073 3546 1136 quo
3584 1056 3919 1116 damnatur

2428 1150 2686 1213 haeresis
2729 1150 2981 1232 Pelagii,
3016 1153 3353 1214 asserentis
3398 1153 3723 1216 hominem
3776 1171 3920 1234 pro-

2428 1249 2587 1332 priis
2636 1249 2880 1312 viribus
2931 1269 3116 1333 posse
3160 1250 3497 1332 justificari
3546 1270 3619 1314 ac
3668 1269 3920 1334 prome—

2430 1347 2577 1410 reri.
2610 1347 2963 1420 Quocontra
2991 1349 3145 1411 dicit
3172 1349 3509 1432 Apostolus
3544 1369 3557 1414 :
3591 1350 3913 1412 Fiduciam
3972 1364 4013 1408 ιι
4044 1365 4227 1412 coms.

2430 1447 2617 1508 talem
2648 1446 2955 1510 habemus
2992 1448 3071 1510 ad
3102 1448 3321 1524 Deum,
3356 1467 3480 1511 non
3510 1450 3681 1531 quod
3714 1450 3915 1510 simus
3940 1430 4053 1478 ⁴¹⁵·

2429 1542 2825 1608 sufficientes
2866 1547 3139 1626 cogitare
3174 1547 3417 1628 aliquid
3449 1567 3486 1609 a
3519 1548 3701 1611 nobis
3732 1547 3913 1629 quasi

2428 1661 2505 1705 ex
2556 1645 2761 1719 nobiS‚
2806 1647 2915 1707 sed
2965 1644 3355 1709 sufficientia
3404 1656 3617 1710 nostra
3664 1667 3740 1709 ex
3792 1647 3917 1710 Deo

2428 1750 2563 1823 est3
2594 1752 2656 1806 et
2704 1743 2934 1806 iterum
2970 1763 2984 1806 ε
3018 1744 3181 1808 Deus
3220 1753 3314 1808 est
3351 1746 3463 1828 qui
3502 1753 3801 1828 operatur
3850 1746 3915 1807 in
3944 1760 4223 1866 amma.

2428 1940 2689 2014 luntate,
2725 1941 2843 2004 hoc
2872 1950 2967 2004 est
3004 1961 3081 2004 ex
3112 1962 3225 2005 sua
3256 1945 3577 2006 voluntate
3615 1944 3913 2025 benigna.

2428 2037 2587 2102 Hinc
2616 2041 2782 2122 apud
2813 2039 2966 2102 Osee
2998 2041 3291 2122 perhibet
3324 2042 3625 2105 Dominus
3660 2061 3675 2106 :
3706 2040 3916 2104 Perdi·
3946 2056 4068 2100 ooee
4084 2061 4215 2105 ms.

2430 2139 2516 2200 tio
2544 2145 2672 2214 tua,
2705 2139 2973 2214 olsrael,
3008 2158 3086 2202 ex
3114 2147 3211 2220 te;
3244 2141 3311 2203 in
3342 2160 3445 2203 me
3477 2142 3917 2204 tantummodo
4285 2137 4286 2140 ’

2427 2237 2737 2298 auxilium
2770 2245 2965 2300 tuum.
2998 2237 3195 2302 Nemo
3222 2258 3371 2321 ergo
3402 2248 3759 2323 praesumat,
3786 2239 3919 2301 nul-

2430 2334 2529 2396 lus
2580 2354 2646 2397 se
2691 2335 2905 2415 jactet,
2956 2335 3054 2399 vel
3102 2337 3283 2398 alteri
3332 2337 3645 2419 praeferat,
3689 2335 3919 2399 alium-

2431 2452 2506 2496 ve
2562 2441 2944 2497 contemnat.
3007 2435 3181 2498 Unde
3238 2443 3453 2499 monet
3508 2435 3846 2518 Apostolus
3898 2453 3912 2496 :

2428 2532 2645 2614 ltaque
2687 2533 2799 2614 qui
2844 2541 2985 2608 stat,
3034 2534 3242 2598 videat
3284 2553 3363 2597 ne
3406 2537 3604 2598 cadat.
3944 2546 4229 2592 icor-m?-

2508 2635 2645 2710 Eyo
2688 2653 2834 2694 sum
2884 2635 3062 2704 vitia,
3106 2654 3213 2695 vos
3252 2637 3580 2713 palmites,
3626 2654 3751 2698 non
3802 2652 3917 2717 per
4070 2640 4109 2694 5

2428 2731 2789 2806 essentiam,
2813 2732 2924 2794 sed
2954 2749 3069 2813 per
3098 2731 3605 2808 similitudinem,
3632 2734 3797 2796 sicut
3824 2752 3917 2796 os-

2427 2838 2680 2892 tensum
2728 2837 2843 2892 est.
2878 2829 3183 2912 Denique,
3216 2831 3383 2894 sicut
3427 2831 3638 2894 fidelis
3684 2832 3918 2894 dicitur

2430 2928 2670 3010 palmes
2698 2937 2762 2990 et
2788 2927 2997 3002 arbor,
3022 2929 3116 2991 sic
3140 2929 3497 3012 appellatur
3526 2931 3714 3004 oliva,
3737 2930 3917 3011 juxta

821 3030 1028 3113 primo
1095 3029 1546 3091 recesserimus
1610 3028 1691 3090 ab
1754 3028 1914 3111 ipso.
1977 3026 2051 3088 Et
2113 3045 2316 3108 quum
2355 3028 2399 3092 C
2428 3026 2587 3089 illud
2614 3026 2901 3090 Jeremiae
2934 3026 3217 3090 :Olivam
3249 3029 3525 3100 uberem,
3559 3029 3916 3111 pulchram,
3958 3041 4229 3091 lenzam:

818 3128 1024 3191 aversi
1055 3127 1386 3205 fuerimuS,
1417 3127 1642 3189 invitat
1673 3135 1740 3188 ut
1771 3127 2132 3204 redeamus;
2166 3143 2320 3187 sem·

822 3245 1066 3310 perque
1106 3235 1360 3309 paratus
1403 3234 1499 3288 est
1541 3226 1922 3308 poenitentes
1967 3225 2315 3306 suscipere.

819 3327 1060 3388 Idcirco
1120 3325 1662 3408 impoenitentium
1729 3324 2007 3406 pravitas
2066 3323 2318 3385 nullum

823 3425 1013 3487 habet
1054 3424 1479 3487 excusationis
1523 3424 1822 3487 colorem.

923 3526 1110 3586 Sicut
1152 3526 1403 3603 palmes
1449 3543 1579 3584 non
1619 3531 1824 3600 potest
1870 3521 2118 3600 facere'
2166 3521 2315 3600 fru-

823 3633 1018 3690 ctum,
1047 3622 1290 3683 scilicet
1322 3640 1496 3694 uvaS‚
1531 3643 1568 3682 α
1599 3623 1948 3698 semetipw,
1979 3621 2112 3680 nisi
2141 3639 2319 3680 man-

821 3722 976 3782 serit
1006 3721 1080 3781 in
1119 3723 1267 3792 vice,
1304 3739 1429 3782 non
1471 3719 1797 3802 praecisuS,
1833 3719 1942 3781 sed
1981 3719 2315 3780 humorem

821 3827 1012 3901 atque
1044 3819 1498 3901 pinguedinem
1526 3837 1563 3880 a
1593 3817 1808 3900 stipite
1841 3817 1986 3880 vitis
2017 3817 2314 3896 trahens3

819 3920 913 3978 sie
943 3938 1056 3978 nec
1089 3938 1194 3978 vos
1224 3917 1530 3998 Apostoli,
1567 3935 1684 3978 nec
1721 3915 1956 3997 aliquis
1993 3915 2181 3988 alius,
2218 3934 2321 3996 po-

821 4016 999 4078 testis
1050 4016 1115 4078 in
1161 4016 1345 4078 bonis
1390 4022 1452 4077 et
1501 4015 1842 4078 meritoriis
1889 4013 2136 4076 actibus
2187 4013 2319 4074 fru-

823 4113 1128 4188 ctificare,
1162 4115 1298 4173 nisi
1331 4115 1403 4174 in
1435 4133 1534 4174 me
1563 4115 1934 4174 manseritis
1965 4129 2079 4195 per
2117 4109 2315 4173 fidem

2427 3126 2845 3202 fructiferam,
2898 3127 3266 3208 speciosam,
3320 3129 3567 3192 vocavit
3614 3129 3919 3192 Dominus
4287 3197 4289 3210 Ι

2430 3245 2660 3290 nomen
2720 3235 2903 3289 tuum
2944 3245 2959 3306 ;
3012 3235 3075 3288 et
3122 3227 3189 3288 in
3238 3226 3504 3301 Psalmo,
3559 3227 3687 3308 Ego
3734 3229 3917 3310 quasi
3960 3240 4213 3284 Ριιωο.

2428 3326 2597 3388 oliva
2653 3324 2984 3388 fructifera
3039 3325 3105 3387 in
3154 3327 3341 3389 domo
3392 3326 3523 3388 Dei.
3578 3326 3705 3390 Hoc
3761 3347 3921 3410 quo-
4287 3321 4289 3328 ’

2429 3443 2557 3506 que
2604 3425 2957 3499 sciendum,
2990 3425 3161 3505 quod
3200 3423 3364 3486 sicut
3404 3424 3645 3507 palmes
3692 3445 3920 3508 quam-

2428 3525 2538 3586 diu
2598 3532 2809 3586 manet
2867 3524 2931 3585 in
2983 3523 3132 3596 vite,
3194 3523 3529 3605 pretiosuS‚
3590 3526 3917 3606 speciosus

2426 3642 2501 3685 ac
2544 3621 2777 3684 nobilis
2826 3629 2965 3702 est3
3011 3620 3063 3683 si
3104 3640 3256 3685 vero
3300 3622 3696 3704 praecidatur,
3744 3625 3921 3687 vilis-

2429 3720 2628 3783 simus
2680 3729 2798 3795 est,
2847 3721 2924 3783 ad
2976 3720 3227 3781 nullum
3280 3739 3467 3782 usum
3522 3723 3917 3786 conveniens

2428 3821 2551 3882 nisi
2611 3828 2681 3882 ut
2736 3818 3166 3892 comburatur,
3226 3827 3413 3900 prout
3467 3819 3773 3884 Dominus
3829 3824 3919 3885 ait

2427 3917 2763 3993 Ezechieli,
2816 3917 2933 3978 Fili
2990 3917 3289 3992 hominiS,
3341 3917 3497 3998 quid
3548 3917 3665 3980 fiet
3712 3921 3793 3982 de
3840 3920 3918 3982 li-
3962 3937 4221 3985 eman.

2423 4036 2550 4098 gno
2598 4017 2790 4081 vitis?
2830 4025 2994 4093 etc.;
3035 4015 3126 4077 sic
3166 4015 3557 4079 Christianus
3603 4019 3917 4099 quamdiu
3944 4003 4019 4045 ²²

2426 4123 2638 4178 manet
2686 4115 2752 4176 in
2798 4114 3043 4178 Christo
3089 4131 3203 4195 per
3248 4114 3568 4176 caritatem
3618 4123 3683 4178 et
3724 4119 3920 4197 grati-

823 4220 886 4274 et
928 4212 1218 4293 gratiam,
1269 4230 1392 4274 non
1444 4211 1789 4274 innitentes
1839 4210 2114 4292 propriis
2167 4210 2395 4277 viri-D
2426 4233 2549 4288 am,
2602 4213 2851 4276 cunctis
2910 4212 3029 4274 rite
3083 4213 3378 4292 gentibus
3438 4211 3773 4294 praefertur
3820 4217 3919 4278 di-

824 4310 966 4386 bus,
1001 4312 1111 4372 sed
1155 4310 1372 4393 pietati
1409 4318 1470 4372 et
1506 4311 1722 4391 gratiae
1752 4327 1928 4384 meae,
1965 4308 2316 4390 praesertim

533 4419 793 4472 leemas.
823 4429 1026 4492 quum
1072 4411 1208 4472 sitis
1255 4410 1540 4472 membra
1579 4427 1738 4471 mea.
1773 4407 2314 4480 Quemadmodum

824 4527 973 4590 ergo
1022 4509 1073 4571 si
1137 4509 1378 4591 palmes
1427 4508 1528 4570 vel
1576 4506 1934 4569 membrum
1989 4505 2318 4568 abscinda-

823 4617 949 4682 tur,
1001 4607 1212 4670 statim
1260 4607 1508 4680 arescit,
1561 4605 1888 4688 putrescit,
1936 4612 1998 4666 et
2048 4604 2317 4686 pristina

819 4706 1068 4778 virtute,
1094 4705 1482 4768 fecunditate
1512 4712 1574 4766 et
1604 4705 1966 4786 operatione
1995 4704 2313 4786 privatur3

819 4806 910 4868 sic
961 4805 1206 4879 fideleS,
1242 4804 1364 4867 nisi
1406 4803 1654 4867 Christo
1697 4821 1808 4885 pcr
1845 4803 2170 4865 caritatem
2220 4804 2317 4865 in-

817 4905 1138 4978 haeserint,
1187 4903 1278 4967 nil
1338 4909 1607 4985 possunt
1659 4901 1981 4964 meritorie
2039 4902 2311 4983 operari,

816 5004 926 5066 sed
970 5003 1207 5086 peccati
1240 5009 1552 5065 vetustate
1584 5008 2106 5082 corrumpuntur,
2142 5001 2315 5063 vitiis

816 5101 1252 5184 implicantur,
1301 5098 1760 5162 tentationibus
1803 5105 2209 5180 superantur.

894 5200 1099 5273 Quum
1143 5199 1316 5261 enim
1356 5197 1682 5260 beatitudo
1731 5196 2012 5260 hominis
2053 5195 2137 5257 sit
2183 5215 2317 5258 om-

815 5299 970 5361 nino
999 5296 1513 5382 supernaturalis
1539 5295 1837 5360 videlicet
1867 5295 2028 5360 visio
2057 5294 2168 5356 Dei
2201 5313 2317 5377 per

2424 4313 2661 4393 gnitate
2710 4319 2773 4374 et
2830 4311 3078 4374 merito.
3129 4309 3289 4382 Quid
3340 4311 3511 4372 enim
3560 4311 3918 4379 Christiano

2426 4409 2535 4471 tali
2585 4408 2860 4484 feliciuS,
2895 4408 2995 4471 cui
3042 4425 3233 4489 regna
3276 4416 3425 4471 sunt
3469 4419 3685 4492 parata
3732 4411 3918 4475 coelo-

2428 4523 2592 4582 rum,
2626 4507 2737 4589 qui
2779 4506 3028 4569 Christo
3078 4505 3513 4588 incorporatus
3550 4515 3648 4570 est
3684 4517 3748 4570 et
3786 4510 3921 4572 dei-

2424 4605 2655 4668 ficatus
2687 4606 2750 4666 in
2782 4607 2899 4668 eo?
2930 4603 2992 4666 Si
3025 4622 3175 4668 vero
3205 4623 3271 4666 se
3304 4614 3546 4668 avertat
3572 4625 3609 4668 a
3639 4607 3913 4682 Christo,

2426 4712 2489 4766 et
2534 4703 2914 4784 evangelicae
2961 4703 3117 4783 legis
3169 4702 3590 4766 obedientiam
3642 4704 3912 4778 deserat,

2424 4802 2502 4864 fit
2532 4821 2787 4884 prorsus
2817 4801 3307 4883 contemptibilis
3334 4811 3525 4884 atque
3556 4803 3915 4866 vilissimus.

2426 4901 2584 4964 Hinc
2626 4901 3121 4964 Christianorum
3165 4900 3535 4980 dignitatem
3578 4902 3915 4965 insinuans

2426 4999 2641 5062 Petrus
2688 5019 2702 5062 :
2745 4998 2867 5062 Vos
2912 4999 3179 5080 (inquit)
3223 5016 3423 5079 genus
3472 4999 3769 5075 electum,
3822 5019 3919 5064 re-
3946 5024 4219 5071 iem-ms.

2422 5099 2561 5179 gale
2620 5098 3062 5172 sacerdotium,
3122 5116 3278 5178 gens
3340 5107 3574 5174 sancta,
3636 5100 3917 5182 populus

2425 5196 2886 5278 acquisitionis.
2921 5195 3005 5257 De
3052 5196 3289 5259 aversis
3331 5204 3543 5260 autem
3586 5205 3650 5259 et
3694 5199 3919 5261 recidi·

2427 5295 2723 5359 vantibus
2770 5297 2879 5370 ait,
2912 5295 3220 5358 vilitatem
3270 5313 3488 5358 eorum
3532 5296 3862 5361 declarans
3898 5317 3913 5362 :
