4300 6259
63 1265 340 1314 Romanu&

1092 499 1446 548 mutuno
1487 500 1552 546 m
1594 499 1733 546 CAP.
1779 498 1892 546 xm
1930 499 2205 546 somme.
2251 518 2331 530 ·-
2374 501 2513 547 Am.
2560 500 2750 547 xxxiv

3357 482 3478 546 525

367 662 524 725 ritas
593 665 936 732 habitualis
994 687 1124 752 qua
1181 671 1344 734 Deus
1414 671 1872 754 proximusque
1901 671 1951 731 A
1981 671 2225 733 munia.
2258 670 2390 744 Quo
2435 673 2738 736 docemur
2785 689 2978 754 super
3026 671 3241 735 omnia
3297 677 3361 732 et
3407 670 3473 732 in

367 762 684 843 diligitur,
736 769 1042 849 quoniam
1095 770 1253 832 ratio
1303 769 1609 851 diligendi
1661 770 1874 852 proxi-

367 879 552 922 mum
585 869 684 925 est
710 863 895 927 Deus.
929 866 1106 930 Unde
1137 866 1464 950 Scriptura
1490 870 1875 950 quandoque

368 960 707 1023 constituit
750 962 1206 1045 perfectionem
1253 967 1320 1028 in
1360 967 1699 1029 dilectione
1738 965 1868 1040 Dei,

369 1065 444 1120 ut
490 1060 794 1124 omnibus
841 1070 1133 1144 constat;
1174 1065 1559 1147 quandoque
1609 1065 1675 1126 in
1718 1065 1875 1127 dile-

369 1156 586 1220 ctione
627 1161 925 1240 proximi,
961 1168 1032 1223 ut
1067 1181 1270 1244 quum
1311 1163 1467 1225 dicit
1510 1161 1868 1244 ApostoluS,

368 1252 492 1325 Qui
553 1256 762 1338 diligit
809 1258 1195 1340 proximum,
1256 1262 1461 1340 legem
1519 1259 1869 1342 implevit;

371 1356 764 1438 quandoque
815 1357 880 1420 in
931 1357 1272 1422 dilectione
1311 1358 1419 1420 Dei
1469 1367 1532 1421 et
1573 1358 1869 1441 proximi,

62 1461 344 1512 matth-xm
373 1459 448 1513 ut
493 1472 697 1534 quum
745 1455 972 1518 asserit
1011 1455 1256 1518 Veritas
1299 1475 1313 1519 ε
1357 1457 1424 1518 ln
1475 1457 1574 1518 his
1625 1457 1872 1520 duobus

61 1528 132 1567 w.

67 2157 82 2200 1
101 2158 218 2202 Tin.
239 2172 271 2208 ι,
295 2160 338 2200 5.

93 4130 260 4176 natta.
277 4145 338 4182 xi.

369 1552 711 1632 praeceptis
769 1561 898 1616 tota
956 1554 1055 1616 lex
1115 1556 1348 1637 pendet
1404 1563 1465 1616 et
1521 1555 1867 1637 Prophetae.

367 1647 608 1712 Verum
647 1651 782 1713 haec
812 1651 1225 1733 intelligenda
1264 1660 1413 1716 sunt
1453 1654 1518 1715 in
1559 1661 1871 1734 quantum

369 1747 436 1808 in
489 1748 832 1811 dilectione
870 1749 979 1812 Dei
1027 1751 1378 1813 includitur
1428 1752 1682 1814 dilectio
1730 1770 1875 1833 pro-

1980 768 2281 832 omnibus
2318 769 2722 833 dilectionem
2767 770 3122 852 exquirere,
3159 768 3475 832 custodire

1981 876 2045 929 et
2075 886 2536 940 consummare,
2573 868 2711 930 sine
2748 887 2876 950 qua
2916 868 3076 930 nihil
3118 867 3301 930 nobis
3337 885 3476 948 pro—

1983 967 2121 1027 dest
2154 965 2249 1029 vel
2290 965 2535 1029 sufficit
2571 968 2648 1029 ad
2689 966 2979 1028 salutem.
3014 965 3273 1047 Propter
3301 965 3471 1046 quod

1983 1062 2137 1125 dicit
2182 1064 2517 1146 Apostolus
2554 1083 2566 1126 :
2605 1065 2669 1127 Si
2720 1064 2999 1128 habuero
3047 1064 3469 1147 prophetiam,
3532 1077 3765 1130 lenanu,

1982 1169 2045 1222 et
2075 1163 2362 1225 noverim
2393 1163 2692 1245 mysteria
2730 1163 2944 1226 omnia
2972 1170 3034 1226 et
3072 1179 3328 1226 omnem
3360 1161 3476 1224 sci·
3530 1169 3544 1183 ·

1983 1259 2243 1334 entiam,
2276 1269 2339 1323 et
2387 1261 2440 1323 si
2490 1261 2773 1326 habuero
2819 1280 3075 1325 omnem
3126 1260 3346 1335 fidem,
3390 1260 3477 1322 ita

1985 1365 2052 1420 ut
2107 1366 2353 1420 montes
2416 1353 2816 1434 transferam,
2879 1360 3200 1422 caritatem
3263 1367 3476 1420 autem

1984 1474 2111 1518 non
2161 1456 2464 1531 habuero,
2508 1457 2672 1519 nihil
2720 1476 2885 1519 sum.
2928 1493 3009 1504 -
3044 1457 3365 1520 Postremo
3414 1463 3479 1518 et

1983 1555 2102 1617 hoc
2133 1555 2534 1630 intuendum,
2569 1556 2740 1638 quod
2770 1555 2881 1637 qui
2918 1575 3116 1618 unum
3148 1554 3474 1619 hominem

1981 1653 2134 1728 odit,
2180 1671 2295 1716 nec
2342 1653 2562 1728 Deum,
2610 1672 2728 1716 nec
2775 1653 3057 1735 aliquem
3104 1654 3325 1727 alium,
3372 1671 3479 1722 ne,-

1981 1770 2108 1833 que
2158 1771 2225 1814 se
2274 1753 2485 1835 ipsum
2528 1753 2835 1816 veraciter
2872 1753 3081 1834 diligit
3116 1760 3258 1816 :est
3301 1752 3475 1815 enim

367 1845 554 1922 ximi,
588 1854 654 1909 et
687 1856 964 1910 econtra.
999 1849 1303 1912 Absolute
1335 1867 1485 1914 vero
1525 1850 1868 1933 loquendo,
1909 1848 1954 1910 B
1981 1849 2046 1910 in
2078 1851 2327 1913 mortali
2360 1857 2638 1932 peccato.
2674 1852 2818 1915 ldeo
2848 1869 3102 1914 omnem
3132 1850 3471 1926 hominem,

368 1963 626 2008 summa
681 1945 990 2027 perfectio
1040 1943 1332 2010 consistit
1389 1948 1455 2010 in
1513 1956 1658 2011 actu
1716 1949 1874 2011 cari-

367 2045 542 2118 tatis,
567 2043 846 2106 maxime
875 2044 1008 2106 Dei.
1043 2043 1304 2127 Propter
1332 2047 1503 2128 quod
1533 2047 1686 2109 dicit
1714 2046 1874 2128 Apo-

369 2142 573 2205 stolus
609 2162 623 2205 :
657 2142 832 2206 Finis
864 2144 1162 2226 praecepti
1194 2153 1290 2207 est
1319 2145 1546 2207 caritas
1578 2146 1656 2207 de
1685 2147 1873 2209 corde

369 2259 560 2321 puro,
620 2249 685 2303 et
744 2242 1134 2304 conscientia
1191 2242 1376 2318 bona,
1437 2252 1500 2306 et
1554 2242 1686 2305 fide
1743 2262 1870 2306 non

368 2337 548 2401 ficta.

461 2439 543 2499 In
597 2440 716 2499 hoc
759 2449 1149 2516 coqnosoent,
1204 2440 1266 2502 id
1324 2447 1440 2514 est,
1493 2457 1870 2522 cognoscere

370 2543 696 2618 poterunt,
739 2557 955 2598 omnes
1003 2536 1122 2599 rite
1171 2538 1664 2614 consideranteS,
1706 2547 1770 2602 et
1815 2539 1869 2601 si

368 2653 500 2698 non
531 2634 1083 2711 certitudinaliter,
1115 2644 1328 2698 tamen
1361 2637 1872 2718 conjecturaliter

363 2742 432 2795 et
481 2733 634 2795 satis
685 2733 1122 2815 probabiliter,
1175 2737 1334 2814 quia
1380 2739 1696 2814 discipuli
1743 2738 1873 2798 mei

362 2929 775 2992 sermonibus
805 2929 1190 3008 obedientes,
1212 2934 1272 2992 si
1294 2935 1720 3004 dilectionem,
1743 2953 1868 2998 non

1980 1948 2452 2031 quantumlibet
2495 1951 2956 2025 adversantem,
2998 1969 3211 2013 amare
3262 1968 3478 2012 neces-

1981 2065 2049 2108 se
2089 2055 2206 2109 est.

2059 2148 2237 2208 Dicit
2282 2149 2345 2206 ei
2392 2148 2622 2208 Simon
2670 2149 2908 2209 Petrus
2940 2168 2963 2206 .·
2994 2147 3298 2217 Domine,
3346 2167 3470 2227 quo

1981 2247 2219 2306 vadis?
2260 2243 2388 2308 Hoc
2433 2244 2651 2307 Petrus
2704 2245 3049 2326 interrogat
3096 2263 3173 2307 ex
3220 2243 3473 2309 fervore

1979 2349 2042 2403 et
2080 2343 2185 2424 pia
2223 2341 2739 2424 praesumptione.
2772 2342 2928 2405 Nam
2976 2351 3039 2406 et
3089 2343 3280 2424 paulo
3327 2351 3474 2405 ante

1978 2440 2222 2504 audivit
2266 2460 2303 2503 a
2341 2441 2588 2504 Christo
2622 2459 2636 2504 :
2670 2440 2802 2514 Quo
2841 2459 2956 2521 ego
2996 2442 3154 2505 vado
3196 2459 3305 2504 vos
3347 2459 3475 2504 non

1981 2535 2241 2618 potestis
2272 2536 2511 2600 venire.
2548 2536 2765 2600 Petrus
2796 2555 2944 2618 ergo
2982 2554 3060 2599 ex
3090 2536 3341 2600 fervore
3372 2557 3478 2599 cu-

1980 2635 2163 2717 piens
2222 2634 2317 2696 ire
2371 2654 2519 2696 cum
2576 2653 2691 2698 suo
2740 2634 3062 2715 magistro,
3116 2643 3179 2698 et
3236 2653 3314 2698 ex
3370 2635 3477 2718 pia

1976 2733 2297 2814 (quamvis
2327 2733 2605 2814 incauta)
2634 2733 3128 2815 praesumptione
3156 2733 3475 2796 arbitrans

359 2833 541 2903 estis,
593 2831 658 2893 id
707 2839 804 2894 est
849 2833 1158 2895 veraciter
1203 2834 1555 2909 christiani,
1599 2842 1662 2897 et
1710 2836 1869 2897 meis
1979 2851 2045 2895 se
2076 2840 2396 2914 potentem
2434 2832 2512 2894 ad
2552 2832 2767 2895 omnia
2805 2831 3181 2895 sustinenda
3211 2841 3476 2915 propter

1978 2930 2320 3006 Christum,
2372 2929 2729 2992 sciscitatur
2776 2930 3098 2993 Christum
3146 2949 3276 3013 quo
3328 2930 3469 3005 iret,

363 3029 692 3091 carnalem
741 3029 844 3092 vel
892 3030 1266 3105 naturalem,
1317 3031 1425 3093 sed
1473 3031 1756 3096 divinam
1807 3041 1870 3096 et
1897 3027 1941 3092 C
1977 3038 2279 3112 tanquam
2335 3029 2573 3091 diceret
2624 3047 2637 3092 :
2692 3027 2933 3110 Sequar
2980 3037 3041 3091 te
3092 3047 3207 3111 per
3258 3029 3470 3111 ignem

363 3128 794 3211 spiritualem,
847 3126 1127 3190 infusam
1177 3136 1240 3191 et
1288 3130 1697 3206 meritoriam,
1754 3151 1870 3214 pu-

366 3247 504 3290 ram
554 3235 748 3308 atque
791 3227 1155 3308 gratuitam,
1189 3230 1546 3290 habueritis
1572 3234 1660 3291 ad
1695 3233 1869 3292 invi-

363 3347 524 3386 cem.
586 3324 886 3397 Quamvis
944 3325 1116 3388 enim
1177 3344 1292 3407 per
1347 3326 1501 3389 alias
1559 3329 1866 3408 quasdam

365 3425 639 3488 virtutes
670 3425 790 3487 hoc
830 3425 1030 3506 possit
1069 3425 1384 3506 cognosci,
1421 3426 1715 3490 videlicet
1754 3446 1869 3511 per

365 3521 797 3584 humilitatem
836 3530 900 3584 et
930 3539 1145 3586 veram
1187 3523 1580 3604 patientiam,
1617 3543 1731 3606 per
1758 3545 1869 3588 au-

364 3620 677 3684 dientiam
726 3620 906 3684 verbi
955 3620 1063 3682 Dei
1103 3641 1119 3701 3
1169 3621 1446 3684 maxime
1491 3631 1704 3685 tamen
1755 3643 1869 3706 per

365 3719 778 3782 dilectionem
841 3719 1263 3799 cognoscitur,
1326 3739 1529 3802 quum
1591 3721 1730 3803 ipsa
1786 3724 1870 3785 sit

369 3818 500 3880 vita
547 3817 799 3886 animae,
851 3819 1049 3899 orig0,
1102 3817 1307 3882 forma
1354 3826 1416 3881 et
1466 3818 1619 3882 finis
1668 3821 1870 3884 virtu-

365 3925 532 3990 tum,
585 3915 912 3998 pertinens
961 3917 1237 3978 maxime
1292 3918 1369 3980 ad
1416 3919 1679 3998 gratiam
1729 3938 1869 4000 gra-

369 4022 508 4076 tum
567 4013 933 4077 facientem.
984 4049 1062 4060 -
1109 4013 1416 4096 Denique,
1476 4017 1642 4079 sicut
1695 4019 1866 4100 apud

369 4112 728 4176 Matthaeum
769 4113 1054 4196 loquitur
1082 4099 1396 4188 ChristuS,
1422 4114 1652 4178 Discite
1690 4135 1727 4178 a
1765 4135 1868 4180 me

1977 3137 2039 3190 et
2083 3147 2337 3210 aquam,
2372 3129 2631 3209 solaque
2676 3146 2848 3190 mors
2896 3126 3141 3190 auferet
3186 3145 3288 3190 me
3330 3147 3367 3190 a
3412 3136 3474 3190 te

1977 3228 2043 3290 in
2095 3227 2223 3292 vita
2271 3225 2588 3309 praesenti,
2621 3233 2684 3288 et
2734 3243 2847 3308 per
2886 3226 3255 3306 hujusmodi
3304 3245 3473 3290 mor-

1977 3334 2106 3389 tem
2146 3325 2438 3390 merebor
2474 3334 2684 3388 tecum
2724 3326 3105 3389 aeternaliter
3143 3344 3472 3407 permane-

3606 2152 3678 2208 36

1979 3443 2046 3487 re
2085 3425 2152 3487 in
2193 3425 2455 3507 patria.*
2484 3424 2768 3488 Christus
2806 3431 3017 3486 autem
3059 3443 3185 3487 non
3232 3425 3469 3488 direct-e
3521 3435 3763 3493 ‘wowon-

1979 3525 2317 3605 respondet
2362 3523 2564 3595 Petro,
2606 3523 2715 3585 sed
2766 3521 3127 3603 cogitationi
3175 3522 3317 3602 ejus
3365 3541 3471 3587 oc-

1978 3623 2198 3697 currit,
2242 3621 2933 3704 praesumptionemque
2973 3621 3286 3703 reprimit,
3322 3622 3471 3684 sub-

1979 3723 2133 3785 dens
2171 3741 2184 3784 :
2220 3725 2355 3790 Quo
2402 3741 2512 3799 eqo
2551 3723 2714 3781 vado
2754 3741 2884 3782 non
2914 3729 3093 3798 potes
3142 3741 3241 3782 me
3285 3723 3471 3800 sequi

1977 3824 2215 3883 modo:
2246 3821 2310 3883 id
2346 3827 2463 3896 est,
2499 3821 2781 3883 nondum
2823 3827 3013 3881 tantae
3058 3819 3468 3901 perfectionis

1976 3937 2043 3982 es
2093 3927 2163 3982 ut
2210 3919 2413 4001 possis
2472 3927 2730 4000 propter
2773 3917 3089 3998 justitiam
3136 3919 3322 3993 mori,
3367 3919 3467 3982 vel

1977 4036 2092 4100 per
2120 4025 2391 4081 mortem
2420 4017 2703 4099 martyrii
2737 4017 3005 4098 patriam
3042 4017 3325 4098 ingredi;
3358 4019 3467 4080 sed

1975 4124 2224 4199 oportet
2271 4124 2341 4178 ut
2382 4134 2498 4197 ego
2545 4133 2660 4197 pro
2698 4123 2761 4178 te
2800 4122 2862 4177 et
2903 4122 3049 4177 ante
3098 4123 3161 4178 te
3207 4116 3463 4192 moriar,

368 4212 524 4294 quia
553 4211 728 4274 mitis
768 4230 910 4273 sum
950 4219 1012 4273 et
1042 4212 1305 4274 humilis
1344 4213 1563 4293 corde3
1598 4232 1714 4277 nec
1753 4215 1860 4291 ait,
1897 4214 1948 4276 D
1973 4223 2167 4296 atque
2215 4215 2542 4277 moriendo
2584 4212 2703 4275 tibi
2744 4213 3010 4294 gratiam
3060 4212 3467 4296 perfectionis

366 4309 602 4372 Discite
659 4329 696 4371 a
743 4327 846 4371 me
901 4311 1214 4372 mundum
1271 4328 1506 4385 creare,
1561 4313 1866 4377 miracula
1974 4331 2242 4389 merear,
2281 4331 2475 4394 quam
2525 4311 2933 4392 consequeris
2982 4330 3185 4393 quum
3234 4312 3468 4378 misero

363 4407 598 4483 facere,
633 4407 1028 4471 daemonibus
1068 4408 1404 4490 imperare,
1440 4410 1727 4473 cordium
1769 4431 1866 4474 ar·
1971 4411 2090 4473 tibi
2139 4411 2450 4493 Spiritum
2502 4409 2822 4486 Sanctum,
2874 4417 2939 4472 et
2989 4427 3067 4472 ex
3116 4417 3270 4474 tunc
3319 4429 3467 4474 vere

363 4526 522 4570 cana
570 4523 950 4587 cognoscere
1003 4525 1017 4569 :
1072 4506 1163 4568 sic
1211 4506 1349 4570 loco
1398 4509 1692 4589 praesenti
1737 4509 1867 4572 dis·
1974 4517 2229 4591 paratus
2280 4510 2404 4572 eris
2448 4508 2609 4573 mori
2661 4526 2776 4590 pro
2822 4525 2925 4570 me
2973 4515 3036 4570 et
3081 4508 3329 4590 ingredi
3372 4527 3468 4571 re-

363 4605 586 4678 seruit,
621 4605 688 4666 In
739 4605 859 4668 hoc
897 4612 1278 4685 cognoscent
1315 4623 1534 4668 omnes
1574 4607 1728 4687 quia
1771 4608 1864 4671 di·
1969 4626 2171 4688 gnum
2199 4608 2457 4671 coeleste
2486 4615 2629 4689 post
2656 4624 2779 4668 me.
2812 4605 2987 4669 Unde
3017 4606 3460 4689 subjungitur:

363 4703 598 4785 scipuli
631 4702 758 4764 mei
787 4703 962 4777 estiS,
989 4703 1042 4764 si
1075 4703 1479 4766 dilectionem
1514 4703 1862 4770 habueritis
1968 4708 2251 4786 sequeris
2298 4715 2514 4767 autem
2554 4715 2794 4783 postea.
2845 4703 3001 4768 Nam
3055 4713 3273 4787 postea
3323 4725 3465 4770 cru-

361 4804 440 4865 ad
482 4801 761 4864 invicem
783 4820 801 4882 3
829 4811 894 4863 et
929 4819 1056 4864 non
1098 4801 1206 4876 ait,
1242 4801 1305 4864 Si
1349 4802 1655 4865 miracula
1698 4803 1862 4867 fece-

362 4903 527 4976 ritis,
563 4901 616 4963 si
659 4900 950 4964 omnium
989 4900 1277 4981 gentium
1327 4901 1574 4983 linguas
1618 4905 1865 4967 noveri-

363 5001 468 5074 tis,
503 4999 558 5062 si
591 5001 754 5063 dona
793 4999 1166 5080 prophetiae,
1201 5000 1548 5081 sapientiae,
1584 5002 1866 5066 scientiae

363 5097 574 5162 sortiti
612 5096 886 5170 fueritis,
920 5097 1021 5159 vel
1058 5098 1182 5160 alia
1230 5098 1533 5180 quaelibet
1575 5099 1742 5164 bona
1784 5101 1862 5163 ad

363 5197 636 5292 gratiam
680 5195 875 5277 gratis
923 5197 1131 5258 datam
1180 5199 1530 5278 spectantia
1577 5216 1590 5261 :
1638 5200 1867 5281 quoni-

367 5314 476 5360 am
504 5294 722 5359 omnia
751 5294 887 5359 haec
915 5294 1098 5359 bonis
1127 5302 1191 5357 et
1218 5295 1404 5359 malis
1431 5303 1680 5360 exstant
1709 5316 1866 5361 com-

1971 4804 2204 4868 cifixus
2248 4811 2344 4866 est
2386 4810 2646 4886 propter
2686 4802 3003 4865 Christum
3044 4802 3279 4866 Romae.

2053 4904 2233 4964 Dicit
2276 4905 2340 4962 ei
2383 4905 2642 4970 Petrus,
2689 4917 2766 4962 ex
2814 4900 3157 4964 indiscreto
3211 4901 3462 4966 fervore

1971 5008 2035 5063 et
2081 4999 2469 5064 confidentia
2510 4999 2910 5082 propriarum
2951 4999 3184 5062 virium
3227 4999 3464 5064 inordi-

1973 5107 2119 5162 nata
2152 5118 2165 5162 ε
2203 5103 2413 5169 Quare
2453 5119 2581 5160 non
2614 5117 2873 5175 possum
2917 5107 2974 5159 te
3008 5101 3192 5178 sequi
3228 5102 3411 5160 modo
3432 5102 3463 5160 ?

1972 5198 2157 5280 quasi
2204 5199 2371 5260 dicat
2405 5216 2418 5259 :
2452 5197 2681 5278 Utique
2730 5214 3010 5277 possum.
3046 5195 3191 5260 Ideo
3238 5196 3413 5260 addit
3444 5216 3459 5260 ε

1972 5298 2291 5359 Animam
2320 5315 2527 5358 meam
2562 5315 2683 5374 pro
2718 5304 2777 5356 ce
2804 5313 3075 5372 ponam,
3105 5293 3168 5357 id
3212 5303 3328 5371 est,
3362 5313 3466 5360 me

3496 3498 3565 3541 die
3586 3499 3714 3543 Jews
3725 3502 3759 3557 .·]
