4300 6259
516 4454 531 4499 1
540 4455 778 4507 Joann.i,5.

515 4851 681 4908 Bphae.
690 4857 775 4904 ηδ.

802 501 921 568 120

799 690 1101 754 licitiores
1158 691 1579 773 agilioresque
1628 699 1778 754 sunt
1822 691 1989 754 cirea
2044 699 2294 752 terrena
2325 689 2377 752 A
2405 689 2655 766 Quinto,
2689 693 2842 774 quia
2879 695 2956 756 ad
2995 694 3204 756 lucem
3240 694 3458 776 gloriae
3496 693 3895 776 praeordinati

800 791 1069 870 negotia,
1113 809 1307 872 quam
1356 788 1717 872 spirituales
1762 791 1928 852 circa
1976 789 2192 852 divina
2233 795 2296 850 et

799 887 968 950 circa
1006 887 1404 970 spiritualem
1444 889 1895 951 charismatum
1930 889 2292 951 divinorum

800 985 1158 1068 profectum
1194 1006 1207 1049 :
1242 1007 1444 1068 quum
1484 995 1695 1050 tamen
1736 987 2091 1068 spiritualia
2129 986 2295 1050 bona

800 1085 1384 1167 incomparabiliter
1443 1085 1877 1166 praestantiora
1926 1085 2055 1147 sint
2102 1084 2292 1146 rebus

801 1184 1159 1247 carnalibus
1202 1191 1264 1246 et
1307 1184 1574 1246 terrenis
1620 1204 1633 1247 :
1680 1192 1939 1266 propter
1977 1185 2147 1266 quod
2199 1185 2295 1246 in-

799 1282 1311 1365 comparabiliter
1342 1282 1487 1364 plus
1528 1283 1939 1346 laborandum
1973 1291 2139 1344 esset
2178 1301 2292 1364 pro

799 1380 1239 1462 spiritualibus
1282 1399 1473 1461 quam
1518 1381 1809 1443 terrenis.
1859 1381 2031 1443 Unde
2074 1388 2137 1443 et
2182 1380 2294 1442 ali-

798 1479 933 1560 qui,
986 1485 1204 1560 utpote
1263 1479 1383 1541 viri
1445 1480 1666 1554 sancti,
1719 1478 2144 1561 infatigabiles
2202 1499 2294 1541 ar-

800 1577 1285 1659 dentissimique
1314 1577 1607 1657 fuerunt3
1644 1581 1752 1640 sed
1784 1579 1939 1640 tales
1971 1597 2294 1660 compara-

795 1678 968 1741 tione
996 1677 1267 1740 aliorum
1300 1675 1667 1758 paucissimi
1707 1674 1989 1750 fuerunt,
2026 1685 2089 1738 et
2118 1683 2288 1738 sunt.

797 1776 1082 1839 Christus
1129 1783 1342 1837 autem
1392 1774 1676 1855 loquitur
1723 1775 2075 1837 secundum
2117 1776 2288 1856 quod

796 1873 1203 1939 communius
1245 1873 1495 1935 accidit.

876 1973 1077 2054 Hujus
1125 1989 1383 2054 quoque
1442 1971 1598 2034 ratio
1654 1971 2031 2052 assignatur.
2085 1971 2294 2034 Prima

797 2080 894 2135 est
932 2071 1163 2133 mentis
1205 2077 1433 2132 nostrae
1470 2070 1852 2145 obscuratio,
1897 2089 2009 2133 seu
2054 2079 2294 2134 naturae

800 2187 913 2252 per
945 2176 1273 2252 peccatum
1304 2168 1628 2250 corruptio
1658 2169 1793 2233 sive
1822 2168 2120 2234 infectio:
2153 2189 2296 2252 pro-

799 2277 942 2352 pter
990 2288 1179 2351 quam
1234 2268 1578 2350 proclivior
1624 2276 1722 2330 est
1768 2269 1957 2332 homo
2004 2271 2083 2331 ad
2134 2288 2296 2332 vana

798 2387 873 2430 ac
921 2368 1104 2442 mala,
1157 2386 1349 2449 quam
1398 2368 1477 2429 ad
1526 2367 1692 2431 bona
1746 2375 1937 2449 atque
1989 2367 2289 2429 salubria.

798 2466 1084 2528 Secunda
1115 2473 1211 2528 est
1240 2464 1666 2547 spiritualium
1701 2483 1917 2526 rerum
1950 2463 2290 2540 subtilitaS,

800 2583 912 2626 seu
950 2565 1028 2626 ad
1069 2565 1574 2644 cognoscendum
1616 2562 1983 2626 difficultas.
2017 2563 2296 2626 Sensibi-

799 2663 886 2725 lia
916 2681 1191 2745 namque
1220 2669 1368 2725 sunt
1403 2662 1718 2744 grossiora
1746 2669 1808 2724 et
1838 2662 2120 2741 notiora3
2167 2663 2296 2745 spi-

800 2760 1053 2823 ritualia
1082 2778 1231 2824 vero
1268 2759 1525 2822 subtilia
1564 2760 1909 2841 minusque
1950 2767 2115 2835 nota,
2150 2761 2294 2824 ideo

800 2859 1013 2922 minus
1064 2867 1383 2941 optantur,
1426 2859 1580 2940 quia
1629 2867 1699 2920 ut
1734 2859 1960 2920 asserit
2000 2859 2296 2940 Augusti-

799 2978 943 3033 nus,
983 2957 1186 3020 invisa
1216 2958 1478 3037 diligere
1518 2976 1879 3039 possumuS,
1916 2976 2041 3020 non
2081 2967 2293 3020 autem

1566 520 1915 567 munuum
1957 520 2021 566 IN
2064 520 2203 566 CAP-
2250 520 2354 566 xv1
2395 519 2582 567 LUGAE..
2629 541 2708 552 -
2751 522 2894 567 Am.
2941 523 3138 568 xxxlx

2329 1872 2375 1933 B
2403 1876 2574 1937 enim
2619 1883 2682 1938 et
2722 1893 2942 1938 omnes
2984 1876 3168 1938 electi
3209 1876 3702 1940 misericordiam
3749 1878 3900 1939 dili—

2405 798 2576 866 sunt,
2620 799 2686 854 et
2727 792 2804 853 ad
2850 793 3116 873 patriam
3163 793 3464 855 claritatis
3511 801 3757 856 aeternae
3795 813 3900 856 su-

2405 889 2670 970 spirant,
2712 892 3002 967 tendunt,
3049 891 3374 968 festinant,
3418 891 3505 954 ibi
3556 892 3895 954 hereditari

2403 996 2715 1070 optantes,

2483 1087 2792 1169 Deinceps
2841 1087 3122 1151 Salvator
3171 1090 3532 1172 parabolam
3581 1089 3764 1153 istam
3815 1091 3896 1153 ad

2405 1187 2804 1268 propositum
2863 1187 3163 1269 applicat.
3217 1190 3301 1250 Et
3347 1207 3455 1265 eqo
3503 1189 3646 1248 dico
3695 1191 3894 1261 vobis,
4053 1190 4093 1244 9

2405 1284 2744 1346 salubriter
2793 1285 3201 1360 consulend0,
3243 1305 3355 1348 seu
3405 1287 3830 1369 praecipiendo
3878 1307 3892 1350 :

2401 1385 2625 1444 Facite
2653 1385 2828 1444 vobis
2867 1386 3106 1445 amicos
3131 1388 3212 1446 de
3239 1405 3610 1446 mammona
3647 1388 3899 1466 iniqui-

2406 1484 2582 1552 tatis,
2631 1483 2694 1545 id
2746 1489 2861 1557 est,
2911 1483 3164 1546 divitias
3210 1491 3273 1545 et
3321 1485 3689 1566 temporalia
3737 1504 3896 1567 pau-

2405 1580 2664 1662 peribus
2723 1582 3058 1662 erogando,
3118 1590 3451 1663 procurate
3503 1583 3681 1646 vobis
3738 1583 3899 1645 ami-

2404 1679 2616 1742 citiam
2665 1685 2940 1742 sanctam
2987 1688 3415 1762 supersanctae
3458 1681 3799 1756 TrinitatiS,
3835 1689 3898 1744 et

2402 1778 2772 1858 angelorum
2802 1785 3184 1852 sanctorum,
3219 1797 3291 1841 ac
3322 1797 3698 1861 pauperum.
3731 1779 3898 1841 Deus

2398 1982 2578 2056 gunt,
2631 1983 2695 2036 et
2750 1974 3046 2037 liberales
3101 1993 3174 2037 ac
3233 1975 3726 2039 misericorditer
3779 1995 3900 2038 sua

2403 2073 2944 2135 communicantes
2974 2073 3304 2136 sinceriter
3333 2080 3565 2136 amant.
3584 2073 3899 2136 Mammon

2402 2171 2652 2255 Syriace
2684 2179 2780 2233 est
2817 2190 3048 2234 nomen
3087 2170 3346 2247 diaboli,
3382 2172 3460 2234 de
3489 2172 3727 2236 divitiis
3765 2191 3904 2234 ma·

2402 2270 2461 2332 le
2503 2269 2909 2351 acquirendis
2959 2287 3069 2332 seu
3120 2271 3554 2352 expendendis
3600 2278 3710 2332 aut
3753 2290 3903 2333 ava-

2403 2367 2556 2429 riter
2604 2368 3054 2431 conservandis
3113 2368 3435 2429 tentantis.
3489 2368 3647 2430 Hinc
3703 2387 3896 2430 mam-

2402 2485 2591 2530 mona
2637 2467 3042 2548 appellantur
3083 2466 3320 2529 divitiae
3362 2487 3375 2529 :
3418 2485 3562 2548 quae
3597 2467 3894 2530 dicuntur

2403 2585 2764 2628 mammona
2802 2565 3179 2646 iniquitatiS‚
3217 2583 3340 2628 non
3380 2567 3551 2646 quod
3591 2565 3656 2626 in
3697 2583 3764 2627 se
3803 2565 3894 2647 ip-

2405 2664 2492 2726 sis
2523 2663 2649 2725 sint
2679 2663 2860 2726 malae
2887 2671 2997 2725 aut
3027 2663 3287 2738 vitiosae,
3322 2683 3524 2744 quum
3548 2671 3702 2726 teste
3731 2663 3894 2745 Apo-

2405 2763 2586 2838 st010,
2639 2763 2846 2826 omnis
2899 2770 3184 2824 creatura
3233 2762 3342 2824 Dei
3403 2763 3485 2825 sit
3531 2763 3732 2838 bona3
3783 2763 3892 2824 sed
3929 2778 4202 2825 1nn.1v,‡.
4285 2747 4288 2830 Ι

2404 2861 2622 2923 multis
2672 2862 2751 2924 de
2798 2860 3006 2923 causis
3054 2861 3209 2922 tales
3260 2861 3559 2922 dicuntur
3599 2880 3613 2924 ε
3660 2860 3889 2934 Primo,
4285 2847 4288 2940 ἰ

2402 2959 2554 3042 quia
2593 2960 2938 3021 multorum
2980 2959 3282 3023 vitiorum
3321 2966 3469 3020 sunt
3505 2959 3764 3020 materia
3807 2967 3898 3020 at·
4285 2943 4288 2992 Ι

802 3057 1139 3137 incognita.
1172 3056 1291 3118 Sed
1334 3057 1465 3118 haec
1506 3056 1662 3118 ratio
1699 3056 1764 3117 in
1798 3056 1952 3118 viris
1994 3055 2294 3138 perfectis
2331 3055 2376 3120 G
2403 3073 2529 3137 que
2578 3056 2845 3118 occasio.
2889 3055 3149 3138 Propter
3196 3055 3366 3137 quod
3415 3055 3499 3117 ait
3549 3055 3829 3116 Valerius
3877 3073 3891 3117 :

802 3155 1011 3219 locum
1051 3173 1177 3218 non
1221 3155 1429 3228 habet,
1473 3155 1585 3236 qui
1624 3153 1821 3217 fidem
1873 3155 2109 3217 habent
2148 3174 2296 3218 cum

802 3254 1073 3337 copiosis
1127 3253 1477 3316 rationibus
1534 3254 2015 3328 credendorum,
2070 3253 2300 3334 purifi-

802 3360 1082 3435 cataeque
1124 3352 1355 3414 mentis
1398 3351 1837 3432 intelligentia.
1873 3351 2098 3427 Tertia,
2138 3371 2299 3434 quo-

803 3451 973 3514 niam
1023 3450 1241 3512 multis
1282 3449 1527 3513 viribus
1576 3451 1745 3512 circa
1793 3450 2121 3513 sensibilia
2161 3469 2299 3514 ver-

803 3569 1038 3624 samur,
1099 3557 1291 3631 atque
1355 3549 1435 3611 ab
1504 3548 1596 3610 eis
1662 3567 2017 3625 movemur,
2082 3557 2298 3631 utpote

804 3647 1221 3711 exterioribus
1269 3666 1343 3709 ac
1400 3647 1809 3710 interioribus
1859 3648 2176 3723 sensibuS,
2227 3667 2299 3710 ac

804 3746 1045 3828 duplici
1092 3746 1381 3828 appetitu
1431 3745 1756 3820 sensitivo,
1804 3746 2101 3809 videlicet
2153 3767 2301 3810 con-

804 3843 1189 3926 cupiscibili,
1241 3851 1305 3906 et
1350 3843 1678 3906 irascibili.
1726 3843 1937 3919 Porro,
1986 3845 2153 3907 circa
2201 3846 2300 3908 in-

802 3943 1161 4024 telligibilia
1186 3952 1246 4005 et
1276 3941 1625 4025 spiritualia
1655 3941 1783 4006 solo
1813 3942 2137 4005 intellectu
2166 3961 2300 4007 ver-

804 4060 1019 4103 samur
1060 4049 1122 4103 et
1163 4040 1503 4105 voluntate.

882 4138 1099 4202 Merito
1127 4157 1385 4221 quoque
1413 4139 1563 4202 boni
1596 4146 1899 4203 vocantur
1929 4139 2052 4202 filii
2081 4141 2244 4203 lucis
2280 4160 2294 4204 :

2403 3154 2588 3216 Dives
2633 3154 2834 3216 currit
2873 3155 2951 3216 ad
2993 3154 3268 3227 libitum,
3311 3153 3551 3216 corruit
3590 3155 3666 3215 ad
3710 3152 3898 3216 illici-

2404 3259 2556 3314 tum.
2585 3251 2660 3314 Et
2687 3252 2914 3314 Paulus
2943 3259 3246 3314 testatur:
3273 3251 3388 3324 Qui
3421 3252 3640 3315 volunt
3667 3251 3893 3315 divites

2405 3351 2573 3424 fieri,
2610 3351 2902 3413 incidunt
2939 3351 3007 3413 in
3046 3351 3456 3414 tentationem
3494 3358 3557 3412 et
3597 3349 3894 3433 laqueum

2408 3448 2665 3524 diaboli,
2700 3457 2761 3510 et
2801 3449 2866 3512 in
2909 3449 3217 3511 desideria
3260 3449 3510 3510 inutilia
3552 3456 3615 3510 et
3650 3449 3893 3512 nociva.

2404 3547 2710 3623 Secundo,
2753 3547 2906 3629 quia
2949 3546 3372 3610 communiter
3421 3547 3640 3629 inique
3685 3546 3900 3627 acqui-

2407 3654 2656 3720 runtur,
2689 3663 2876 3708 avare
2906 3652 3259 3720 servantur,
3285 3645 3505 3707 illicite
3535 3645 3901 3727 expendun-

2405 3751 2530 3805 tur.
2565 3744 2741 3806 Unde
2781 3745 2859 3806 ad
2899 3744 3296 3805 innuendum
3341 3763 3534 3825 quam
3574 3762 3784 3806 rarum
3822 3761 3897 3806 ac

2406 3841 2676 3904 difficile
2707 3843 2787 3904 sit
2823 3843 3084 3905 divitem
3115 3859 3252 3904 esse
3288 3841 3555 3922 justum,
3587 3841 3894 3923 scriptum

2407 3949 2501 4002 est
2544 3941 2609 4003 in
2649 3940 3088 4003 Ecclesiastico
3121 3958 3136 4002 ε
3171 3939 3392 4001 Beatus
3435 3941 3610 4002 dives
3645 3940 3756 4021 qui
3800 3939 3896 4001 in·
3925 3963 4202 4007 [ceceanu.

2407 4047 2635 4102 ventus
2685 4045 2780 4100 est
2829 4039 2967 4100 sine
3009 4037 3275 4112 macula,
3317 4038 3428 4120 qui
3481 4046 3623 4120 post
3665 4056 3892 4099 aurum
3921 4029 4046 4078 ⁸³·

2408 4156 2534 4200 non
2573 4136 2751 4211 abiit,
2787 4154 2905 4199 nee
2934 4135 3212 4218 speravit
3249 4135 3314 4197 in
3356 4135 3628 4218 pecunia
3664 4144 3726 4198 et
3762 4136 3897 4198 the-

3934 3277 4071 3321 Ibid-
4093 3289 4148 3324 τι,
4167 3276 4204 3315 9.

807 4236 1035 4311 Primo,
1067 4237 1219 4320 quia
1257 4255 1370 4319 per
1404 4238 1725 4300 caritatem
1756 4245 1819 4300 et
1845 4239 2111 4318 gratiam
2153 4247 2302 4302 sunt
2330 4239 2380 4302 D
2409 4237 2634 4298 sauris.
2667 4235 2816 4308 Quis
2857 4243 2952 4298 est
2988 4235 3138 4297 hic?
3171 4243 3234 4297 et
3263 4234 3659 4297 laudabimus
3697 4253 3845 4296 eum
3877 4253 3893 4297 τ

808 4334 931 4397 filii
972 4335 1131 4398 lucis
1171 4336 1483 4411 increatae,
1528 4337 1605 4398 de
1643 4355 1773 4417 qua
1814 4336 1881 4399 in
1918 4336 2154 4400 Joanne
2193 4338 2302 4400 ha-

810 4435 997 4498 betur
1030 4453 1043 4496 :
1079 4435 1240 4496 Deus
1270 4441 1366 4496 est
1402 4434 1533 4508 lux,
1568 4441 1629 4496 et
1666 4434 1943 4498 tenebrae
1984 4455 2108 4498 non
2153 4446 2301 4499 sunt

809 4531 873 4593 in
906 4549 980 4594 eo
1014 4531 1177 4593 ullae.
1197 4530 1506 4606 Secundo,
1527 4531 1829 4612 quoniam
1860 4531 2159 4609 lucidam,
2180 4534 2300 4597 hoc

805 4638 903 4693 est
934 4631 1278 4695 virtuosam
1310 4638 1371 4692 et
1404 4630 1856 4712 exemplarem,
1890 4629 2124 4694 habent
2155 4652 2297 4696 con-

806 4729 1249 4793 versationem.
1301 4728 1477 4790 Unde
1531 4728 1612 4790 ab
1667 4728 1967 4810 Apostolo
2024 4729 2134 4792 lux
2194 4750 2302 4796 vo-

806 4835 1067 4890 cantur:
1092 4827 1344 4902 Fuistis‚
1372 4827 1601 4909 inquit,
1626 4827 1966 4909 aliquando
1995 4827 2294 4906 tenebrae,

811 4945 985 4989 nunc
1024 4934 1235 4989 autem
1284 4926 1394 4988 lux
1434 4927 1499 4988 in
1548 4926 1832 4991 Domino.
1879 4926 2106 5004 Tertio,
2142 4948 2300 5010 quo-

804 5024 975 5086 niam
1015 5025 1197 5088 donis
1245 5025 1461 5105 gratiae
1508 5032 1756 5105 gratum
1796 5026 2109 5100 facientiS‚
2155 5047 2298 5109 quae

802 5123 1045 5185 lumina
1072 5124 1364 5205 quaedam
1396 5129 1564 5196 sunt,
1600 5124 1768 5185 intus
1799 5133 2119 5198 ornantur,
2156 5127 2298 5188 sub-

802 5223 1061 5297 duntur,
1096 5230 1422 5302 reguntur.
1457 5219 1706 5297 Quarto,
1750 5223 1901 5304 quia
1942 5241 2154 5286 veram
2206 5225 2299 5285 lu-

804 5337 963 5393 cem,
996 5337 1139 5400 quae
1178 5319 1340 5380 Deus
1380 5326 1493 5394 est,
1528 5337 1720 5400 super
1750 5321 1963 5384 omnia
1996 5321 2290 5403 diligunt.

2409 4333 2562 4397 fecit
2597 4335 2768 4397 enim
2823 4333 3141 4395 mirabilia
3177 4333 3244 4395 in
3283 4333 3412 4396 vita
3461 4352 3593 4395 sua.
3635 4333 3902 4414 Insuper

2411 4434 2648 4497 divitiae
2679 4434 2992 4503 dicuntur,
3018 4432 3394 4514 miquitatis,
3414 4431 3595 4513 quasi
3627 4432 3904 4513 inaequa-

2410 4532 2628 4607 litatis,
2693 4533 2847 4615 quia
2906 4531 3304 4612 inaequaliter
3362 4530 3783 4611 possidentur,
3839 4538 3904 4592 et

2411 4652 2538 4696 non
2579 4651 2760 4714 aeque
2798 4631 3152 4694 retinentur
3185 4649 3199 4692 :
3232 4628 3384 4711 quia
3422 4630 3592 4711 quod
3622 4629 3765 4711 quis
3779 4629 3904 4690 -ul-

2410 4739 2507 4795 tra
2543 4730 2899 4794 necessaria
2929 4730 3073 4792 vitae
3113 4727 3234 4791 sibi
3275 4735 3571 4802 reservat,
3607 4745 3722 4790 nec
3757 4747 3903 4809 pro—

2408 4831 2728 4893 ximorum
2785 4827 3142 4892 necessitati
3201 4827 3644 4900 communicat,
3699 4844 3900 4888 mam-

2410 4948 2595 4994 mona
2633 4927 2987 5009 iniquitatis
3019 4932 3330 4988 censetur.
3363 4924 3714 4987 Mansuram
3743 4943 3896 4989 vero

2407 5028 2561 5090 recti
2611 5025 3059 5089 moderaminis
3111 5024 3174 5086 in
3223 5023 3463 5086 divitiis
3519 5024 3892 5105 appetendis

2405 5135 2514 5188 aut
2543 5125 2990 5188 conservandis
3022 5125 3202 5186 docet
3230 5120 3586 5204 ApostoluS,
3621 5121 3836 5183 dicens
3871 5142 3885 5186 :

2407 5224 2716 5286 Habentes
2756 5222 3057 5283 alimenta
3085 5231 3148 5284 et
3174 5219 3409 5301 quibus
3447 5226 3752 5300 tegamur,
3786 5220 3889 5282 his
3919 5247 4196 5299 115„‚„‚g,

2405 5321 2684 5387 contenti
2733 5321 2954 5382 simus.
3000 5319 3206 5382 Potest
3253 5317 3442 5379 etiam
3489 5317 3754 5380 verbum
3803 5318 3889 5380 is-
