4300 6259
1177 490 1527 539 mma-rm
1570 490 1634 536 m
1675 489 1813 537 cAr.
1861 487 1924 535 x1
1967 488 2155 536 Lucae.
2201 508 2281 519 —
2322 489 2464 535 aar.
2508 486 2661 537 xxlx
3388 464 3466 535 33

354 668 602 723 stanter
661 662 890 743 petatis
954 680 968 725 ε
1027 663 1198 743 quod
1259 663 1450 725 etiam
1512 659 1864 744 praesertim
1895 658 1944 720 A
1974 662 2424 738 scorpionem?
2470 658 2903 741 Nequaquam.
2956 658 3047 721 Ex
3097 659 3194 721 his
3244 659 3467 721 simili-

356 758 854 839 intelligendum
898 768 1006 821 est
1055 762 1133 822 de
1182 760 1578 823 orationibus
1631 779 1746 841 pro
1798 778 1866 821 se
1979 757 2309 821 tudinibus
2341 758 2627 820 Christus
2658 757 3127 821 concluditzSi
3156 778 3303 835 erqo
3333 777 3466 827 vos,

355 856 506 938 ipso
545 856 796 933 effusis,
840 858 994 939 quia
1037 878 1164 922 non
1215 876 1470 940 semper
1519 859 1868 920 exaudiun—
1977 854 2269 918 homines
2318 854 2575 936 fragiles
2623 862 2686 917 et
2733 854 3052 929 mortaleS,
3086 875 3287 934 quum
3323 857 3467 915 sitis

355 962 464 1015 tur
498 955 710 1017 devoti
741 974 858 1037 pro
886 955 1052 1029 aliis,
1089 964 1354 1037 propter
1382 956 1865 1037 incapacitatem
1977 957 2165 1021 mali,
2198 953 2317 1015 hoc
2348 960 2463 1027 est,
2498 954 2939 1035 multipliciter
2976 952 3347 1027 defectuosi,
3381 960 3471 1014 at-

356 1051 644 1115 illorum.
679 1053 840 1115 Hinc
867 1053 1060 1116 etiam
1092 1055 1379 1117 Christus
1409 1062 1696 1136 tempore
1727 1073 1868 1136 pas·
1976 1070 2103 1132 que
2133 1053 2211 1114 ad
2245 1060 2501 1133 peccata
2524 1052 2860 1133 proclives,
2895 1060 2957 1113 et
2988 1052 3051 1113 in
3086 1052 3327 1126 multiS,
3352 1050 3474 1112 sal-

75 1168 218 1211 ]οωι.
236 1181 322 1217 m,
354 1151 563 1213 sionis
613 1152 924 1215 instanter
973 1152 1134 1214 dixit
1177 1172 1190 1215 :
1234 1152 1297 1214 Si
1348 1153 1505 1235 quid
1555 1152 1865 1234 petieritis
1977 1157 2106 1213 tem
2146 1150 2504 1214 venialibus
2544 1152 2840 1233 peccatiS,
2875 1151 3161 1232 quotidie
3191 1150 3474 1232 culpabi-

355 1248 608 1310 Patrem
645 1250 710 1311 in
746 1250 1004 1312 nomine
1045 1269 1208 1325 meo,
1245 1251 1420 1313 dabit
1451 1250 1655 1313 vobiS.
1693 1254 1870 1320 Quoe-
1978 1250 2310 1323 leS,nostis
2339 1253 2501 1311 bona
2530 1252 2686 1310 data
2715 1253 2874 1310 dare
2890 1252 3054 1327 filiis
3084 1252 3332 1320 vestris,
3354 1250 3474 1311 hoc

355 1349 516 1416 rite,
535 1356 596 1407 et
623 1350 1011 1420 invenietis;
1019 1353 1309 1427 pulsate,
1327 1359 1388 1410 ec
1413 1350 1745 1426 aperietur
1773 1368 1871 1409 vo·
1979 1356 2075 1410 est
2105 1348 2271 1411 bona
2300 1348 2613 1411 exteriora
2639 1348 2887 1429 corpori
2919 1364 3069 1411 vere
3100 1348 3467 1423 necessaria,

355 1446 478 1506 bis.
511 1443 808 1507 Eamdem
842 1447 1223 1509 sententiam
1257 1446 1544 1509 Christus
1576 1446 1696 1509 sub
1727 1446 1870 1507 aliis
1981 1466 2124 1529 quae
2156 1446 2315 1508 datis
2349 1444 2505 1508 siliis
2534 1446 2759 1509 vestris
2792 1445 3153 1507 carnalibus
3182 1466 3197 1525 3
3230 1456 3474 1527 quanto

356 1543 580 1605 verbis
645 1543 1020 1625 frequenter
1087 1546 1377 1619 resumit,
1436 1554 1504 1606 ut
1561 1544 1870 1626 jussionis
1982 1547 2191 1622 mayis
2229 1547 2432 1607 Pater
2472 1554 2673 1605 vester
2712 1548 2791 1605 de
2832 1548 3010 1615 coeZO,
3042 1544 3106 1607 id
3154 1552 3249 1606 est
3296 1544 3476 1606 Pater

355 1640 562 1721 hujus
611 1642 854 1705 utilitas
895 1644 1252 1719 denotetur,
1297 1651 1361 1705 et
1406 1643 1578 1725 quod
1616 1644 1704 1705 ait
1742 1642 1873 1705 Sal·
1983 1643 2281 1717 coelestiS,
2320 1642 2614 1705 videlicet
2651 1641 2923 1705 Trinitas
2963 1642 3127 1705 Deus
3172 1663 3185 1706 :
3229 1644 3339 1725 qui
3384 1643 3477 1705 di-

355 1748 565 1814 vator,
609 1742 842 1804 nostris
893 1742 1216 1805 mentibus
1264 1742 1494 1805 fortius
1527 1730 1873 1823 'imprima-
1983 1743 2148 1805 citur
2200 1750 2378 1824 pater
2426 1741 2617 1803 variis
2656 1742 2885 1816 modiS,
2930 1748 3000 1803 ut
3048 1742 3289 1805 dictum
3335 1751 3471 1823 est3

351 1846 490 1911 tur,
543 1839 765 1921 sicque
814 1841 894 1903 ad
943 1841 1470 1903 instantissimam
1520 1841 1869 1904 orationem
1907 1840 2166 1903 Bdabit
2212 1842 2525 1919 spiritum
2575 1842 2839 1911 bonum,
2888 1841 2953 1903 id
3012 1848 3107 1903 est
3164 1840 3471 1923 Spiritum

354 1956 478 1999 nos
533 1946 854 2018 provocet.
907 1938 1176 2002 Possunt
1224 1947 1436 2001 tamen
1495 1939 1629 2001 haec
1677 1937 1872 2000 verba
1981 1938 2280 2001 Sanctum
2343 1937 2764 2001 essentialiter
2820 1938 3083 2015 bonum,
3136 1947 3199 2001 et
3248 1958 3473 2022 puram

355 2054 478 2117 per
510 2036 1098 2118 appropriationem
1129 2039 1469 2119 quamdam
1507 2037 1874 2099 diversimo-
1983 2038 2493 2118 immensamque
2523 2036 2871 2099 bonitatem
2899 2038 3006 2117 (de
3035 2057 3165 2119 quo
3194 2038 3282 2100 ait
3311 2037 3477 2100 Psal-

354 2134 436 2194 de
479 2134 833 2215 explanari,
875 2135 1146 2198 dicendo
1181 2154 1194 2197 :
1229 2134 1446 2208 Petite,
1481 2133 1740 2197 cordiali
1781 2133 1872 2196 af·
1984 2136 2171 2197 mista
2207 2155 2221 2199 :
2255 2134 2531 2217 Spiritus
2564 2143 2710 2197 tuus
2741 2135 2946 2200 bonus
2978 2137 3246 2199 deducet
3275 2156 3377 2199 me
3410 2138 3475 2199 in

354 2231 579 2311 ‚fectug
633 2233 922 2315 quaerite,
969 2234 1254 2298 oratione
1301 2234 1549 2314 vocali3
1598 2234 1867 2316 pulsate,
1983 2243 2217 2297 terram
2270 2234 2553 2314 rectam),
2600 2236 2962 2313 petentibus
2997 2255 3085 2305 se,
3124 2237 3474 2299 secundum

353 2332 846 2395 conversatione
903 2332 1230 2395 laudabili.
1291 2332 1598 2413 Itemque,
1650 2332 1869 2408 Petite,
1984 2332 2271 2395 debitum
2303 2333 2565 2395 modum
2592 2332 2857 2395 orandi?
2888 2331 3097 2396 Oratio
3129 2352 3381 2416 nempe,
3410 2342 3477 2397 ut

353 2430 534 2493 bona
583 2429 992 2511 incipiendo;
1048 2431 1337 2512 quaerite‚
1382 2432 1870 2513 prosequend03
1983 2431 2207 2493 asserit
2235 2430 2680 2505 DamascenuS,
2716 2438 2814 2492 est
2850 2431 3071 2513 petitio
3111 2432 3473 2495 decentium

356 2528 637 2610 pulsate,
663 2546 870 2610 usque
903 2528 966 2590 in
998 2528 1204 2591 finem
1234 2529 1869 2610 perseverando.Vel,
1982 2548 2020 2590 a
2047 2528 2195 2593 Deo.
2229 2529 2471 2591 Dicitur
2499 2536 2711 2591 autem
2743 2527 3015 2611 Spiritus
3047 2530 3311 2594 Sanctus
3342 2533 3476 2593 dari

352 2626 562 2689 Petite
595 2644 710 2707 per
736 2625 1238 2708 fidem,quaerite
1269 2646 1384 2709 per
1413 2646 1609 2709 spem,
1628 2627 1873 2708 pulsate
1983 2626 2084 2689 his
2133 2627 2371 2709 quibus
2421 2647 2535 2689 sua
2586 2629 2749 2690 dona
2792 2630 2871 2691 ad
2917 2630 3182 2710 gratiam
3226 2639 3476 2711 gratum

355 2742 480 2805 per
523 2724 877 2786 caritatem.
910 2724 1178 2788 Fervide
1219 2726 1465 2807 quippe
1502 2725 1773 2788 amando
1811 2733 1875 2787 et
1983 2724 2321 2788 facientem
2354 2726 2738 2807 pertinentia
2766 2726 3209 2805 infunduntur,
3230 2729 3478 2791 dicente

352 2823 728 2905 appetendo
767 2823 1006 2897 divina,
1043 2824 1226 2905 quasi
1267 2824 1702 2886 indesinenter
1734 2823 1875 2904 pul-
1983 2824 2283 2907 Apostolo
2328 2843 2359 2885 z·
2386 2823 2621 2887 Caritas
2658 2825 2767 2887 Dei
2809 2825 3047 2888 diffusa
3085 2836 3182 2890 est
3228 2827 3293 2889 in
3344 2846 3479 2891 cor-

353 2941 582 2984 samus
609 2923 690 2984 ad
719 2923 956 2987 ostium
988 2940 1284 3005 supernae
1314 2923 1688 2985 clementiae.
1714 2922 1875 2984 Hinc
1985 2923 2175 2984 dibus
2228 2922 2461 2985 nostris
2512 2941 2628 3004 per
2670 2922 2976 3005 Spiritum
3020 2924 3319 2988 Sanctum
3364 2924 3476 3008 qui

75 3034 321 3086 nunu.
353 3022 447 3084 ait
497 3021 834 3083 Psalmista
887 3040 900 3084 :
952 3022 1228 3085 Laetetur
1283 3042 1392 3085 cor
1443 3020 1871 3103 quaerentium
1907 3024 1950 3088 C
1982 3021 2166 3083 datus
2206 3027 2301 3081 est
2341 3019 2549 3082 nobis.
2582 3021 2819 3103 Itaque,
2864 3023 2916 3083 si
2958 3031 3138 3104 pater
3180 3024 3474 3099 carnaliS,

355 3120 751 3201 Dominum3
804 3121 1073 3202 quaerite
1120 3121 1459 3183 Dominum
1520 3127 1584 3181 et
1638 3118 1875 3183 confir·
1983 3118 2345 3181 carnalibus
2391 3117 2547 3180 siliis
2590 3121 2941 3201 corporalia
2982 3120 3147 3185 bona
3186 3124 3473 3205 largitur,

355 3218 656 3292 mamini,
699 3218 966 3299 quaerite
1015 3217 1246 3281 faciem
1297 3219 1436 3299 ejus
1477 3236 1753 3299 semper.
1797 3217 1873 3279 Et
1981 3217 2185 3279 multo
2214 3216 2413 3297 magis
2443 3215 2607 3277 Deus
2636 3218 3062 3300 omnipotenS,
3084 3228 3324 3283 creator
3354 3222 3479 3304 spi-

76 3330 322 3387 Sap.·,1.2.
356 3318 426 3379 in
478 3316 652 3379 libro
692 3315 1034 3398 Sapientiae
1083 3316 1354 3379 habetur
1398 3335 1412 3379 :
1454 3316 1522 3378 In
1564 3316 1874 3398 simplici·
1983 3314 2245 3388 rituum,
2300 3314 2781 3397 spiritualisque
2839 3325 3017 3398 pater
3073 3318 3474 3382 rationalium

355 3424 488 3478 tate
530 3416 742 3479 cordis
785 3415 1052 3497 quaerite
1097 3415 1303 3489 illum,
1346 3414 1651 3497 quoniam
1697 3416 1872 3478 inve-
1979 3413 2363 3487 animarum,
2415 3411 2573 3475 filiis
2632 3414 2764 3476 suis
2822 3416 2901 3477 ad
2960 3434 3027 3477 se
3085 3415 3477 3481 incessanter

357 3516 544 3576 nitur
586 3514 668 3576 ab
710 3514 810 3575 his
854 3514 968 3595 qui
1011 3533 1138 3577 non
1179 3521 1428 3576 tentant
1469 3513 1677 3575 illum.
1982 3510 2428 3586 clamantibus,
2485 3511 2843 3594 spiritualia
2899 3513 3066 3575 bona
3122 3516 3472 3592 distribuit,

157 3612 220 3666 10
466 3612 698 3673 Omnis
741 3614 914 3673 enim
967 3613 1086 3692 qui
1124 3615 1318 3689 petit,
1365 3614 1606 3690 accipit
1662 3632 1699 3676 a
1747 3612 1872 3676 Deo
1984 3610 2339 3691 praesertim
2392 3629 2593 3691 quum
2645 3611 2783 3692 ipse
2832 3611 2897 3673 in
2946 3612 3120 3676 omni
3170 3613 3472 3690 bonitate,

355 3710 540 3791 quod
590 3707 774 3791 petit,
814 3708 996 3790 juxta
1035 3728 1294 3773 sensum
1345 3718 1716 3793 praetactum
1755 3730 1770 3784 ς
1812 3719 1872 3770 et
1983 3708 2347 3781 dilectione,
2402 3707 2655 3790 pietate,
2712 3717 2773 3771 et
2827 3710 3155 3791 opulentia
3214 3720 3475 3775 cunctos

353 3810 482 3888 qui
510 3808 774 3887 quoerit,
798 3808 1089 3879 invenit,·
1109 3816 1170 3867 et
1187 3810 1492 3885 pulsanti
1521 3810 1870 3887 aperietur,
1983 3805 2238 3867 infinite
2281 3806 2563 3868 excedat.

356 3906 486 3969 hoe
525 3912 646 3977 est,
685 3922 980 3967 accessus
1019 3904 1078 3967 ei
1121 3904 1200 3966 ad
1238 3904 1438 3967 Deum
1483 3905 1743 3987 patebit,
1777 3912 1872 3967 at·
2061 3903 2366 3967 Praeterea
2410 3906 2792 3967 advertenda
2839 3914 2987 3968 sunt
3035 3907 3229 3970 verba
3265 3906 3327 3969 S.
3370 3907 3480 3970 Ba-

355 4022 494 4086 que
543 4010 850 4067 aeternam
899 4001 1363 4065 beatitudinem
1414 4003 1806 4083 ingredietur
1853 4022 1866 4066 :
1983 4003 2133 4077 silii,
2188 4003 2293 4065 hic
2341 4003 2677 4065 scribentis
2726 4023 2739 4066 τ
2788 4002 2851 4067 Si
2900 4005 3047 4087 quis
3096 4024 3174 4069 ex
3223 4015 3478 4089 torpore

359 4102 722 4164 dummodo
768 4108 906 4164 oret
953 4100 1120 4162 sicut
1166 4101 1479 4164 orandum
1529 4109 1644 4175 est,
1692 4120 1874 4165 oran·
1982 4102 2278 4164 exhibeat
2317 4120 2385 4163 se
2424 4102 2753 4165 desideriis
2794 4104 2993 4178 vaniS,
3029 4123 3141 4167 seu
3179 4108 3481 4189 concupi-

354 4203 442 4264 do
487 4202 558 4263 in
604 4200 866 4263 nomine
905 4199 1054 4261 Iesu
1103 4198 1357 4273 Christi,
1405 4200 1526 4263 hoc
1570 4209 1666 4262 est
1706 4200 1874 4262 salu·
1903 4205 1952 4267 D
1984 4200 2244 4263 scentiis
2291 4200 2670 4281 acquiescat,
2708 4209 2771 4263 et
2814 4203 3079 4266 traditor
3128 4205 3227 4267 sui
3276 4206 3479 4288 ipsius

357 4300 572 4361 briter
611 4316 730 4381 pro
769 4298 870 4359 his
910 4316 1055 4379 quae
1094 4298 1418 4380 pertinent
1456 4299 1534 4360 ad
1577 4298 1868 4373 salutem,
1982 4300 2100 4362 fiat
2146 4300 2214 4362 in
2264 4319 2489 4362 manus
2536 4299 2815 4363 hostium
2862 4320 2877 4363 ε
2926 4302 3099 4365 hunc
3148 4303 3312 4367 Deus
3364 4324 3481 4367 nec

357 4406 426 4461 et
477 4404 968 4479 perseveranter
1008 4416 1082 4459 ac
1133 4397 1260 4479 pie,
1307 4405 1372 4459 et
1410 4395 1603 4459 etiam
1647 4415 1762 4478 pro
1805 4415 1873 4459 se
1985 4400 2263 4480 adjuvat,
2299 4416 2415 4460 nec
2458 4399 2733 4473 exaudit,
2768 4399 3071 4481 quoniam
3112 4421 3227 4484 per
3262 4421 3481 4486 pecca-

361 4498 537 4579 ipso.
1985 4504 2122 4559 tum
2154 4514 2222 4558 se
2250 4495 2403 4558 fecit
2430 4495 2707 4558 alienum
2739 4516 2776 4558 a
2808 4497 2945 4561 Deo.
2978 4498 3166 4562 Decet
3194 4518 3344 4583 ergo
3376 4503 3483 4567 ho-

447 4594 935 4675 Consequenter
976 4592 1262 4655 Christus
1309 4610 1581 4674 arguens
1629 4611 1744 4675 per
1786 4594 1878 4658 lo-
1986 4597 2226 4658 minem
2264 4594 2498 4659 offerre
2527 4595 2651 4659 Deo
2690 4595 3006 4678 quidquid
3046 4598 3312 4663 interest
3342 4621 3477 4678 sua,

358 4712 518 4755 cum
559 4710 598 4753 a
636 4690 888 4772 maJ'ori,
931 4690 1208 4754 ostendit
1249 4710 1442 4773 quam
1485 4690 1876 4755 fiducialiter
1985 4694 2258 4757 clamare
2286 4712 2543 4776 quoque
2571 4696 2650 4757 ad
2679 4695 2877 4758 Deum
2910 4704 2979 4757 ut
3014 4698 3278 4778 adjuvet
3305 4719 3477 4764 eum.

165 4798 221 4852 11
363 4790 770 4853 invocandus
801 4789 883 4850 sit
921 4788 1108 4850 Deus,
1145 4791 1303 4859 Quis
1338 4798 1554 4851 autem
1591 4811 1673 4850 eoe
1702 4795 1876 4853 vobis
1985 4793 2094 4856 Est
2139 4801 2351 4855 autem
2395 4792 2687 4855 divinum
2732 4794 3089 4858 subsidium
3141 4797 3483 4880 imploran-

351 4899 624 4969 pacrem
672 4887 992 4949 carnalem
1037 4890 1202 4964 petit
1240 4908 1507 4966 panem,
1549 4894 1878 4969 numquid
1987 4894 2159 4965 dum,
2190 4910 2313 4953 non
2347 4890 2627 4968 remisse,
2650 4910 2767 4954 nec
2796 4905 3005 4958 mente
3035 4896 3162 4958 huc
3194 4896 3479 4979 illucque

362 4994 553 5070 pater
583 4986 873 5062 lapidem
901 4986 1084 5045 dabit
1112 4987 1244 5054 illi,
1269 4986 1562 5049 videlicet
1590 4987 1731 5050 silio
1761 5007 1876 5052 suo
1988 4996 2270 5071 vagante,
2304 5006 2378 5051 eo
2406 4990 2579 5069 quod
2610 4989 2774 5064 talis,
2810 5010 2935 5055 non
2966 4994 3176 5057 solum
3206 5014 3334 5059 non
3367 4998 3483 5059 im-

365 5084 657 5149 carnali?
705 5080 844 5145 Non
896 5082 1141 5164 utique.
1191 5088 1330 5145 Aut
1366 5088 1633 5162 piscem,
1683 5108 1878 5148 num·
1988 5087 2261 5170 petrabit
2296 5087 2469 5168 quod
2519 5088 2697 5169 petit,
2734 5088 2862 5151 imo
2902 5093 3100 5173 magis
3140 5093 3483 5159 Dominum

167 5189 231 5245 12
364 5184 538 5265 quid
569 5201 694 5260 pro
729 5184 908 5259 pisce
938 5191 1292 5259 serpentem
1329 5184 1515 5245 dabit
1551 5186 1709 5244 illi?
1738 5188 1876 5246 Aut
1985 5184 2271 5247 irritabit.
2289 5183 2443 5245 Nam
2474 5184 2526 5247 si
2556 5185 2699 5267 quis
2729 5205 2937 5251 coram
2968 5191 3261 5274 principe
3291 5202 3478 5270 stam,

363 5284 428 5343 si
467 5282 744 5359 petierit
790 5300 1014 5350 ovum,
1055 5284 1385 5361 numquid
1423 5284 1716 5361 porriyet
1765 5285 1878 5343 illi
1985 5283 2191 5345 fixum
2238 5301 2311 5345 ac
2348 5283 2735 5345 custoditum
2773 5285 2964 5347 habet
2998 5295 3125 5349 tam
3174 5292 3485 5355 extrinse-

623 5414 691 5465 T.
722 5414 804 5465 12.
3204 5424 3235 5477 3

3605 766 3673 821 13

3546 2155 3624 2199 Pe.
3648 2169 3697 2198 cx
3740 2170 3751 2197 ι

3508 2220 3575 2261 10.

3520 2845 3649 2889 Rom.
3667 2860 3707 2896 τ,
3759 2875 3772 2888 .
