4300 6259
1095 515 1446 563 RNARRATIO
1487 515 1553 561 IN
1593 514 1730 561 GAP.
1776 514 1842 561 x!
1884 514 2161 561 semis.
2208 533 2288 545 —·
2330 515 2471 561 Am.
2518 515 2714 561 xxvln

3340 498 3464 571 479

338 707 494 751 esse
543 688 774 751 securi.
809 687 926 761 Qui
965 694 1180 751 autem
1219 687 1504 750 ambulat
1541 687 1608 749 in
1650 694 1856 761 nocte,
1889 685 1940 748 A
1969 704 2094 767 pue
2163 686 2571 749 morabantur
2634 685 2850 749 aemuli
2918 685 3079 768 ejus.
3146 685 3461 762 Secunde,

343 788 422 850 id
471 798 569 852 est
618 787 890 869 caligine
941 786 1312 869 ignorantiae
1361 794 1424 848 et
1472 786 1738 867 peccati,
1771 783 1860 847 os-

344 886 586 963 tendit,
629 888 818 961 cadit,
867 886 1237 959 conteritur,
1285 885 1438 967 quia
1489 886 1597 947 lux
1643 884 1860 965 gratiae

65 1002 300 1057 smne.
345 1007 486 1051 non
528 994 626 1050 est
655 986 720 1049 in
763 1004 860 1061 eo,
896 1004 1014 1049 nec
1053 984 1155 1049 Sol
1195 984 1628 1066 intelligentiae
1658 982 1862 1064 fulget

345 1086 590 1149 animae
638 1085 802 1166 ejuS.
849 1120 926 1131 -
967 1084 1080 1145 Vel
1128 1084 1220 1145 sic
1264 1102 1277 1146 :
1325 1087 1406 1146 Si
1447 1085 1594 1163 quis
1641 1084 1863 1144 ambio-

351 1188 599 1247 laverit
648 1187 722 1245 in
770 1186 904 1253 die,
957 1182 1020 1245 id
1073 1190 1169 1243 est
1215 1200 1492 1255 mecum,
1544 1180 1658 1262 qui
1717 1200 1861 1242 sum

351 1286 498 1347 dies
556 1283 910 1366 spiritualis
961 1280 1335 1343 illuminans
1385 1287 1685 1353 mentem,
1737 1300 1863 1341 non

350 1385 660 1462 offendit,
697 1382 810 1445 sed
852 1388 1028 1443 tutus
1067 1386 1182 1455 est,
1217 1382 1376 1459 quia
1417 1384 1620 1439 lucem
1665 1379 1864 1455 huj-ets

61 1495 202 1537 Joama
225 1508 321 1545 vm,
355 1483 604 1543 vnundi
651 1483 853 1551 videl,
901 1480 965 1542 id
1014 1488 1110 1543 est
1157 1498 1282 1553 me,
1331 1479 1444 1561 qui
1495 1479 1626 1542 dlxi
1675 1497 1688 1541 :
1735 1478 1864 1559 Ego

53 1562 116 1601 ¹²·
355 1600 508 1641 sum
549 1578 662 1641 lux
702 1580 948 1641 mundi.
990 1578 1106 1652 Qui
1146 1579 1319 1640 enim
1363 1578 1550 1641 corde
1592 1576 1865 1659 adspicit

355 1698 436 1741 ac
485 1678 779 1759 sequitur
818 1677 1163 1752 Christum,
1207 1696 1334 1740 non
1375 1676 1604 1739 deviat.
1638 1678 1720 1738 Si
1747 1696 1866 1736 aio-

360 1786 490 1837 tem
538 1778 976 1838 ambulaverit
1027 1777 1098 1835 in
1149 1784 1350 1846 nocte,
1401 1774 1463 1836 id
1513 1780 1608 1835 est
1657 1774 1864 1855 priva—

1968 783 2269 865 quoniam
2322 785 2481 847 dixit
2518 802 2585 846 se
2626 785 2717 846 ire
2756 786 2833 847 ad
2873 784 3307 847 suscitandum
3358 786 3468 847 de-

1969 882 2287 957 functum,
2324 902 2449 946 non
2490 884 2567 945 ad
2607 883 3066 965 disputandum
3110 902 3255 945 cum
3301 882 3469 946 Scri-

1969 980 2068 1042 bis
2118 999 2191 1042 ac
2244 980 2595 1043 Pharisaeis.
2642 980 3003 1043 iucundum
3044 999 3193 1044 vero
3242 989 3338 1044 est
3378 982 3469 1044 vi—

1971 1080 2118 1141 dere
2165 1078 2291 1140 tale
2336 1097 2409 1140 ac
2456 1086 2703 1141 tantum
2748 1079 3151 1155 miraculum,
3194 1080 3468 1143 maxime

1971 1179 2227 1259 quando
2284 1177 2527 1240 amicus
2586 1178 3021 1241 resuscitatur.
3084 1179 3315 1242 Verum
3375 1180 3469 1243 di-

1973 1275 2205 1358 scipuli
2264 1276 2457 1339 verba
2519 1275 2749 1339 Christi
2818 1296 2943 1339 non
3012 1278 3462 1359 intelligenteS,

1973 1376 2246 1437 necdum
2283 1382 2743 1438 consenserunt
2778 1375 2872 1437 ire
2904 1394 3123 1439 versus
3162 1376 3460 1450 Judaeam,

1971 1473 2134 1535 sicut
2184 1473 2479 1535 subditur
2522 1491 2536 1536 :
2582 1476 2909 1535 Dioeerunt
2952 1494 3103 1553 erqo
3150 1476 3464 1553 discipuli
3601 1476 3669 1533 12

1966 1573 2106 1649 ejus
2136 1593 2159 1631 .·
2191 1573 2486 1643 Domine,
2516 1573 2577 1631 si
2612 1573 2856 1633 dormit
2899 1591 3121 1636 somno
3164 1574 3458 1649 naturali,

1967 1674 2187 1730 salvus
2225 1672 2368 1739 erit,
2401 1669 2466 1732 id
2512 1676 2627 1743 est,
2672 1669 3089 1745 convalescet,
3124 1690 3240 1734 nec
3282 1690 3466 1755 opor—

1971 1774 2060 1829 tet
2107 1775 2168 1829 te
2218 1767 2372 1829 illuc
2420 1768 2784 1849 procedere,
2836 1768 2989 1849 quia
3034 1768 3115 1831 ab
3162 1769 3305 1832 aliis
3355 1790 3466 1853 po-

357 1876 538 1938 tione
573 1875 792 1955 gratioe
835 1882 1030 1955 atque
1071 1873 1422 1955 praesentiae
1461 1890 1638 1947 meae,
1669 1876 1866 1950 offen·
1901 1872 1945 1933 Β
1972 1874 2094 1929 test
2121 1886 2159 1929 a
2189 1885 2411 1930 somno
2440 1866 2809 1947 hujusmodi
2847 1868 3159 1930 suscitari.
3193 1868 3464 1934 Somnus

357 1976 464 2033 dit
511 1973 854 2055 peceand0‚
888 1974 1047 2053 quia
1091 1976 1209 2032 lum
1246 1992 1374 2033 non
1413 1981 1504 2032 est
1545 1974 1618 2031 in
1659 1991 1751 2042 ec,
1799 1970 1862 2031 id

361 2080 482 2147 est,
516 2072 822 2153 splendor
859 2071 1079 2152 gratiae
1121 2071 1296 2132 deest
1335 2070 1564 2132 animae
1605 2068 1768 2150 ejus.

147 2172 210 2225 Η
444 2174 601 2232 Haec
637 2172 736 2232 ait
779 2169 960 2232 Jesus
1002 2170 1082 2231 ad
1122 2168 1566 2230 instruendum
1612 2174 1674 2229 et
1717 2186 1865 2231 con-

360 2267 732 2331 fortandum
781 2267 1130 2349 discipulos
1182 2266 1623 2348 pusillanimes
1667 2272 1729 2327 et
1767 2266 1864 2328 in—

360 2368 625 2447 doctos;
667 2378 728 2427 et
755 2376 901 2445 post
937 2369 1071 2427 lcaec
1113 2366 1277 2426 dicit
1323 2366 1416 2424 eis
1462 2382 1719 2426 causam
1767 2364 1864 2427 iti-

359 2466 536 2528 neris
595 2465 696 2527 sui
743 2466 821 2527 ad
867 2465 1148 2527 Judaeam
1201 2482 1214 2526 ε
1266 2467 1564 2524 Lazarus
1612 2465 1863 2525 amicus

356 2576 575 2627 noster
618 2564 953 2646 (quoniam
1010 2563 1279 2625 Lazarus
1337 2569 1581 2625 tantum
1641 2562 1864 2625 dilexit

352 2664 598 2740 Iesum,
660 2664 831 2745 quod
899 2664 1154 2725 omnes'
1188 2679 1447 2743 quoque
1511 2660 1862 2744 discipulos

355 2764 501 2844 ejus
530 2762 797 2842 amavit)
821 2762 1069 2823 dormit
1106 2760 1488 2824 dormitione
1519 2760 1762 2835 mortiS,
1798 2760 1863 2823 id

355 2870 477 2936 est,
513 2859 856 2923 defunctus
903 2867 1021 2933 est,
1063 2865 1126 2920 et
1171 2877 1208 2919 a
1256 2858 1482 2920 mundi
1531 2858 1725 2938 hujus
1767 2866 1866 2921 tu-

360 2959 572 3022 multu
621 2958 919 3041 quiescit.
967 2956 1266 3019 Omnium
1312 2956 1648 3020 hominum
1694 2977 1864 3021 mors

361 3058 668 3123 dormitio
717 3057 971 3130 dicitur,
1023 3056 1329 3138 quoniam
1389 3055 1454 3117 in
1503 3056 1607 3118 die
1657 3057 1866 3121 novis-

363 3159 549 3232 simo,
586 3166 714 3219 tam
759 3155 911 3218 mali
955 3174 1150 3237 quam
1191 3154 1342 3218 boni
1387 3155 1866 3218 suscitabuntur

363 3265 559 3339 atque
598 3262 950 3336 resurgent.
987 3254 1161 3316 Unde
1201 3252 1267 3315 in
1308 3253 1490 3315 libris
1525 3254 1764 3336 Regum
1805 3262 1866 3317 et

364 3355 914 3437 Paralipomenon,
977 3352 1166 3414 etiam
1227 3351 1489 3433 pessimi
1549 3353 1861 3429 homineS,

73 3472 334 3529 nmeqm.
368 3462 438 3516 ut
485 3452 787 3525 Roboam,
839 3449 1066 3524 Achaz,
1119 3449 1430 3512 dormisse
1477 3469 1621 3513 cum
1673 3452 1868 3534 patri-

73 3539 134 3583 ³¹²
161 3537 196 3579 ¹¹
219 3538 330 3580 Ρη
367 3554 488 3616 bus
519 3552 654 3614 suis
686 3550 1076 3613 scribuntur.
1102 3547 1426 3630 Praecipue
1455 3555 1664 3611 tamen
1695 3570 1864 3613 mors

73 3598 334 3715 2:922&
363 3653 686 3733 justorum
737 3655 996 3712 vocatur
1044 3665 1306 3709 somnus
1361 3647 1496 3709 sive
1543 3648 1859 3725 dormitm,

73 3722 295 3837 1232„
365 3750 523 3833 quia
565 3750 634 3811 in
673 3766 788 3829 spe
824 3746 1058 3809 futurae
1098 3745 1580 3808 resurrectionis
1627 3756 1690 3809 et
1733 3748 1866 3828 glo-

369 3846 748 3911 rificationis
788 3844 1061 3907 dulciter
1103 3843 1586 3925 conquiescunt.
1620 3843 1721 3907 Sic
1752 3846 1868 3927 igi-

366 3957 473 4011 tur
506 3945 688 4009 lesus
733 3943 888 4006 dicit
921 3942 1226 4003 Lazarum
1270 3950 1595 4005 mortuum
1634 3944 1867 4007 dormi-

367 4064 459 4121 re,
511 4042 816 4127 quoniam
877 4059 1024 4104 mox
1073 4039 1280 4102 fuerat
1337 4040 1737 4103 suscitandus
1783 4043 1864 4105 ab

367 4146 554 4228 ips03
598 4139 988 4205 obdormivit
1028 4157 1288 4220 quoque
1331 4138 1395 4201 in
1441 4139 1726 4203 Domino.

451 4244 582 4305 Sed
633 4242 795 4301 vado
841 4239 918 4300 ad
969 4235 1332 4299 Bethaniam
1382 4256 1395 4300 :

365 4340 724 4405 seeundum
782 4335 1055 4400 formam
1113 4336 1548 4410 humanitatiS,
1601 4337 1714 4419 qui
1775 4338 1865 4400 ibi

366 4459 512 4503 sum
565 4436 922 4499 secundum
968 4433 1308 4496 essentiam
1368 4434 1657 4517 deitatis3
1707 4446 1780 4497 ut
1826 4459 1866 4498 α

365 4558 589 4599 somno
620 4533 842 4598 mortis
869 4531 1290 4593 exsuscitem*
1321 4535 1538 4607 illum,
1571 4534 1682 4615 qui
1716 4534 1870 4597 faci-

367 4637 496 4700 lius
535 4654 572 4697 a
613 4641 814 4697 morte
855 4630 1186 4706 resuscito,
1219 4650 1412 4712 quam
1449 4632 1684 4713 aliquis
1727 4634 1868 4695 dor—

367 4736 678 4797 mientem
716 4750 753 4793 a
791 4748 1036 4794 somno.
1077 4728 1220 4791 Haec
1269 4730 1596 4792 suscitatio
1641 4749 1868 4794 conve-

365 4832 587 4896 niebat
616 4828 1059 4913 principaliter
1088 4827 1334 4890 Christo
1366 4828 1600 4891 virtute
1629 4829 1864 4893 divina.

367 4932 479 4994 His
531 4929 744 4993 verbis
803 4926 1089 4991 Christus
1148 4926 1492 5008 dupliciter
1551 4927 1869 4991 roboravit

365 5050 443 5093 ac
482 5026 835 5093 laetificavit
865 5026 1054 5088 corda
1085 5024 1546 5106 discipulorum
1583 5044 1596 5087 ε
1632 5025 1863 5102 Prim0‚

365 5128 676 5211 quoniam
727 5124 888 5188 dixit
929 5142 1000 5185 se
1041 5122 1132 5186 ire
1173 5124 1252 5184 ad
1303 5124 1562 5186 domum
1607 5123 1871 5187 familia-

367 5228 542 5291 rium
584 5224 961 5297 amicorum,
994 5221 1293 5284 videlicet
1339 5220 1612 5296 Marthae,
1663 5221 1870 5286 Mariae

365 5342 444 5389 ac
487 5322 742 5404 Lazari3
787 5339 913 5385 non
961 5320 1040 5383 ad
1079 5318 1449 5394 Jerusalem,
1495 5318 1608 5381 ubi
1649 5321 1870 5402 proeoi-

100 4556 318 4599 'excitem

1971 1974 2182 2029 autem
2231 1965 2599 2047 frequenter
2644 1972 2741 2027 est
2788 1965 3041 2046 signum
3094 1968 3460 2045 curationiS,

1972 2084 2174 2146 quum
2230 2064 2313 2127 sit
2369 2063 2735 2127 reformatio
2787 2064 3044 2141 virium,
3096 2086 3170 2128 ac
3228 2068 3468 2131 releva-

1973 2182 2120 2225 men
2172 2173 2433 2227 naturae.
2479 2163 2614 2228 Non
2662 2170 2876 2226 tamen
2936 2173 3032 2227 est
3080 2174 3324 2230 certum
3373 2168 3469 2230 in-

1973 2262 2235 2337 dicium,
2272 2280 2389 2324 nec
2432 2279 2685 2344 semper
2728 2262 2820 2323 sic
2861 2263 3120 2327 accidit:

2049 2363 2331 2423 Dioeerat
2368 2368 2584 2422 autem
2620 2363 2802 2423 Jesus
2841 2364 2919 2422 de
2959 2373 3161 2424 morte
3196 2365 3358 2442 ejus,
3402 2365 3466 2428 id
3605 2366 3672 2421 13

1973 2468 2088 2535 est,
2153 2460 2410 2524 nomine
2467 2459 2867 2524 dormitionis
2928 2468 3197 2525 mortem
3255 2462 3466 2526 Lazari

1975 2560 2362 2641 designavit3
2394 2562 2505 2620 itti
2532 2570 2751 2621 autem
2776 2570 3173 2637 putaverunt
3202 2564 3361 2641 quia
3388 2566 3467 2624 de

1971 2660 2362 2720 dormitione
2388 2660 2599 2719 somni
2625 2660 2889 2726 diceret,
2913 2658 2976 2720 id
3007 2667 3123 2734 est,
3148 2662 3319 2741 quod
3350 2662 3471 2726 iret

1972 2758 2048 2819 ad
2087 2756 2521 2819 suscitandum
2562 2754 2864 2817 Lazarum
2895 2774 2931 2817 a
2962 2776 3204 2821 somno.
3240 2759 3305 2821 ln
3341 2779 3471 2841 quo

1973 2855 2275 2917 elucescit
2304 2854 2764 2935 discipulorum
2796 2853 3192 2937 simplicitaS,
3215 2857 3329 2938 qui
3362 2878 3473 2941 pu-

1971 2953 2191 3015 tabant
2247 2952 2567 3015 Christum
2626 2959 2869 3014 tantum
2930 2952 3048 3015 iter
3098 2954 3262 3017 velle
3318 2956 3475 3019 arri-

1902 3058 1945 3121 C
1976 3070 2146 3134 pere,
2203 3058 2272 3113 ut
2318 3050 2652 3112 suscitaret
2700 3051 3120 3114 dormientem
3166 3072 3203 3115 a
3250 3074 3473 3121 somno

1977 3159 2236 3213 naturae.
2287 3148 2529 3230 Nempe
2575 3151 2675 3230 (ut
2730 3149 2994 3231 dicitur)
3039 3169 3156 3233 per
3213 3152 3467 3230 dietam,

1977 3250 2078 3312 vel
2108 3248 2383 3323 circiter,
2426 3246 2697 3310 distabat
2723 3247 3026 3312 Bethania
3054 3269 3093 3311 a
3122 3249 3262 3314 loco
3300 3260 3471 3315 trans

1974 3348 2332 3421 Jordanem,
2367 3366 2495 3428 quo
2525 3354 2678 3409 tunc
2712 3348 2952 3411 exstitit
2978 3347 3178 3411 Iesus,
3212 3349 3475 3415 Verum-

1977 3455 2188 3509 tamen
2231 3445 2506 3508 arbitror
2551 3446 2722 3526 quod
2766 3465 2891 3509 non
2938 3447 3338 3511 aestimabant
3380 3450 3473 3513 Je—

1979 3565 2120 3608 sum
2160 3544 2241 3612 ob
2283 3544 2445 3605 hanc
2490 3543 2688 3605 solam
2732 3562 2984 3607 causam
3034 3545 3361 3628 proficisci
3400 3548 3474 3611 il-

1976 3645 2104 3719 luc,
2148 3643 2257 3705 sed
2300 3642 2585 3723 insuper,
2630 3648 2700 3701 ut
2741 3641 2983 3723 aliquid
3026 3645 3473 3710 consolationis

1976 3762 2048 3805 ac
2097 3739 2502 3804 relevaminis
2552 3739 2948 3820 impenderet
2994 3750 3247 3822 aegroto,
3294 3752 3357 3806 et
3406 3753 3474 3807 ut

1977 3858 2265 3905 sororum
2309 3838 2448 3919 ejus
2492 3838 2882 3900 satisfaceret
2925 3840 3119 3920 preci.

2056 3939 2550 4012 Advertendum,
2584 3938 2755 4017 quod
2794 3955 3055 4000 somnus
3097 3939 3161 4000 in
3192 3938 3475 4023 Scriptu-

1977 4057 2046 4100 ra
2095 4037 2363 4101 diversis
2415 4036 2619 4099 modis
2668 4036 2983 4117 accipitur
3024 4053 3038 4098 ε
3080 4036 3311 4113 Primo,
3356 4059 3471 4122 pro

1977 4155 2201 4201 somno
2258 4143 2517 4209 naturae,
2566 4133 2680 4215 qui
2739 4142 2835 4196 est
2890 4135 3277 4200 exteriorum
3330 4157 3471 4201 sen-

1446 4239 1605 4301 vado
1653 4247 1864 4302 autem
1898 4248 1947 4310 1)
1977 4255 2166 4298 suum
2214 4234 2503 4316 quaedam
2550 4232 2863 4307 clausura,
2911 4233 3095 4314 quies
3144 4243 3207 4297 et
3246 4254 3470 4299 vacan-

1975 4335 2063 4397 tia
2104 4354 2118 4399 :
2165 4333 2330 4395 sicut
2378 4332 2444 4393 in
2484 4330 2785 4407 Levitico,
2833 4331 3189 4408 DormietiS‚
3230 4342 3293 4397 et
3341 4355 3465 4399 non
3496 4364 3761 4415 Lemma,

1976 4434 2098 4496 erit
2143 4432 2259 4514 qui
2302 4438 2631 4493 exterreat.
2674 4429 2985 4506 Secunde,
3031 4450 3145 4514 pro
3185 4431 3470 4497 dormiti-

1975 4551 2095 4596 one
2144 4530 2386 4613 peccati
2440 4547 2453 4591 :
2502 4529 2682 4609 juxta
2730 4529 2888 4591 illud
2936 4529 3241 4612 Apostoli,
3293 4532 3470 4597 Tem·
3522 4552 3761 4607 Romam,

1980 4650 2098 4713 pus
2129 4637 2227 4691 est
2260 4628 2390 4709 jam
2423 4644 2536 4689 nos
2576 4645 2613 4687 a
2642 4645 2865 4690 somno
2904 4646 3198 4708 surgere3
3240 4636 3304 4692 et
3332 4651 3470 4693 rur·
3497 4618 3564 4661 ¹¹·

1979 4748 2142 4803 sum,
2166 4726 2386 4807 Surge,
2410 4724 2521 4807 qui
2554 4724 2815 4787 dormis.
2839 4724 3070 4800 Tertio,
3099 4745 3214 4809 pro
3245 4747 3467 4794 somno
3526 4751 3697 4808 Εριιω.
3715 4768 3759 4805 v.

1977 4828 2201 4891 mortis
2237 4844 2251 4887 :
2289 4832 2356 4886 ut
2399 4824 2510 4898 ibi,
2542 4822 2851 4886 Nolumus
2892 4843 3001 4888 vos
3054 4824 3343 4906 ignorare
3390 4829 3467 4890 de
3498 4817 3564 4859 ¹⁴·

1977 4924 2461 4990 dormientibus·
2495 4922 2744 4996 Quarto,
2776 4942 2891 5005 pro
2922 4932 3173 5006 torpore
3204 4925 3469 5007 ignaviae
3500 4942 3565 4984 ιε.
3610 4958 3617 4967 -

1977 5043 2088 5087 seu
2139 5022 2539 5104 negligentiae
2572 5040 2585 5085 :
2623 5027 2692 5083 ut
2738 5022 2925 5086 lsaias
2970 5022 3180 5097 habet,
3234 5022 3470 5107 Specu-
3515 5047 3754 5100 hasmo.

1978 5124 2205 5186 latores
2237 5121 2408 5196 caeci,
2444 5120 2727 5183 videntes
2759 5140 2919 5183 vana
2956 5130 3019 5183 et
3048 5122 3463 5205 dormientes;

1977 5231 2169 5304 atque
2197 5222 2262 5283 in
2292 5220 2558 5294 Psalmo,
2590 5217 2750 5282 Ecce
2788 5238 2914 5281 non
2946 5220 3326 5299 dormitabit,
3361 5242 3470 5285 ne-
3495 5239 3574 5284 Ρ..
3597 5252 3696 5290 cxx.
3716 5240 3757 5282 4.

1978 5338 2106 5404 que
2149 5320 2441 5383 dormiet.
2475 5318 2828 5392 Quocontra
2864 5319 3162 5381 admonet
3194 5318 3413 5383 Petrus
3444 5340 3462 5386 ε

3514 4876 3529 4919 Ι
3546 4877 3692 4922 Τὴευ.
3704 4892 3760 4930 ιν,
