4300 6259
111 1082 250 1123 Mare.
263 1095 346 1131 xvi„

97 1146 133 1193 9;
145 1144 246 1188 Lac.
259 1158 346 1195 vm,

97 1207 118 1230 2

1223 498 1573 545 manzano
1615 497 1679 543 m
1721 497 1860 544 CAP.
1907 496 1970 543 11
2012 496 2202 543 mm.
2246 516 2329 527 -
2368 498 2511 545 Am.
2559 498 2685 543 XXX

3424 482 3507 547 39

378 668 414 729 J
421 669 662 748 udaeOS,
683 679 746 729 et
772 673 1047 731 assumit
1075 690 1288 731 secum
1317 670 1482 731 alios
1509 679 1745 747 septem
1770 670 1902 747 spi·
1932 668 1984 729 A
2011 667 2166 730 bere
2212 670 2492 745 elevans,
2538 691 2750 733 vocem
2797 675 3093 751 quosdam
3144 672 3381 733 mulier
3426 673 3507 731 de

379 769 558 828 ricus
591 770 932 848 nequiores
957 788 1048 838 se,
1079 768 1144 830 id
1185 776 1282 830 est
1321 768 1800 830 multitudinem
1839 773 1902 828 et

379 866 640 947 copiam
691 873 1077 929 tentatorum
1122 886 1196 929 ac
1241 866 1565 929 vitiorum.
1603 864 1901 947 Septena-

379 963 482 1026 rio
527 965 775 1047 quippe
825 965 1210 1027 universitas
1257 965 1636 1047 explicatur,
1678 982 1901 1046 quem-

377 1063 733 1125 admodum
777 1063 1064 1127 Christus
1115 1064 1353 1126 dieitur
1393 1064 1472 1125 de
1513 1062 1703 1125 Maria
1743 1062 1900 1144 Mag-

380 1160 616 1223 dalene
674 1162 942 1242 ejecisse
1001 1170 1247 1245 septem
1306 1161 1639 1235 daemonia,
1694 1161 1757 1223 id
1805 1169 1900 1223 est

381 1260 690 1333 universa
731 1269 988 1342 peccata
1023 1261 1337 1324 mortalia.
1364 1263 1450 1321 Et
1480 1262 1758 1337 inm-essi
1785 1262 1900 1321 Iza-

375 1360 598 1419 biccmt
635 1360 754 1419 ibi.
797 1358 931 1420 Jam
981 1359 1157 1421 enim
1202 1360 1518 1433 videmus,
1562 1378 1756 1440 quam
1803 1358 1899 1420 in-

377 1457 755 1519 desinenter
803 1458 994 1520 corda
1041 1457 1406 1520 infidelium
1453 1457 1812 1520 Judaeorum
1861 1476 1899 1519 a

376 1554 788 1617 daemonibus
826 1555 1072 1618 fuerint.
1102 1555 1476 1629 inhabitata,
1510 1556 1667 1637 quia
1705 1565 1773 1618 ut
1809 1554 1897 1616 ait

2013 770 2228 838 curba,
2274 771 2452 831 dimit
2502 771 2630 830 illi.
2674 769 2939 842 Quidam
2990 771 3153 833 hanc
3198 769 3505 831 feminam

2011 865 2310 928 dixerunt
2350 866 2551 929 fuisse
2597 867 2658 929 S.
2699 868 2954 931 Marthae
3001 867 3320 942 ancillam,
3362 885 3507 949 quae

2009 965 2317 1026 admirata
2384 966 2759 1047 sapientiam
2832 973 3023 1047 atque
3090 965 3507 1029 constantiam

2011 1062 2265 1136 Christi,
2310 1062 2523 1126 locuta
2574 1072 2668 1125 est
2703 1068 2993 1126 :Beatus
3037 1074 3255 1125 venter
3292 1065 3409 1144 qui
3453 1074 3509 1125 te

1999 1163 2317 1238 portavit,
2350 1172 2407 1221 ec
2436 1164 2631 1222 ubera
2662 1183 2805 1243 quoe
2832 1164 3098 1233 mavi-sti,
3129 1162 3192 1223 id
3224 1170 3339 1237 est,
3373 1170 3509 1224 tan-

2009 1267 2070 1321 ta
2108 1268 2203 1321 est
2246 1259 2539 1340 dignitaS,
2582 1260 2879 1323 sanctitas
2919 1268 2983 1323 et
3024 1260 3330 1341 perfectio
3373 1267 3502 1334 tua,

2005 1376 2044 1420 o
2099 1358 2367 1433 Christe,
2422 1365 2491 1420 ut
2547 1367 2609 1420 te
2667 1358 2817 1421 satis
2876 1359 3321 1422 commendare
3378 1377 3504 1422 non

2007 1456 2291 1537 valeam3
2343 1458 2452 1519 sed
2503 1457 2731 1520 merito
2782 1458 2971 1519 etiam
3018 1456 3317 1521 beatifico
3365 1475 3505 1519 eam

2003 1574 2149 1636 quae
2178 1563 2242 1616 te
2269 1556 2505 1617 meruit
2532 1574 2851 1636 generare,
2870 1555 3055 1636 cujus
3087 1555 3373 1618 membra
3402 1555 3506 1618 be-

109 1665 340 1719 lucum.
374 1654 748 1735 ApostoluS‚
794 1654 1088 1737 pervenit
1126 1655 1195 1717 in
1239 1673 1344 1718 eos
1391 1654 1486 1717 ira
1531 1654 1642 1715 Dei
1691 1672 1896 1735 usque
2003 1652 2283 1716 atificata
2331 1662 2645 1736 protestor
2691 1673 2767 1716 ex
2813 1663 2924 1716 tuo
2973 1661 3263 1717 contactu
3313 1661 3503 1735 atque

376 1752 446 1814 in
492 1752 722 1814 finem.
756 1752 842 1814 De
883 1753 1123 1834 quibus
1161 1754 1228 1815 in
1268 1752 1646 1835 Apocalypsi
1686 1760 1897 1834 prote-

2004 1752 2313 1834 obsequio
2362 1752 2479 1814 tibi
2530 1754 2842 1835 impenso.
2896 1751 3048 1825 Quis
3094 1752 3267 1814 enim
3316 1752 3504 1832 digne

97 1862 218 1917 apoc.
241 1868 344 1913 ω.
375 1859 587 1912 statur
623 1851 895 1915 Joannes
931 1870 944 1914 :
979 1850 1212 1914 Dicunt
1248 1868 1316 1913 se
1351 1852 1597 1914 Judaeos
1637 1868 1797 1925 esse,
1833 1859 1894 1912 et
1931 1852 1976 1913 B
2004 1851 2320 1915 collaudet
2368 1852 2965 1915 sacrosanctissimae
3003 1851 3280 1932 Virginis
3330 1850 3503 1913 illius

375 1968 508 2012 non
561 1956 734 2023 sunt,
780 1950 891 2011 sed
943 1957 1093 2011 sunt
1139 1968 1454 2032 synagoga
1500 1947 1763 2011 Satanae.
1809 1952 1894 2011 Et

369 2052 552 2124 fiunt
577 2049 932 2109 novissima
960 2050 1244 2109 hominis
1269 2050 1458 2108 illius
1477 2048 1701 2126 pejora
1717 2048 1893 2125 prio-

368 2148 583 2207 ribus.
619 2144 798 2208 Sicut
835 2146 1010 2208 enim
1051 2148 1186 2211 haec
1221 2146 1585 2210 Judaeorum
1625 2145 1892 2228 captivi—

367 2252 490 2317 ωε,
515 2244 704 2326 quasi
737 2244 1328 2327 incomparabiliter
1357 2245 1560 2326 maj0r
1589 2252 1685 2307 est
1713 2245 1888 2307 omni

367 2342 746 2423 captivitate
784 2362 980 2423 quam
1023 2343 1144 2406 sub
1185 2343 1324 2425 lege
1363 2343 1650 2426 perpessi
1695 2350 1884 2423 sunt3

366 2440 458 2502 ita
501 2460 679 2503 nunc
717 2441 1010 2521 graviora
1053 2450 1204 2504 sunt
1249 2449 1504 2523 peccata
1547 2460 1791 2515 eorum,
1826 2450 1888 2504 et

367 2546 636 2621 propter
689 2540 1082 2604 enormiores
1142 2541 1677 2621 transgressiones
1726 2540 1888 2622 pati-

365 2646 569 2700 untur
613 2638 750 2701 haec
787 2657 1035 2721 aspera,
1071 2639 1369 2703 videlicet
1411 2646 1672 2721 propter
1712 2639 1888 2703 Chri-

364 2736 447 2799 sti
502 2738 1020 2819 persecutionem
1062 2745 1128 2801 et
1167 2738 1576 2809 occisionem,
1619 2746 1681 2800 et
1730 2756 1888 2819 quo-

365 2834 543 2897 niam
591 2854 800 2917 usque
830 2836 897 2898 in
933 2854 1214 2919 praesens
1243 2835 1531 2917 quotidie
1563 2834 1884 2899 Christum

363 2934 844 3017 blasphemant,
892 2935 1248 2997 secundum
1291 2934 1772 3015 Hieronymum.

2002 1949 2564 2013 inviolatissimum
2615 1969 2688 2012 ae
2738 1950 3164 2013 castissimum
3222 1957 3498 2025 uterum,

2002 2048 2068 2111 in
2099 2067 2230 2130 quo
2260 2047 2632 2128 Unigenitus
2661 2047 2793 2123 Dei,
2818 2048 2979 2110 Deus
3012 2048 3359 2128 majestatis
3389 2047 3505 2109 im-

2001 2166 2260 2222 mensae,
2316 2147 2641 2229 praeelegit
2695 2148 3034 2222 incarnari,
3086 2148 3276 2211 homo
3330 2147 3498 2223 fieri,

2000 2253 2094 2310 tot
2134 2246 2465 2308 mensibus
2516 2246 2917 2320 commorari,
2962 2264 3245 2309 crescere
3282 2254 3345 2309 et
3386 2266 3503 2311 nu-

1999 2345 2163 2420 triri,
2206 2344 2392 2425 cujus
2442 2352 2586 2427 post
2634 2344 3027 2409 nativitatem
3074 2364 3255 2407 suam
3306 2345 3504 2407 ubera

1999 2443 2214 2505 suxit?
2251 2443 2472 2506 Nonne
2510 2443 2903 2505 admirabilis
2945 2463 3019 2506 ac
3062 2444 3502 2526 praestantissi-

1999 2560 2104 2603 ma
2132 2542 2320 2622 Virgo
2354 2542 2484 2616 illa,
2518 2560 2596 2603 ex
2630 2541 2773 2603 Filii
2805 2540 2999 2622 hujus
3042 2540 3297 2616 unione,
3333 2560 3503 2605 com-

2000 2640 2326 2715 munione,
2370 2648 2684 2713 contacta,
2718 2639 3049 2721 obsequio,
3094 2639 3502 2702 inaestimabi-

1997 2738 2142 2800 liter
2173 2738 2561 2819 dignificata‚
2595 2756 2668 2800 ac
2698 2738 2991 2801 deificata
3029 2739 3343 2801 credenda
3370 2742 3499 2801 est?

2076 2835 2401 2911 Praeterea,
2436 2836 2739 2918 quoniam
2772 2834 3003 2897 Christi
3035 2842 3301 2898 matrem
3336 2852 3495 2911 esse,

1996 2933 2260 2996 unicum
2318 2954 2393 2997 ac
2450 2933 3031 3014 singularissimum
3088 2935 3329 2997 donum
3378 2940 3493 3010 est,

444 3033 760 3096 Praeterea
801 3032 922 3096 ista
969 3032 1296 3096 moraliter
1339 3033 1765 3114 explanantur
1807 3033 1884 3095 de
1922 3032 1965 3095 C
1995 3031 2280 3095 Christus
2311 3031 2671 3096 universale
2701 3031 2944 3114 profert
2973 3031 3385 3114 praeconium,
3417 3033 3496 3094 ad

362 3150 784 3213 quocumque
809 3131 1072 3195 homine
1097 3130 1504 3205 recidivante‚
1520 3149 1556 3191 a
1580 3149 1709 3211 quo
1734 3139 1885 3193 tem-

363 3248 524 3313 pore
563 3230 668 3293 sui
706 3230 1013 3313 Baptismi
1053 3248 1166 3293 seu
1209 3228 1600 3294 Poenitentiae
1633 3230 1880 3293 daemon

361 3330 677 3411 expulsus
717 3336 835 3391 est.
872 3327 1178 3410 Tuncque
1219 3328 1428 3411 pergit
1466 3344 1581 3410 per
1612 3327 1748 3391 loca
1787 3329 1882 3389 in-

357 3446 627 3509 aquosa,
681 3426 744 3489 id
803 3434 923 3506 est,
977 3428 1166 3489 corda
1226 3426 1542 3490 bonorum
1600 3446 1637 3488 a
1693 3425 1880 3489 fluxu

359 3523 906 3607 concupiscentiae
944 3524 1270 3597 desiccata,
1303 3531 1498 3605 atque
1539 3542 1653 3607 per
1690 3524 1879 3587 absti-

359 3623 616 3685 nentias
654 3621 953 3696 arefacta,
983 3628 1226 3684 tentare
1262 3622 1626 3702 aggreditur
1663 3641 1737 3684 ac
1775 3642 1881 3685 su-

361 3738 592 3803 perare
650 3720 918 3783 molitur
973 3737 988 3781 :
1047 3719 1114 3781 in
1173 3719 1412 3801 quibus
1476 3720 1689 3783 locum
1749 3739 1874 3783 non

359 3818 638 3893 invenit,
674 3819 830 3881 dum
861 3817 919 3880 ei
953 3817 1226 3881 viriliter
1258 3818 1672 3882 reluctantur.
1701 3818 1877 3881 'runc

358 3936 512 3998 ergo
555 3918 637 3979 ad
682 3916 964 3998 priorem
1009 3916 1353 3978 revertitur
1388 3935 1631 3999 :quem
1677 3917 1730 3979 si
1781 3917 1878 3979 in-

360 4016 614 4077 venerit
645 4033 774 4077 non
808 4031 958 4076 vere
992 4013 1163 4077 intus
1198 4022 1554 4096 purgatum,
1579 4017 1687 4078 sed
1723 4014 1876 4078 foris

357 4114 695 4175 dumtaxat
739 4119 1061 4184 ornatum,
1103 4119 1166 4173 et
1217 4131 1341 4175 non
1386 4130 1598 4175 veram
1647 4114 1877 4175 sancti-

1992 3132 2165 3212 quod
2215 3148 2436 3194 omnes
2485 3131 2770 3195 valemus
2822 3131 3203 3213 pertingere.
3247 3134 3335 3193 At
3382 3130 3497 3191 ille

1993 3230 2215 3290 dixit:
2250 3229 2425 3299 Quin
2454 3231 2609 3298 imo,
2644 3228 2707 3291 id
2738 3236 2854 3303 est,
2881 3228 3104 3310 utique
3132 3228 3227 3291 sic
3256 3236 3351 3291 est
3380 3228 3495 3291 sic-

1998 3333 2067 3388 ut
2103 3325 2364 3407 dixisti3
2409 3345 2526 3388 nec
2560 3333 2808 3388 tantum
2848 3326 2969 3390 hoc
3004 3326 3213 3389 solum
3250 3326 3343 3389 sic
3373 3333 3490 3401 est,

1994 3426 2104 3486 sed
2155 3432 2217 3486 et
2261 3426 2430 3485 beati
2474 3426 2594 3504 qui
2636 3428 2927 3486 audiunt
2962 3426 3226 3485 verbum
3266 3426 3390 3486 Dei
3434 3434 3495 3485 ec

1991 3524 2368 3583 custodiunt
2416 3524 2611 3594 illud,
2665 3522 2729 3583 id
2790 3530 2906 3597 est,
2960 3522 3072 3605 qui
3133 3522 3327 3586 verba
3384 3522 3493 3585 Dei

1991 3638 2144 3682 aure
2187 3620 2422 3682 mentis
2468 3622 2829 3695 advertunt,
2872 3638 2984 3683 seu
3033 3620 3226 3683 etiam
3274 3640 3497 3703 corpo-

1991 3719 2209 3783 raliter
2257 3718 2531 3781 libenter
2577 3719 2866 3794 audiunt,
2910 3726 2980 3781 ut
3029 3718 3234 3781 sciant
3274 3726 3335 3781 et
3376 3719 3495 3783 im-

1991 3817 2229 3900 pleant,
2249 3817 2617 3879 memoriter
2646 3817 2997 3892 retinend0‚
3024 3824 3086 3879 et
3112 3818 3291 3899 operi
3321 3837 3494 3881 man-

1989 3916 2283 3998 cipando,
2318 3915 2486 3977 beati
2527 3923 2677 3977 sunt
2710 3915 2842 3997 jam
2878 3916 2944 3977 in
2975 3934 3109 3997 spe,
3134 3922 3197 3977 et
3234 3918 3489 3979 tandem

1987 4014 2158 4076 beati
2206 4020 2395 4075 erunt
2437 4013 2503 4075 in
2548 4031 2637 4088 re,
2682 4014 3003 4077 sortiendo
3045 4014 3112 4075 in
3157 4013 3361 4096 patria
3400 4015 3491 4077 fe-

1988 4112 2291 4174 licitatem
2342 4118 2663 4184 aeternam,
2707 4111 3051 4174 dummodo
3095 4112 3227 4191 jam
3275 4113 3489 4175 lauda-

357 4219 579 4285 tatem‚
615 4212 726 4273 sed
771 4218 1187 4292 apparentem
1229 4210 1538 4273 virtutum
1583 4212 1872 4274 decorem
1909 4213 1956 4273 D
1985 4210 2203 4273 biliter
2246 4217 2655 4290 perseverent
2705 4227 2909 4290 usque
2951 4209 3019 4271 in
3060 4209 3283 4271 finem.
3327 4210 3487 4273 Hinc

1987 4309 2054 4371 in
2100 4309 2338 4371 Joanne
2396 4308 2621 4369 asserit
2679 4307 2965 4370 Christus
3019 4325 3031 4370 :
3085 4307 3201 4380 Qui
3260 4316 3356 4371 est
3407 4328 3485 4371 ex
3512 4334 3779 4386 Joannam,

1985 4407 2132 4481 Deo,
2169 4405 2363 4470 verba
2400 4404 2508 4467 Dei
2548 4405 2745 4468 audit.
2780 4405 3029 4469 Etenim
3067 4407 3337 4471 verbum
3376 4407 3484 4469 Dei
3512 4398 3583 4443 ⁴⁷·

1986 4512 2082 4566 est
2120 4505 2247 4568 vita
2284 4503 2599 4585 cibusque
2635 4503 2884 4579 animae,
2918 4505 3071 4586 quia
3108 4523 3235 4569 non
3286 4505 3352 4568 in
3388 4524 3488 4569 so·
3543 4530 3777 4581 υωωιιι,

1987 4602 2048 4665 lo
2098 4620 2262 4683 pane
2308 4602 2466 4665 vivit
2525 4601 2737 4677 homo,
2792 4603 2901 4664 sed
2948 4602 3015 4664 in
3064 4604 3239 4667 omni
3289 4603 3484 4668 verbo
3512 4592 3778 4699 {{“““¹²·¹'’

359 4310 644 4372 inaniter
702 4309 1116 4390 cupientem;
1166 4316 1322 4371 tunc
1371 4308 1543 4371 vadit
1591 4316 1654 4370 et
1702 4328 1878 4371 assu-

359 4408 482 4469 mit
525 4412 776 4489 septem
819 4406 1086 4488 spiritus
1130 4406 1472 4488 nequiores
1517 4424 1604 4479 se,
1653 4424 1877 4469 secun—

361 4506 520 4567 dum
565 4520 829 4567 sensum
875 4513 1267 4586 praetactum,
1302 4504 1416 4586 qui
1461 4504 1730 4584 ingressi
1770 4505 1878 4567 ha-

363 4603 574 4666 bitant
603 4603 672 4665 in
705 4602 1114 4677 recidivante‚
1140 4602 1228 4664 ita
1257 4610 1325 4664 ut
1356 4602 1706 4684 posteriora
1735 4603 1874 4684 ejus

367 4713 631 4785 peccata
675 4700 840 4763 fiant
885 4699 1210 4783 prioribus
1259 4701 1393 4763 suis
1431 4700 1604 4763 vitiis
1654 4702 1877 4763 deteri-

365 4819 500 4864 ora.
533 4799 814 4861 Vulnera
851 4798 1090 4861 etenim
1129 4799 1397 4881 repetita
1435 4806 1586 4861 sunt
1628 4799 1880 4881 pericu-

367 4898 626 4973 losiora,
661 4905 790 4959 tam
829 4897 896 4959 in
938 4914 1203 4980 corpore
1244 4916 1440 4979 quam
1483 4897 1549 4960 in
1591 4897 1824 4960 anima.

451 4999 731 5059 Factum
773 5005 864 5057 est
905 5006 1150 5065 autem,
1190 5016 1391 5074 quum
1434 4999 1568 5058 hoee
1612 4998 1878 5066 diceret,

369 5096 490 5157 hoc
519 5102 639 5167 est,
674 5101 804 5155 tam
837 5092 1178 5174 sapienter,
1209 5102 1524 5175 prompte,
1553 5094 1880 5157 evidenter

369 5211 441 5254 ac
489 5191 743 5255 fortiter
793 5190 1078 5254 Christus
1137 5210 1284 5253 suos
1333 5192 1726 5255 adversarios
1777 5211 1882 5255 ex-

375 5292 730 5373 probraret,
773 5292 1104 5363 emtollens,
1151 5288 1214 5353 id
1263 5296 1378 5365 est,
1426 5290 1650 5355 devote
1695 5299 1760 5354 et
1807 5292 1880 5354 li-

1986 4703 2158 4782 quod
2209 4700 2493 4782 procedit
2534 4702 2613 4762 de
2654 4718 2761 4763 ore
2809 4701 2940 4763 Dei.
2982 4702 3267 4784 Denique
3309 4702 3487 4767 Chri-

1987 4807 2121 4862 stus
2166 4798 2265 4860 his
2297 4799 2508 4862 verbis
2540 4807 2920 4880 conceptum
2955 4800 3056 4861 sui
3087 4800 3487 4883 spiritualem

1989 4897 2269 4981 praetulit
2318 4896 3045 4979 conceptuicorporali,
3097 4898 3183 4959 ita
3242 4906 3313 4961 ut
3371 4918 3487 4963 nec

1987 4996 2231 5077 Virgini
2268 4994 2557 5076 gloriosse
2598 4994 2943 5077 profuisset
2970 4997 3047 5058 ad
3084 4996 3351 5058 salutem
3388 5016 3489 5059 es-

1989 5114 2056 5157 se
2088 5095 2403 5157 carnalem
2448 5094 2589 5155 Filii
2623 5094 2731 5156 Dei
2762 5102 3053 5169 matrem,
3082 5095 3206 5158 nisi
3246 5104 3309 5158 et
3338 5114 3486 5161 vere

1990 5196 2215 5257 devota
2250 5192 2497 5267 fuisset,
2542 5201 2603 5255 et
2641 5193 2960 5257 Christum
3004 5193 3069 5255 in
3108 5202 3320 5257 mente
3359 5196 3487 5278 spi-

1993 5292 2304 5355 ritualiter
2352 5293 2767 5375 concepisset.
2818 5293 3081 5370 Idcirco,
3132 5296 3483 5357 secundum
