4300 6259
613 3660 749 3715 ,ψ

571 3854 692 3898 leid.
725 3866 808 3902 xix,

543 3919 612 3968 23,
642 3919 711 3959 24.

856 493 1029 559 240²
1630 513 1979 561 manaa-no
2022 514 2085 559 m
2127 512 2267 559 car.
2313 510 2466 559 xxm
2511 510 2698 558 tucn.
2745 531 2826 542 -
2866 514 3010 559 tin-r.
3055 512 3196 559 mx

859 802 973 864 pro
1010 783 1577 864 transgressoribus
1611 784 1865 863 rogavit.
1900 783 2184 864 Denique
2225 783 2359 845 haec

858 880 1088 942 Christi
1120 881 1319 943 oratio
1348 882 1642 942 exaudita
1671 881 1792 942 fuit
1824 899 1939 963 pro
1972 880 2192 943 multis
2223 880 2359 941 mil·

858 978 1027 1041 libus
1084 979 1467 1053 Judaeorum,
1523 980 1651 1042 imo
1708 998 1823 1062 pro
1879 978 2182 1043 omnibus
2241 996 2358 1060 pro

856 1076 1093 1157 quibus
1144 1094 1281 1139 eam
1330 1075 1498 1139 fudit
1540 1094 1617 1139 ex
1667 1077 1910 1139 ratione
1957 1076 2351 1138 deliberata:

856 1174 935 1235 de
982 1192 1257 1255 quorum
1306 1175 1719 1237 conversione
1771 1174 1834 1235 in
1884 1174 2147 1237 Actibus
2191 1173 2357 1255 Apo-

855 1272 1159 1335 stolorum
1219 1273 1509 1334 habetur.
1565 1272 1795 1335 Taliter
1853 1274 2048 1347 enim,
2112 1271 2356 1333 scilicet

856 1388 931 1432 ex
972 1372 1213 1434 ratione
1255 1372 1620 1446 deliberata,
1656 1372 1939 1435 Christus
1985 1390 2111 1433 non
2153 1370 2356 1433 oravit

857 1488 972 1551 pro
1030 1469 1341 1551 reprobiS,
1396 1471 1505 1531 sed
1566 1488 1681 1551 pro
1740 1469 1958 1531 electis
2008 1470 2350 1531 dumtaxat.

852 1567 1029 1631 Unde
1086 1576 1150 1630 et
1196 1570 1366 1650 apud
1410 1567 1713 1631 Joannem
1770 1567 1859 1629 ait
1916 1567 1994 1628 ad
2044 1566 2289 1629 Patrem
2335 1584 2350 1628 τ

644 1692 823 1727 anax-n.
853 1666 986 1729 Non
1039 1685 1155 1748 pro
1203 1668 1442 1729 mundo
1495 1685 1665 1747 roge,
1720 1667 1829 1728 sed
1874 1684 1987 1747 pro
2038 1665 2139 1727 his
2191 1684 2352 1747 quos

856 1764 1083 1826 dedisti
1130 1765 1287 1826 mihi
1333 1764 1411 1826 de
1452 1765 1714 1837 mundo,
1761 1764 1915 1845 quia
1958 1763 2049 1824 tui
2095 1771 2266 1824 sunt.

654 717 719 745 uu
786 706 825 745 ε.
858 684 1123 754 dictum,
1177 684 1316 766 lpse
1368 692 1623 766 peccata
1670 684 2020 747 multorum
2072 684 2243 758 tulit,
2297 690 2360 745 et
2390 683 2541 745 Aac
2599 683 2943 757 raritatem,
2989 684 3206 765 quivis
3257 682 3534 744 militum
3579 681 3964 744 desideravit

2471 781 2752 843 tunicam
2809 782 2982 843 illam
3044 782 3352 863 integram
3407 780 3700 863 adipisci.
3747 780 3964 862 ltaque

2470 888 2661 961 patet,
2701 882 2873 961 quod
2926 898 3119 963 super
3167 880 3362 945 solam
3411 880 3694 941 tunicam
3739 879 3961 941 incon-

2467 979 2724 1041 sutilem
2787 978 2984 1042 missa
3047 979 3130 1043 sit
3189 998 3348 1053 soi-S,
3413 986 3482 1040 ut
3537 976 3966 1040 communiter

2468 1076 2722 1151 dicitur,
2775 1084 2844 1138 ut
2901 1077 3278 1159 impleretur
3336 1078 3509 1159 quod
3564 1076 3808 1139 dictum
3867 1082 3966 1136 est

2467 1192 2583 1256 per
2639 1175 3038 1257 Prophetam,
3091 1176 3408 1239 dicentem
3469 1175 3532 1237 in
3591 1173 3838 1236 Psalmo
3893 1174 3962 1234 in

2466 1272 2696 1335 Christi
2729 1292 3000 1355 persona
3033 1292 3047 1336 ε
3081 1274 3445 1337 Diviserunt
3473 1272 3595 1334 sibi
3624 1272 3965 1334 vestimen·
3991 1289 4224 1333 runnu».

2464 1379 2526 1432 ta
2575 1390 2736 1447 mea,
2791 1381 2854 1434 et
2901 1390 3094 1455 super
3143 1381 3384 1435 vestem
3433 1390 3662 1445 meam,
3715 1370 3964 1432 scilicet

2465 1470 2742 1532 tunicam
2791 1471 3260 1553 inconsutilem,
3305 1471 3615 1533 miserunt
3657 1476 3916 1532 sortem.

2543 1570 2630 1629 Ec
2647 1572 2856 1631 stabat
2876 1574 3160 1647 populus
3189 1578 3577 1647 exspectan-3,
3607 1568 3671 1630 id
3701 1576 3820 1641 est,
3853 1586 3964 1629 ex·
4091 1571 4155 1625 35

2465 1666 2624 1728 itum
2677 1667 2766 1728 rei
2809 1668 3024 1731 videre
3069 1668 3454 1741 desideranS,
3487 1676 3544 1727 et
3583 1668 3964 1727 deridebant

2462 1786 2631 1837 eum,
2687 1766 2930 1828 scilicet
2988 1766 3330 1841 Christum,
3373 1768 3710 1844 principes
3755 1781 3968 1826 sacer-

933 1862 1097 1925 Dicit
1123 1862 1518 1935 AmbrosiuS,
1548 1863 1718 1943 quod
1750 1861 2037 1925 Christus
2067 1860 2354 1923 ascendit
2389 1859 2436 1922 B
2467 1865 2682 1926 dotum
2715 1885 2858 1925 cum
2893 1866 3011 1934 eis,
3043 1864 3107 1927 id
3145 1872 3241 1926 est
3270 1882 3416 1926 cum
3453 1862 3710 1945 populo.
3742 1862 3966 1943 Aliqui

854 1962 996 2023 talis
1043 1962 1107 2023 in
1152 1978 1361 2035 cruce,
1404 1960 1625 2041 quales
1670 1978 1785 2022 nos
1828 1959 2126 2022 formavit
2171 1966 2354 2019 natu-

854 2078 942 2134 ra,
998 2068 1061 2121 et
1114 2058 1321 2141 qualis
1380 2058 1626 2141 primus
1685 2057 1875 2121 homo
1934 2058 1999 2119 in
2060 2056 2354 2139 paradiso

851 2156 995 2233 fuit,
1034 2157 1328 2220 videlicet
1358 2157 1588 2218 nudus.
1622 2155 1836 2236 Aliqui
1868 2163 2079 2217 tamen
2110 2155 2346 2231 dicunt,

850 2258 1021 2339 quod
1061 2256 1395 2320 benedicta
1423 2256 1601 2336 virgo
1638 2256 1828 2318 Maria
1866 2256 2077 2317 velum
2123 2255 2349 2337 capitis

848 2356 947 2417 sui
998 2356 1136 2419 loco
1186 2356 1584 2417 verecundiae
1631 2354 1771 2416 Filii
1823 2354 1921 2416 sui
1971 2353 2352 2417 circumvol-

846 2455 958 2517 vit.
1016 2453 1135 2517 Sed
1185 2453 1246 2516 S.
1299 2453 1559 2535 Brigitta
1617 2452 1862 2527 scribit,
1914 2454 2086 2533 quod
2143 2470 2347 2533 quum

844 2554 1129 2616 Christus
1170 2554 1337 2616 circa
1375 2570 1628 2615 crucem
1662 2552 2134 2632 crucifigendus
2175 2552 2348 2613 sede·

844 2662 958 2728 ret,
1002 2652 1262 2734 quidam
1305 2651 1403 2714 vir
1451 2668 1527 2712 ex
1577 2650 1850 2732 quadam
1903 2648 2344 2730 compassione

839 2750 1125 2823 accessit,
1190 2756 1250 2810 et
1310 2748 1521 2811 locum
1582 2746 1981 2809 verecundiae
2045 2746 2221 2821 texit,
2283 2754 2346 2807 et

840 2848 1013 2930 quod
1064 2847 1348 2910 Christus
1394 2866 1470 2908 ex
1520 2845 1685 2908 facto
1724 2844 1845 2907 viri
1898 2844 2071 2906 illius
2120 2862 2344 2925 quam-

840 2948 983 3010 dam
1034 2945 1531 3009 consolationem
1577 2944 1846 3025 accepit,
1898 2951 1961 3005 et
2012 2943 2220 3005 virum
2271 2943 2343 3004 il-

2465 1971 2673 2024 tamen
2725 1962 2816 2024 ibi
2865 1962 3128 2025 fuerunt
3173 1982 3300 2025 non
3361 1962 3764 2025 mediocriter
3813 1980 3970 2023 con-

2463 2060 2792 2137 dolentes3
2843 2063 2955 2124 sed
3014 2061 3105 2123 illi
3167 2059 3633 2143 comparatione
3687 2058 3964 2121 aliorum

2464 2166 2590 2221 tam
2623 2159 2806 2241 pauci
2845 2158 3130 2239 fuerunt,
3164 2167 3235 2221 ut
3265 2177 3380 2241 pro
3420 2157 3622 2220 nihilo
3661 2166 3966 2239 reputen-

2461 2266 2587 2319 tur.
2621 2258 2764 2321 Ideo
2796 2257 3081 2321 Christus
3111 2258 3199 2319 ait
3238 2258 3304 2319 in
3333 2256 3577 2319 Psalmo
3611 2275 3625 2319 :
3658 2256 3734 2317 Et
3767 2255 3966 2319 susti-
4017 2280 4204 2324 rama

2461 2357 2572 2419 nui
2605 2357 2718 2438 qui
2757 2358 2949 2419 simul
2991 2356 3489 2430 contristaretur,
3521 2362 3584 2417 et
3623 2374 3749 2418 non
3783 2354 3956 2437 fuit3
3987 2344 4056 2387 ²¹·

2459 2463 2522 2516 et
2569 2456 2682 2537 qui
2740 2455 3195 2529 consolaretur,
3243 2463 3305 2517 et
3363 2473 3488 2517 non
3549 2452 3788 2516 inveni.
3837 2452 3961 2515 Per

2456 2553 2680 2616 Isaiam
2719 2572 2978 2636 quoque
3013 2572 3026 2616 :
3063 2552 3520 2635 circumspexi,
3553 2560 3616 2614 et
3653 2570 3780 2615 non
3819 2560 3962 2613 erat
3989 2574 4049 2617 ι..
4073 2580 4214 2619 uns.
4257 2558 4259 2587 ⁴

2455 2652 2833 2723 auxiliator:
2875 2652 3164 2734 quaesivi,
3198 2660 3262 2713 et
3298 2669 3424 2714 non
3462 2650 3586 2712 fuit
3621 2650 3732 2732 qui
3771 2650 3963 2731 adju-

2457 2757 2650 2813 varet.
2685 2752 2902 2811 Alios*
2931 2753 3140 2811 salvos
3167 2752 3343 2829 fecit,
3377 2750 3440 2810 id
3471 2757 3587 2824 est,
3618 2768 3657 2810 a
3693 2749 3962 2830 languo-
3999 2766 4214 2811 ‘meana

2456 2848 2634 2911 ribus
2693 2848 2913 2911 multis
2972 2848 3218 2911 curavit
3250 2867 3267 2928 ;
3327 2848 3438 2909 sed
3496 2846 3709 2927 plures
3767 2848 3960 2929 spiri·
3987 2834 4108 2875 ‘⁴¹³⁰'

2455 2947 2710 3010 tualiter
2765 2947 2973 3011 salvos
3021 2946 3194 3020 fecit,
3243 2964 3351 3009 eos
3399 2946 3824 3008 convertendo
3871 2948 3957 3008 ad

838 3047 974 3108 lum
1033 3045 1278 3126 adjuvit
1336 3044 1400 3105 in
1462 3042 1713 3122 ligando
1774 3041 1986 3104 velum
2045 3041 2206 3103 illud
2262 3042 2337 3104 ad
2382 3046 2426 3109 C
2458 3043 2858 3108 Deum.Ecce
2888 3044 3283 3107 obtenebrati
3317 3043 3420 3106 isti
3453 3042 3658 3124 iniqui
3693 3043 3960 3125 propria

840 3145 1053 3208 locum
1097 3142 1453 3225 prael'atum.
1496 3139 1597 3202 Sic
1640 3149 1848 3202 autem
1894 3140 2181 3203 Christus
2226 3159 2342 3201 nu-

843 3243 978 3306 dari
1023 3242 1317 3323 dignatus
1356 3247 1473 3314 est,
1512 3245 1580 3300 ut
1622 3256 1735 3301 nos
1779 3238 2007 3301 merito
2050 3257 2182 3301 suae
2224 3258 2342 3299 nu-

844 3340 1115 3404 dationis
1155 3340 1496 3402 induamur
1536 3337 1664 3417 jam
1707 3336 1989 3399 vestibus
2029 3336 2339 3399 virtutum

844 3448 906 3501 et
942 3439 1179 3520 gratita,
1214 3436 1443 3499 deinde
1485 3436 1549 3497 in
1582 3434 1709 3497 vita
1748 3433 1964 3496 futura
2002 3435 2341 3497 vestimen·-

842 3538 925 3600 tis
966 3536 1183 3616 gloriae
1224 3534 1651 3616 sempiternae.

922 3638 1299 3699 Dividentes
1338 3652 1483 3693 vero
1522 3632 1897 3693 vestimenta
1930 3632 2114 3701 sua',
2157 3634 2341 3692 mise-

841 3744 999 3796 runt
1038 3742 1252 3793 sorte-5.
1296 3730 1618 3802 Quomodo
1668 3728 1904 3790 factum
1954 3728 2038 3790 sit
2084 3729 2227 3803 hoc,
2272 3730 2337 3791 in

838 3834 1075 3896 Joanne
1124 3830 1376 3913 plenius
1426 3828 1679 3909 legitur,
1722 3827 1830 3889 ubi
1882 3826 2154 3889 habetur
2186 3846 2200 3890 :
2235 3828 2342 3889 Mi-

841 3933 983 3994 lites
1015 3948 1217 4011 quum
1250 3925 1722 3989 crucifixissent
1752 3943 1922 3999 eum,
1954 3935 2340 4008 acceperunt

2455 3160 2522 3205 se
2570 3144 2996 3206 condemnant
3052 3142 3405 3222 sententia3
3453 3149 3516 3203 et
3573 3142 3724 3203 dum
3772 3140 3960 3205 Chri·

2455 3250 2623 3304 stum
2667 3260 2734 3304 se
2783 3248 3008 3323 putant
3047 3240 3427 3322 vituperare,
3481 3238 3752 3301 maxime
3798 3258 3952 3303 eum

2453 3340 2920 3413 commendant,
2970 3338 3141 3420 quod
3189 3336 3640 3400 miraculorum
3699 3338 3781 3399 sit
3837 3358 3958 3421 po-

2455 3448 2594 3502 tens
2634 3437 2920 3501 effector.
2954 3437 3038 3499 De
3068 3436 3513 3517 ingratissimis
3551 3436 3688 3499 istis
3715 3436 3956 3499 sudaeis

2456 3538 2740 3602 Christus
2789 3536 3082 3619 praedixit
3129 3534 3193 3597 in
3243 3534 3489 3598 Psalmo
3533 3553 3548 3598 :
3595 3534 3708 3598 Pro
3753 3552 3827 3599 eo
3877 3544 3956 3597 ut
3995 3560 4210 3607 Pam-23.

2455 3654 2556 3698 me
2595 3636 2931 3715 diligerent
2973 3633 3387 3696 detrahebant
3433 3632 3614 3707 mihi,
3653 3640 3719 3694 et
3759 3650 3956 3715 posu·
3981 3625 4023 3664 ⁵·

2452 3742 2642 3796 erunt
2687 3734 3024 3796 adversum
3083 3749 3185 3794 me
3233 3731 3402 3793 mala
3459 3749 3573 3812 pro
3628 3731 3834 3805 boniS,
3885 3740 3956 3794 et

2451 3834 2670 3895 odium
2716 3850 2830 3913 pro
2874 3830 3212 3893 dilectione
3248 3847 3410 3891 mea.
3447 3832 3529 3890 Se
3563 3830 3779 3906 ipsum
3817 3833 3956 3889 sal-

2452 3951 2602 3991 vum
2634 3932 2866 4007 faciat,
2901 3930 2965 3992 id
3005 3936 3119 4003 est,
3156 3930 3232 3991 de
3271 3927 3478 4010 poenis
3518 3927 3656 3989 istis
3693 3927 3950 4008 eripiat,

844 4030 1217 4093 vestimenta
1256 4023 1395 4105 ejus
1423 4024 1513 4105 (et
1556 4023 1848 4085 fecerunt
1885 4031 2160 4105 quatuor
2197 4044 2341 4107 par-
2448 4031 2508 4089 si
2537 4031 2646 4089 hic
2672 4037 2761 4087 est
2796 4029 3087 4089 Christus
3107 4029 3228 4086 Dei
3255 4030 3512 4095 electu-³,
3541 4024 3606 4086 id
3635 4030 3730 4087 est
3755 4042 3794 4085 a
3823 4024 3955 4089 Deo

838 4135 955 4203 tes,
990 4126 1340 4206 unicuique
1378 4123 1567 4185 militi
1609 4122 1901 4204 partem),
1937 4129 2000 4183 ct
2027 4124 2334 4186 tunicam.

2451 4144 2700 4189 summe
2749 4124 2988 4187 electus
3036 4126 3384 4187 secundum
3427 4131 3716 4186 naturam
3763 4142 3952 4187 suam

838 4226 987 4288 Erat
1018 4232 1229 4287 autem
1270 4222 1485 4283 tunica
1524 4220 1947 4293 inconsutiliS,
1982 4220 2047 4283 id
2076 4229 2173 4282 est
2211 4240 2336 4284 non
2373 4230 2422 4291 D
2450 4225 2816 4287 humanam.
2851 4222 2936 4283 De
2978 4239 3106 4302 quo
3147 4239 3260 4303 per
3297 4220 3517 4283 Isaiam
3559 4220 3722 4283 Deus
3761 4228 3952 4283 testa-

838 4332 1122 4397 consuta,
1171 4323 1445 4401 desuper
1492 4325 1783 4381 contexta
1832 4336 1945 4400 per
1990 4324 2219 4394 totum,
2274 4320 2339 4383 id

838 4432 932 4486 est
991 4420 1335 4483 artificiose
1391 4416 1677 4481 confecta
1732 4435 1924 4499 opere
1982 4417 2333 4494 reticulate,

838 4520 959 4585 hoc
990 4528 1087 4581 est
1115 4536 1229 4602 per
1262 4516 1521 4579 modum
1554 4516 1705 4577 retis
1734 4524 1925 4597 atque
1956 4516 2172 4591 cilicii,
2209 4537 2335 4581 non

2449 4332 2554 4385 tur
2588 4341 2602 4385 :
2639 4322 2796 4384 Ecce
2834 4339 3055 4383 servus
3095 4338 3298 4394 meuS‚
3334 4320 3676 4401 suscipiam
3715 4319 3944 4399 illum;
3991 4346 4196 4390 1·.m,1.

2449 4421 2687 4483 electus
2729 4437 2931 4492 meuS,
2970 4416 3356 4499 complacuit
3391 4416 3515 4479 sibi
3555 4417 3620 4478 in
3661 4417 3770 4479 illo
3805 4418 3950 4479 ani-

2449 4538 2554 4581 ma
2599 4536 2762 4580 mea.
2817 4517 2975 4579 Ecce
3022 4536 3214 4598 quam
3263 4514 3612 4578 ineffabilis
3656 4514 3782 4578 fuit
3825 4516 3950 4579 ista

839 4620 1039 4682 incisa
1084 4637 1096 4679 :
1140 4634 1333 4699 quam
1382 4614 1570 4694 Virgo
1620 4614 2017 4676 sanctissima
2057 4616 2338 4678 creditur
2444 4618 2803 4681 Judaeorum
2861 4616 3128 4689 insania,
3180 4614 3425 4677 caecitas
3481 4621 3545 4676 et
3601 4614 3944 4695 imperitia.

836 4716 1115 4800 propriis
1157 4712 1452 4776 manibus
1504 4729 1619 4775 suo
1660 4710 1895 4774 Dilecto
1942 4712 2193 4774 fecisse.
2238 4714 2339 4775 Di-

835 4822 1067 4879 xerunt
1096 4832 1244 4894 crgo
1275 4811 1511 4873 milites
1541 4811 1621 4872 ad
1651 4810 1925 4872 invicem
1962 4829 1974 4872 :
2008 4810 2142 4873 Non
2176 4813 2338 4875 scin·

835 4918 1062 4978 damus
1111 4931 1274 4985 eam,
1325 4910 1388 4972 id
1438 4916 1553 4983 est,
1609 4928 1734 4971 non
1787 4909 2145 4971 dividamus
2197 4929 2336 4973 eam

835 5015 902 5076 in
961 5020 1234 5095 quatuor
1284 5016 1494 5091 partes
1544 5008 1709 5069 sicut
1759 5007 1884 5069 alia
1932 5007 2332 5087 vestimenta,

835 5114 946 5175 sed
1002 5110 1342 5173 sortiamur
1399 5108 1476 5169 de
1537 5106 1644 5167 illa
1702 5105 1886 5185 cujus
1946 5106 2048 5177 sit,
2093 5106 2158 5168 id
2214 5116 2330 5183 est,

834 5218 1069 5274 sortem
1114 5207 1440 5270 mittamus
1482 5206 1561 5267 ad
1605 5222 1801 5286 quem
1844 5212 1972 5267 tota
2017 5206 2330 5268 deveniat.

832 5310 1016 5401 Eorte
1080 5306 1256 5369 enim
1319 5312 1580 5387 propter
1635 5302 1847 5385 operis
1910 5303 2330 5367 subtilitatem

2445 4715 2705 4787 Qualem
2765 4713 2939 4776 enim
2995 4713 3514 4793 consequentiam
3573 4712 3814 4787 habuit,
3873 4721 3950 4774 ut

2442 4815 2622 4877 Jesus
2667 4832 2734 4875 se
2773 4814 2850 4875 de
2894 4812 3102 4895 poenis
3153 4812 3280 4873 illis
3329 4812 3625 4894 eriperet,
3667 4811 3720 4872 si
3767 4810 3950 4875 Chri—

2447 4920 2581 4975 stus
2641 4918 2826 4987 esset,
2877 4920 2940 4973 et
2997 4930 3122 4973 non
3182 4910 3394 4992 potius
3443 4928 3547 4971 eas
3605 4927 3806 4990 usque
3861 4911 3945 4973 ad

2447 5019 2715 5073 mortem
2766 5008 3080 5071 inclusive
3129 5006 3482 5090 perferret?
3531 5006 3748 5070 Nonne
3797 5006 3948 5071 Pro—

2446 5108 2653 5190 phetas
2683 5106 2912 5170 Christi
2944 5106 3324 5169 occisionem
3356 5105 3752 5188 apertissime
3783 5124 3948 5187 prae-

2445 5207 2784 5269 dixerunt?
2823 5203 3044 5267 Nonne
3073 5204 3270 5266 David
3309 5204 3375 5265 in
3407 5204 3636 5267 Christi
3671 5221 3945 5285 persona

2447 5304 2782 5379 cecinerat,
2834 5303 2901 5364 ln
2961 5302 3290 5384 pulverem
3351 5302 3572 5365 mortis
3619 5302 3940 5365 deduxisti
3981 5322 4200 5371 amu.
4253 5314 4255 5317 ⁴
