4300 6259
101 2006 162 2049 Pae.
177 2020 221 2055 u.
234 2010 272 2049 t.

77 2493 136 2536 Px.
147 2499 296 2544 um&-

113 2695 210 2738 Itu.
223 2699 258 2741 4.

1124 535 1477 583 mammo
1521 534 1585 581 m
1625 533 1765 582 CAP.
1811 533 1896 580 XX
1937 533 2125 582 LUGAE.
2171 553 2253 564 —
2293 535 2435 581 ΛΒΤ.
2482 533 2628 581 XLIII

3306 513 3419 578 181

325 725 476 790 pere
513 707 834 771 conamini
877 725 992 789 per
1019 707 1173 770 ficta
1205 715 1270 770 et
1305 704 1655 770 adulatoria
1683 723 1826 768 ver·
1851 703 1900 766 A
1934 704 2097 767 nitas
2135 724 2174 767 a
2220 705 2525 770 servitute
2572 707 2813 788 peccati
2861 725 2935 769 ac
2970 705 3124 787 jugo
3162 704 3419 768 diaboli.

323 805 420 868 ba.
456 843 534 852 —
563 806 852 888 Denique
897 806 1178 869 adulatio
1223 813 1322 868 θεῖ
1365 823 1556 886 grave
1605 821 1826 886 pecca-

319 911 494 986 tum3
527 911 592 968 et
637 906 751 987 qui
800 905 1000 968 alium
1042 905 1256 968 laudat
1303 903 1576 977 incaute,
1610 908 1720 964 aut
1762 901 1821 963 ei

318 1001 467 1065 ficte
527 1003 876 1078 blanditur,
927 1003 1153 1084 grandi
1203 1021 1353 1065 eum
1398 1001 1660 1084 exponit
1715 1018 1824 1082 pe-

319 1101 540 1176 riculo,
594 1111 812 1184 utpote
861 1102 1082 1184 gloriae
1129 1119 1329 1175 vanae,
1380 1119 1510 1182 qua
1565 1117 1822 1163 omnem

317 1219 510 1282 quam
551 1201 744 1264 habet
786 1201 1056 1282 gratiam
1095 1208 1158 1262 et
1199 1201 1503 1262 virtutem
1548 1197 1816 1260 amittat.

317 1299 476 1361 Hinc
523 1298 966 1380 Augustinus:
1001 1299 1158 1374 Duo,
1205 1296 1440 1380 inquit,
1483 1304 1634 1358 sunt
1682 1313 1824 1378 per-

319 1398 726 1480 sequentium
762 1416 997 1479 genera
1031 1417 1044 1460 :
1081 1417 1284 1460 unum
1323 1403 1420 1458 est
1457 1395 1826 1476 vituperan-

318 1497 502 1572 tium,
535 1497 709 1560 aliud
739 1497 1162 1560 adulantium.
1195 1494 1384 1576 Magis
1417 1493 1824 1576 persequitur

319 1595 536 1676 lingua
591 1595 960 1670 adulatoris,
1019 1614 1216 1677 quam
1273 1612 1502 1656 manus
1560 1590 1822 1654 interfe-

321 1695 533 1757 ctoris,
566 1693 873 1758 Adulator
901 1694 1200 1776 equidem
1233 1692 1493 1775 perimit
1518 1691 1820 1766 animam,

323 1811 552 1875 corpus
581 1793 848 1857 occisor.
875 1792 1094 1856 Merito
1125 1792 1320 1872 igitur
1347 1790 1434 1853 ait
1463 1789 1820 1852 Psalmista:

325 1988 497 2051 bitur
526 1988 855 2051 Dominus.
889 1987 966 2049 Et
1003 2005 1226 2049 rursus
1262 2005 1275 2048 :
1311 1984 1488 2048 Sicut
1516 1984 1825 2048 novacula

321 2095 504 2150 acuta
540 2086 749 2149 fecisti
792 2086 1032 2149 dolum.
1067 2084 1609 2158 Quemadmodum
1651 2102 1826 2145 nam—

321 2203 446 2266 que
493 2193 678 2248 acuta
727 2184 1039 2248 novacula
1086 2183 1294 2246 crines
1341 2181 1680 2255 abscindit,
1734 2180 1826 2243 sic

321 2283 606 2347 adulator
635 2283 802 2346 tollit
832 2282 1160 2347 virtutem.
1193 2280 1354 2343 Hinc
1393 2279 1528 2343 zelo
1562 2279 1826 2360 justitiae

323 2391 541 2446 contra
598 2382 958 2446 adulatores
1015 2388 1079 2443 et
1134 2379 1454 2460 bilingues
1515 2377 1828 2460 Propheta

324 2500 692 2556 succensuS,
752 2487 1022 2543 testatur
1083 2497 1098 2542 ε
1159 2477 1538 2560 Loquuntur
1603 2495 1823 2558 pacem

325 2599 470 2642 cum
521 2579 816 2661 proximo
866 2595 1004 2652 su0‚
1038 2576 1206 2639 mala
1250 2583 1464 2638 autem
1513 2575 1581 2637 in
1623 2575 1828 2639 cordi-

325 2678 442 2741 bus
481 2695 728 2742 eorum.
763 2675 1000 2738 Deinde
1049 2681 1348 2756 precatur
1380 2692 1394 2735 :
1429 2673 1517 2735 Da
1563 2672 1692 2735 illis
1731 2691 1827 2735 se-

326 2777 606 2839 cundum
636 2792 832 2857 opera
861 2792 1105 2848 eorum,
1131 2780 1195 2834 et
1224 2771 1577 2834 secundum
1605 2771 1828 2853 nequi-

323 2874 474 2937 tiam
503 2872 1032 2936 adinventionum
1064 2871 1369 2954 ipsorum.
1391 2906 1474 2915 —
1491 2868 1828 2952 Propterea

323 2973 626 3036 Dominus
657 2971 944 3035 Christus
975 2971 1128 3032 istos
1168 2968 1526 3031 adulatores
1556 2987 1629 3030 ac
1657 2967 1828 3029 frau-

1929 801 2193 885 Propter
2230 805 2403 886 quod
2446 804 2855 868 sacratissimi
2898 804 3165 886 apostoli
3204 802 3423 866 Petrus
3491 817 3651 862 1Petr.
3670 831 3715 869 ι..

1929 908 1990 962 et
2033 901 2262 965 Paulus
2300 903 2365 964 in
2410 904 2542 966 suis
2590 903 2876 985 epistolis
2924 904 3255 966 hortantur
3296 879 3715 994 ser-{253{21Z·

1930 1019 2041 1064 vos
2071 999 2319 1077 fideleS,
2356 1010 2425 1064 ut
2454 1001 2826 1064 infidelibus
2857 1019 3115 1084 quoque
3148 1001 3423 1066 dominis
3452 1007 3598 1058 ¹1·‚²²;
3625 1006 3715 1049 Tit·

1929 1097 2211 1161 fideliter
2264 1100 2718 1182 obsequantur.
2761 1103 2849 1162 Et
2895 1121 3038 1179 quoe
3081 1109 3234 1162 sunt
3278 1103 3425 1169 Dei,
3454 1071 3557 1121 ¹¹'⁹‘

1931 1201 2082 1266 Dec,
2135 1198 2199 1260 id
2256 1204 2372 1272 est,
2426 1217 2569 1280 quae
2620 1198 2744 1261 Deo
2802 1198 3131 1276 tenemini,
3184 1197 3429 1261 scilicet

1929 1295 2399 1359 observantiam
2441 1303 2929 1379 praeceptorum,
2962 1297 3021 1359 ei
3057 1296 3294 1377 jugiter
3323 1287 3429 1358 e'x-

1931 1394 2167 1470 hibete,
2203 1394 2331 1458 imo
2375 1413 2485 1458 vos
2536 1395 2709 1477 ipsos
2758 1396 2977 1461 divino
3026 1395 3225 1458 cultui
3272 1402 3430 1458 tota-

1931 1493 2077 1556 liter
2113 1493 2494 1575 mancipate‚
2539 1494 2843 1576 quoniam
2881 1501 3087 1557 totum
3120 1494 3294 1576 quod
3332 1511 3431 1556 es-

1934 1593 2034 1667 tis,
2087 1592 2197 1654 Dei
2256 1600 2371 1668 est,
2425 1600 2487 1655 et
2534 1593 2675 1674 ejus
2733 1593 3009 1674 imagine
3059 1593 3423 1674 insignitur.

1931 1689 2474 1763 Quemadmodum
2505 1692 2678 1752 enim
2718 1691 3014 1754 denarius
3045 1691 3303 1754 Caesaris
3333 1699 3431 1754 est

1931 1789 2252 1851 metallum
2290 1788 2429 1870 ejus
2470 1789 2745 1870 imagine
2784 1790 3162 1865 decoratum,
3196 1789 3283 1851 ita
3320 1808 3429 1851 nu-

129 1919 160 1948 s.
179 1909 266 1958 m.
323 1890 546 1953 Virum
602 1889 988 1970 sanguinum
1039 1897 1103 1952 et
1151 1889 1442 1953 dolosum
1499 1886 1825 1950 abomina-
1863 1884 1906 1946 B
1934 1885 2162 1947 misma
2192 1885 2300 1946 Dei
2332 1893 2427 1947 est
2457 1886 2645 1949 homo
2677 1905 2943 1948 summae
2972 1885 3295 1949 Trinitatis
3324 1903 3431 1948 ex-

1933 1983 2171 2064 politus
2229 1983 2525 2064 imagine.
2579 1982 2883 2046 Praeterea
2930 2003 3058 2046 non
3107 1984 3200 2046 sic
3246 1984 3433 2046 intel-

1934 2082 2187 2162 ligenda
2224 2088 2375 2144 sunt
2403 2081 2597 2144 verba
2626 2081 2856 2144 Christi
2898 2089 3213 2165 praetacta,
3248 2081 3431 2164 quasi

1932 2180 2179 2262 aliquid
2218 2180 2302 2242 sit
2340 2179 2763 2262 imperatoris,
2796 2181 2971 2262 quod
3009 2200 3137 2244 non
3178 2181 3260 2243 sit
3288 2180 3434 2243 Cre-

1932 2279 2146 2353 atoriS,
2182 2277 2293 2359 qui
2332 2279 2476 2359 jure
2516 2278 2854 2342 creationis
2894 2280 3183 2343 omnium
3227 2279 3436 2344 Domi-

1933 2396 2056 2439 nus
2095 2376 2427 2440 verissime
2467 2376 2876 2459 perhibetur3
2910 2379 3020 2440 sed
3060 2378 3299 2441 idcirco
3341 2377 3435 2440 sic

1935 2475 2095 2538 dixit
2131 2473 2433 2549 Salvator,
2467 2476 2772 2556 quoniam
2820 2476 3035 2558 aliqua
3074 2475 3435 2558 specialiter

1934 2576 2322 2657 deputantur
2348 2580 2602 2639 terreno
2640 2575 2919 2656 praesidi‚
2951 2581 3016 2637 et
3047 2574 3263 2656 aliqua
3291 2575 3435 2638 Cre-

1935 2673 2116 2736 atori.

2014 2774 2102 2832 Et
2129 2790 2263 2832 non
2295 2780 2651 2848 potuerunt
2680 2773 2945 2832 verbum
2977 2773 3143 2849 ejus,
3173 2772 3295 2835 hoc
3336 2779 3433 2834 est

1935 2869 2372 2952 praescriptam
2410 2869 2641 2932 Christi
2690 2869 3190 2951 responsionem,
3222 2889 3433 2948 repre-
3470 2863 3475 2869 ’

1934 2969 2211 3028 bendere
2247 2987 2463 3027 coram
2498 2969 2695 3043 plebe.
2730 2965 2862 3031 Non
2914 2967 3087 3029 enim
3122 2969 3224 3050 (ut
3260 2966 3433 3031 Salo·
3484 2988 3724 3039 Promxn,

3565 2781 3637 2837 26

325 3071 616 3134 dulentos
667 3071 824 3132 dure
872 3067 1242 3148 redarguit:
1278 3067 1512 3148 primo,
1557 3073 1628 3127 ut
1674 3067 1827 3127 adu-
1861 3061 1906 3126 G
1935 3084 2082 3128 mon
2134 3064 2251 3144 ait)
2297 3071 2394 3126 est
2441 3064 2773 3146 sapientia,
2822 3083 2948 3130 non
2998 3072 3095 3128 est
3142 3065 3426 3142 scientia,
3460 3053 3527 3095 ³⁰·

325 3169 589 3233 lationes
637 3175 702 3231 et
747 3166 1003 3230 fraudes
1053 3183 1306 3247 semper
1356 3164 1674 3244 vitemus;
1726 3181 1826 3224 se-

325 3269 554 3342 cundo,
606 3275 680 3330 ut
724 3265 1082 3329 adulatores
1129 3272 1388 3327 strenue
1434 3261 1822 3338 refellamus,

169 3393 210 3420 cx
287 3386 469 3429 .cum
526 3365 841 3448 Propheta
898 3362 1240 3446 psallentes
1294 3380 1308 3424 :
1363 3361 1674 3443 Corripiet
1723 3378 1827 3422 me

323 3465 528 3545 justus
574 3463 642 3526 in
691 3461 1129 3525 misericordia
1171 3467 1234 3522 et
1276 3458 1634 3541 increpabit
1679 3476 1823 3538 me;

325 3564 534 3627 oleum
594 3569 809 3624 autem
867 3558 1215 3643 peccatoris
1274 3576 1402 3621 non
1469 3557 1828 3638 impinguet

326 3671 514 3745 caput
556 3677 798 3724 meum.

407 3761 735 3823 Ostendite
783 3757 952 3818 mihi
995 3756 1372 3826 denarium,
1423 3753 1537 3836 qui
1584 3754 1662 3816 ad
1711 3753 1829 3815 im-

331 3857 636 3940 peratoris
675 3862 1067 3938 praeceptum
1107 3851 1379 3916 solvitur
1407 3870 1522 3934 pro
1561 3851 1822 3914 tributo.

327 3955 660 4038 Quumque
707 3952 1133 4016 ostendissent
1171 3949 1418 4014 Christo
1467 3949 1824 4030 denarium,

331 4053 738 4135 interrogavit
798 4069 814 4114 ε
869 4051 1068 4128 Cujus
1119 4051 1305 4110 habet
1359 4050 1715 4126 imaqinem
1766 4058 1827 4109 et

327 4153 840 4232 inscriptionem,
872 4148 938 4211 id
968 4155 1065 4210 est
1092 4146 1700 4228 superscriptionem
1730 4164 1829 4208 ex-

1933 3183 2062 3227 non
2111 3171 2207 3225 est
2258 3163 2597 3226 consilium
2657 3171 2877 3227 contra
2932 3164 3293 3227 Dominum.
3346 3165 3432 3228 De

1933 3281 2063 3344 quo
2108 3262 2177 3324 in
2223 3261 2339 3324 Job
2386 3262 2742 3324 asseritur:
2784 3261 2900 3335 Qui
2950 3263 3434 3344 comprehendit
3486 3283 3705 3337 soom-⁹..

1935 3359 2253 3441 sapientes
2302 3358 2367 3420 in
2417 3359 2649 3421 astutia
2696 3377 2942 3434 eorum,
2981 3367 3046 3422 et
3092 3361 3432 3424 consilium

1935 3475 2278 3540 pravorum
2310 3457 2589 3539 dissipat.
2614 3461 2701 3519 Et
2730 3460 2960 3518 mirati
2988 3459 3063 3520 in
3090 3462 3429 3537 respon-³2⁰3,

1935 3557 2054 3620 hoc
2097 3563 2195 3618 est
2232 3555 2445 3618 verbis
2486 3556 2965 3638 responsalibus
3012 3558 3179 3634 ejus,
3226 3567 3435 3619 tacue-

1933 3665 2110 3725 runt,
2132 3654 2421 3718 videntes
2452 3672 2520 3716 se
2548 3673 2677 3718 non
2708 3672 2895 3737 posse
2924 3654 2983 3717 ei
3014 3655 3426 3720 concludere:

1936 3752 2065 3815 imo
2096 3771 2227 3834 quo
2262 3752 2540 3834 amplius
2574 3770 2724 3815 eum
2759 3753 3331 3835 interrogaverunt,
3357 3773 3431 3819 eo

1935 3851 2082 3933 plus
2137 3849 2587 3932 glorificabant
2632 3869 2803 3932 eum,
2845 3858 2909 3914 et
2956 3850 3431 3916 confundebant

1935 3968 2002 4012 se
2040 3950 2236 4032 ipsos.
2270 3949 2486 4030 Itaque
2528 3949 2924 4012 mirabantur
2961 3953 3133 4032 quod
3172 3959 3302 4013 tam
3345 3952 3433 4014 ir-

1934 4048 2525 4132 reprehensibiliter
2570 4067 2716 4112 mox
2766 4050 3114 4131 respondit,
3147 4056 3214 4113 et
3258 4053 3429 4132 quod

1933 4147 2277 4210 insidiandi
2318 4146 2878 4230 calumniandique
2915 4147 3130 4212 locum
3166 4167 3295 4212 non
3334 4167 3433 4212 re-

328 4261 562 4316 aratam
594 4250 662 4312 in
693 4249 1002 4311 nummo?
1041 4245 1174 4309 Non
1208 4263 1286 4307 ex
1325 4245 1679 4326 ignorantia
1705 4245 1827 4308 hoc
1855 4245 1907 4308 D
1933 4253 2259 4328 pererunt.

329 4350 645 4434 quaesivit,
701 4348 812 4410 sed
872 4352 944 4406 ut
998 4362 1076 4407 ex
1133 4361 1355 4406 eorum
1412 4343 1827 4425 responsione

331 4451 501 4513 daret
529 4448 625 4511 eis
655 4442 1284 4526 irreprehensibilem
1315 4442 1712 4505 solutionem.
1735 4442 1828 4505 Id-

331 4567 401 4612 eo
429 4546 732 4611 subditur
765 4563 778 4607 :
813 4545 1282 4619 Respondenees
1309 4542 1624 4602 dixerunt
1653 4562 1677 4602 .·
1701 4543 1828 4602 Coe-

329 4650 516 4716 saris,
553 4651 709 4728 puta
745 4640 1006 4716 Tiberii,
1038 4658 1168 4721 quo
1207 4639 1562 4720 imperante
1601 4658 1824 4721 passus

333 4755 422 4808 est
469 4743 784 4809 Christus,
839 4743 926 4802 Et
970 4741 1068 4800 ait
1114 4739 1254 4798 illis
1297 4759 1320 4798 .·
1359 4740 1634 4800 Reddite
1679 4759 1825 4816 erqo

333 4866 468 4924 quae
495 4853 656 4905 sunt
687 4839 980 4908 Caesaris,
1014 4838 1276 4904 Caesari,
1309 4836 1429 4899 hoc
1458 4844 1556 4899 est
1581 4854 1655 4899 ea
1683 4855 1828 4918 quae

333 4943 387 5004 ei
425 4961 501 5005 ex
531 4936 895 5004 rationabili
934 4934 1335 4997 institutione
1373 4934 1638 5010 debetiS,
1676 4942 1828 5017 puta

333 5059 614 5114 censum,
657 5036 994 5108 tributum,
1029 5032 1434 5115 obsequium.
1468 5033 1611 5096 Haec
1653 5052 1830 5095 nam—

335 5157 456 5221 que
496 5134 818 5221 spirituali
857 5131 1137 5195 libertati
1175 5139 1239 5193 et
1275 5130 1656 5211 subjectioni
1707 5133 1826 5195 sub

337 5239 476 5314 Deo,
498 5239 580 5300 ad
606 5253 769 5318 quas
798 5231 1130 5296 ordinatur
1159 5230 1262 5292 lex
1293 5230 1529 5304 divina,
1565 5249 1693 5294 non
1726 5232 1831 5293 de-

341 5344 572 5419 rogant,
607 5333 763 5418 quia
791 5328 1144 5413 spiritualis
1172 5327 1448 5404 libertaS,
1481 5335 1576 5391 est
1605 5329 1830 5392 immu-

2014 4344 2488 4424 Consequenter
2517 4343 2899 4406 describitur
2925 4344 3192 4426 quaestio
3221 4365 3258 4408 a
3286 4344 3431 4409 Sad-

1934 4443 2168 4506 ducaeis
2204 4441 2451 4507 Christo
2491 4443 2832 4525 proposita,
2866 4461 2982 4526 per
3017 4463 3213 4525 quam
3253 4446 3431 4509 volu-

1933 4549 2119 4605 erunt
2162 4540 2483 4604 Sadducaei
2530 4541 2871 4604 Pharisaeos
2916 4541 3327 4618 confundere,
3365 4552 3429 4607 et

1933 4639 2163 4703 Christi
2214 4639 2588 4721 sapientiam
2628 4639 2978 4721 explorare.
3012 4643 3428 4704 Accesserant

1933 4748 2148 4800 autem
2180 4739 2453 4816 quidam
2482 4741 3017 4810 Sadducaeorum,
3042 4741 3160 4818 qui
3187 4752 3427 4818 neyant

1931 4855 2056 4897 esse
2101 4838 2654 4897 resurrectionem.
2697 4835 2782 4897 De
2829 4835 3069 4918 triplici
3116 4844 3285 4899 secta
3330 4837 3427 4900 in-

1933 4942 2030 4997 ter
2056 4933 2300 4997 Judaeos
2331 4933 2693 5009 exsistente,
2728 4934 3023 4998 videlicet
3050 4933 3419 5011 Essaeorum,

1935 5033 2413 5110 Pharisaeorum,
2446 5051 2519 5095 ac
2556 5031 3062 5106 Sadducaeorum,
3106 5040 3169 5096 et
3206 5035 3427 5099 distin-

1936 5133 2144 5196 ctione
2185 5149 2403 5194 eorum
2449 5131 2527 5193 ab
2569 5131 2866 5206 invicem,
2901 5131 3141 5195 dietum
3180 5141 3274 5196 est
3320 5155 3428 5199 su-
3502 5164 3546 5208 ι..
3566 5163 3717 5208 unffi,

1939 5250 2074 5314 pra.
2108 5229 2297 5294 Porro
2328 5229 2647 5292 Sadducaei
2687 5229 2855 5292 inter
2883 5230 3025 5293 illos
3053 5233 3425 5312 gravissime
3456 5245 3513 5284 ¹¹¹·
3534 5233 3575 5273 ⁷·

1939 5336 2331 5405 erraverunt,
2366 5327 2517 5411 quia
2558 5347 2675 5391 nec
2721 5329 3038 5410 angelum,
3077 5350 3196 5395 nec
3242 5333 3429 5415 spiri·
3454 5363 3720 5416 Acunum.

3559 4649 3632 4705 27
