4300 6259
101 769 281 822 Sphes.
300 783 355 820 ιι,

76 835 115 882 4,
133 836 173 874 5.

102 2258 165 2302 18.
180 2273 301 2311 xxva,
316 2261 363 2311 8,

80 2653 159 2698 Pu.
182 2667 295 2704 xvn,
316 2656 361 2698 2.

102 3337 118 3380 1
128 3337 291 3382 Ιοωυι.
306 3351 367 3390 ιν,

144 4224 161 4268 1
178 4225 291 4269 Cor.
310 4236 369 4274 vi,

98 4291 162 4330 17.

1204 495 1551 543 mammo
1590 494 1657 541 m
1696 493 1835 541 GAP.
1883 492 1950 538 m
1990 491 2268 540 Jomms.
2313 511 2394 524 ·-·-
2433 493 2576 540 Am.
2621 493 2686 540 11

3371 477 3493 543 333

389 663 503 726 sed
537 655 849 746 >quoniam
897 667 1037 751 ipse
1076 669 1251 751 prior
1293 667 1517 731 dilexit
1562 685 1699 730 nos.
1732 663 1892 727 Hinc
1921 663 1973 725 A
2082 662 2415 740 Quaeritur,
2449 665 2502 727 si
2534 665 2696 728 Deus
2726 665 2905 728 Pater
2942 665 3034 728 sic
3071 666 3279 748 diligit
3309 687 3495 730 mun-

388 768 453 822 et
483 760 715 827 Paulus
747 765 885 848 ipse
914 768 990 830 ad
1026 767 1328 849 Ephesios
1358 765 1693 828 disseruit:
1726 764 1889 825 Deus

390 861 508 940 qui
546 863 724 926 dives
760 873 856 928 est
898 866 964 927 in
1006 865 1463 938 misericordia,
1499 871 1759 947 propter
1796 862 1891 923 ni-

390 959 590 1023 miam
649 963 974 1026 caritatem
1034 983 1214 1027 suam
1271 983 1401 1045 qua
1465 963 1687 1026 dilexit
1748 979 1887 1040 n08,

389 1075 594 1137 quum
636 1078 922 1125 essemus
970 1063 1207 1125 mortui
1256 1062 1555 1146 peccatiS,
1608 1059 1892 1125 convivi-

387 1154 615 1220 ficavit
653 1158 924 1234 Christo,
958 1161 1145 1242 eujus
1190 1161 1392 1242 gratia
1438 1159 1592 1222 estis
1642 1158 1887 1222 salvati.

470 1254 607 1319 Non
649 1275 799 1339 ergo
837 1267 1320 1322 contemnamus
1366 1275 1575 1339 neque
1616 1257 1892 1338 negliga-

388 1371 537 1414 mus
588 1373 703 1419 nos
762 1355 959 1439 ipSOS,
1010 1377 1138 1422 non
1198 1356 1589 1420 vilificemus
1646 1355 1891 1418 animas

390 1460 640 1515 nostras
671 1473 939 1520 summm
969 1454 1292 1520 Trinitatis
1324 1457 1600 1538 imagine
1631 1455 1895 1536 insigni-

386 1557 508 1626 taS‚
546 1551 739 1614 rebus
769 1554 1060 1629 terreniS‚
1093 1557 1348 1619 caducis
1386 1565 1496 1619 aut
1532 1554 1892 1618 carnalibus

388 1649 766 1714 inhaerendo
800 1671 813 1714 :
848 1654 958 1714 sed
1007 1654 1435 1718 intentissima
1483 1661 1697 1717 mente
1747 1671 1894 1735 pen-

2002 763 2178 837 dum,
2213 783 2327 826 cur
2369 765 2678 846 scriptum
2723 771 2818 826 est
2861 765 2926 826 in
2965 765 3201 828 Ioanne
3236 785 3249 829 :
3290 765 3494 830 Nolite
3536 775 3786 830 Momm.

2002 862 2266 942 diligere
2301 865 2635 938 mundum,
2669 883 2878 946 neque
2917 882 2990 926 ea
3028 883 3170 946 quae
3210 865 3273 926 in
3314 885 3495 928 mun·
3525 845 3590 886 ¹⁵·

2001 962 2081 1024 do
2128 970 2318 1042 sunt;
2370 963 2522 1044 quia
2579 963 2632 1024 si
2691 964 2836 1045 quis
2894 963 3103 1044 diligit
3155 966 3490 1040 mundum,

2002 1078 2129 1123 non
2179 1067 2275 1123 est
2323 1063 2547 1124 caritas
2596 1062 2793 1125 Patris
2843 1063 2908 1124 in
2961 1081 3056 1126 eo.
3111 1061 3183 1125 Et
3227 1063 3494 1128 lacobus

2002 1158 2069 1221 in
2114 1177 2228 1220 sua
2265 1159 2498 1222 fatetur
2536 1160 2848 1224 Canonica
2882 1179 2895 1223 :
2930 1160 2992 1223 Si
3032 1161 3180 1243 quis
3224 1163 3495 1226 voluerit
3521 1175 3784 1227 sanans.

2001 1258 2246 1320 amicus
2295 1257 2489 1339 hujus
2537 1259 2760 1322 mundi
2810 1258 2976 1334 fieri,
3028 1260 3328 1324 inimicus
3386 1261 3494 1323 Dei

2004 1357 2444 1419 constituetur.

2084 1455 2432 1518 Dicendum
2463 1462 2578 1530 est,
2610 1457 2780 1536 quod
2811 1455 2876 1518 in
2904 1456 3250 1539 Scripturis
3281 1458 3491 1533 sacriS,

2004 1555 2282 1616 mundus
2313 1553 2625 1635 accipitur
2662 1573 2778 1636 pro
2817 1555 3184 1618 hominibus
3225 1557 3290 1618 in
3331 1565 3498 1619 terra

2005 1651 2402 1732 degentibus.
2437 1651 2513 1714 Et
2549 1653 2670 1716 hoc
2706 1653 3046 1735 tripliciter
3079 1673 3094 1718 :
3127 1654 3356 1734 Primo,
3382 1674 3498 1738 pro

389 1767 631 1823 semm,
674 1751 897 1831 quanti
948 1751 1239 1816 aestimati
1289 1753 1489 1815 simus
1538 1772 1575 1816 a
1620 1752 1748 1814 Deo
1790 1769 1897 1814 no·
2004 1751 2345 1812 mundanis
2383 1758 2447 1813 et
2488 1751 2732 1814 vitiosis
2777 1751 3141 1815 hominibus
3185 1772 3199 1816 :
3241 1755 3319 1816 de
3357 1754 3501 1835 qui-

390 1855 547 1922 str0‚
579 1856 819 1930 quanta
858 1869 974 1932 pro
1014 1849 1197 1914 nobis
1239 1850 1393 1914 fecit
1433 1858 1496 1914 et
1536 1870 1759 1934 passus
1800 1856 1896 1912 est
1931 1853 1978 1916 B
2005 1847 2125 1910 bus
2174 1847 2402 1911 Paulus
2451 1851 2528 1912 ad
2571 1848 2812 1912 Galatas
2855 1858 3140 1925 testatur,
3187 1851 3252 1914 Si
3298 1852 3502 1916 homi-
3529 1865 3789 1919 Galeam.

388 1945 589 2009 Filius
642 1947 773 2022 Dei,
817 1957 1057 2030 quanta
1104 1969 1278 2012 nunc
1324 1951 1517 2024 dedit,
1551 1957 1789 2032 quanta
1826 1967 1894 2010 se

391 2045 692 2108 daturum
742 2046 927 2111 nobis
972 2049 1300 2130 promisit:
1332 2057 1395 2110 et
1433 2049 1721 2111 dicamus
1768 2047 1895 2111 Deo

392 2146 587 2207 eorde
632 2143 907 2208 ferventi
964 2165 1113 2208 cum
1167 2146 1599 2210 illustrissimo
1650 2147 1808 2208 Isaia
1875 2163 1889 2208 :

392 2241 636 2305 Nomen
667 2249 851 2305 tuum
881 2251 945 2306 et
974 2244 1343 2308 memoriale
1370 2252 1575 2319 tuum,
1608 2242 1892 2324 Domine,

392 2341 461 2402 in
491 2341 811 2404 desiderio
844 2342 1109 2423 animae3
1142 2344 1355 2406 anima
1395 2361 1536 2405 mea
1577 2343 1896 2406 desidera-

392 2441 487 2504 vit
514 2448 577 2502 te
608 2439 677 2502 in
718 2448 923 2516 noete,
955 2443 1063 2504 sed
1109 2450 1172 2504 et
1210 2442 1442 2524 spiritu
1472 2461 1615 2506 meo
1644 2442 1711 2504 in
1742 2460 1895 2524 prae-

392 2539 630 2602 eor-diis
672 2539 857 2614 meis,
891 2541 970 2602 de
1018 2558 1205 2602 mane
1255 2539 1531 2621 vigilabo
1578 2541 1657 2602 ad
1702 2547 1785 2601 te.
1819 2539 1895 2602 Et

392 2655 542 2699 cum
592 2637 924 2700 Psalmista
957 2657 971 2701 :
1004 2639 1273 2720 Diligam
1326 2647 1406 2714 te,
1440 2639 1725 2714 Domine,
1771 2638 1896 2703 for-

391 2735 599 2800 titudo
631 2755 793 2799 mea.
827 2736 921 2799 Ad
951 2738 1073 2800 hoc
1101 2737 1274 2799 enim
1304 2737 1468 2800 Deus
1499 2757 1675 2800 suam
1710 2736 1894 2800 nobis

392 2834 803 2899 dilectionem
841 2834 1293 2910 manifestavit,
1347 2843 1417 2896 ut
1462 2854 1611 2898 eum
1662 2853 1897 2898 reama-

395 2950 635 3007 remns,
669 2933 941 3016 ejusque
978 2952 1196 2997 amore
1235 2934 1550 3009 succensi,
1582 2935 1896 3017 ampliora

393 3031 718 3094 beneficia
745 3033 1248 3115 perciperemus.

493 3128 903 3213 Quadruplex
970 3130 1155 3194 nobis
1222 3149 1409 3193 causa
1478 3138 1574 3193 est
1641 3130 1895 3194 amandi

393 3228 597 3291 Deum
632 3245 647 3290 :
683 3228 911 3310 prima,
944 3228 1251 3310 quoniam
1292 3229 1359 3291 in
1404 3247 1473 3292 se
1523 3229 1895 3292 naturaliter

393 3326 605 3390 bonus
634 3336 771 3406 est3
804 3327 1104 3402 secunda,
1129 3327 1434 3409 quoniam
1467 3327 1643 3410 prior
1672 3327 1895 3391 dilexit

392 3443 553 3498 nos:
604 3425 813 3500 tertia,
864 3424 1017 3506 quia
1062 3425 1193 3506 jam
1241 3426 1444 3488 multa
1493 3426 1679 3489 nobis
1728 3427 1895 3490 bona

388 3524 659 3606 largitus
688 3532 807 3598 est,
831 3523 1131 3587 videlicet
1166 3522 1331 3586 bona
1371 3532 1613 3587 naturae
1650 3532 1713 3587 et
1753 3543 1896 3606 gra-

393 3624 536 3702 tiae3
594 3629 842 3704 quarta,
894 3621 1048 3703 quia
1089 3621 1331 3702 maj0ra
1379 3622 1693 3701 promisit,
1739 3642 1895 3704 prae-

388 3721 663 3805 paravit,
696 3729 763 3783 et
806 3721 955 3782 dare
1004 3727 1259 3802 paratus
1306 3727 1425 3782 est.
1470 3719 1712 3785 Nobilis
1760 3721 1897 3784 ani-

390 3839 518 3893 ma,
552 3837 701 3901 quae
728 3836 918 3880 suum
959 3817 1166 3897 diligit
1204 3817 1585 3892 Creatorem,
1619 3825 1683 3880 et
1720 3826 1895 3884 tanto

392 3917 696 3991 nobilior,
729 3924 969 3997 quanto
999 3915 1066 3977 in
1098 3914 1237 3998 ejus
1267 3934 1483 3980 amore
1520 3915 1889 3981 ferventior.

392 4015 834 4079 illustrissima
898 4021 1207 4090 creatura,
1268 4033 1414 4095 quae
1479 4015 1625 4096 igne
1691 4017 1893 4081 divini

396 4114 637 4180 amoris
690 4113 1139 4177 flammescens
1205 4114 1271 4175 in
1336 4113 1641 4176 dilectum
1702 4135 1896 4198 super

2006 1945 2196 2008 nibus
2256 1947 2596 2029 placerem,
2648 1947 2878 2011 Christi
2937 1967 3160 2012 servus
3220 1969 3347 2014 non
3395 1969 3496 2013 es-

2004 2063 2162 2107 sem.
2221 2045 2308 2107 De
2364 2046 2482 2109 hoc
2540 2047 2778 2109 mundo
2835 2046 3058 2110 scribit
3102 2047 3370 2112 Ioannes
3431 2049 3496 2112 in

2004 2162 2119 2206 sua
2174 2144 2508 2220 Canonica,
2570 2144 2787 2207 dicens
2850 2163 2864 2208 ε
2925 2145 3050 2228 Ipsi
3120 2149 3197 2209 de
3259 2151 3499 2213 mundo
3527 2168 3791 2223 woman,

2006 2249 2176 2316 sunt,
2211 2249 2272 2303 et
2309 2242 2387 2304 de
2428 2243 2669 2305 mundo
2713 2242 3084 2325 loquuntur,
3117 2252 3180 2306 et
3221 2248 3499 2310 mundus
3527 2235 3570 2275 ⁵·

2004 2358 2111 2404 eos
2158 2339 2356 2402 audit.
2405 2340 2526 2402 Iste
2573 2348 2670 2403 est
2717 2342 2996 2404 mundus
3046 2344 3374 2426 pertinens
3422 2346 3500 2408 ad

2006 2457 2279 2501 massam
2349 2439 2744 2520 perditionis.
2816 2439 3128 2518 Secund0,
3189 2443 3502 2527 accipitur

2005 2538 2284 2600 mundus
2332 2554 2446 2619 pro
2494 2536 2863 2602 hominibus
2915 2542 3378 2622 praedestinatis
3435 2545 3500 2606 in

2004 2636 2246 2698 mundo
2282 2635 2403 2697 isto
2441 2634 2730 2698 sensibili
2774 2637 3350 2718 peregrinantibus.
3385 2642 3502 2704 Hu-

2001 2732 2107 2814 jus
2150 2732 2374 2795 mundi
2421 2733 2657 2796 dicitur
2692 2733 2979 2798 Christus
3023 2754 3162 2800 esse
3205 2738 3498 2815 salvator,

2003 2832 2542 2913 quemadmodum
2587 2832 2870 2914 loquitur
2908 2833 3139 2898 Paulus
3178 2837 3255 2898 ad
3296 2837 3502 2900 Corin-

2005 2930 2172 2993 thios
2215 2947 2230 2992 τ
2275 2929 2436 2992 Deus
2475 2937 2609 2992 erat
2656 2931 2722 2993 in
2767 2931 3015 2997 Christo
3058 2937 3366 2999 mundum
3413 2955 3504 2999 re·
3556 2955 3592 2999 ιι
3619 2956 3794 3009 conv,

1932 3032 1976 3095 C
2006 3029 2352 3092 concilians
2392 3028 2538 3091 sibi.
2568 3029 2652 3091 De
2681 3048 2810 3111 quo
2841 3033 3081 3095 mundo
3114 3035 3500 3115 promissum
3535 3021 3598 3062 ¹⁹·

2006 3134 2102 3190 est
2146 3127 2416 3190 Abrahae
2467 3147 2480 3190 :
2531 3127 2996 3192 Benedicentur
3045 3131 3110 3193 in
3160 3139 3223 3194 te
3279 3152 3500 3198 omnes
3559 3153 3792 3206 amun,

2007 3225 2214 3288 tribus
2261 3233 2464 3287 terrae.
2507 3225 2684 3288 Unde
2731 3229 3083 3290 secundum
3131 3229 3502 3312 Apostolum
3531 3220 3598 3261 ¹⁸·

2005 3325 2081 3386 ad
2129 3323 2463 3398 RomanOS,
2509 3332 2736 3404 quarto
2785 3325 3065 3406 capitulo
3119 3346 3132 3390 :
3184 3327 3502 3393 Abraham
3529 3351 3792 3404 nammis.

2006 3421 2210 3484 factus
2259 3429 2355 3484 est
2410 3421 2594 3484 heres
2641 3422 2888 3485 mundi.
2944 3421 3174 3500 Tertio,
3227 3429 3505 3491 sumitur

2006 3520 2280 3582 mundus
2329 3519 2772 3582 indifferenter
2819 3540 2936 3603 pro
2984 3524 3502 3608 quibuscumque

2005 3616 2375 3680 hominibus
2423 3618 2490 3680 in
2541 3626 2706 3680 terra
2748 3619 3135 3697 viventibus,
3179 3622 3396 3687 electis
3439 3633 3503 3689 et

2006 3715 2318 3799 reprobis.
2353 3715 2456 3778 Sic
2495 3734 2754 3797 quoque
2798 3718 3004 3801 accipi
3043 3729 3250 3801 potest
3291 3742 3497 3805 nunc;

2005 3821 2067 3877 et
2110 3814 2177 3876 in
2223 3814 2434 3877 verbis
2478 3814 2842 3877 immediate
2885 3819 3302 3898 sequentibus
3347 3821 3502 3884 dici-

2006 3921 2131 3987 tur,
2164 3912 2297 3976 Non
2330 3912 2506 3974 misit
2534 3912 2696 3975 Deus
2727 3911 2960 3976 Filium
2999 3933 3188 3979 suum
3219 3917 3284 3980 in
3315 3939 3501 3983 mun-

2006 4014 2160 4075 dum
2207 4019 2276 4073 ut
2309 4011 2552 4092 judicet
2589 4014 2924 4088 mundum,
2959 4016 3068 4076 sed
3109 4023 3178 4078 ut
3221 4017 3499 4082 salvetur

2006 4111 2285 4172 mundus
2335 4127 2450 4192 per
2496 4109 2732 4191 ipsum.
2776 4109 2939 4174 Deus
2986 4113 3181 4190 enim,
3229 4123 3298 4178 ut
3345 4117 3500 4180 dici·
3525 4142 3786 4200 Samum.

398 4214 639 4288 omnia,
687 4213 755 4274 in
804 4212 1002 4273 Deum
1052 4211 1563 4287 transformatur,
1608 4222 1672 4275 et
1728 4233 1895 4278 unus
1928 4213 1977 4274 D
2005 4217 2110 4271 tur
2156 4207 2494 4290 Sapientiae
2551 4209 2888 4272 undecimo
2945 4212 3245 4294 capitulo,
3293 4215 3500 4298 diligit

398 4331 548 4376 cum
594 4312 709 4375 illo
751 4311 1017 4394 spiritus
1060 4309 1363 4372 efficitur.

481 4408 1096 4476 convenientissime
1138 4407 1395 4471 demum
1436 4408 1526 4471 ait
1568 4408 1899 4492 Evangeli-

394 4519 514 4585 sta,
556 4509 663 4572 Sic
708 4507 874 4570 Deus
917 4505 1141 4570 dilexit
1179 4508 1513 4582 mundum,
1557 4517 1629 4572 ut
1664 4507 1896 4573 Filium

394 4627 589 4672 suum
634 4605 1037 4686 unigenitum
1079 4605 1274 4678 daret,
1316 4605 1394 4666 ad
1439 4605 1894 4672 insinuandum

394 4707 571 4790 quod
620 4703 879 4768 dilectio
925 4702 1033 4765 Dei
1082 4710 1176 4764 est
1225 4721 1415 4765 causa
1460 4702 1717 4768 fontana
1762 4724 1896 4770 om-

395 4806 581 4868 nium
630 4801 1094 4865 beneficiorum
1145 4801 1329 4864 nobis
1378 4801 1685 4866 divinitus
1737 4824 1896 4886 prae—

396 4905 719 4967 stitorum.
756 4901 947 4964 Amor
986 4917 1285 4981 namque,
1330 4901 1683 4963 secundum
1722 4903 1898 4966 theo-

398 5002 600 5082 IOgOS,
632 5008 732 5062 est
778 4998 1061 5082 primum
1101 4998 1364 5072 donum,
1408 4999 1475 5060 in
1516 5017 1645 5080 quo
1684 5001 1898 5063 omnia

400 5101 567 5163 dona
634 5096 909 5178 gratuita
975 5095 1169 5176 gratis
1241 5097 1573 5159 donantur.
1639 5095 1899 5180 Propter

2004 4309 2220 4373 omnia
2260 4325 2404 4388 quae
2446 4305 2598 4369 fecit
2639 4325 2654 4369 ε
2702 4316 2940 4389 quanto
2983 4311 3184 4392 magis
3229 4314 3497 4378 rationa-

2004 4407 2129 4469 lem
2180 4407 2576 4468 creaturam?
2620 4402 2769 4467 Vult
2816 4406 2988 4468 enim
3032 4427 3252 4472 omnes
3294 4411 3498 4475 homi·
3526 4431 3786 4483 mmm.

2005 4523 2116 4569 nes
2147 4504 2354 4569 salvos
2393 4503 2561 4578 fieri,
2593 4503 2915 4567 voluntate
2943 4509 3353 4573 antecedente
3385 4530 3399 4575 :
3432 4520 3496 4575 et

2004 4604 2357 4668 secundum
2414 4602 2555 4676 hoc,
2615 4602 2822 4682 diligit
2877 4622 3120 4682 omneS,
3180 4615 3245 4670 et
3294 4629 3495 4691 quan-

2004 4710 2139 4765 tum
2198 4702 2263 4764 in
2320 4701 2463 4782 ipso
2518 4707 2634 4774 est,
2685 4701 3010 4764 neminem
3063 4705 3202 4767 vult
3257 4709 3487 4789 perire.

2002 4801 2234 4883 Sicque
2276 4818 2392 4882 pro
2437 4798 2881 4862 universorum
2923 4800 3125 4864 salute
3172 4803 3346 4868 misit
3385 4807 3498 4869 Pa-

2002 4907 2099 4962 ter
2125 4897 2354 4961 Filium
2387 4915 2598 4970 suum,
2633 4903 2702 4958 ut
2738 4916 2959 4961 omnes
2995 4909 3443 4966 convertantur
3475 4924 3489 4969 :

2004 5006 2068 5060 et
2098 5015 2212 5079 pro
2240 4995 2538 5059 omnibus
2571 5013 2794 5077 passus
2833 5005 2930 5058 est
2958 4998 3263 5075 chrisma,
3296 5021 3498 5084 quan-

2007 5106 2141 5160 tum
2200 5097 2277 5158 ad
2335 5095 2835 5177 sufficientiam3
2888 5099 2997 5160 sed
3055 5109 3365 5180 quantum
3418 5104 3496 5165 ad

400 5197 577 5279 quod
635 5196 875 5260 donum
930 5195 1383 5277 appropriatur
1428 5193 1693 5276 Spiritui
1751 5195 1903 5259 San·
2007 5195 2384 5270 efficaciam,
2419 5213 2536 5278 pro
2574 5194 2726 5258 solis
2768 5195 2984 5258 electis
3025 5198 3328 5261 sustinuit
3365 5219 3500 5264 om-

404 5302 529 5370 ct0,
561 5294 677 5378 qui
720 5301 817 5356 cst
856 5311 1036 5357 amor
1073 5291 1269 5354 Patris
1310 5300 1375 5354 et
1412 5291 1578 5355 Filii.

2012 5293 2137 5355 nia.
2172 5293 2314 5357 Ideo
2354 5292 2638 5357 Christus
2677 5293 2972 5376 passione
3010 5295 3304 5374 instante,
3338 5298 3501 5364 dixit
