4300 6259
107 4969 218 5002 ven.

261 2293 329 2334 ¹³.

1153 530 1505 578 numano
1549 532 1614 578 m
1655 532 1792 579 cAP.
1839 531 1926 578 ΧΠ
1967 531 2243 578 sommis.
2290 552 2371 562 —
2410 532 2552 578 ΛΒΤ.
2598 533 2747 579 XXX!

3372 513 3493 578 507

387 701 594 764 sionis
653 702 870 766 infusa
925 711 1022 766 est
1078 703 1296 766 electis
1345 703 1411 765 in
1471 710 1600 767 toto
1657 701 2230 765 mundoAaltatus
2278 702 2460 767 fuero
2502 723 2516 767 :
2564 711 2823 787 propter
2866 705 3034 787 quod
3083 704 3305 766 dicunt
3350 722 3496 765 eum

387 801 614 881 gratia,
666 821 781 884 per
829 822 1024 885 quam
1067 803 1281 865 audita
1328 802 1693 882 evangelica
1741 820 1897 883 prae-

390 901 736 974 dicatione‚
770 902 848 964 ad
888 901 1208 964 Christum
1261 902 1549 965 conversi
1598 909 1768 974 sunt,
1803 918 1899 961 se-

191 1025 214 1052 1·
318 1042 331 1053 -
389 1000 682 1062 cundum
711 1001 882 1080 quod
911 1000 1100 1062 lsaias
1143 999 1454 1082 praedixit,
1488 998 1714 1062 Gentes
1754 1017 1898 1079 quae

391 1117 521 1161 non
556 1107 992 1178 cognoverunt
1025 1107 1099 1172 te,
1123 1100 1201 1161 ad
1233 1107 1295 1160 te
1325 1106 1618 1178 current3
1650 1107 1712 1160 et
1740 1098 1900 1159 Psal-

127 1221 162 1249 ε.
187 1211 312 1258 xx·.2
347 1243 356 1250 .
389 1196 600 1272 mista,
619 1196 981 1258 Adorabunt
1011 1196 1075 1258 in
1108 1205 1446 1278 conspectu
1479 1195 1618 1276 ejus
1652 1195 1902 1258 univer-

389 1313 478 1356 sae
523 1294 786 1358 familiae
826 1297 1138 1376 gentium.
1175 1332 1256 1341 —
1294 1295 1532 1358 Deinde
1573 1303 1898 1377 ponuntur

389 1393 590 1456 verba
629 1391 1044 1474 Evangelistae
1091 1394 1468 1475 exponentis
1510 1393 1900 1474 praeinducta

391 1491 632 1554 Christi
666 1492 880 1555 verba.
916 1495 1055 1554 Hoc
1079 1502 1319 1561 autem,
1354 1493 1670 1565 videlicet,
1705 1491 1767 1554 Si
1799 1511 1898 1553 ex-

390 1591 625 1653 altatus
665 1590 850 1654 fuero
887 1611 926 1653 a
963 1599 1152 1664 terra,
1194 1593 1466 1658 dicebat,
1515 1594 1897 1668 siym'fieans

392 1710 522 1768 qua
567 1700 790 1761 morte,
825 1689 890 1752 id
929 1700 1025 1753 est
1062 1690 1234 1771 quali
1279 1690 1466 1753 modo
1514 1708 1624 1751 seu
1664 1707 1895 1770 genere

393 1788 642 1861 mortis,
684 1798 838 1848 esset
880 1791 1236 1848 moriturus
1267 1809 1290 1849 .·
1321 1789 1472 1869 quia
1513 1805 1626 1869 per
1665 1787 1896 1849 exalta-

393 1886 634 1948 tionem
681 1885 997 1948 intellexit
1038 1905 1218 1948 suam
1263 1885 1770 1949 crucifixionem.

471 1987 832 2062 Respondit
878 1988 941 2045 ei
992 1988 1209 2055 turba,
1241 1985 1303 2048 id
1351 1992 1447 2047 est
1497 2004 1640 2067 pars
1691 1985 1894 2048 turbae

2003 801 2261 877 dixisse,
2313 802 2569 885 Oportet
2616 803 2898 866 exaltari.
2952 803 3072 866 Sed
3128 803 3295 864 unde
3344 802 3504 866 scie-

2005 899 2157 962 bant
2203 902 2374 982 quod
2414 901 2697 964 Christus
2748 920 2860 984 per
2899 902 2997 965 sui
3041 921 3076 964 a
3116 910 3283 964 terra
3329 901 3499 962 exal-

2005 999 2305 1062 tationem
2368 999 2680 1063 intellexit
2736 1019 2915 1063 suam
2970 999 3498 1063 crucifixionem?

2005 1096 2096 1159 Ad
2159 1097 2276 1159 hoc
2325 1098 2586 1178 quidam
2647 1099 3053 1181 respondent,
3106 1099 3276 1180 quod
3328 1098 3499 1179 apud

2003 1195 2247 1259 Judaeos
2279 1204 2413 1257 erat
2442 1197 2877 1278 proverbium,
2914 1215 3027 1279 per
3055 1197 3497 1259 exaltationem

2006 1294 2319 1374 designari
2373 1294 2879 1370 crucifixionem,
2933 1295 3108 1359 velut
3164 1295 3217 1357 si
3265 1294 3499 1376 aliquis

2005 1392 2064 1454 ei
2115 1411 2310 1472 quem
2360 1393 2538 1474 eupit
2588 1394 2915 1475 suspendi,
2967 1394 3132 1456 dicat
3171 1412 3184 1456 :
3219 1392 3499 1456 Eleveris

2005 1490 2070 1552 in
2103 1491 2325 1553 altum.
2361 1490 2479 1555 Sed
2512 1493 2564 1554 si
2597 1493 2716 1556 hoc
2757 1493 2841 1555 ita
2870 1499 3056 1566 esset,
3090 1500 3243 1555 tunc
3279 1492 3500 1574 utique

2008 1589 2276 1652 verbum
2317 1590 2547 1653 Christi
2580 1591 2761 1654 valde
2798 1590 3207 1653 manifestum
3247 1590 3495 1666 fuisset,

2006 1706 2122 1750 nec
2162 1688 2559 1770 Evangelista
2608 1689 2983 1770 indiguisset
3028 1689 3186 1752 illud
3227 1706 3502 1771 expone-

2005 1805 2072 1848 re
2123 1795 2423 1868 tanquam
2480 1789 2845 1852 obscurum.
2899 1789 3094 1864 Unde,
3147 1790 3497 1851 secundum

1930 1887 1976 1950 B
2005 1887 2451 1968 Augustinum,
2480 1888 2744 1950 verbum
2777 1888 2935 1950 illud
2966 1887 3363 1951 exaltationis
3392 1888 3500 1949 ad-

2003 2004 2078 2048 eo
2109 1985 2235 2047 fuit
2271 1985 2639 2062 obscurum,
2672 1987 2843 2068 quod
2885 2004 3000 2048 nec
3041 1985 3339 2068 discipuli
3383 2003 3499 2067 pro

391 2101 540 2165 quae
589 2102 718 2146 non
775 2083 1066 2158 credidit,
1119 2085 1227 2146 sed
1278 2084 1524 2147 Christo
1583 2100 1651 2146 se
1699 2102 1946 2165 oppo-2
2004 2091 2157 2146 tunc
2207 2084 2363 2146 illud
2422 2084 2879 2165 intelligebant.
2929 2085 3095 2157 lde0,
3146 2084 3498 2147 secundum

391 2182 543 2244 suit.
585 2181 655 2243 ln
707 2181 894 2244 turba
937 2199 1216 2263 namque
1257 2182 1439 2243 multi
1479 2181 1742 2244 fuerunt
1779 2182 1891 2262 qui

390 2280 824 2354 crediderunt,
877 2279 1173 2342 videlicet
1219 2280 1331 2361 qui
1382 2280 1681 2341 dixerunt
1726 2299 1740 2342 :
1785 2279 1894 2340 Be-

389 2379 684 2440 nedictus
715 2377 828 2460 qui
865 2378 1038 2440 venit
1082 2378 1147 2439 in
1180 2377 1438 2441 nomine
1471 2378 1740 2452 Domini,
1767 2377 1890 2440 Rex

385 2476 604 2539 lsrael.
637 2476 852 2558 Aliqui
893 2494 1152 2557 quoque
1195 2475 1457 2538 fuerunt
1500 2476 1589 2538 ibi
1632 2476 1743 2557 qui
1796 2477 1893 2537 in-

386 2574 694 2637 videbant
729 2574 950 2656 gloriae
981 2573 1234 2648 Christi,
1270 2575 1620 2657 praesertim
1657 2573 1891 2638 Scribae

382 2681 446 2736 et
496 2673 794 2736 Pharisaei
845 2692 918 2736 ac
976 2672 1256 2736 fautores
1310 2692 1554 2737 eorum.
1609 2673 1680 2735 Hi
1742 2692 1890 2754 ergo

381 2772 691 2834 dixerunt
724 2789 738 2833 ε
777 2773 908 2832 Nos
953 2771 1334 2832 audivimus
1375 2793 1456 2831 em
1496 2775 1648 2847 leye,
1684 2771 1745 2833 id
1795 2779 1892 2833 est

381 2890 460 2935 ex
511 2871 863 2954 Scripturis
906 2870 1139 2933 veteris
1179 2869 1559 2932 Testamenti
1599 2871 1890 2948 (sumunt

379 2971 559 3032 enim
604 2970 810 3051 legem
862 2987 976 3050 pro
1027 2968 1208 3030 libris
1246 2967 1470 3051 Moysis
1519 2976 1582 3029 ct
1623 2967 1890 3049 Prophe-

2003 2182 2429 2262 Augustinum
2478 2190 2542 2244 et
2582 2182 2833 2258 Bedam,
2864 2182 3062 2246 Judaei
3108 2183 3266 2245 illud
3316 2183 3501 2245 intel-

2002 2280 2317 2346 lexerunt.
2355 2300 2479 2344 non
2523 2281 2739 2362 vigore
2783 2281 3130 2364 sapientias,
3165 2281 3272 2343 sed
3325 2290 3501 2364 peste

2001 2397 2074 2440 ac
2125 2379 2383 2443 stimulo
2439 2379 2826 2442 invidentiae.
2875 2379 3009 2441 Jam
3068 2380 3239 2442 enim
3290 2381 3504 2442 decre-

2004 2486 2234 2540 verunt
2281 2477 2657 2559 crucifigere
2702 2478 2915 2540 Jesum
2956 2497 2969 2541 :
3012 2487 3345 2561 propterea
3393 2481 3503 2541 sti-

2003 2577 2242 2638 mulata
2299 2595 2519 2640 eorum
2579 2577 2820 2640 invidia
2877 2577 3050 2641 dedit
3094 2578 3187 2639 eis
3245 2577 3495 2641 facilem

2003 2674 2399 2737 intellectum
2456 2675 2766 2738 sermonis
2820 2693 3038 2739 eorum
3096 2677 3493 2758 propositum

2000 2773 2413 2854 designantis.
2438 2774 2655 2856 Itaque
2684 2773 2903 2836 dicunt
2930 2773 3283 2846 :Quomodo
3314 2782 3381 2836 tu
3413 2775 3497 2836 di-

2001 2871 2113 2946 ciS‚
2147 2871 2405 2953 Oportet
2434 2873 2695 2935 exaltari
2736 2872 2965 2935 Filium
3007 2873 3328 2937 hominis?
3360 2881 3497 2935 tan-

1999 2989 2191 3051 quam
2245 2971 2459 3034 dicant
2500 2990 2514 3034 :
2556 2971 2759 3034 Verba
2806 2980 2914 3033 tua
2962 2972 3275 3034 contraria
3322 2980 3492 3035 sunt.

383 3070 645 3148 tarum),
680 3071 840 3150 quia
875 3069 1166 3131 Christus
1197 3077 1413 3130 manet
1444 3069 1514 3127 in
1546 3076 1890 3138 aeternum,
1927 3068 1970 3132 C
2003 3067 2166 3130 Dicis
2227 3069 2422 3145 enim,
2474 3071 2644 3152 quod
2706 3076 2772 3131 tu
2828 3069 3023 3132 Filius
3082 3070 3360 3134 hominis
3408 3070 3496 3132 sis

383 3168 450 3230 id
499 3175 619 3241 est,
654 3167 1100 3230 immortaliter
1148 3165 1458 3238 subsistit,
1493 3173 1556 3227 et
1605 3165 1891 3228 incorru-

385 3266 702 3349 ptibiliter
733 3271 1116 3348 perseverat.
1137 3263 1578 3344 Cognoverunt
1606 3282 1755 3345 ergo
1784 3264 1888 3326 isti

384 3366 584 3429 Judaei
635 3365 882 3447 aliquid
931 3365 1010 3426 de
1058 3362 1288 3427 Christi
1338 3364 1687 3426 aeternitate
1744 3381 1758 3426 ε
1812 3365 1888 3425 do

251 3500 282 3538 ι,
343 3518 355 3530 .
385 3483 514 3547 qua
548 3464 763 3526 Daniel
795 3463 904 3537 ait,
937 3461 1212 3526 Potestas
1242 3461 1382 3543 ejus
1415 3469 1688 3544 potestas
1718 3470 1891 3525 aeter-

387 3583 489 3634 na,
543 3581 692 3644 quae
749 3581 875 3626 non
925 3561 1270 3636 auferetur,
1321 3567 1382 3622 et
1432 3579 1697 3642 regnum
1747 3562 1887 3643 ejus

251 3697 295 3732 ι.
343 3663 558 3745 ‚quod
602 3681 727 3724 non
774 3667 1254 3742 corrumpetur3
1287 3669 1347 3722 et
1389 3659 1452 3722 in
1493 3659 1760 3734 Psalmo,
1793 3660 1882 3722 Tu

248 4959 318 5001 23.

384 3781 454 3824 es
503 3761 796 3824 sacerdos
849 3759 913 3821 in
963 3767 1310 3838 aeternum3
1349 3765 1540 3840 atque
1588 3760 1652 3820 in
1703 3759 1881 3835 Isaia,

385 3859 913 3941 multiplicabitur
969 3857 1110 3939 ejus
1169 3857 1534 3938 imperium,
1588 3865 1650 3919 et
1711 3858 1883 3940 pacis

384 3976 512 4022 non
557 3957 683 4020 erit
722 3956 897 4018 finis.

463 4057 550 4117 Et
595 4057 907 4134 quomodo
961 4064 1030 4115 tu
1073 4055 1264 4121 dicia,
1301 4055 1555 4132 Oportet
1595 4055 1883 4114 eoealtari

381 4157 637 4216 Filium
688 4155 972 4214 hominis
1001 4154 1031 4213 ,ἒ
1070 4151 1354 4214 Christus
1406 4171 1531 4215 non
1581 4152 1882 4214 scribitur

1998 3165 2275 3243 MessiaS‚
2309 3177 2371 3231 et
2412 3168 2587 3242 item,
2630 3171 2799 3250 quod
2843 3169 2929 3231 sis
2980 3169 3494 3251 crucifigendus3

2001 3266 2134 3329 haec
2182 3273 2393 3329 autem
2444 3267 2639 3328 simul
2686 3275 2851 3329 stare
2892 3287 3019 3330 non
3060 3267 3291 3341 valent,
3343 3287 3499 3349 quo-

2000 3364 2170 3426 niam
2224 3383 2338 3428 nos
2381 3365 2745 3428 audivimus
2795 3385 2871 3427 ex
2921 3366 3058 3445 lege
3107 3365 3278 3446 quod
3322 3362 3498 3426 Chri-

1997 3471 2131 3524 stus
2182 3471 2395 3525 manet
2444 3463 2509 3525 in
2558 3471 2889 3526 aeternum.
2940 3463 3083 3526 Ideo
3127 3463 3493 3543 diligentius

1998 3561 2398 3624 sciscitamur
2438 3582 2475 3624 a
2514 3569 2577 3623 te
2623 3580 2637 3624 :

2079 3662 2238 3730 Quis
2265 3669 2355 3720 est
2384 3661 2503 3721 iste
2532 3662 2749 3722 Filius
2776 3662 3062 3720 hominis
3101 3677 3291 3742 quem
3331 3659 3491 3721 dicis

1997 3751 2551 3840 crucifigendum?
2582 3760 2764 3841 quasi
2797 3759 3009 3820 dicant
3043 3777 3057 3821 ε
3093 3757 3183 3820 Tu
3216 3758 3325 3820 ille
3354 3777 3493 3820 esse

1997 3877 2122 3921 non
2177 3866 2374 3940 poteS,
2426 3876 2627 3940 quum
2677 3866 2739 3920 te
2788 3856 3105 3920 Christum
3158 3875 3295 3919 esse
3340 3856 3493 3919 insi-

1997 3975 2176 4018 nues·
2228 3955 2443 4037 Magna
2493 3956 2712 4038 procul
2764 3955 2959 4018 dubio
3006 3955 3253 4018 caeeitas
3300 3961 3492 4037 atque

1997 4053 2377 4135 perversitas
2414 4052 2773 4115 Judaeorum
2813 4051 3102 4126 istorum,
3140 4053 3487 4116 volentium

1994 4153 2427 4214 demonstrare
2456 4152 2626 4233 quod
2658 4151 2799 4215 ideo
2825 4151 3003 4213 Jesus
3036 4170 3160 4215 non
3203 4153 3285 4214 sit
3314 4151 3490 4213 Chri-

379 4253 510 4332 jam
562 4251 823 4326 dixisse,
875 4249 1134 4333 Oportet
1181 4251 1441 4312 exaltari
1491 4251 1722 4318 Filium
1773 4250 1882 4314 ho-
1917 4255 1962 4316 D
1993 4257 2148 4323 ειυς,
2182 4250 2486 4332 quoniam
2518 4249 2677 4312 dixit
2710 4268 2778 4312 se
2806 4251 3248 4324 occidendum,
3282 4269 3482 4331 quum

382 4351 600 4424 miniS‚
635 4351 767 4420 scd,
805 4349 930 4431 Ego
970 4349 1023 4411 si
1055 4349 1363 4411 exaltatus
1401 4348 1584 4412 fuero
1620 4368 1656 4411 a
1689 4357 1875 4430 terra,

379 4449 596 4512 omnia
625 4447 894 4522 traham,
929 4455 1048 4509 etc.
1085 4446 1209 4509 Cur
1238 4465 1387 4528 ergo
1417 4447 1509 4508 sic
1541 4455 1873 4529 repetunt:

377 4547 706 4621 Quomodo
757 4554 823 4609 tu
875 4545 1058 4624 diois,
1109 4544 1366 4628 Oportet
1421 4545 1679 4608 exaltari
1731 4546 1878 4608 Fili·
1921 4545 1928 4551 ⁴

380 4665 490 4708 um
527 4643 866 4722 ‚hominist
909 4644 1282 4716 Dicendum,
1325 4645 1493 4726 quod
1536 4643 1640 4705 isti
1680 4644 1874 4707 Judaei

378 4744 750 4808 memoriter
780 4749 1143 4816 tenuerunt,
1179 4742 1349 4824 quod
1382 4741 1666 4805 Christus
1707 4761 1877 4806 com-

377 4845 662 4906 muniter
697 4841 1047 4925 appellavit
1084 4859 1152 4902 se
1187 4840 1420 4902 Filium
1460 4841 1758 4903 hominis.
1802 4841 1876 4903 Et

377 4944 572 5026 paulo
619 4949 766 5004 ante
813 4941 942 5023 jam
997 4940 1241 5002 dixerat
1295 4957 1308 5002 :
1359 4940 1544 5002 Venit
1602 4940 1756 5002 hora
1808 4948 1876 5002 ut

377 5041 769 5105 clarificetur
816 5039 1012 5101 Filius
1073 5039 1371 5102 hominis.
1423 5038 1565 5101 ldeo
1614 5057 1871 5100 sensum

377 5141 590 5223 potius
631 5158 826 5220 quam
870 5137 1062 5200 verba
1101 5136 1331 5200 Christi
1384 5145 1735 5199 resumunt.
1770 5137 1876 5199 At-

375 5239 719 5302 tenderunt
761 5255 1020 5318 quoque
1057 5236 1229 5318 quod
1269 5235 1554 5298 Christus
1593 5254 1718 5298 non
1760 5236 1874 5297 du-

369 5337 671 5412 bitanter,
703 5335 814 5396 sed
862 5333 1390 5397 certitudinaliter
1439 5332 1618 5409 dixit,
1651 5333 1714 5396 Si
1767 5351 1872 5396 ex-

1987 4346 2231 4421 Daniel‚
2282 4348 2395 4430 qui
2448 4349 2849 4430 prophetavit
2896 4350 2973 4411 de
3021 4348 3251 4412 Christi
3308 4357 3485 4412 aeter-
3562 4379 3676 4422 Dm,
3712 4392 3769 4429 m,

1991 4447 2208 4518 nitate,
2240 4446 2644 4528 apertissime
2685 4446 3061 4509 vaticinatus
3103 4447 3187 4509 sit
3225 4448 3303 4509 de
3340 4447 3480 4528 ejus
3513 4445 3605 4492 ¹⁰⁰³
3628 4444 3773 4492 ¹⁸³³ss

1991 4545 2285 4626 passione
2320 4563 2333 4608 ε
2368 4544 2509 4607 Post
2548 4544 2973 4607 hebdomades
3001 4545 3360 4627 (inquiens)
3388 4563 3483 4607 se-
3509 4508 3775 4617 ἶῗέιὶτὶασ.

1988 4643 2242 4724 xaginta
2289 4644 2467 4718 duaS,
2513 4643 2837 4706 occidetur
2886 4642 3191 4706 Christus.
3238 4643 3315 4706 Et
3360 4645 3484 4706 lsa-

1987 4742 2100 4814 iaS‚
2134 4741 2246 4823 qui
2281 4743 2358 4805 de
2388 4741 2619 4805 Christi
2653 4741 3112 4804 interminabili
3145 4762 3299 4825 pace
3334 4762 3484 4825 prae-
3552 4771 3758 4821 1...1,·1,

1985 4840 2165 4921 dixit,
2187 4842 2264 4902 de
2302 4840 2442 4921 ejus
2470 4858 2729 4922 quoque
2766 4840 3161 4903 amarissima
3192 4842 3485 4923 passione

1987 4939 2379 5020 praescripsit
2430 4957 2443 5000 :
2495 4937 2618 5001 Nos
2670 4938 3035 5020 putavimus
3094 4957 3239 5002 cum
3299 4938 3480 5020 quasi
3515 4967 3769 5020 1⁶5a,„..‚4‚

1985 5037 2332 5118 leprosum,
2377 5045 2440 5099 et
2480 5054 2855 5119 percussum
2905 5055 2944 5098 a
2989 5036 3135 5112 Deo,
3173 5045 3235 5099 et
3274 5037 3483 5100 humi-

1986 5136 2231 5198 liatum.
2272 5135 2465 5198 David
2504 5153 2761 5218 quoque
2800 5136 3020 5198 eodem
3069 5137 3313 5218 psalmo
3352 5155 3481 5218 quo

1985 5235 2148 5298 dixit
2201 5236 2279 5297 de
2334 5233 2685 5297 aeternitate
2742 5233 2997 5310 Christi,
3050 5236 3129 5297 de
3186 5235 3482 5317 passione

1983 5333 2217 5415 adjecit
2251 5351 2265 5395 :
2300 5331 2386 5394 De
2414 5339 2693 5396 torrente
2732 5331 2799 5394 in
2839 5331 2941 5394 via
2980 5331 3177 5395 bibet.
3210 5331 3286 5396 Et
3323 5332 3477 5396 alibi
3506 5351 3769 5405 P0.a1,4,·1.
