4300 6259
599 680 745 725 zach.
769 694 793 722 v

563 746 629 787 ¹2.

600 807 703 849 Act.
725 819 807 847 xvn

563 872 630 912 31.

586 1080 697 1110 vers.
730 1069 794 1109 ¹5.

646 1257 713 1313 31

855 472 975 536 3⁰4

2186 758 2348 819 Deus

853 856 1254 936 judicaturus
1316 866 1411 920 est
1466 859 1779 920 mundum
1836 858 1903 919 in
1962 858 2099 921 viro
2153 874 2344 938 quem

854 955 1093 1016 statuit.
1131 958 1259 1025 Qui
1286 965 1437 1017 ante
1465 977 1563 1017 me
1590 957 1805 1033 factus
1833 964 1946 1023 est,
1979 956 2139 1033 quia
2161 956 2350 1031 prior

856 1073 954 1129 me
979 1063 1138 1114 erat.
1175 1054 1300 1116 Hoc
1330 1073 1522 1135 supra
1552 1053 1913 1135 expositum
1943 1060 2058 1126 est,
2077 1052 2346 1115 articulo

853 1150 1100 1230 quinto.

932 1252 1017 1310 Et
1052 1268 1162 1326 eyo
1190 1251 1542 1311 nesciebam
1579 1270 1747 1310 eum.
1778 1249 1923 1311 Haec
1962 1254 2111 1309 sunt
2150 1246 2345 1308 verba

850 1347 928 1409 de
957 1348 1193 1429 quibus
1226 1348 1615 1429 Augustinus
1647 1366 1839 1429 super
1865 1345 2192 1419 Joannem,
2215 1364 2347 1407 ma-

845 1464 1035 1527 gnam
1073 1446 1225 1509 facit
1263 1446 1731 1509 difficultatem.
1766 1445 1830 1508 Si
1864 1446 2037 1507 enim
2074 1444 2342 1507 Joannes

846 1546 1119 1609 nescivit
1175 1546 1519 1619 Christum,
1578 1545 1898 1627 quomodo
1964 1543 2142 1605 testis
2201 1542 2340 1623 ejus

848 1642 1009 1706 fuit?
1049 1653 1112 1706 et
1139 1645 1459 1726 quomodo
1488 1644 1645 1706 alios
1674 1644 1752 1705 ad
1782 1643 1921 1723 ejus
1952 1642 2342 1722 agnitionem

848 1742 1141 1804 induxit?
1189 1742 1264 1804 Et
1310 1743 1629 1825 quomodo
1678 1742 1880 1803 nescit
1924 1759 2094 1815 eum,
2145 1756 2341 1821 quem

1684 488 2033 535 ENARRATIO
2076 486 2140 532 m
2183 485 2322 533 CAP-
2367 486 2390 531 1
2431 484 2711 533 somma.
2756 504 2836 515 —·
2877 486 3021 533 nr.
3066 486 3130 532 vl

796 693 825 729 ι,
855 660 1133 723 chariam
1186 679 1198 723 :
1251 660 1411 723 Ecce
1458 661 1577 737 vir,
1625 660 1847 723 Oriens
1899 678 2131 723 nomen
2183 660 2346 740 ejus.
2381 657 2434 719 A
2463 660 2726 732 scilicet,
2787 660 2957 740 quod
3017 678 3142 723 non
3201 658 3378 721 novit
3439 676 3586 721 eum
3643 656 3956 720 facialiter

814 758 940 856 ,De
996 778 1124 840 quo
1181 759 1409 821 Paulus
1469 760 1622 821 dicit
1681 760 1745 821 in
1800 759 2063 821 Actibus
2116 778 2131 821 ε

2463 776 2665 839 usque
2713 759 2789 820 ad
2839 759 3060 822 horam
3110 758 3432 840 baptismi.
3475 757 3646 819 Hanc
3695 775 3958 839 respon-

2459 857 2704 919 sionem
2755 857 3043 938 sequitur
3086 856 3376 932 ThomaS,
3417 856 3746 936 adjicienS,
3779 856 3953 937 quod

2455 954 2723 1019 Joannes
2754 963 3038 1037 tempore
3081 955 3370 1037 pueritiae
3400 974 3530 1017 suae
3567 955 3742 1017 novit
3773 954 3954 1017 Chri-

2457 1062 2624 1115 stum
2678 1072 2998 1135 puerum3
3053 1055 3452 1135 postmodum
3505 1071 3655 1116 vero
3709 1053 3820 1115 diu
3883 1054 3948 1115 in

2456 1136 2798 1215 solitudine
2837 1160 3266 1227 conversatuS,
3299 1151 3534 1215 oblitus
3577 1149 3698 1213 fuit
3735 1151 3952 1232 dispo—

2455 1249 2703 1314 sitionis
2745 1250 2958 1313 vultus
2999 1250 3227 1313 Christi
3273 1269 3286 1312 ε
3327 1258 3392 1312 et
3427 1248 3610 1323 forte,
3652 1252 3948 1331 quamvis

2453 1368 2578 1413 non
2629 1349 2855 1411 fuisset
2901 1348 3137 1411 oblitus
3185 1348 3458 1429 qualiter
3499 1356 3631 1410 erat
3678 1348 3742 1411 in
3792 1366 3952 1429 pue-

2453 1447 2597 1509 ritia
2637 1448 3004 1529 dispositu8‚
3039 1454 3248 1509 tamen
3287 1447 3368 1510 ob
3412 1447 3532 1509 hoc
3569 1466 3694 1511 non
3738 1447 3949 1509 novis-

2451 1553 2546 1607 set
2604 1564 2774 1620 eum,
2827 1565 3029 1628 quum
3084 1545 3216 1626 jam
3266 1546 3464 1609 crevit
3521 1546 3586 1608 in
3639 1554 3946 1607 staturam

2452 1646 2725 1707 virilem.
2760 1645 2853 1707 Ad
2893 1644 3257 1706 instantiam
3289 1662 3436 1708 vero
3475 1663 3646 1706 nunc
3685 1642 3939 1719 factam,

2450 1750 2789 1825 sequentes
2854 1742 3017 1805 hanc
3075 1743 3244 1805 viam
3307 1744 3708 1825 respondent,
3769 1744 3944 1824 quod

576 1856 817 1907 Lucam.
848 1847 1109 1904 noverat
1140 1842 1393 1903 clausus
1433 1841 1497 1902 in
1542 1842 1761 1903 utero?
1800 1838 1920 1901 Sed
1956 1839 2032 1899 ad
2063 1838 2183 1901 hoc
2213 1838 2338 1899 dici
2375 1845 2424 1908 Β
2454 1841 2612 1903 Deus
2663 1842 2968 1904 revelavit
3011 1840 3233 1903 Joanni
3283 1841 3622 1924 dupliciter
3665 1841 3878 1904 Jesum
3923 1862 3938 1905 :

534 4390 601 4494 ἓες
616 4388 781 4432 Μαι-ω

549 4620 652 4664 Luc.
666 4621 797 4672 uidi,

556 4904 793 4957 uanam,

532 4970 598 5013 Η.

846 1948 1072 2021 potest,
1104 1941 1275 2021 quod
1314 1940 1492 2001 novit
1532 1957 1680 2000 eum
1720 1938 1943 2000 notitia
1981 1937 2338 1998 intellectu-

840 2038 947 2114 ali,
982 2039 1189 2100 sciens
1228 2038 1400 2119 quod
1440 2044 1605 2099 esset
1649 2037 1809 2098 Deus
1853 2043 1915 2097 et
1959 2036 2172 2111 homo,
2207 2034 2337 2097 Sal-

838 2146 1017 2201 vator
1072 2136 1318 2211 mundi,
1382 2144 1443 2199 et
1501 2144 1684 2197 natus
1740 2136 1819 2197 de
1876 2134 2155 2215 Virgine,
2210 2134 2335 2197 cito

835 2255 1093 2318 quoque
1154 2243 1459 2297 venturus
1508 2236 1574 2297 in
1626 2233 1984 2316 publicum,
2033 2233 2335 2315 praedica-

832 2342 1013 2397 turus
1050 2342 1113 2397 et
1151 2334 1606 2415 baptizaturus,
1640 2340 1833 2413 atque
1875 2350 1989 2413 pro
2029 2331 2331 2394 omnibus

832 2434 1224 2511 moriturus;
1270 2433 1378 2494 sed
1418 2450 1544 2494 non
1590 2431 1777 2494 scivit
1814 2430 1915 2493 vel
1956 2430 2134 2493 novit
2183 2448 2330 2491 eum

830 2532 1053 2595 notitia
1081 2531 1305 2605 faciali,
1331 2530 1589 2593 sciendo
1622 2547 1735 2611 per
1765 2530 2141 2591 exteriorem
2177 2528 2330 2612 phy-

833 2631 1233 2707 sionomiam,
1274 2648 1419 2712 quae
1466 2636 1632 2691 esset
1678 2628 1788 2690 illa
1839 2645 2127 2709 persona,
2177 2627 2330 2709 quia

832 2749 959 2794 non
1009 2730 1234 2792 habuit
1278 2727 1644 2791 memoriter
1702 2726 1767 2788 in
1820 2726 2053 2789 virtute
2112 2725 2331 2805 imagi-

835 2830 1047 2893 nativa
1095 2835 1340 2891 certum
1384 2827 1759 2909 phantasma
1798 2842 1910 2887 seu
1962 2824 2204 2886 idolum
2251 2825 2329 2886 de

832 2928 1251 3009 dispositione
1290 2926 1505 2987 vultus
1551 2944 1624 2986 ac
1662 2923 1945 3005 corporis
1989 2922 2242 2986 Christi.

2449 1940 2676 2015 Primo,
2731 1940 2794 2001 in
2855 1940 2994 2021 ipso
3052 1958 3309 2003 accessu
3368 1940 3612 2004 Domini
3668 1940 3814 2003 Jesu
3859 1943 3941 2004 ad

2442 2038 2768 2112 Joannem,
2819 2045 3158 2119 antequam
3209 2038 3652 2120 baptizaretur.
3701 2038 3942 2101 Secun-

2446 2139 2546 2213 do,
2595 2145 2738 2220 post
2787 2138 3199 2219 baptismum,
3251 2155 3365 2219 per
3414 2139 3784 2201 descensum
3837 2158 3942 2202 co-

2444 2236 2679 2299 lumbae
2712 2256 2727 2299 :
2760 2245 2823 2298 et
2864 2237 2942 2298 de
2980 2237 3100 2298 hoc
3139 2236 3318 2317 signo
3354 2235 3505 2299 facit
3547 2238 3938 2301 mentionem

2439 2335 2730 2409 JoanneS‚
2764 2335 2917 2417 quia
2943 2334 3268 2398 solennius
3298 2334 3442 2407 fuit,
3476 2343 3538 2397 et
3571 2337 3779 2417 primo
3807 2336 3935 2398 sibi

2443 2434 2828 2515 promissum
2875 2452 2987 2495 seu
3037 2434 3418 2496 intimatum.
3473 2434 3667 2509 Unde,
3710 2453 3938 2498 secun-

2441 2534 2594 2595 dum
2644 2532 3179 2615 Chrysostomum,
3211 2532 3478 2595 Ioannes
3527 2534 3680 2596 dicit
3727 2552 3796 2595 se
3837 2534 3937 2596 Je—

2441 2650 2584 2693 sum
2623 2631 2923 2704 nescisse,
2957 2650 3085 2694 non
3124 2631 3276 2712 quia
3321 2631 3575 2713 penitus
3615 2650 3762 2694 eum
3803 2652 3932 2696 uon

2441 2730 2638 2805 novit,
2675 2730 2783 2791 sed
2829 2736 2898 2790 ut
2943 2730 3302 2792 ostenderet
3347 2731 3779 2793 testimonium
3829 2752 3937 2793 su-

2441 2847 2548 2889 um
2581 2829 2658 2890 de
2688 2828 2935 2891 Christo
2965 2847 3089 2892 non
3127 2828 3358 2891 debere
3395 2847 3534 2891 esse
3565 2838 3932 2912 suspectum

2439 2944 2514 2989 eo
2563 2927 2733 3007 quod
2793 2934 2957 2989 esset
3013 2927 3520 3007 consanguineus
3577 2928 3737 3009 ejus.
3787 2928 3934 2993 Ideo

911 3024 1033 3087 Sed
1063 3026 1213 3087 huic
1243 3024 1501 3087 obviare
1534 3023 1805 3097 videtur,
1839 3022 2009 3103 quod
2046 3020 2214 3083 infra
2241 3021 2331 3083 ait
2366 3025 2410 3089 C
2440 3024 2614 3098 dicit,
2647 3024 3013 3086 Nesciebam
3045 3042 3212 3099 eum,
3241 3026 3392 3107 quia
3421 3044 3548 3089 non
3579 3026 3756 3089 novit
3781 3045 3932 3089 eum

828 3124 1096 3189 Joannes
1132 3143 1145 3186 :
1181 3123 1256 3184 Et
1293 3141 1409 3204 ego
1447 3122 1807 3184 nesciebam
1846 3138 2029 3199 eum3
2064 3121 2174 3181 sed
2214 3120 2327 3201 qui

830 3240 935 3285 me
982 3222 1157 3284 misit
1195 3222 1514 3303 baptizare
1552 3220 1617 3282 in
1658 3238 1843 3301 aqua,
1878 3219 1985 3280 ille
2027 3218 2185 3280 mihi
2237 3219 2330 3280 di-

828 3322 921 3383 xit
954 3340 968 3384 :
1003 3320 1206 3403 Super
1234 3338 1428 3402 quem
1460 3319 1694 3382 videris
1728 3317 2037 3399 Spiritum
2070 3318 2329 3379 descen-

828 3422 1105 3495 dentem,
1160 3419 1267 3481 hic
1324 3426 1419 3479 est
1474 3418 1586 3498 qui
1646 3416 1920 3498 baptizat
1970 3416 2033 3477 in
2084 3415 2326 3497 Spiritu

826 3517 1073 3582 Sancto.
1116 3517 1207 3579 Ex
1256 3535 1384 3598 quo
1434 3516 1786 3577 certissime
1836 3521 2099 3589 constat,
2154 3515 2326 3595 quod

824 3619 1165 3679 descensus
1213 3615 1525 3679 columbae
1576 3616 1639 3676 in
1693 3614 2015 3677 Christum
2062 3612 2186 3674 fuit
2229 3613 2327 3677 Jo-

822 3716 974 3776 anni
1034 3715 1215 3776 datus
1277 3732 1392 3794 pro
1451 3711 1631 3791 signo
1681 3709 2100 3790 cognoscendi
2153 3709 2329 3772 Chri-

824 3821 1015 3875 stum.
1056 3812 1201 3875 Ideo
1250 3829 1526 3892 namque
1573 3808 1853 3890 adjecit:
1888 3806 2015 3888 Ego
2066 3808 2220 3883 vidi,
2265 3816 2328 3869 et

824 3910 1261 3973 testimonium
1301 3907 1625 3991 perhibui,
1660 3907 1811 3989 quia
1850 3907 1955 3969 hic
1993 3915 2091 3969 est
2128 3906 2326 3969 Filius

824 4010 957 4071 Dei.
994 4010 1057 4071 Si
1096 4027 1244 4090 ergo
1286 4008 1654 4089 loqueretur
1680 4006 1947 4070 Joannes
1988 4006 2065 4067 de
2104 4006 2328 4068 notitia

827 4107 1062 4183 faciali,
1097 4108 1382 4171 Christus
1413 4105 1638 4168 fuisset
1668 4105 1727 4167 ei
1767 4105 1889 4167 hoc
1922 4105 2107 4171 modo
2153 4104 2328 4185 igno-

2438 3129 2614 3196 tunc,
2659 3123 2783 3185 nisi
2832 3141 2908 3184 ex
2958 3122 3340 3186 revelatione
3388 3125 3622 3188 divina.
3661 3124 3752 3187 Ex
3797 3146 3932 3207 quo

2439 3220 2798 3295 innotescit,
2849 3221 3020 3301 quod
3071 3221 3502 3285 testimonium
3546 3223 3800 3285 Joannis
3851 3226 3932 3285 de

2439 3319 2686 3383 Christo
2745 3338 2870 3382 non
2930 3317 3053 3379 fuit
3104 3319 3396 3383 humanae
3449 3322 3763 3397 amicitiae‚
3815 3324 3928 3385 sed

2437 3416 2852 3481 ordinationis
2897 3416 3152 3480 divinae.

2515 3516 2654 3578 Alia
2701 3524 2797 3578 est
2842 3516 3169 3597 responsio
3210 3516 3410 3593 Bedae,
3442 3520 3611 3599 quod
3654 3520 3794 3583 ideo
3831 3521 3931 3583 di·-

2437 3615 2522 3677 cit
2553 3633 2620 3677 se
2646 3614 2912 3677 Joannes
2942 3614 3261 3677 Christum
3293 3617 3590 3691 nescisse,
3613 3618 3766 3699 quia
3797 3638 3926 3683 non

2436 3713 2614 3776 novit
2672 3731 2818 3774 eum
2877 3719 3004 3774 tam
3054 3712 3370 3794 profunde
3415 3734 3487 3777 ac
3535 3716 3722 3797 plene
3779 3726 3928 3781 ante

2436 3811 2810 3872 descensum
2855 3809 3128 3891 Spiritus
3175 3810 3407 3887 Sancti,
3459 3822 3527 3875 ut
3574 3823 3811 3896 postea.
3845 3852 3928 3863 --

2433 3909 2573 3970 Alia
2619 3915 2714 3970 est
2768 3909 3094 3990 responsio
3143 3910 3497 3991 Augustini,
3531 3914 3699 3994 quod
3744 3915 3930 3977 Joan-

2436 4024 2547 4069 nes
2597 4008 2740 4071 ideo
2783 4007 2935 4069 dicit
2983 4026 3050 4069 se
3096 4008 3413 4072 Christum
3463 4012 3760 4087 nescisse,
3811 4016 3925 4077 scd

2436 4124 2551 4187 per
2598 4105 2953 4169 columbam
3005 4106 3323 4183 didicisse,
3361 4110 3513 4190 quia
3559 4130 3684 4173 non
3737 4113 3928 4175 scivit

827 4215 928 4269 tus
981 4225 1183 4287 usque
1232 4213 1377 4288 post
1432 4204 1846 4286 baptismum,
1899 4202 2051 4283 quia
2103 4221 2328 4265 secun·
2359 4209 2406 4271 D
2435 4212 2580 4266 ante
2629 4205 3003 4266 descensum
3054 4206 3385 4283 columbae‚
3419 4210 3588 4289 quod
3635 4209 3926 4273 Christus

551 4324 797 4377 uaccam,
828 4306 981 4367 dum
1022 4313 1147 4367 tres
1177 4304 1627 4385 EvangelistaS,
1664 4301 1911 4365 Christo
1946 4303 2326 4365 ascendente
2435 4302 2558 4365 sibi
2618 4303 2736 4365 soli
2797 4312 3093 4377 servaret,
3145 4312 3207 4366 et
3268 4306 3428 4367 nulli
3485 4307 3922 4372 ministrorum

829 4405 905 4466 de
960 4422 1145 4485 aqua,
1198 4402 1400 4484 aperti
1460 4409 1609 4463 sunt
1666 4400 1833 4475 coeli,
1883 4408 1945 4461 et
2001 4400 2328 4463 descendit

828 4521 1021 4584 super
1052 4520 1201 4563 eum
1230 4500 1503 4583 Spiritus
1534 4499 1821 4562 Sanctus.
1856 4498 2032 4560 Unde
2063 4499 2127 4561 in
2159 4498 2326 4561 Luca

827 4601 1056 4682 legitur
1108 4619 1122 4663 :
1176 4600 1432 4661 Factum
1490 4606 1583 4661 est
1642 4606 1875 4673 autem,
1925 4596 2069 4659 Jesu
2119 4597 2325 4679 bapti-

826 4706 961 4762 zato
1008 4706 1071 4761 et
1118 4705 1357 4771 orante,
1406 4705 1697 4779 apertum
1745 4703 1841 4757 est
1888 4695 2143 4771 coelum,
2198 4704 2317 4758 etc.

825 4796 945 4860 Sed
997 4798 1117 4861 hoc
1164 4795 1289 4859 dici
1340 4814 1464 4859 non
1526 4796 1693 4857 licet.
1746 4794 1900 4856 Nam
1949 4793 2196 4857 Christo
2242 4796 2319 4857 ad

821 4896 1123 4960 Ioannem
1171 4895 1530 4969 accedente,
1566 4894 1727 4957 dixit
1761 4893 2028 4956 Ioannes
2064 4912 2077 4955 :
2112 4892 2242 4974 Ego
2283 4913 2320 4955 a

822 5001 884 5056 te
932 4995 1130 5057 debeo
1186 4993 1516 5075 baptizari,
1568 5001 1629 5054 et
1683 5000 1751 5054 tu
1801 4993 1980 5054 venis
2038 4992 2115 5053 ad
2166 4994 2318 5053 me?

820 5092 982 5173 Ergo
1023 5100 1177 5155 tunc
1219 5092 1396 5155 novit
1438 5109 1585 5153 eum
1630 5091 1981 5153 secundum
2020 5088 2271 5152 faciem.

884 5191 981 5253 Ad
1008 5193 1173 5254 hanc
1202 5190 1647 5253 difficultatem
1680 5197 1777 5251 est
1801 5189 2033 5270 triplex
2067 5207 2319 5271 respon-

2435 4420 2696 4464 suorum
2743 4401 3259 4477 communicaret,
3305 4412 3670 4485 potestatem
3717 4407 3928 4489 bapti-

2435 4501 2638 4575 zandi,
2691 4500 2810 4563 hoc
2857 4508 2953 4562 est
2999 4509 3368 4583 potestatem
3419 4504 3804 4569 excellentiae
3851 4507 3920 4570 in

2433 4597 2752 4680 Baptismo
2814 4617 2827 4660 ε
2889 4618 3032 4679 quae
3086 4602 3439 4664 secundum
3499 4602 3800 4667 'rhomam
3857 4614 3925 4668 et

2431 4696 2610 4771 alios,
2662 4698 2948 4759 consistit
3005 4698 3068 4759 in
3129 4708 3420 4780 quatuor.
3473 4700 3748 4764 Primum
3799 4713 3918 4779 est,

2430 4797 2600 4877 quod
2641 4796 2812 4859 solus
2851 4796 3134 4859 Christus
3173 4797 3560 4880 Baptismum
3601 4801 3918 4885 instituit;

2431 4896 2804 4970 secundum,
2856 4897 3027 4977 quod
3075 4896 3376 4961 effectum
3423 4899 3724 4981 Baptismi
3777 4902 3921 4965 sine

2431 4992 2745 5074 Baptismo
2807 4993 3094 5056 conferre
3158 5006 3409 5078 potest;
3474 5000 3732 5062 tertium
3795 5009 3916 5077 est,

2412 5091 2597 5185 ‚quod
2645 5089 3001 5173 Baptismus
3049 5113 3087 5155 a
3127 5096 3352 5159 merito
3393 5098 3704 5178 passionis
3742 5098 3923 5162 Chri-

2427 5188 2506 5251 sti
2557 5188 2910 5252 efficaciam
2957 5191 3180 5273 habet3
3222 5203 3542 5275 quartum,
3587 5198 3758 5277 quod
3807 5197 3920 5261 Ba—

820 5290 914 5352 sio
948 5308 962 5353 :
996 5290 1129 5353 Una
1158 5289 1606 5373 Chrysostomi,
1629 5307 1775 5372 quae
1806 5296 1966 5351 tacta
1995 5295 2091 5349 est
2121 5307 2308 5361 nunc,
2427 5287 2699 5371 ptismus
2747 5287 3066 5351 interdum
3117 5290 3182 5351 in
3231 5292 3486 5355 nomine
3525 5294 3759 5357 Christi
3807 5297 3918 5358 da-
