4300 6259
1182 534 1533 582 malumno
1576 535 1639 581 IN
1682 533 1820 581 GAP.
1866 535 1906 578 V
1945 533 2223 580 scamus.
2269 553 2349 564 —-
2391 535 2532 580 Am.
2579 535 2661 581 XV

3355 519 3476 584 375

361 730 594 776 norem
646 713 813 774 sicut
858 711 936 773 ad
980 708 1276 770 ultimum
1328 707 1550 770 finem.
1592 706 1731 769 Alia
1777 713 1871 768 θεῖ
1900 702 1951 764 A
2059 707 2153 770 Ad
2194 708 2310 770 hoc
2350 707 2610 788 quidam
2653 707 3056 788 respondent,
3089 708 3259 788 quod
3303 707 3477 770 Chri-

362 814 666 878 voluntas
697 809 977 874 hominis
1010 806 1296 876 inferior,
1330 825 1473 888 quae
1504 806 1735 869 dicitur
1764 825 1873 888 ap-

110 931 283 974 Mana.
365 912 611 994 petitus
660 909 965 972 naturalis
1010 915 1072 969 et
1117 907 1481 978 sensitivuS,
1524 924 1653 987 quo
1698 904 1874 968 Chri-

66 995 331 1106 }{f'gfw'
367 1019 511 1073 stus
562 1007 897 1072 abhorruit
950 1012 1218 1069 mortem
1273 1023 1287 1067 ε
1344 1006 1421 1067 de
1473 1023 1600 1085 qua
1647 1003 1870 1066 volun-

366 1116 502 1171 tate
562 1107 768 1188 accipi
831 1105 990 1169 solet
1046 1105 1217 1186 quod
1280 1103 1367 1164 ait
1425 1102 1489 1163 in
1553 1102 1867 1183 passione,

224 1242 251 1271 x
300 1242 333 1280 ι,
366 1207 510 1270 Non
542 1223 683 1268 mea
722 1204 1017 1268 voluntas
1057 1202 1192 1275 fiat,
1228 1203 1337 1263 sed
1375 1209 1504 1262 tua.
1540 1199 1615 1261 Et
1645 1201 1722 1262 de
1754 1200 1872 1261 ista

368 1305 575 1387 magis
622 1303 880 1386 proprie
918 1301 1123 1383 accipi
1170 1307 1377 1382 potest
1414 1300 1584 1381 quod
1629 1299 1869 1360 dictum

366 1412 506 1468 est:
540 1403 677 1466 Non
722 1418 941 1484 quaero
971 1398 1361 1464 voluntatem
1407 1415 1635 1470 meam,
1671 1397 1737 1458 id
1777 1405 1873 1458 est

366 1502 615 1584 aliquid
675 1499 907 1584 privati
955 1497 1191 1561 amoris
1247 1504 1311 1559 θῖ
1356 1497 1435 1558 ad
1493 1513 1561 1558 se
1618 1494 1873 1558 reflexae

365 1600 755 1673 affectioniS,
804 1598 915 1660 sed
960 1595 1349 1660 voluntatem
1398 1593 1617 1668 PatriS,
1661 1593 1724 1656 id
1777 1600 1871 1654 est

368 1717 447 1761 ea
495 1717 642 1781 quae
690 1696 927 1781 placita
975 1695 1035 1757 ei
1084 1700 1256 1756 sunt.
1310 1692 1485 1754 Unde
1531 1691 1869 1774 Apostolus

110 1827 133 1854 ο
204 1824 279 1858 n.
322 1841 337 1854 .
370 1797 551 1870 dicit,
602 1796 777 1878 quod
822 1793 1110 1858 Christus
1155 1810 1281 1854 non
1334 1790 1575 1872 placuit
1617 1789 1764 1865 sibi,
1809 1789 1869 1852 id

1982 814 2115 890 stus
2146 807 2308 869 dixit
2345 806 2666 868 interdum
2703 805 3140 869 testimonium
3181 825 3368 868 suum
3399 807 3476 869 de

1981 924 2047 969 se
2093 906 2234 988 ipso
2277 924 2402 968 non
2438 923 2577 967 esse
2619 923 2865 980 verum,
2898 905 2976 967 ad
3015 906 3474 968 ostendendum

1978 1011 2323 1086 assumptae
2361 1004 2568 1066 carnis
2612 1004 3114 1082 humanitatem3
3156 1003 3476 1067 interdum

1980 1122 2131 1166 vero
2173 1103 2331 1164 dixit
2383 1102 2540 1164 illud
2581 1120 2719 1164 esse
2757 1119 3003 1175 verum,
3036 1103 3114 1164 ad
3153 1103 3481 1165 insinuan-

1981 1205 2131 1266 dum
2167 1203 2264 1264 sui
2298 1221 2443 1263 cum
2475 1200 2652 1262 Patre
2685 1200 3109 1281 aequalitatem
3145 1219 3156 1262 :
3193 1200 3280 1262 ita
3307 1203 3478 1282 quod

1979 1301 2416 1364 testimonium
2477 1299 2706 1362 Christi
2766 1299 2843 1360 de
2891 1316 2958 1360 sc
3008 1299 3148 1380 ipso
3206 1297 3328 1361 fuit
3376 1317 3481 1362 ve-

1982 1419 2145 1474 rum,
2180 1408 2244 1462 et
2275 1418 2403 1462 non
2436 1416 2681 1471 verum,
2717 1415 2936 1459 verum
2968 1397 3230 1478 quidem
3259 1416 3481 1461 secun-

1982 1500 2135 1561 dum
2177 1497 2596 1570 divinitatem,
2642 1497 2750 1558 sed
2800 1497 3081 1558 nondum
3123 1514 3344 1558 verum
3385 1515 3481 1560 se-

1980 1598 2264 1660 cundum
2335 1595 2815 1658 humanitatem.
2880 1593 3202 1666 Quomodo
3267 1602 3478 1657 autem

1980 1697 2101 1760 hoc
2148 1703 2314 1758 stare
2364 1693 2584 1776 possit,
2639 1710 2764 1754 non
2816 1693 3019 1765 video,
3075 1693 3194 1755 nisi
3248 1693 3482 1756 intelli·

1978 1802 2165 1876 gatur
2193 1795 2365 1877 quod
2397 1791 2836 1855 testimonium
2881 1791 3111 1854 Christi
3154 1793 3232 1854 de
3279 1811 3346 1854 se
3384 1790 3482 1875 ip-

366 1903 487 1966 est‚
529 1895 597 1956 in
649 1893 747 1954 sui
801 1892 1005 1975 ipsius
1051 1888 1511 1971 complacentia
1562 1907 1686 1952 non
1731 1888 1873 1970 qui-
1909 1891 1955 1952 B
1984 1914 2053 1958 so
2091 1893 2440 1956 secundum
2491 1889 2951 1952 humanitatem
2997 1889 3314 1972 prolatum
3353 1910 3480 1954 non

366 1993 521 2068 evit,
556 1991 912 2054 secundum
954 1989 1129 2071 quod
1172 1988 1382 2062 homo,
1418 2005 1536 2048 nec
1577 1986 1874 2068 quaesivit

366 2089 843 2173 beneplacitum
888 2106 1020 2151 suae
1058 2085 1403 2150 voluntatis
1446 2085 1761 2157 humanae,
1806 2085 1870 2147 in

365 2197 683 2272 quantum
733 2189 1049 2261 humanae,
1102 2187 1212 2248 sed
1273 2194 1341 2248 ut
1389 2184 1513 2247 Deo
1573 2184 1873 2264 subjectae

366 2297 429 2351 θῖ
475 2289 545 2351 in
588 2285 888 2351 omnibus
930 2285 989 2347 ei
1034 2282 1443 2348 conformatae
1475 2301 1488 2345 ε
1524 2283 1695 2364 quod
1746 2301 1871 2344 non

364 2395 461 2449 est
519 2385 697 2448 aliud
758 2383 881 2472 nis-i
940 2401 1230 2466 quaerere
1290 2382 1680 2444 voluntatem
1739 2381 1867 2443 Dei.

366 2484 522 2558 lmo,
566 2484 662 2546 sic
710 2491 774 2546 et
822 2501 935 2546 nos
978 2498 1267 2563 quaerere
1308 2487 1371 2542 et
1413 2480 1683 2562 implere
1733 2498 1875 2561 pos-

369 2603 596 2646 sumus
628 2581 955 2666 propriam
986 2580 1394 2652 voluntatem,
1422 2597 1547 2642 non
1581 2579 1645 2640 in
1676 2597 1875 2659 quan-

367 2690 507 2744 tum
569 2689 668 2745 est
724 2687 959 2752 nostra,
1010 2685 1073 2740 et
1128 2679 1206 2740 ad
1264 2695 1332 2740 se
1386 2694 1711 2749 conversa,
1762 2677 1872 2738 sed

371 2789 441 2843 ut
490 2787 587 2844 θεῖ
638 2778 857 2842 divina
912 2776 1171 2840 caritate
1216 2783 1280 2837 et
1326 2775 1465 2855 lege
1513 2775 1875 2855 evangelica

368 2878 735 2942 informata.
776 2875 997 2958 Neque
1046 2874 1219 2936 enim
1268 2892 1430 2955 opus
1478 2880 1576 2935 est
1622 2873 1878 2937 merito-

368 2979 539 3041 rium
592 2975 719 3038 nisi
766 2973 965 3036 fuerit
1012 2971 1467 3046 voluntarium,
1517 2978 1581 3032 et
1630 2967 1875 3053 'quanto

1982 2000 2079 2055 est
2121 2009 2368 2064 verum,
2416 1989 2736 2071 loquendo
2780 1989 2858 2050 de
2901 1988 3292 2050 humanitate
3340 1988 3480 2069 ejus

1982 2109 2292 2164 seorsum,
2343 2087 2589 2150 seclusa
2634 2088 2712 2149 de
2764 2086 3093 2148 divinitate
3139 2093 3205 2148 et
3254 2088 3476 2167 gratia.

1982 2189 2083 2252 Sic
2116 2189 2289 2250 enim
2319 2186 2586 2250 fortasse
2627 2184 2939 2267 potuisset
2965 2203 3104 2246 esse
3144 2203 3482 2248 erroneum

1980 2297 2174 2370 atque
2209 2285 2535 2349 inefficax.
2569 2284 2836 2347 Facilior
2869 2302 3018 2364 ergo
3052 2291 3115 2346 et
3150 2284 3358 2366 aptior
3395 2285 3484 2348 vi-

1982 2388 2168 2449 detur
2216 2403 2356 2448 esse
2403 2382 2714 2465 expositio
2763 2382 3187 2466 chrysostomi
3236 2383 3328 2446 sic
3377 2401 3484 2446 ex-

1984 2482 2281 2566 ponentis
2333 2501 2347 2546 z
2401 2481 2463 2544 Si
2515 2499 2628 2561 ego
2683 2481 3119 2544 testimonium
3178 2481 3483 2564 perhibeo

1983 2583 2061 2646 de
2109 2600 2212 2643 me
2262 2581 2422 2663 ipso,
2466 2579 2907 2642 testimonium
2959 2597 3176 2641 meum
3218 2597 3345 2643 non
3388 2587 3485 2642 est

1983 2698 2224 2754 verum,
2259 2679 2611 2742 secundum
2653 2684 2925 2740 vestram
2975 2677 3477 2753 aestimationem,

1981 2777 2278 2861 quamvis
2319 2777 2674 2839 secundum
2707 2774 3142 2837 exsistentiam
3172 2775 3254 2838 sit
3285 2776 3484 2838 veris-

1982 2877 2220 2940 simum
2260 2895 2336 2938 ac
2378 2872 3030 2937 sufficientissimum.
3293 2861 3303 2868 ⁴

2063 2979 2260 3039 Alius
2301 2986 2390 3036 est
2429 2977 2546 3054 qui
2589 2975 3026 3036 testimonium
3066 2975 3360 3052 perhibet
3405 2976 3485 3034 de
3616 2981 3687 3038 32

366 3095 532 3159 opus
565 3074 809 3137 bonum
851 3071 926 3134 fit
958 3069 1334 3153 promptiori
1367 3069 1708 3150 voluntate,
1740 3077 1872 3132 tan-
1913 3074 1956 3137 C
1988 3098 2109 3147 me,
2146 3085 2208 3136 et
2254 3076 2382 3136 seio
2432 3075 2590 3155 quia
2639 3091 2864 3134 verum
2907 3081 2995 3131 esc
3046 3072 3482 3133 testimonium

367 3183 433 3238 to
470 3180 568 3236 est
606 3171 732 3235 Deo
768 3169 1094 3252 acceptius
1136 3177 1198 3232 et
1235 3168 1480 3250 praemii
1520 3169 1871 3250 amplioriS,

368 3291 445 3336 eo
490 3271 666 3353 quod
726 3268 893 3331 Deus
944 3267 1243 3349 respiciat
1298 3264 1605 3329 affectum
1664 3267 1873 3348 potius

370 3389 568 3452 quam
612 3368 941 3431 effectum.

172 3471 235 3526 31
456 3471 539 3530 Si
574 3486 689 3545 eqo
728 3465 1167 3528 testimonium
1204 3465 1505 3542 perhibeo
1534 3465 1615 3522 de
1644 3485 1741 3524 me
1778 3466 1878 3541 ip-

370 3588 467 3637 se,
500 3565 945 3626 testimonium
976 3583 1191 3623 meum
1220 3581 1349 3622 non
1379 3571 1469 3622 est
1501 3583 1745 3623 verum.
1779 3563 1877 3624 In-

374 3666 471 3728 fra
514 3665 606 3727 ait
654 3661 960 3733 Salvator,
1003 3679 1203 3743 quum
1256 3659 1379 3722 sibi
1430 3659 1740 3723 dixissent
1778 3661 1877 3724 Ju—

97 3783 343 3836 Joanmm,
374 3763 517 3838 daei,
552 3762 646 3824 Tu
687 3761 765 3824 de
799 3767 862 3821 te
897 3759 1039 3840 ipso
1078 3757 1515 3820 testimonium
1552 3759 1870 3840 perhibeS‚

100 3849 316 3955 ¹254„-
374 3859 817 3926 testimonium
876 3866 1059 3919 tuum
1118 3875 1246 3918 non
1304 3863 1399 3918 est
1458 3875 1680 3920 verum
1734 3877 1748 3921 :
1800 3858 1875 3920 Et

372 3961 427 4024 si
468 3977 587 4041 ego
625 3955 1065 4020 testimonium
1108 3954 1414 4037 perhibeo
1453 3956 1530 4017 de
1569 3973 1671 4017 me
1709 3957 1871 4038 ipso,

374 4055 813 4120 testimonium
868 4071 1080 4117 meum
1125 4071 1347 4116 verum
1394 4060 1509 4115 θεῖ.
1554 4052 1875 4126 Quomodo

374 4173 527 4236 ergo
566 4173 743 4216 nunc
778 4153 887 4228 ait,
924 4151 987 4215 Si
1029 4170 1145 4233 ego
1186 4151 1619 4214 testimonium
1664 4152 1878 4234 perhi-

1984 3177 2157 3254 quod
2186 3175 2478 3251 perhibet
2506 3174 2586 3233 de
2614 3190 2734 3231 me.
2769 3168 2884 3230 Per
2922 3170 3096 3231 hunc
3133 3169 3354 3244 alium,
3387 3169 3487 3233 in-

1982 3272 2184 3353 telligi
2237 3278 2445 3354 potest
2499 3269 2698 3342 Pater,
2751 3267 2864 3349 qui
2916 3267 2980 3329 in
3031 3266 3349 3349 baptismo
3396 3274 3486 3331 te-

1984 3378 2184 3433 status
2234 3377 2350 3445 est,
2394 3368 2507 3430 Hic
2557 3374 2652 3428 est
2700 3364 2897 3427 Filius
2941 3383 3121 3427 meus
3170 3365 3481 3446 dilectus;
3537 3389 3776 3442 uanam,

1982 3469 2096 3550 qui
2138 3468 2328 3530 etiam
2371 3485 2484 3549 per
2514 3464 2822 3527 miracula
2851 3463 3082 3527 Christi
3121 3463 3188 3525 in
3228 3463 3485 3527 nomine
3514 3457 3578 3497 ¹⁷·

1982 3565 2182 3628 Patris
2231 3565 2414 3638 facta,
2465 3562 2902 3626 testimonium
2953 3561 3246 3643 praestitit
3301 3561 3480 3625 Filio.

1982 3665 2067 3726 De
2107 3662 2473 3726 testimonio
2516 3661 2753 3723 etenim
2793 3660 2990 3721 Patris
3035 3660 3346 3742 scriptum
3389 3668 3484 3722 est

1984 3763 2048 3825 in
2112 3761 2382 3844 epistola
2443 3760 2604 3821 Petri
2660 3778 2673 3821 :
2726 3757 2988 3838 Accepit
3037 3777 3074 3818 a
3121 3757 3246 3821 Deo
3306 3758 3484 3820 Patre
3544 3775 3774 3826 nster...

1984 3862 2288 3925 honorem
2338 3867 2403 3921 et
2445 3857 2736 3938 gloriam,
2792 3873 2944 3920 voce
2991 3857 3070 3918 ad
3118 3873 3266 3917 eum
3317 3857 3485 3919 dela·
3512 3839 3578 3881 ¹⁷·

1984 3978 2097 4042 psa
2150 3979 2190 4021 a
2247 3955 2587 4039 magnifica
2639 3955 2841 4036 gloria
2893 3973 2907 4017 :
2961 3953 3076 4016 Hic
3134 3961 3231 4016 est
3285 3953 3483 4016 Filius

1984 4076 2164 4119 meus
2224 4056 2492 4119 dilectus
2550 4055 2615 4116 in
2666 4072 2795 4135 quo
2854 4052 3013 4114 mihi
3072 4052 3481 4135 complacui3

1983 4156 2198 4237 ipsum
2235 4153 2470 4216 audite.
2506 4151 2624 4215 Sed
2665 4158 2727 4214 θῖ
2774 4151 3049 4234 Spiritus
3091 4150 3355 4214 Sanctus
3392 4159 3486 4213 te-

376 4253 497 4317 beo
536 4253 617 4314 de
648 4269 753 4313 me
794 4251 957 4332 ipso,
1001 4249 1436 4313 testimonium
1487 4268 1698 4311 meum
1750 4269 1873 4313 non
1909 4257 1959 4318 Ι)
1986 4253 2358 4316 stimonium
2409 4251 2656 4314 Christo
2703 4249 3050 4332 perhibuit,
3095 4247 3278 4330 juxta
3324 4250 3482 4312 illud

106 4361 345 4420 manns.
376 4360 473 4414 θεῖ
504 4351 774 4414 verum?
806 4348 883 4410 Et
911 4366 1123 4412 nonne
1156 4349 1293 4429 ipse
1323 4355 1420 4408 est
1450 4348 1702 4428 νθτὶῖθε,
1734 4368 1877 4430 quae

378 4469 497 4513 nec
537 4449 703 4512 fallit
744 4466 865 4510 nec
908 4446 1193 4509 fallitur?
1231 4445 1591 4508 Secundum
1634 4466 1880 4509 assum-

376 4556 552 4632 ptam
614 4563 875 4628 quoque
943 4543 1401 4606 humanitatem
1464 4544 1878 4608 confirmatus

374 4647 501 4711 fuit
538 4647 607 4708 in
646 4644 837 4720 bono,
872 4643 959 4705 ita
986 4643 1158 4724 quod
1198 4642 1455 4704 mentiri
1496 4662 1620 4707 non
1655 4644 1878 4725 potuit,

374 4763 497 4808 nec
551 4759 837 4826 peccare.
889 4740 1175 4822 Denique
1230 4749 1515 4823 tempore
1568 4742 1880 4823 passionis

378 4841 710 4925 perhibuit
752 4841 829 4903 de
877 4857 946 4902 se
992 4840 1134 4921 ipso
1183 4839 1619 4903 testimonium
1669 4859 1879 4904 coram

152 4951 301 4999 κιαι..
378 4940 619 5024 Caipha
662 4945 726 5002 et
767 4937 985 5006 Pilato,
1020 4954 1220 5018 quum
1273 4936 1431 5000 dixit
1465 4954 1479 4999 :
1512 4938 1753 5002 Amodo
1792 4939 1882 5002 vi-

110 5028 211 5068 ¹¹'¹'
238 5021 301 5061 ⁶⁵·
382 5039 615 5102 debitis
654 5037 887 5099 Filium
931 5035 1209 5099 hominis
1250 5036 1613 5100 venientem
1653 5037 1717 5099 in
1768 5057 1884 5101 nu-

112 5148 355 5204 Jmmm,
382 5139 577 5202 bibus
626 5137 813 5216 coeli3
867 5136 1173 5216 itemque,
1226 5134 1355 5217 Ego
1404 5135 1469 5198 in
1524 5136 1641 5200 hoc
1698 5145 1881 5199 natus

115 5213 171 5254 ³²
382 5255 551 5311 sum,
585 5234 755 5297 etad
795 5234 917 5297 hoc
948 5233 1092 5297 veni
1127 5233 1193 5296 in
1235 5235 1570 5311 mundum,
1606 5243 1676 5297 ut
1712 5235 1885 5298 testi-

382 5335 673 5398 monium
718 5331 1088 5415 perhibeam
1134 5333 1404 5395 veritati.

1983 4351 2240 4415 Joannis
2276 4369 2290 4414 ε
2325 4349 2598 4431 Spiritus
2639 4355 2735 4410 est
2767 4348 2878 4429 qui
2919 4346 3298 4410 testificatur
3329 4366 3484 4429 quo-
3527 4378 3774 4430 mmm„

1987 4451 2160 4513 niam
2210 4448 2494 4511 Christus
2543 4454 2640 4508 est
2685 4446 2938 4508 veritas.
2973 4445 3179 4510 Potest
3225 4465 3484 4528 quoque
3509 4445 3550 4486 ⁶·

1990 4567 2102 4631 per
2140 4549 2312 4610 hunc
2350 4545 2546 4608 alium
2587 4545 2854 4626 intelligi
2882 4544 3148 4608 Joannes
3187 4545 3480 4628 Baptista,

1987 4647 2100 4729 qui
2158 4645 2284 4707 fuit
2339 4663 2527 4708 verus
2587 4643 2764 4706 testis
2823 4641 3077 4718 Christi,
3129 4645 3482 4707 secundum

1989 4744 2162 4826 quod
2200 4750 2376 4825 pater
2413 4742 2554 4824 ejus
2595 4741 2920 4804 Zacharias
2971 4741 3198 4822 plenus
3238 4741 3481 4824 Spiritu

1990 4841 2218 4905 Sancto
2267 4840 2558 4923 praedixit
2591 4858 2604 4903 ε
2641 4838 2754 4914 Tu,
2799 4857 2980 4920 puer,
3023 4838 3332 4920 Propheta
3378 4841 3483 4903 Al·
3521 4859 3759 4910 Lucane.

1990 4940 2221 5004 tissimi
2245 4938 2595 5018 vocaberiS,
2627 4945 2746 5000 etc.
2775 4937 2856 4999 De
2886 4937 3071 5018 cujus
3102 4937 3483 5002 testimoniis

1992 5037 2240 5102 Christo
2269 5035 2591 5108 exhibitis,
2615 5034 2744 5114 jam
2775 5034 2974 5097 multa
3007 5033 3327 5116 praeclara,
3355 5035 3489 5117 pul-

1991 5135 2309 5200 cherrima
2363 5142 2552 5215 atque
2603 5131 2904 5195 sublimia
2949 5133 3115 5195 dicta
3161 5139 3310 5196 sunt
3359 5133 3488 5216 pri-
3543 5152 3706 5196 Joann.
3746 5165 3776 5202 ι.

1993 5254 2096 5298 mo
2138 5234 2454 5314 tertioque
2496 5231 2814 5313 capitulis.
3512 5216 3781 5267 '‘⁸⁶³⁰'’27·

2095 5335 2206 5396 Voa
2246 5333 2518 5393 misistis
2555 5333 2643 5390 ad
2668 5332 2982 5390 loannem
3009 5327 3350 5412 Baptistam
3393 5350 3488 5394 sa-
3513 5280 3581 5320 u'
3618 5339 3689 5396 33
