4300 6259
166 2851 201 2906 4

1116 511 1467 560 ansam-rm
1509 512 1574 558 m
1613 512 1753 561 car.
1798 513 1905 560 xiv
1944 512 2135 561 Luem.
2179 533 2262 544 —
2301 515 2446 562 m.
2492 513 2707 562 xxxvn
3387 496 3463 560 91

346 701 500 763 quae
559 683 720 744 iram
778 683 1121 764 significat.
1173 683 1403 758 Quinta
1451 691 1546 748 est
1603 686 1858 767 pigritia
1887 681 1937 742 A
1970 689 2033 744 et
2079 682 2438 746 animarum
2482 702 2698 747 curam
2747 684 3054 748 habentes
3103 693 3252 748 sunt
3293 685 3470 747 simi-

348 800 466 844 seu
497 783 759 844 tarditas
792 785 1043 866 pedum,
1080 803 1193 866 per
1221 803 1416 867 quam
1447 794 1702 850 notatur
1729 805 1861 848 ace·

349 881 481 944 dia.
524 880 712 944 Sexta
749 890 847 944 est
880 883 1257 963 genitalium
1298 883 1568 960 inflatio,
1600 904 1729 967 qua
1778 885 1861 947 si-

343 989 587 1062 gnatur
630 981 957 1045 luxuria...

420 1083 509 1142 Et
540 1085 929 1159 respondens
954 1085 1161 1151 Iesus,
1187 1101 1313 1146 non
1346 1085 1423 1146 ad
1455 1083 1651 1146 verba
1682 1102 1862 1147 voca-

346 1179 459 1254 lia,
494 1182 605 1242 sed
646 1182 723 1242 ad
766 1181 1101 1244 insidiosas
1132 1182 1545 1262 cogitationes
1575 1183 1855 1258 illorum,

342 1297 513 1359 quas
558 1278 950 1354 intuebatur,
982 1283 1161 1342 dimit
1203 1284 1292 1342 ad
1332 1283 1751 1359 leqisperitos,
1794 1284 1857 1346 id

343 1386 447 1439 est
494 1377 749 1440 Scribas
796 1385 990 1460 atque
1040 1380 1327 1442 doctores
1373 1380 1756 1454 ludaeorum,
1799 1393 1859 1445 et

340 1477 429 1538 ad
464 1477 852 1539 Pharisaeos.
887 1477 993 1539 Isti
1034 1478 1208 1540 enim
1252 1478 1574 1560 praecipue
1614 1480 1860 1544 invide—

342 1576 505 1638 bant
556 1575 742 1638 famae
782 1575 1037 1650 Christi,
1081 1576 1635 1660 observabantque
1684 1597 1854 1652 eum,

342 1674 687 1757 cupientes
717 1674 955 1736 famam
987 1674 1219 1738 Christi
1253 1677 1605 1757 denigrare,
1639 1678 1861 1759 quoni—

342 1793 451 1836 am
486 1773 615 1855 ipsi
657 1773 863 1836 laudis
893 1773 1190 1836 humanae
1220 1774 1621 1856 cupidissimi
1656 1783 1853 1837 erant.

1969 781 2061 842 les
2105 800 2117 844 :
2163 783 2317 863 quia
2362 783 2414 845 si
2467 784 2743 847 viderint
2791 785 3128 866 pecoribus
3177 784 3310 846 suis
3357 785 3471 846 ali-

1969 881 2123 962 quid
2166 882 2564 944 adversitatis
2606 882 2992 962 contingere,
3029 902 3174 947 mox
3215 901 3474 945 succur-

1970 988 2164 1059 runt3
2207 981 2316 1042 sed
2367 980 2418 1042 si
2469 980 2745 1042 viderint
2795 981 3117 1063 proximos
3168 1000 3314 1044 suos
3362 989 3474 1043 aut

1970 1079 2258 1141 subditos
2299 1079 2717 1160 spiritualiter
2746 1079 2888 1142 laedi
2924 1086 3115 1160 atque
3143 1079 3369 1154 occidi,
3406 1080 3471 1142 id

1970 1186 2064 1240 est
2113 1197 2377 1260 peccare
2418 1179 2768 1241 mortaliter
2805 1187 2914 1240 aut
2963 1179 3348 1253 notabiliter,
3385 1186 3473 1239 ta-

1972 1285 2136 1350 cent,
2172 1277 2598 1350 dissimulant,
2633 1296 2760 1340 non
2803 1285 3048 1350 curant,
3085 1294 3202 1340 nec
3231 1277 3468 1340 dolent.

1970 1374 2103 1449 Quo
2134 1383 2326 1458 patet,
2361 1377 2531 1456 quod
2567 1394 2776 1439 veram
2818 1375 2925 1437 Dei
2959 1394 3031 1438 ac
3071 1376 3344 1458 proximi
3378 1395 3474 1438 ca·

1974 1475 2223 1537 ritatem
2273 1494 2399 1538 non
2451 1474 2687 1536 habent
2740 1493 2753 1536 :
2807 1491 3038 1556 nempe
3085 1493 3214 1556 quo
3261 1473 3476 1536 anima

1973 1573 2374 1656 praestantior
2417 1582 2512 1635 est
2559 1591 2823 1655 corpore
2870 1573 3176 1654 omnique
3223 1572 3476 1652 jumen-

1969 1680 2055 1746 to,
2090 1691 2165 1735 eo
2195 1674 2272 1735 de
2301 1672 2659 1734 animarum
2691 1670 2947 1733 laesione
2979 1689 3092 1732 seu
3122 1671 3296 1734 vitiis
3328 1671 3473 1752 plus

1970 1769 2316 1833 dolendum
2366 1778 2462 1831 est
2504 1787 2576 1831 ac
2615 1769 2893 1851 amplius
2943 1770 3469 1844 succurrendum,

342 1873 435 1933 Si
474 1873 625 1932 licet
660 1873 919 1932 sabbato
958 1891 1217 1941 curare,
1246 1891 1283 1933 a
1326 1873 1640 1954 corporali
1680 1873 1862 1935 infir·
1896 1865 1943 1926 B
1971 1886 2163 1949 quam
2210 1867 2286 1929 de
2327 1885 2666 1949 corporum
2709 1874 2819 1928 aut
2858 1885 3162 1949 pecorum
3202 1866 3474 1930 laesioni-

344 1970 575 2031 mitate
605 1969 1173 2050 supernaturaliter
1200 1976 1264 2031 et
1294 1970 1701 2034 miraculose?
1726 1970 1861 2034 Non

342 2067 539 2148 quasi
573 2067 872 2147 ignorans
913 2065 1035 2129 hoc
1064 2066 1316 2148 quaerit,
1352 2069 1461 2130 sed
1504 2076 1572 2130 ut
1605 2068 1860 2130 illorum

344 2183 640 2229 errorem
690 2165 1053 2244 corrigeret.
1098 2164 1332 2227 Taliter
1381 2167 1554 2229 enim
1615 2185 1859 2242 curare,

341 2273 448 2326 est
496 2283 661 2345 opus
702 2263 997 2326 divinum
1046 2272 1109 2326 et
1149 2264 1575 2339 caritativum,
1609 2284 1646 2327 a
1685 2284 1864 2328 vaca-

342 2362 529 2426 tione
578 2361 686 2423 Dei
740 2379 1146 2444 nequaquam
1196 2362 1577 2445 impedienS,
1626 2365 1736 2426 sed
1784 2364 1862 2426 ad

342 2460 592 2524 divinae
629 2460 957 2542 potestatis
999 2461 1627 2542 contemplationem,
1661 2463 1741 2524 ad
1772 2461 1865 2524 di-

344 2560 521 2622 vinae
555 2559 805 2641 pietatis
836 2577 1117 2622 amorem
1150 2566 1214 2622 et
1242 2560 1497 2622 laudem
1528 2561 1866 2624 vehemen-

340 2666 448 2719 ter
475 2658 849 2728 accendenS‚
879 2663 1007 2719 tam
1038 2675 1187 2719 eum
1217 2658 1331 2738 qui
1364 2666 1643 2733 curatur,
1667 2677 1863 2741 quam

343 2773 580 2819 omnes
628 2755 743 2836 qui
792 2756 1025 2817 adsunt
1072 2762 1181 2816 aut
1229 2756 1520 2830 audiunt,
1558 2757 1682 2820 nisi
1732 2776 1866 2820 om-

344 2855 511 2917 nino
546 2852 829 2935 perversi
862 2852 1197 2935 invidique
1238 2853 1607 2916 consistant.
1640 2858 1729 2917 At
1756 2858 1866 2916 illi

344 2962 703 3014 tacuerunt
734 2973 755 3010 .·
785 2951 938 3032 quia
979 2951 1268 3014 sciebant
1316 2952 1730 3015 subtilitatem
1774 2962 1865 3016 at-

1970 1966 2093 2029 bus
2142 1965 2226 2027 sit
2276 1965 2681 2027 tristandum.
2729 1968 2816 2026 Et
2863 1985 2995 2026 non
3035 1973 3336 2042 poterant
3385 1969 3475 2027 ad

1971 2067 2105 2126 Izoec
2138 2067 2520 2141 respondere
2558 2065 2688 2124 illi.
2724 2062 3039 2126 Videbant
3085 2083 3362 2146 namque
3406 2083 3473 2127 se

1972 2181 2110 2225 esse
2141 2162 2487 2236 convictos,
2523 2179 2640 2224 nec
2677 2163 2895 2244 aliqua
2931 2162 3248 2227 solutione
3289 2181 3474 2245 posse

1974 2260 2103 2324 vim
2147 2260 2506 2341 argumenti
2549 2262 2839 2324 evadere.

2052 2359 2289 2440 ltaque,
2334 2359 2629 2423 obturato
2672 2378 2782 2423 ore
2821 2359 3208 2433 invidorum,
3245 2359 3476 2442 hydro-

1973 2457 2228 2541 pisique
2261 2459 2574 2540 corporali
2621 2467 2836 2521 sanata
2873 2459 2939 2520 in
2978 2477 3125 2530 uno,
3162 2457 3476 2521 convertit

1972 2575 2039 2620 se
2087 2555 2374 2620 Christus
2427 2557 2505 2619 ad
2565 2556 2914 2638 spiritualis
2973 2555 3357 2638 hydropisiS‚
3410 2556 3473 2618 id

1970 2663 2066 2718 est
2106 2654 2427 2737 superbiae
2457 2662 2517 2716 et
2554 2654 2944 2729 ambitioniS,
2979 2655 3371 2717 curationem
3407 2655 3473 2717 in

1970 2739 2273 2816 Omnibus
2305 2751 2537 2814 talibus
2568 2758 2721 2814 tunc
2751 2751 2840 2813 ibi
2883 2751 3325 2833 praesentibus.
3360 2755 3477 2815 Di-

1970 2855 2147 2912 cebat
2178 2860 2395 2912 autem
2424 2859 2484 2910 et
2519 2853 2607 2910 ad
2637 2851 2946 2910 invitatos
2968 2852 3378 2927 parabolam,
3410 2851 3473 2913 id

1972 2957 2068 3012 est
2106 2967 2467 3012 sermonem
2505 2947 2751 3029 aliquid
2800 2948 3064 3028 mystice
3108 2948 3477 3028 significan-

340 3069 479 3132 que
533 3050 937 3131 prudentiam
980 3049 1234 3120 Christi,
1270 3050 1411 3114 idco
1456 3052 1749 3114 convinci
1801 3059 1865 3114 et
1898 3050 1943 3114 C
1971 3056 2100 3110 tem
2146 3065 2161 3110 :
2206 3047 2358 3128 quia
2412 3065 2527 3128 per
2575 3047 2927 3128 corporalia
2974 3047 3114 3120 ista,
3168 3047 3478 3110 innuebat

337 3149 533 3230 argui
593 3148 963 3210 metuebant
1010 3148 1328 3230 quidquid
1380 3151 1856 3231 responderent.

336 3253 493 3325 Ipse
536 3267 681 3308 vero
718 3247 919 3321 JesuS,
955 3247 1439 3329 potentissimus
1481 3255 1669 3329 atque
1708 3249 1863 3330 piis-

336 3347 555 3410 simus
586 3345 871 3408 medicus
902 3345 1262 3406 animarum
1294 3353 1357 3407 et
1386 3364 1741 3427 corporum,
1756 3367 1863 3424 ap-

328 3449 738 3524 prehensum
766 3465 937 3515 eum,
975 3451 1129 3525 puta
1159 3444 1582 3526 hydropicum
1618 3463 1631 3507 :
1666 3464 1861 3527 quem

335 3543 777 3626 apprehendit
806 3562 953 3605 cum
987 3561 1181 3604 manu
1212 3561 1290 3604 ex
1322 3543 1704 3618 humilitate,
1736 3563 1860 3608 non

336 3642 521 3723 quod
565 3640 811 3722 absque
852 3639 1167 3722 corporali
1211 3649 1504 3704 contactu
1553 3641 1863 3724 nequive-

338 3741 424 3802 rit
480 3739 670 3802 illum
720 3757 980 3818 curare3
1020 3741 1284 3800 sanavit
1325 3739 1744 3820 imperialiter
1790 3761 1863 3804 ac

341 3847 639 3922 repente,
674 3860 752 3900 ac
778 3840 1036 3900 dimisit
1076 3839 1255 3901 abire
1295 3840 1612 3921 expedite,
1648 3849 1718 3903 ut
1758 3860 1863 3904 ve-

340 3938 503 4002 ritas
549 3957 682 4000 suae
724 3937 1071 4000 curationis
1117 3944 1383 4018 pateret.

425 4039 517 4098 Ec
566 4037 957 4112 respondens
1004 4035 1082 4096 ad
1132 4033 1544 4115 cogitationes
1594 4035 1864 4118 legispe-

343 4136 621 4198 ritorum
663 4151 737 4194 ac
774 4131 1257 4208 Pharisaeorum,
1292 4133 1405 4214 qui
1445 4133 1581 4197 viso
1621 4134 1740 4197 hoc
1777 4135 1862 4198 si-

1973 3145 2331 3228 spiritualia
2379 3147 2792 3224 documenta3
2835 3147 3200 3214 intenderes,
3241 3147 3305 3208 id
3355 3155 3471 3220 est,

1974 3244 2382 3308 considerans
2441 3243 2541 3306 vel
2600 3243 2868 3324 intelligi
2930 3245 3106 3318 dans,
3165 3248 3476 3324 quomodo

1964 3345 2214 3421 primos
2261 3343 2594 3403 accubitus
2631 3345 2962 3420 eliqerent,
3006 3343 3070 3404 id
3122 3350 3238 3416 est,
3283 3343 3478 3424 quili-

1972 3441 2079 3503 bet
2117 3459 2340 3503 eorum
2381 3441 2458 3503 ad
2499 3440 2918 3503 eminentiora
2956 3441 3094 3505 loca
3130 3442 3196 3504 in
3237 3443 3476 3506 mensis

1971 3539 2344 3622 adspiraret,
2379 3539 2677 3602 aviditate
2715 3539 2996 3615 honoriS,
3032 3547 3095 3602 θῖ
3121 3541 3311 3603 etiam
3352 3540 3478 3604 for-

1971 3647 2033 3701 te
2074 3644 2336 3720 propter
2375 3637 2619 3700 fercula
2667 3637 2934 3701 lautiora
2973 3656 3117 3718 quae
3154 3638 3344 3700 altius
3383 3657 3477 3700 se-

1973 3736 2273 3799 dentibus
2324 3735 2531 3798 solent
2577 3736 2845 3818 apponi3
2878 3738 3097 3796 dicens
3139 3739 3228 3796 ad
3275 3738 3422 3797 illos
3452 3754 3476 3798 .·

1976 3838 2190 3904 Quum
2239 3836 2559 3895 invitatus
2605 3834 2818 3911 fueris
2869 3837 2958 3894 ad
3004 3836 3296 3912 nuptia&
3344 3855 3476 3896 non

1970 3935 2338 3994 discumbas
2386 3933 2460 3992 in
2503 3933 2722 4011 primo
2775 3937 2927 4003 loeo,
2965 3933 3028 3994 id
3078 3941 3194 4006 est,
3238 3952 3362 3997 non
3415 3941 3478 3996 te

1974 4030 2186 4113 ipsum
2227 4048 2388 4094 vane
2428 4029 2677 4110 ingeras
2717 4031 2794 4092 ad
2835 4031 3185 4092 sedendum
3232 4031 3300 4092 in
3339 4031 3477 4095 loco

1971 4129 2179 4192 altiori
2231 4147 2343 4192 seu
2395 4128 2625 4211 primo,
2671 4149 2750 4188 ne
2788 4129 2957 4206 forte
3005 4131 3381 4190 honoratior
3421 4139 3478 4190 te

339 4253 495 4315 gno,
544 4238 882 4312 coeperunt
930 4231 1205 4311 cogitare
1248 4238 1311 4294 et
1353 4231 1643 4313 judicare
1690 4235 1861 4313 quod
1892 4235 1942 4298 D
1970 4231 2055 4289 sit
2107 4230 2451 4296 invitatus,
2507 4233 2628 4289 etc.
2692 4227 2926 4289 Sensus
2985 4225 3478 4310 superficialiter

340 4331 693 4394 sabbatum
735 4328 1022 4391 Christus
1072 4329 1368 4392 solvisset
1402 4347 1415 4391 :
1452 4329 1595 4392 ideo
1646 4338 1863 4393 contra

341 4429 469 4494 hoc
500 4431 595 4489 ad
630 4429 780 4488 illos
808 4429 988 4488 dimit
1016 4448 1039 4488 :
1073 4429 1275 4504 Cujus
1318 4439 1601 4490 vestrum
1634 4431 1861 4490 asinus

340 4537 465 4590 cmc
497 4529 606 4588 bos
634 4527 709 4586 in
742 4535 1015 4602 puteum
1054 4529 1258 4597 cadet,
1291 4536 1350 4586 et
1380 4547 1511 4588 non
1551 4529 1860 4588 continuo

339 4628 648 4689 extrahet
687 4625 883 4685 illum
919 4626 1029 4683 die
1064 4626 1315 4685 sabbati
1334 4627 1365 4686 ἒ
1393 4624 1579 4706 quasi
1629 4625 1798 4688 dicat
1842 4643 1856 4688 τ

342 4725 409 4788 Si
462 4724 619 4786 licet
665 4721 975 4802 jumentis
1026 4741 1171 4784 cum
1217 4723 1441 4803 grandi
1491 4722 1709 4785 labore
1757 4723 1861 4787 die

342 4821 599 4886 sabbati
660 4821 1029 4894 subvenire,
1086 4840 1200 4882 cur
1256 4840 1383 4884 non
1444 4821 1655 4902 potius
1713 4821 1860 4884 licet

342 4921 600 4986 homini
649 4937 817 5000 aegro
859 4919 1145 4981 sanitatis
1190 4937 1377 5000 opem
1426 4918 1547 4982 hoc
1591 4918 1693 4980 die
1741 4919 1861 4981 im-

344 5019 655 5102 pendere,
708 5017 1061 5098 praesertim
1110 5017 1366 5097 quando
1423 5016 1545 5080 hoc
1589 5015 1671 5078 fit
1721 5017 1861 5080 sine

344 5119 590 5191 labore,
628 5116 758 5178 imo
797 5112 1147 5176 facillime?
1177 5149 1258 5158 -—
1288 5113 1570 5195 Denique
1603 5133 1860 5196 perver-

344 5217 434 5280 sis
474 5222 542 5278 et
578 5211 909 5276 excaecatis
947 5211 1075 5275 illis
1116 5211 1499 5294 legisperitis
1538 5232 1611 5276 ac
1646 5212 1861 5276 Phari-

347 5315 493 5380 saeis
528 5313 663 5395 jam
702 5312 771 5373 in
812 5309 1094 5374 Ecclesia
1133 5309 1318 5372 multi
1366 5311 1559 5374 etiam
1610 5312 1854 5394 praelati

1972 4325 2262 4388 litteralis
2293 4324 2741 4388 difficultatem
2773 4343 2901 4388 non
2943 4324 3168 4406 habet3
3203 4327 3310 4388 sed
3347 4345 3477 4388 ma-

1969 4425 2168 4505 gister
2224 4423 2602 4485 humilitatis
2667 4422 2785 4486 hoc
2849 4422 3165 4504 exemplo,
3229 4423 3476 4506 hacque

1974 4521 2330 4586 rationabili
2368 4521 2789 4603 persuasione,
2824 4521 3098 4584 intendit
3135 4541 3248 4584 nos
3287 4521 3477 4585 infor-

1972 4639 2166 4694 mare,
2213 4627 2284 4681 ut
2330 4637 2601 4702 semper,
2645 4627 2954 4701 quantum
3009 4619 3074 4682 in
3121 4619 3305 4683 nobis
3353 4629 3470 4696 est,

1972 4719 2150 4801 parvi
2200 4717 2508 4779 faciamus
2559 4736 2672 4780 nos
2723 4717 2916 4800 ἱρεοε,
2958 4737 3074 4781 nec
3124 4718 3289 4780 ultra
3331 4738 3475 4801 pro-

1972 4817 2176 4899 priam
2209 4834 2576 4878 mensuram
2607 4833 2719 4879 nos
2750 4816 3081 4898 erigamus
3108 4816 3236 4879 imo
3265 4817 3473 4899 potius

1969 4916 2159 4978 etiam
2192 4913 2604 4977 inferioribus
2637 4933 2750 4978 nos
2783 4914 3038 4978 viliores
3068 4913 3467 4977 arbitremur.

1968 5015 2256 5096 Denique
2302 5033 2504 5095 quum
2557 5031 2672 5094 per
2722 5013 2953 5076 Christi
3006 5012 3354 5087 ministrOS,
3407 5014 3471 5076 id

1968 5121 2065 5175 est
2113 5113 2552 5194 praedicatores
2603 5119 2666 5174 et
2713 5113 3024 5193 praelatos,
3074 5112 3323 5175 invitati
3373 5112 3473 5174 fu-

1968 5211 2208 5274 erimus
2239 5211 2315 5272 ad
2356 5209 2634 5291 nuptiaS,
2669 5210 2732 5272 id
2773 5218 2869 5291 est
2900 5209 3199 5273 unionem
3238 5212 3471 5275 mentis

1970 5328 2115 5373 cum
2157 5309 2281 5372 Deo
2321 5307 2384 5370 in
2428 5307 2530 5370 via
2570 5308 2688 5371 ista
2728 5327 2843 5391 per
2872 5308 3068 5372 fidem
3111 5317 3172 5372 et
3204 5310 3470 5391 gratiam

3619 3847 3656 3903 8
