4300 6259
634 1649 708 1703 24

574 2935 593 2953 '¹
613 2931 807 2976 Theodo-

539 2999 679 3037 retum

846 469 927 532 62
1615 487 1967 534 mannum
2009 487 2073 533 m
2114 487 2254 534 car.
2300 485 2389 532 111
2431 486 2616 533 Lucia.
2665 507 2742 518 —
2785 489 2929 534 aar.
2977 487 3171 534 xxxm

844 657 941 718 sui
976 657 1284 720 Creatoris
1327 659 1563 739 imago;
1594 668 1653 718 et
1685 679 1915 737 eorpus
1936 661 2092 735 plus
2122 665 2239 728 est,
2274 656 2338 718 id
2368 656 2418 716 A
2448 657 2630 738 quasi
2671 658 2838 720 dicat
2879 676 2893 720 :
2937 657 3190 721 Certum
3234 666 3330 719 est
3373 658 3542 739 quod
3588 655 3801 718 nullus
3841 674 3952 718 ve-

842 763 936 816 est
996 755 1272 835 digniuS,
1324 777 1519 835 quam
1572 757 2043 816 vestimentum.
2096 754 2338 836 Corpus

842 873 1117 935 namque
1166 863 1260 916 est
1311 857 1807 916 instrumentum
1866 873 1975 916 seu
2027 873 2335 935 organum

838 953 1210 1027 animatum,
1268 953 1704 1035 conjunctum,
1770 953 2208 1014 immediatum
2264 971 2338 1014 ac

840 1050 1172 1132 proprium
1210 1050 1460 1113 animae.
1496 1052 1732 1132 ltaque,
1775 1051 1888 1133 qui
1939 1050 2183 1132 absque
2229 1068 2340 1113 no-

838 1156 967 1209 stra
1006 1148 1437 1211 sollicitudine
1475 1148 1659 1212 nobis
1699 1167 1929 1230 corpus
1960 1157 2024 1211 et
2059 1148 2337 1210 animam

839 1245 1031 1320 dedit,
1070 1247 1147 1308 de
1186 1246 1329 1309 cibo
1368 1254 1430 1308 et
1470 1247 1863 1310 vestimentis
1902 1247 2041 1310 sine
2080 1244 2340 1329 praefata

838 1344 1267 1407 sollicitudine
1298 1346 1363 1407 in
1404 1363 1471 1407 se
1510 1346 1912 1428 sperantibus
1953 1344 2335 1428 providebit.

922 1442 1157 1504 Deinde
1198 1442 1387 1504 aliam
1436 1442 1742 1506 rationem
1793 1443 2057 1518 inducit,
2101 1443 2166 1504 in
2213 1461 2340 1524 qua

842 1539 1006 1601 sicut
1044 1549 1106 1602 et
1154 1561 1368 1622 supra,
1412 1541 1618 1621 arguit
1664 1541 1847 1622 quasi
1900 1559 2013 1623 per
2052 1541 2264 1604 locum
2302 1559 2340 1602 a

841 1637 1091 1717 majori.
1128 1641 1539 1700 Considerate
1585 1659 1823 1707 corvos,
1866 1641 2024 1718 quia
2071 1659 2202 1700 non
2249 1658 2341 1698 se-

841 1737 1124 1803 minant,
1156 1755 1359 1814 neque
1392 1745 1603 1795 matun
1615 1745 1662 1805 t,
1681 1738 1915 1815 quibus
1943 1756 2073 1796 non
2100 1745 2193 1796 est
2220 1739 2341 1794 cel-

2448 763 2650 817 strum
2696 763 2901 837 potest
2947 756 3230 837 corporis
3281 755 3379 818 sui
3429 755 3778 817 naturalem
3821 762 3952 815 sta-

2449 861 2654 914 turam
2714 854 2846 917 sola
2903 854 3280 934 cogitatione
3337 871 3588 933 augere,
3643 870 3758 914 nec
3813 851 3950 914 sola

2449 952 2818 1026 nutritione,
2871 954 2980 1014 sed
3031 953 3248 1015 divina
3300 951 3664 1034 provisione
3711 969 3946 1031 corpus

2449 1068 2812 1112 mensuram
2856 1050 3117 1114 sortitur
3157 1049 3504 1130 augmenti.
3537 1051 3617 1111 Si
3651 1068 3797 1126 erqo
3834 1068 3951 1108 ne-

2447 1169 2570 1228 que
2598 1152 2770 1227 quod
2806 1150 3162 1210 minimum
3197 1157 3287 1208 est
3313 1151 3595 1225 potes-tia,
3632 1147 3696 1209 id
3733 1155 3850 1219 est,
3891 1145 3947 1208 si

2448 1264 2632 1327 agere
2684 1265 2809 1310 non
2862 1246 3082 1308 valetis
3132 1247 3252 1309 hoc
3304 1247 3473 1326 quod
3535 1244 3599 1307 in
3650 1263 3718 1306 se
3765 1245 3950 1306 valde

2450 1363 2717 1426 parvum
2749 1353 2865 1419 est,
2899 1351 2962 1406 et
2991 1344 3114 1407 Deo
3145 1343 3545 1418 facillimum,
3583 1349 3798 1424 utpote
3833 1342 3952 1405 ali-

2450 1443 2607 1524 quid
2640 1443 2961 1522 augmenti
2995 1449 3250 1504 staturae
3284 1441 3561 1522 adjicere
3589 1440 3946 1521 cogitando,

2451 1541 2720 1605 volendo
2757 1549 2868 1604 aut
2906 1541 3299 1623 imperando,
3342 1557 3455 1602 seu
3505 1539 3948 1601 brevissimam

2449 1641 2616 1703 horae
2645 1639 2958 1701 morulam
2990 1640 3136 1702 vitae
3163 1655 3486 1720 apponere
3511 1657 3526 1718 3
3563 1639 3726 1716 quid
3751 1641 3831 1697 de
3859 1657 3952 1696 ce-

2451 1741 2602 1800 teris
2629 1739 2898 1798 solliciti
2925 1740 3099 1807 estis,
3132 1737 3427 1799 videlicet
3457 1737 3534 1799 de
3572 1735 3948 1798 necessariis

840 1836 1087 1895 larium
1144 1855 1348 1914 neque
1404 1837 1734 1903 horreum,
1790 1845 1850 1894 et
1905 1838 2075 1896 Deus
2124 1835 2338 1912 pascit
2373 1835 2421 1898 B
2449 1837 2752 1917 corpori?
2801 1843 3101 1917 tanquam
3153 1835 3319 1897 dicat
3364 1853 3378 1896 :
3431 1833 3702 1897 Creatori
3752 1833 3946 1895 talem

838 1934 1005 2002 illos,
1049 1932 1202 2013 quia
1242 1951 1355 2014 per
1399 1932 1683 1994 divinam
1722 1933 2186 2014 providentiam
2231 1949 2340 1994 ne-

836 2031 1109 2092 cessaria
1173 2031 1371 2094 victui
1441 2031 1779 2094 inveniunt
1831 2040 1899 2101 et
1966 2039 2332 2113 procurant.

839 2131 1092 2198 Quanto
1132 2132 1341 2206 mayis
1380 2149 1487 2189 vos
1526 2131 1770 2205 pluris,
1819 2129 1882 2191 id
1932 2139 2027 2193 est
2074 2128 2336 2211 majoris

837 2225 1069 2289 valoris
1110 2244 1221 2288 seu
1267 2226 1613 2307 dignitatis,
1646 2228 1796 2287 estis
1830 2228 1970 2286 illis
2008 2227 2338 2290 irrationa-

835 2324 1006 2386 libus
1058 2325 1385 2399 creaturiS,
1437 2344 1639 2406 quum
1699 2324 1837 2386 sitis
1888 2325 2335 2388 intellectualis

837 2426 1123 2486 naturas?
1164 2421 1325 2503 Ergo
1370 2423 1423 2484 si
1467 2423 1625 2484 Deus
1670 2423 1797 2484 illis
1842 2423 1920 2484 de
1961 2423 2335 2486 necessariis

835 2520 1146 2603 providet,
1200 2521 1392 2582 etiam
1442 2521 1623 2585 vobis
1682 2521 1891 2602 potius
1950 2521 2331 2603 providebit,

834 2619 886 2680 si
933 2619 999 2680 in
1045 2619 1185 2699 ipso
1231 2626 1558 2700 sperantes
1609 2617 1878 2692 fueritiS,
1924 2619 2337 2682 immoderata

834 2717 1263 2780 sollicitudine
1324 2725 1555 2799 spreta.
1608 2716 1742 2780 Non
1801 2725 2011 2779 tamen
2065 2718 2337 2780 discreta

835 2816 1112 2897 provisio
1140 2815 1519 2898 reprobatur,
1538 2815 1689 2897 quia
1718 2823 1781 2877 et
1806 2833 1953 2878 aves
1984 2817 2337 2879 necessaria

833 2923 1153 2995 quaerunt.
1199 2912 1398 2988 Porro,
1441 2914 1793 2976 secundum
1841 2913 2266 2995 Theophilum
2287 2916 2330 2988 *,

834 3012 1131 3094 specialis
1190 3014 1267 3074 de
1326 3012 1533 3076 corvis
1585 3011 1663 3072 sit
1718 3013 1979 3087 mentio,
2031 3013 2331 3094 quoniam
2371 3013 2414 3076 C

835 3111 1045 3192 pullos
1077 3129 1409 3174 corvorum
1442 3109 1605 3172 Deus
1644 3111 1905 3192 speciali
1937 3111 2336 3192 providentia

833 3210 966 3271 alit.
1013 3208 1169 3271 Nam
1218 3209 1391 3270 corvi
1444 3209 1721 3290 pariunt,
1770 3209 1880 3270 sed
1930 3209 2139 3290 pullos
2186 3228 2332 3273 suos

836 3327 960 3370 non
1012 3307 1305 3369 nutriunt
1347 3325 1359 3369 :
1404 3306 1640 3387 quibus
1691 3307 1885 3388 pullis
1936 3307 2097 3371 miro
2145 3310 2333 3372 modo

832 3404 912 3466 ab
946 3422 1091 3466 aere
1126 3404 1429 3486 pabulum
1461 3406 1733 3485 quadam
1773 3423 1925 3466 aura
1963 3406 2224 3468 allatum
2255 3407 2334 3468 ad

833 3521 902 3564 os
947 3503 1255 3584 pervenit,
1290 3503 1461 3583 quod
1504 3502 1749 3564 hiantes
1791 3503 2172 3585 suscipiunt.
2205 3504 2336 3566 Ali-

832 3601 947 3681 qui
998 3619 1255 3682 quoque
1303 3600 1651 3676 affirmant,
1700 3602 1871 3682 quod
1921 3621 2148 3665 corvus
2201 3621 2336 3665 cer-

834 3717 993 3760 nens
1035 3697 1281 3779 pullum
1315 3717 1503 3760 suum
1544 3699 1780 3780 plumis
1818 3699 2163 3774 albescere,
2200 3708 2336 3762 tan-

834 3815 1029 3877 quam
1090 3815 1214 3859 non
1282 3814 1469 3858 suum
1536 3797 1902 3878 relinquit3
1968 3799 2079 3861 sed
2140 3799 2335 3860 alitur

834 3895 1053 3977 pullus
1114 3913 1251 3958 rore
1299 3894 1540 3957 coelesti
1598 3903 1707 3956 aut
1760 3897 2143 3976 quibusdam
2196 3917 2336 3961 ver-

836 3991 1092 4054 miculis
1130 3993 1297 4054 circa
1335 4011 1403 4055 os
1444 4011 1633 4054 suum
1666 3992 2045 4056 volantibus,
2083 3995 2336 4058 Constat

837 4091 1055 4171 itaque
1094 4091 1264 4170 quod
1312 4089 1711 4171 providentia
1748 4090 1857 4151 Dei
1899 4110 2101 4173 usque
2132 4093 2211 4154 ad
2251 4093 2335 4154 ir-

2447 1954 2662 1997 curam
2710 1934 3072 2016 relinquite.
3109 1933 3414 2014 Denique,
3459 1933 3624 1995 sicut
3671 1932 3950 1994 maxima

2444 2052 2639 2115 opera
2675 2033 2925 2107 animae,
2961 2023 3109 2094 sunt
3145 2031 3546 2113 operationes
3579 2030 3810 2092 virium
3851 2030 3952 2092 in-

2443 2130 2930 2204 tellectivarum,
2965 2129 3117 2211 quia
3146 2129 3506 2210 cognitione
3536 2137 3600 2190 et
3637 2129 3949 2191 electione

2447 2237 2793 2311 reguntur3
2838 2248 3065 2310 magna
3109 2247 3259 2292 vero
3302 2229 3508 2311 ipsius
3549 2246 3762 2310 opera,
3797 2234 3952 2289 sunt

2445 2329 2843 2410 operationes
2874 2328 3109 2389 virium
3153 2326 3627 2403 sensitivarum,
3660 2325 3812 2406 quia
3849 2344 3949 2387 co-

2442 2427 2727 2507 gnitione
2775 2434 3120 2506 reguntur3
3164 2425 3430 2487 minima
3470 2442 3640 2498 vero,
3673 2423 3947 2506 operati-

2444 2543 2597 2589 ones
2637 2525 2872 2587 virium
2921 2523 3438 2604 vegetativarum,
3485 2522 3784 2604 quoniam
3839 2541 3946 2584 na-

2446 2624 2632 2685 turali
2687 2622 3058 2684 necessitate
3109 2628 3416 2701 reguntur
3466 2639 3481 2682 :
3533 2620 3627 2682 sic
3667 2620 3944 2682 maxima

2444 2739 2637 2803 opera
2677 2721 2806 2794 Dei,
2851 2727 3000 2782 sunt
3037 2737 3230 2802 opera
3264 2719 3520 2801 gloriae3
3573 2737 3799 2799 magna
3836 2736 3944 2780 ve-

2445 2838 2536 2894 ro,
2570 2827 2722 2881 sunt
2749 2837 2941 2901 opera
2968 2820 3184 2898 gratiae
3208 2837 3225 2897 3
3265 2818 3529 2880 minima
3555 2823 3764 2878 autem
3795 2834 3942 2898 ope-

2445 2936 2515 2979 ra
2556 2925 2818 2979 naturae.

2523 3015 2791 3096 Insuper
2838 3015 3005 3076 idem
3060 3014 3281 3096 probat
3330 3012 3610 3076 Salvator
3658 3012 3944 3075 conside-

2445 3114 2685 3176 ratione
2725 3113 3238 3186 inanimatorum,
3272 3111 3509 3193 quibus
3538 3110 3700 3173 Deus
3732 3128 3941 3172 neees-

2443 3213 2607 3276 saria
2664 3212 2995 3293 providet3
3050 3228 3200 3290 ergo
3265 3218 3329 3272 et
3389 3209 3756 3272 hominihus
3814 3208 3938 3271 sibi

2440 3310 2886 3375 obedientibus
2917 3308 3276 3392 providebit
3305 3308 3444 3370 sine
3473 3325 3686 3372 eorum
3717 3307 3943 3370 sollici-

2442 3410 2664 3473 tudine
2695 3409 3124 3471 immoderata.
3155 3408 3562 3468 Considerate
3593 3407 3738 3466 lilia
3770 3407 3940 3483 αρν-ι’,

2442 3511 2753 3589 quomodo
2782 3516 3097 3576 crescunt,
3127 3506 3266 3568 sine
3305 3505 3570 3566 humani
3609 3504 3818 3566 cultus
3856 3503 3945 3565 la-

2443 3607 2638 3686 bore3
2680 3626 2808 3666 non
2850 3607 3149 3666 laborant
3189 3612 3257 3665 ut
3301 3604 3764 3666 incrementum
3811 3601 3946 3683 ple-

2444 3725 2600 3767 num
2630 3703 2983 3785 acquirant,
3019 3722 3220 3782 neque
3247 3711 3403 3762 nent
3433 3710 3503 3762 ut
3541 3702 3940 3763 decorentur.

2443 3806 2602 3865 Dico
2649 3812 2866 3863 autem
2915 3803 3115 3871 vobiS,
3154 3803 3315 3880 quia
3354 3820 3469 3861 nee
3512 3802 3818 3861 Salomon.
3873 3801 3943 3858 in

2442 3903 2625 3963 omni
2654 3903 2872 3978 yloria
2911 3921 3057 3968 sua,
3090 3899 3153 3961 id
3205 3907 3322 3977 est,
3359 3898 3424 3960 in
3471 3905 3635 3960 statu
3685 3916 3799 3960 suo
3849 3897 3946 3958 in-

2444 4002 2610 4084 clyto
2659 4008 2720 4061 et
2766 3998 3030 4072 famose,
3083 3999 3469 4058 vestiebatur
3514 3998 3680 4058 sicut
3727 4015 3936 4056 unum

2441 4121 2524 4158 ex
2553 4100 2694 4160 istis
2723 4097 2878 4158 liliis
2915 4096 3071 4177 agri,
3107 4095 3171 4157 id
3209 4103 3325 4170 est,
3361 4102 3488 4156 tam
3530 4094 3818 4175 speciose
3845 4113 3946 4156 or-

4082 3415 4156 3468 27

840 4187 1189 4262 rationalia,
1234 4186 1363 4250 imo
1412 4206 1617 4269 usque
1662 4190 1739 4250 ad
1791 4188 2017 4251 infima
2062 4209 2336 4272 quaeque
2366 4199 2415 4262 D
2446 4204 2628 4258 natus
2660 4216 2786 4258 non
2817 4203 2913 4257 est
2942 4194 3226 4257 vestibus
3256 4193 3794 4275 quibuscumque,
3831 4192 3948 4253 sic-

840 4286 1164 4369 pertingit,
1198 4293 1260 4347 et
1291 4285 1589 4349 universa
1629 4286 1919 4349 includit.
1948 4288 2120 4351 Unde
2152 4288 2216 4351 in
2259 4290 2336 4351 li-
2448 4302 2515 4356 ut
2565 4294 2772 4355 lilium
2833 4311 2948 4356 suo
2999 4299 3260 4355 ornatur
3309 4291 3540 4371 colore,
3591 4290 3946 4371 ceterisque

541 4412 809 4466 Jobmv„1‚
840 4385 956 4449 bro
1011 4384 1124 4448 Joh
1185 4384 1453 4446 hahetur
1504 4403 1518 4447 ε
1570 4385 1719 4457 Quis
1780 4394 2089 4467 praeparat
2144 4408 2334 4453 corvo
2444 4393 2681 4475 quibus
2725 4390 3071 4474 superficie
3110 4397 3295 4452 tenus
3334 4391 3686 4453 decoratur.
3719 4387 3949 4460 Quam-

542 4477 613 4520 ⁴¹·
840 4501 1063 4557 escam,
1083 4483 1338 4564 quando
1366 4482 1527 4564 pulli
1558 4482 1697 4563 ejus
1728 4482 2001 4545 clamant
2028 4486 2105 4548 ad
2137 4486 2332 4550 Deum
2445 4492 2540 4554 vis
2572 4491 2745 4553 enim
2774 4510 2875 4553 ars
2907 4490 3192 4553 imitatur
3222 4495 3535 4562 naturam,
3571 4505 3696 4550 non
3733 4495 3944 4550 tamen

840 4584 1183 4663 vagienteS,
1235 4599 1310 4644 eo
1359 4582 1530 4661 quod
1588 4599 1714 4642 non
1774 4581 2046 4644 habeant
2104 4584 2331 4647 cibos?
2445 4598 2652 4672 potest
2689 4589 2925 4670 aequari
2967 4589 3197 4650 eidem.
3229 4586 3357 4648 Nec
3405 4586 3642 4648 mirum
3687 4585 3738 4646 si
3779 4585 3944 4646 Deus

541 4699 806 4750 nmmo.
836 4681 1110 4763 Itemque
1141 4681 1207 4742 in
1233 4678 1641 4751 Psalmotssui
1668 4681 1771 4742 dat
1798 4679 2097 4758 jumentis
2123 4701 2331 4746 escam
2445 4688 2778 4770 pulchrius
2810 4687 3055 4761 vestiat,
3089 4704 3282 4767 quam
3316 4684 3507 4747 homo
3539 4702 3703 4744 unus
3742 4682 3944 4745 alium

838 4781 1147 4862 ipsorum,
1183 4786 1245 4840 et
1280 4777 1474 4859 pullis
1514 4796 1849 4841 corvorum
1889 4779 2331 4844 invocantibus
2443 4793 2634 4866 queat
2682 4786 2936 4849 vestire.
2973 4787 3130 4867 Apte
3179 4799 3438 4866 quoque
3485 4782 3563 4842 de
3611 4779 3944 4844 Salomone

542 4898 805 4950 P=.0m‚27.
837 4897 1021 4958 eum3
1052 4886 1116 4940 et
1156 4896 1392 4953 rursuS,
1427 4875 1648 4938 Omnia
1685 4896 1722 4939 a
1752 4885 1811 4938 te
1850 4889 2232 4960 exspectant,
2265 4890 2333 4942 ut
2445 4883 2520 4946 sit
2548 4885 2809 4958 menti0,
2845 4884 2996 4965 quia
3031 4883 3296 4955 divitiis,
3331 4888 3394 4942 et
3433 4878 3702 4953 deliciis,
3735 4898 3808 4940 ac
3847 4898 3944 4940 sa·
3995 4904 4236 4960 numam,
4268 4913 4269 4926 ÷

837 4976 946 5038 des
992 4974 1117 5036 illis
1162 4992 1367 5037 escam
1415 4975 1478 5035 in
1522 4981 1828 5056 tempore.
2443 4982 2682 5064 pientia
2709 4984 2786 5044 ad
2817 4983 3298 5063 excogitandum
3329 4980 3572 5052 deeora,
3591 4977 3941 5060 plurimum
3967 4981 4025 5010 ¹⁹·

915 5073 1181 5154 Insuper
1226 5071 1486 5134 tertium
1544 5082 1990 5154 argumentum
2048 5076 2327 5140 adducit.
2441 5082 2810 5144 abundavit.

629 5185 703 5240 25
838 5171 992 5242 Quis
1032 5181 1249 5232 autem
1286 5180 1567 5232 vestrum
1605 5175 1943 5250 cogitando
1980 5184 2180 5250 potest
2217 5181 2334 5237 ad·
2522 5182 2628 5250 Si,
2659 5198 2774 5261 pro
2814 5179 2988 5261 quia,
3021 5189 3232 5240 autem
3266 5180 3516 5256 f'oenum
3553 5177 3724 5255 quod
3751 5177 3943 5235 hodie
4074 5184 4152 5238 28

818 5270 1029 5348 jicere
1056 5271 1145 5329 ad
1172 5277 1493 5330 staturam
1530 5290 1716 5331 suam
1751 5274 2039 5334 cubitum
2070 5294 2277 5336 unum
2303 5277 2332 5338 ?
2440 5281 2511 5340 in
2543 5297 2699 5356 ayro
2721 5287 2832 5339 est.
2856 5275 3120 5350 Quidam
3155 5293 3266 5358 per
3295 5275 3543 5339 foenum
3575 5273 3940 5354 intelligunt
