4300 6259
1068 495 1422 544 mannum
1463 494 1528 541 IN
1568 494 1708 542 cu.
1755 493 1888 542 1111
1927 492 2118 542 LUCAE.
2159 515 2241 526 —
2282 495 2425 542 ΛΒΤ.
2470 496 2633 543 nvn

3281 475 3403 544 207

63 681 246 737 epha
223 662 572 731 &Paulus
607 665 812 730 Nolite
859 667 1074 731 locum
1123 667 1273 730 dare
1323 665 1596 728 diabolo.
1627 664 1800 728 Jaco-
1827 663 1881 726 A
1910 667 2311 748 recuperavit
2344 667 2531 729 Judas
2572 667 2849 731 valorem
2889 665 3081 727 effusi
3121 682 3407 746 unguen-

225 763 412 848 b7us
462 783 726 846 quoque
771 765 1097 847 apostolus
1141 783 1154 826 :
1198 764 1512 836 Resistite‚
1561 763 1794 845 inquit,

291 861 569 936 diabolo,
603 871 666 924 et
713 862 915 944 fugiet
951 882 988 924 a
1028 862 1231 926 vobis.
1265 860 1449 925 Omni
1489 880 1638 942 ergo
1683 862 1801 924 im-

287 960 412 1042 piae
461 961 851 1041 cogitationi,
903 961 1232 1024 affectioni
1292 969 1355 1023 et
1409 959 1795 1042 suggestioni

287 1075 610 1140 perversae
663 1059 903 1140 jugiter
957 1067 1152 1141 atquc
1202 1059 1474 1122 viriliter
1528 1058 1798 1121 relucte-

287 1175 459 1229 mur,
493 1156 622 1220 Deo
659 1166 722 1219 et
759 1157 900 1238 ejus
939 1158 1252 1220 mandatis
1295 1176 1370 1220 ac
1417 1157 1800 1219 testimoniis

287 1253 541 1317 fortiter
595 1256 1012 1330 adhaerentes,
1065 1263 1129 1318 et
1179 1255 1498 1337 quidquid
1551 1254 1799 1317 veritati

285 1371 358 1415 ac
401 1353 692 1435 aequitati
737 1354 1128 1417 contrarium
1172 1361 1269 1416 est
1311 1363 1708 1436 respuentes,

129 1457 159 1510 4
370 1453 462 1511 E't
509 1452 700 1521 abiit,
745 1452 978 1513 mentis
1025 1450 1360 1514 aversione
1408 1459 1471 1513 et
1518 1451 1802 1532 corporis

287 1566 541 1628 gressu,
581 1567 620 1610 a
667 1548 916 1611 Christo
964 1549 1323 1631 ceterisque
1371 1549 1710 1630 ApostoliS,
1742 1559 1804 1611 et

292 1650 548 1707 locutus
584 1656 676 1708 est
715 1667 862 1707 cum
895 1647 1313 1725 principibus
1345 1651 1748 1709 sacerdotum
1778 1669 1802 1706 .-

59 1743 534 1824 1fflr.11.quibus
595 1744 903 1826 competit
963 1745 1122 1806 illud
1181 1745 1248 1806 in
1306 1743 1524 1819 Esdra,
1585 1745 1802 1807 Manus

43 805 202 850 Ιαεοόην

291 1960 444 2022 ma3
493 1950 556 2002 et
605 1943 1119 2019 maqistratibus,
1171 1942 1236 2003 id
1294 1949 1390 2004 est
1449 1942 1804 2005 rectoribus

289 2057 362 2101 ac
422 2040 789 2104 senioribus
851 2039 1083 2122 plebis.
1136 2040 1526 2122 Theophilus
1592 2048 1803 2103 autem

289 2155 404 2220 per
453 2139 864 2220 magistratus
925 2138 1226 2220 intelligit
1275 2139 1649 2220 praepositos
1709 2137 1801 2201 fa-

287 2237 486 2300 bricae
519 2236 768 2318 templi,
804 2235 904 2299 vel
935 2254 1042 2300 eos
1083 2255 1245 2318 quos
1276 2236 1538 2300 Romani
1582 2236 1806 2318 praefe-

289 2342 520 2397 cerunt
548 2335 802 2408 Judaeis‚
837 2352 919 2397 ne
956 2351 1024 2396 se
1056 2334 1352 2398 Romanis
1381 2343 1800 2417 opponerent,

291 2433 446 2515 quia
475 2433 765 2496 seditiosi
804 2431 1089 2494 fuerunt.
1129 2436 1709 2503 Quemadmodum,
1739 2432 1805 2495 id

295 2539 390 2592 est
433 2532 782 2613 quomodO,
828 2533 1025 2592 illum
1070 2534 1350 2592 traderet
1389 2534 1502 2591 eis.

132 2646 164 2699 5
392 2632 484 2691 Ec
526 2631 750 2706 quvisi
791 2639 974 2699 sunt,
1025 2629 1284 2692 inventa
1343 2637 1471 2691 tam
1528 2647 1806 2710 congrua

297 2727 636 2791 occasione
702 2727 1286 2809 comprehendendi
1345 2728 1806 2809 occidendique

295 2826 540 2889 Jesum.
573 2825 816 2898 Quibus
865 2826 1172 2907 competit
1217 2827 1391 2907 quod
1439 2826 1506 2889 in
1549 2826 1808 2890 Prover-

42 2925 426 2998 rm.11.u.biis
478 2923 777 2987 Salomon
838 2923 1124 3004 loquitur
1175 2941 1188 2985 :
1239 2922 1559 2986 Laetantur
1605 2942 1807 3005 quum

1910 765 1974 826 ti.
2013 765 2170 827 Hinc
2202 785 2315 848 per
2346 765 2702 827 Zachariam
2738 764 3022 828 Christus
3059 763 3397 845 praedixit:

1908 865 2369 946 Appenderunt
2397 866 2753 926 mercedem
2786 881 2991 926 meam
3021 863 3280 945 triginta
3307 882 3403 924 ar·
3472 877 3543 920 Za
3546 877 3665 920 cm

1907 969 2188 1042 gentem,
2217 962 2515 1024 decorum
2549 961 2824 1043 pretium
2856 980 2985 1042 quo
3012 961 3402 1043 appretiatus
3434 943 3499 992 ¹⁸·
3522 943 3589 984 ¹³·

1911 1079 2050 1120 sum
2092 1059 2170 1121 ab
2222 1061 2335 1121 eis.
2370 1063 2456 1122 E't
2484 1062 2805 1140 quoerebat
2834 1061 3401 1139 opportunitatem,

1913 1157 1974 1219 id
2023 1165 2120 1219 est
2174 1165 2395 1238 aptum
2451 1159 2661 1221 locum
2721 1164 2782 1218 et
2836 1175 3189 1237 congruum
3244 1164 3407 1218 tem-

1914 1274 2056 1336 puS,
2091 1265 2165 1316 ut
2205 1261 2482 1318 traderet
2520 1259 2714 1317 illum
2752 1258 2894 1316 sine
2932 1258 3157 1327 turbis,
3206 1255 3268 1316 id
3311 1262 3408 1316 est

1913 1361 2174 1425 secrete,
2218 1363 2280 1416 et
2325 1362 2611 1436 tempore
2659 1355 2884 1428 noctis,
2916 1355 3171 1436 quando
3222 1351 3405 1414 turba

1913 1470 2039 1514 non
2083 1451 2287 1513 adfuit
2330 1452 2598 1515 Christo,

1993 1549 2082 1611 Ex
2113 1550 2214 1611 his
2255 1558 2443 1631 patet,
2478 1550 2647 1631 quod
2679 1550 3019 1612 maximam
3059 1568 3282 1631 passus
3314 1556 3410 1611 est

1915 1648 2200 1711 Christus
2233 1647 2741 1730 vilipensionem,
2778 1649 2930 1710 dum
2960 1667 2997 1709 a
3027 1647 3285 1730 proprio
3315 1647 3412 1709 di-

1915 1746 2165 1828 scipulo
2205 1765 2321 1828 pro
2358 1754 2483 1807 tam
2527 1745 2637 1808 vili
2678 1745 2971 1808 venditus
3012 1745 3237 1827 pretio,
3271 1745 3411 1827 ipse

293 1843 670 1924 principum
709 1843 836 1905 fuit
874 1844 941 1904 in
981 1843 1481 1924 transgressione
1521 1844 1639 1906 hac
1675 1843 1806 1925 pri·
1838 1843 1886 1904 B
1915 1846 1980 1907 in
2029 1864 2160 1927 quo
2206 1852 2301 1906 cst
2344 1844 2632 1907 omnium
2677 1844 2991 1908 bonorum
3030 1852 3221 1926 atque
3270 1844 3411 1926 pul-

1913 1945 2212 2007 chrorum
2242 1963 2315 2005 ac
2346 1942 2861 2005 desiderabilium
2896 1943 3105 2024 plena,
3131 1942 3412 2025 perfecta

1913 2050 1974 2104 et
2024 2042 2281 2104 infinita
2328 2043 2663 2123 possessio.
2701 2041 2968 2123 Insuper
3018 2041 3411 2124 impietatem

1909 2140 2082 2204 Judae
2129 2139 2449 2203 Christum
2502 2139 2835 2202 vendentis
2883 2147 3260 2220 sequuntur,
3298 2139 3410 2221 qui

1912 2259 2027 2323 pro
2069 2238 2399 2320 temporali
2443 2238 2648 2312 laude,
2685 2237 2863 2300 lucro
2900 2244 3009 2298 aut
3052 2239 3406 2312 commodo,

1907 2337 2222 2418 justitiam
2251 2337 2569 2408 deserunt,
2592 2335 2825 2397 falsum
2856 2335 3295 2398 testimonium
3328 2336 3415 2397 di-

1913 2445 2086 2510 cunt,
2127 2442 2236 2497 aut
2284 2442 2503 2497 contra
2546 2434 2875 2496 veritatem
2925 2433 3197 2496 scienter
3243 2433 3415 2513 judi-

1913 2534 2084 2596 cium
2126 2532 2480 2615 proferunt,
2516 2531 2797 2614 itemque
2841 2531 3266 2594 ecclesiastica
3304 2531 3415 2594 be-
3462 2571 3467 2576 -

1915 2631 2170 2707 nesicia,
2214 2636 2605 2694 sacramenta
2652 2629 2751 2692 vel
2795 2628 3037 2709 judicia
3084 2630 3409 2706 vendunt3

1913 2731 2475 2812 assimilanturque
2522 2730 2614 2791 eis
2654 2729 2733 2789 de
2771 2727 3007 2809 quibus
3056 2727 3121 2789 in
3161 2727 3415 2791 Michaea

1915 2829 2120 2891 fertur
2158 2848 2169 2891 :
2216 2828 2539 2911 Principes
2586 2827 2726 2907 ejus
2774 2827 2839 2888 in
2891 2826 3265 2888 muneribus
3310 2827 3414 2908 ju·
3481 2851 3702 2904 menan,

1917 2928 2231 3002 dicabant,
2286 2935 2347 2988 et
2396 2927 2748 2988 sacerdotes
2806 2923 2947 3005 ejus
2995 2925 3059 2986 in
3120 2927 3413 2988 mercede
3446 2917 3510 2958 ¹¹·

299 3022 766 3096 malefecerint,
811 3029 875 3082 et
911 3021 1233 3083 exsultant
1269 3021 1334 3082 in
1376 3021 1567 3084 rebus
1615 3023 1810 3105 pessi·
1845 3029 1888 3094 C
1917 3026 2246 3099 docebant,
2308 3032 2371 3087 et
2430 3025 2756 3107 prophetae
2811 3023 2951 3103 ejus
3017 3024 3083 3086 in
3144 3025 3416 3106 pecunia

299 3122 447 3184 mis.
481 3123 573 3183 Et
603 3123 788 3198 pacti
823 3129 1002 3190 sunt,
1031 3119 1096 3181 id
1135 3128 1254 3194 est,
1289 3118 1498 3183 foedus
1547 3137 1660 3182 seu
1703 3139 1812 3203 pa-

301 3227 480 3283 ctum
533 3237 680 3281 cum
737 3218 898 3280 Juda
954 3217 1258 3292 inierunt,
1301 3221 1654 3294 pecuniam
1702 3220 1813 3279 illi

137 3329 168 3382 6
299 3322 491 3389 dare,
521 3316 824 3380 videlicet
867 3316 1129 3396 triginta
1173 3323 1526 3398 argenteos,
1567 3319 1648 3378 E't
1672 3337 1812 3395 spo-

291 3419 538 3495 pondit
582 3415 798 3495 sudas,
845 3416 910 3477 id
959 3423 1076 3489 est,
1127 3415 1421 3496 promisit
1464 3416 1639 3496 quod
1688 3423 1812 3477 tra—

302 3515 487 3578 deret
533 3515 628 3576 eis
673 3514 911 3576 Jesum.
945 3513 1068 3574 Alii
1109 3511 1524 3594 Evangelistae
1569 3512 1808 3576 factum

89 3638 238 3684 ιωιι.
303 3613 426 3677 hoc
468 3613 728 3696 plenius
773 3610 1168 3674 describunt.
1201 3611 1464 3693 Nempe,
1500 3619 1569 3673 ut
1617 3610 1812 3673 refert

45 3705 274 3753 ¹¹”¹¹⁴·¹⁵·
301 3711 657 3785 Matthaeus,
693 3710 882 3772 Judas
934 3709 1225 3792 praefatos
1273 3711 1602 3784 accedenS,
1645 3709 1814 3772 dice-

303 3811 413 3872 bat
448 3809 665 3882 :Quid
715 3809 909 3872 vultis
956 3808 1116 3870 mihi
1171 3810 1341 3882 dare,
1391 3816 1452 3870 et
1499 3826 1615 3888 ego
1663 3826 1811 3870 eum

305 3909 492 3972 vobis
535 3908 823 3970 tradam?
855 3906 929 3968 Et
961 3906 1449 3981 constituerunt,
1485 3907 1549 3968 id
1587 3914 1683 3968 est
1713 3907 1814 3968 da-

305 4025 371 4069 re
415 4007 876 4090 promiserunt,
911 4005 969 4067 ei
1013 4005 1274 4085 triginta
1319 4013 1670 4086 argenteOS.
1703 4004 1816 4066 Oc-

304 4106 480 4168 casio
528 4122 792 4186 quoque
839 4122 968 4185 qua
1018 4111 1227 4166 motus
1284 4111 1382 4166 est
1425 4103 1614 4165 Judas
1665 4121 1816 4167 ven-

1875 3179 1882 3186 .
1918 3124 2310 3187 divinabant.

2015 3225 2199 3285 Venit
2237 3231 2449 3283 autem
2484 3223 2623 3280 dies
2650 3223 3079 3298 Azymorum.
3114 3220 3242 3285 Hoc
3282 3241 3419 3286 mo-
3558 3236 3593 3292 ’1

1920 3324 2001 3385 do
2049 3321 2408 3403 expositum
2459 3326 2573 3380 est.
2610 3323 2693 3380 In
2722 3339 2853 3399 qua
2884 3339 3126 3380 necesse
3152 3330 3295 3381 erat
3323 3341 3419 3381 oc-

1917 3422 2054 3480 cidi
2087 3421 2353 3496 pascha,
2384 3417 2447 3478 id
2494 3423 2590 3478 est
2632 3434 2868 3497 agnum
2924 3417 3306 3498 paschalem,
3339 3418 3418 3479 ad

1918 3518 2383 3582 observandum
2435 3515 2591 3596 legis
2651 3523 3037 3596 praeceptum
3089 3515 3154 3575 in
3205 3513 3418 3578 Exodo

1920 3616 2232 3697 scriptum
2267 3633 2280 3676 ε
2323 3613 2434 3695 qui
2474 3631 2673 3694 agnus
2713 3611 2871 3674 feria
2910 3612 3135 3693 quinta
3172 3613 3419 3675 occide-

1920 3714 2105 3776 batur
2133 3732 2207 3775 ac
2236 3711 2548 3787 edebatur,
2570 3718 2632 3772 et
2655 3709 2973 3773 Christum
3005 3709 3275 3792 ejusque
3308 3710 3420 3772 im·

1920 3812 2327 3876 molationem
2366 3817 2429 3872 et
2466 3809 2847 3872 occisionem
2888 3809 3217 3871 evidenter
3258 3828 3417 3892 prae-

1920 3911 2244 3992 figuravit.
2300 3911 2383 3970 Et
2436 3910 2615 3970 misit
2667 3911 2937 3970 Petrum
2993 3917 3053 3968 et
3103 3910 3419 3970 Joannem
3563 3925 3599 3979 8

1921 4011 2145 4092 quinta
2186 4007 2341 4070 seria
2388 4025 2425 4068 a
2466 4005 2762 4068 Bethania
2810 4006 2874 4067 in
2913 4004 3282 4080 Jerusalem,
3319 4009 3421 4067 di-

2188 4109 2430 4168 E'untes
2484 4103 2830 4166 Jerusalem
2891 4121 3134 4178 versus,
3188 4114 3423 4182 parate

3474 3528 3621 3572 Exod-
3639 3543 3709 3573 xu.

1921 4129 2065 4169 Gen-S*
2112 4127 2135 4166 .’

303 4205 458 4266 dere
489 4203 838 4276 Christum,
871 4200 998 4264 fuit
1029 4201 1282 4262 tristitia
1319 4201 1426 4263 illa
1455 4220 1584 4283 qua
1613 4201 1817 4264 doluit
1842 4211 1894 4274 D
1923 4207 2104 4268 nobis
2123 4207 2388 4282 pascha,
2418 4203 2484 4264 id
2524 4209 2619 4265 est
2655 4220 2891 4283 agnum
2932 4202 3315 4283 paschalem,
3350 4213 3424 4264 ut

306 4304 386 4365 de
428 4310 762 4382 unguento
799 4318 994 4383 super
1025 4298 1344 4362 Christum
1383 4299 1592 4363 effuso
1629 4320 1666 4362 a
1697 4299 1818 4362 Ma-

308 4403 403 4464 ria
439 4400 830 4482 magdalene,
865 4400 932 4461 in
971 4417 1152 4462 coena
1190 4399 1354 4461 facta
1393 4399 1457 4460 in
1501 4400 1685 4462 domo
1725 4397 1818 4460 Si-

309 4501 528 4566 monis
588 4498 823 4582 leprosi
883 4498 950 4560 in
1011 4498 1328 4573 Bethania,
1380 4497 1640 4561 sabbato
1698 4498 1814 4560 Ra·

63 4611 284 4668 men,
314 4601 437 4663 mis
483 4598 868 4682 palmarum.
913 4596 1086 4659 Unde
1130 4605 1284 4658 tunc
1339 4596 1500 4658 dixit
1549 4615 1563 4658 ε
1615 4595 1818 4669 Quare

312 4704 720 4780 unguentum
760 4697 930 4758 istud
971 4714 1098 4758 non
1137 4695 1337 4758 veniit
1378 4697 1676 4757 trecentis
1715 4697 1821 4757 de-

309 4798 514 4861 nariis
565 4804 630 4857 et
675 4796 893 4858 datum
941 4801 1036 4857 est
1083 4793 1342 4874 egenis?
1391 4793 1581 4857 Porro
1627 4795 1822 4876 quili-

310 4897 420 4959 bet
478 4895 744 4975 triginta
797 4901 1242 4973 argenteorum
1289 4911 1450 4975 quos
1510 4894 1818 4975 promise·

311 5002 466 5058 runt
526 4992 838 5067 traditori,
900 4992 1100 5054 valuit
1152 4993 1258 5073 (ut
1317 4991 1552 5072 fertur)
1601 4992 1819 5055 decem

313 5111 620 5156 nummos
677 5109 793 5153 seu
839 5091 1130 5153 denarios
1190 5090 1464 5164 usuales,
1517 5091 1602 5152 ita
1651 5092 1822 5172 quod

311 5191 582 5273 triginta
611 5190 892 5272 argentei
925 5189 1264 5250 valuerunt
1293 5196 1605 5252 trecentos
1636 5190 1826 5251 dena-

316 5290 450 5353 rios
493 5289 750 5352 usuales
783 5307 798 5351 :
833 5288 1055 5369 sicque
1093 5286 1160 5349 in
1201 5287 1565 5351 venditione
1595 5287 1824 5351 Christi

1926 4306 2109 4367 illum
2160 4302 2509 4365 secundum
2559 4301 2764 4381 legem
2813 4300 3049 4382 pariter
3083 4303 3426 4362 manduce-

1926 4423 2091 4463 mus.
2134 4399 2419 4462 Christus
2457 4397 2628 4459 enim
2680 4416 2806 4460 non
2847 4398 3021 4460 venit
3060 4397 3264 4478 legem
3303 4399 3427 4462 sol·
3487 4423 3697 4468 mum
3672 4437 3714 4475 v,

1928 4517 2096 4573 vere,
2131 4498 2241 4560 sed
2281 4496 2571 4578 implere.
2606 4495 2891 4559 Christus
2928 4513 3187 4577 quoque
3234 4487 3495 4559 disci-¹·

1929 4598 2113 4680 pulos
2162 4615 2308 4659 suos
2360 4595 2691 4657 consuevit
2736 4594 2987 4657 mittere
3030 4594 3423 4659 combinatos
3468 4619 3535 4662 ια
3536 4631 3577 4663 e.
3627 4623 3701 4672 ‚1.

1930 4704 2190 4778 propter
2232 4701 2471 4756 mutuae
2517 4693 2833 4756 societatis
2882 4693 3199 4767 solatium,
3232 4702 3425 4776 atque

1929 4796 2004 4857 ad
2064 4793 2313 4857 socialis
2365 4791 2509 4854 vitae
2564 4791 3199 4854 commendationem.
3242 4791 3419 4868 Nam,

1932 4902 2000 4956 ut
2046 4893 2342 4955 Salomon
2390 4891 2695 4972 loquitur,
2746 4889 2960 4952 Frater
3005 4891 3118 4972 qui
3166 4891 3425 4971 adjuva-
3463 4913 3717 4968 Pramum,
3826 4950 3835 4960 .

1929 5001 2034 5054 tur
2081 5011 2117 5054 a
2174 4989 2389 5063 fratre,
2442 4989 2624 5071 quasi
2682 4989 2904 5051 civitas
2962 4989 3227 5051 munita.
3282 4989 3426 5053 Por·
3453 4979 3522 5020 ¹⁹·

1933 5111 2022 5164 ro,
2069 5108 2183 5172 per
2222 5107 2400 5150 esum
2440 5088 2585 5168 agni
2626 5087 2939 5169 paschalis
2976 5086 3427 5169 designabatur

1934 5187 2215 5271 sumptio
2244 5186 2470 5250 Christi
2506 5187 2570 5248 in
2602 5186 3002 5249 Sacramento
3030 5185 3278 5267 altaris;
3312 5205 3427 5270 per

1933 5288 2186 5351 Petrum
2235 5303 2406 5361 ver0,
2460 5285 2588 5347 vita
2641 5285 2884 5364 activa3
2936 5303 3051 5367 per
3094 5284 3422 5363 loannem,
