<?xml version="1.0" encoding="UTF-8"?>
<!DOCTYPE html PUBLIC "-//W3C//DTD XHTML 1.0 Transitional//EN"
    "http://www.w3.org/TR/xhtml1/DTD/xhtml1-transitional.dtd">
<html xmlns="http://www.w3.org/1999/xhtml" xml:lang="en" lang="en">
 <head>
  <title>
</title>
<meta http-equiv="Content-Type" content="text/html;charset=utf-8" />
  <meta name='ocr-system' content='tesseract 3.04.00' />
  <meta name='ocr-capabilities' content='ocr_page ocr_carea ocr_par ocr_line ocrx_word'/>
</head>
<body>
  <div class='ocr_page' id='page_1' title='image "./doctorisecstati09unkngoog_0693.png"; bbox 0 0 4300 6259; ppageno 0'>
   <div class='ocr_carea' id='block_1_1' title="bbox 1133 518 2738 568">
    <p class='ocr_par' dir='ltr' id='par_1_1' title="bbox 1133 518 2738 568">
     <span class='ocr_line' id='line_1_1' title="bbox 1133 518 2738 568; baseline 0.001 -1"><span class='ocrx_word' id='word_1_1' title='bbox 1133 519 1486 567; x_wconf 64' lang='lat' dir='ltr'>mannum</span> <span class='ocrx_word' id='word_1_2' title='bbox 1527 519 1592 566; x_wconf 77' lang='lat' dir='ltr'>IN</span> <span class='ocrx_word' id='word_1_3' title='bbox 1633 518 1772 566; x_wconf 79' lang='lat' dir='ltr'>CAP.</span> <span class='ocrx_word' id='word_1_4' title='bbox 1819 519 1904 565; x_wconf 78' lang='lat' dir='ltr'>XX</span> <span class='ocrx_word' id='word_1_5' title='bbox 1943 519 2222 568; x_wconf 73' lang='lat' dir='ltr'>JOANNIS.</span> <span class='ocrx_word' id='word_1_6' title='bbox 2266 538 2346 550; x_wconf 91' lang='lat'>—</span> <span class='ocrx_word' id='word_1_7' title='bbox 2388 519 2529 567; x_wconf 70' lang='grc' dir='ltr'><strong>ΛΒΤ.</strong></span> <span class='ocrx_word' id='word_1_8' title='bbox 2576 521 2738 568; x_wconf 74' lang='lat' dir='ltr'>nvn</span> 
     </span>
    </p>
   </div>
   <div class='ocr_carea' id='block_1_2' title="bbox 3384 4 3953 12">
    <p class='ocr_par' dir='ltr' id='par_1_2' title="bbox 3384 4 3953 12">
     <span class='ocr_line' id='line_1_2' title="bbox 3384 4 3953 12; baseline 0 0"><span class='ocrx_word' id='word_1_9' title='bbox 3384 4 3953 12; x_wconf 95' lang='lat' dir='ltr'> </span> 
     </span>
    </p>
   </div>
   <div class='ocr_carea' id='block_1_3' title="bbox 3356 499 3473 566">
    <p class='ocr_par' dir='ltr' id='par_1_3' title="bbox 3356 499 3473 566">
     <span class='ocr_line' id='line_1_3' title="bbox 3356 499 3473 566; baseline -0.034 0"><span class='ocrx_word' id='word_1_10' title='bbox 3356 499 3473 566; x_wconf 80' lang='lat'>601</span> 
     </span>
    </p>
   </div>
   <div class='ocr_carea' id='block_1_4' title="bbox 367 688 3476 774">
    <p class='ocr_par' dir='ltr' id='par_1_4' title="bbox 367 688 3476 774">
     <span class='ocr_line' id='line_1_4' title="bbox 367 688 3476 774; baseline -0.001 -20"><span class='ocrx_word' id='word_1_11' title='bbox 367 709 458 754; x_wconf 84' lang='lat' dir='ltr'>va</span> <span class='ocrx_word' id='word_1_12' title='bbox 493 709 568 753; x_wconf 89' lang='lat' dir='ltr'>ac</span> <span class='ocrx_word' id='word_1_13' title='bbox 609 691 774 755; x_wconf 89' lang='lat' dir='ltr'>mira</span> <span class='ocrx_word' id='word_1_14' title='bbox 814 693 1157 774; x_wconf 82' lang='lat' dir='ltr'><strong>contigisse</strong></span> <span class='ocrx_word' id='word_1_15' title='bbox 1198 692 1516 767; x_wconf 82' lang='lat' dir='ltr'>audimus,</span> <span class='ocrx_word' id='word_1_16' title='bbox 1558 692 1706 755; x_wconf 89' lang='lat' dir='ltr'>licet</span> <span class='ocrx_word' id='word_1_17' title='bbox 1745 709 1878 753; x_wconf 90' lang='lat' dir='ltr'>cre-</span> <span class='ocrx_word' id='word_1_18' title='bbox 1904 689 1956 752; x_wconf 83' lang='lat' dir='ltr'>A</span> <span class='ocrx_word' id='word_1_19' title='bbox 1984 690 2086 753; x_wconf 89' lang='lat' dir='ltr'>die</span> <span class='ocrx_word' id='word_1_20' title='bbox 2135 692 2615 756; x_wconf 90' lang='lat' dir='ltr'>resurrectionis</span> <span class='ocrx_word' id='word_1_21' title='bbox 2657 711 2815 756; x_wconf 81' lang='lat' dir='ltr'>meae</span> <span class='ocrx_word' id='word_1_22' title='bbox 2857 693 2925 755; x_wconf 92' lang='lat' dir='ltr'>in</span> <span class='ocrx_word' id='word_1_23' title='bbox 2967 692 3291 771; x_wconf 82' lang='lat' dir='ltr'>futurum3</span> <span class='ocrx_word' id='word_1_24' title='bbox 3322 688 3476 751; x_wconf 88' lang='lat' dir='ltr'>Osee</span> 
     </span>
    </p>
   </div>
   <div class='ocr_carea' id='block_1_5' title="bbox 367 790 1875 1071">
    <p class='ocr_par' dir='ltr' id='par_1_5' title="bbox 367 790 1875 1071">
     <span class='ocr_line' id='line_1_5' title="bbox 367 790 1871 868; baseline 0.001 -18"><span class='ocrx_word' id='word_1_25' title='bbox 367 790 604 854; x_wconf 88' lang='lat' dir='ltr'>damus</span> <span class='ocrx_word' id='word_1_26' title='bbox 645 791 738 854; x_wconf 90' lang='lat' dir='ltr'>sic</span> <span class='ocrx_word' id='word_1_27' title='bbox 767 809 929 868; x_wconf 87' lang='lat' dir='ltr'>esse,</span> <span class='ocrx_word' id='word_1_28' title='bbox 965 793 1166 856; x_wconf 88' lang='lat' dir='ltr'>nihilo</span> <span class='ocrx_word' id='word_1_29' title='bbox 1204 792 1418 855; x_wconf 92' lang='lat' dir='ltr'>minus</span> <span class='ocrx_word' id='word_1_30' title='bbox 1455 791 1871 864; x_wconf 78' lang='lat' dir='ltr'>accurrimuS,</span> 
     </span>
     <span class='ocr_line' id='line_1_6' title="bbox 368 886 1871 972; baseline 0.001 -22"><span class='ocrx_word' id='word_1_31' title='bbox 368 886 572 970; x_wconf 88' lang='lat' dir='ltr'>idque</span> <span class='ocrx_word' id='word_1_32' title='bbox 610 892 782 972; x_wconf 91' lang='lat' dir='ltr'>quod</span> <span class='ocrx_word' id='word_1_33' title='bbox 819 899 1068 971; x_wconf 79' lang='lat' dir='ltr'>gestum</span> <span class='ocrx_word' id='word_1_34' title='bbox 1105 901 1200 957; x_wconf 89' lang='lat' dir='ltr'>est</span> <span class='ocrx_word' id='word_1_35' title='bbox 1239 892 1471 954; x_wconf 85' lang='lat' dir='ltr'>intueri</span> <span class='ocrx_word' id='word_1_36' title='bbox 1513 890 1871 971; x_wconf 74' lang='lat' dir='ltr'>satagimus</span> 
     </span>
     <span class='ocr_line' id='line_1_7' title="bbox 373 989 1875 1071; baseline -0.001 -19"><span class='ocrx_word' id='word_1_37' title='bbox 373 993 462 1052; x_wconf 82' lang='lat' dir='ltr'>Et</span> <span class='ocrx_word' id='word_1_38' title='bbox 491 990 666 1052; x_wconf 78' lang='lat' dir='ltr'>vidit</span> <span class='ocrx_word' id='word_1_39' title='bbox 707 993 1095 1054; x_wconf 78' lang='lat' dir='ltr'>linteamina</span> <span class='ocrx_word' id='word_1_40' title='bbox 1127 993 1366 1071; x_wconf 78' lang='lat' dir='ltr'>posita,</span> <span class='ocrx_word' id='word_1_41' title='bbox 1398 991 1463 1053; x_wconf 95' lang='lat' dir='ltr'>id</span> <span class='ocrx_word' id='word_1_42' title='bbox 1501 998 1596 1052; x_wconf 86' lang='lat' dir='ltr'>est</span> <span class='ocrx_word' id='word_1_43' title='bbox 1633 989 1875 1055; x_wconf 90' lang='lat' dir='ltr'>ordina·</span> 
     </span>
    </p>
   </div>
   <div class='ocr_carea' id='block_1_6' title="bbox 173 1088 1879 1268">
    <p class='ocr_par' dir='ltr' id='par_1_6' title="bbox 173 1088 1879 1268">
     <span class='ocr_line' id='line_1_8' title="bbox 370 1088 1879 1172; baseline -0.001 -23"><span class='ocrx_word' id='word_1_44' title='bbox 370 1096 438 1150; x_wconf 88' lang='lat' dir='ltr'>te</span> <span class='ocrx_word' id='word_1_45' title='bbox 487 1088 862 1172; x_wconf 73' lang='lat' dir='ltr'>composita,</span> <span class='ocrx_word' id='word_1_46' title='bbox 903 1090 1442 1172; x_wconf 84' lang='lat' dir='ltr'><strong>quemadmodum</strong></span> <span class='ocrx_word' id='word_1_47' title='bbox 1494 1088 1734 1151; x_wconf 90' lang='lat' dir='ltr'>dictum</span> <span class='ocrx_word' id='word_1_48' title='bbox 1783 1094 1879 1149; x_wconf 90' lang='lat' dir='ltr'>est</span> 
     </span>
     <span class='ocr_line' id='line_1_9' title="bbox 173 1187 1878 1268; baseline -0.002 -18"><span class='ocrx_word' id='word_1_49' title='bbox 173 1187 209 1242; x_wconf 83' lang='lat'><strong>7</strong></span> <span class='ocrx_word' id='word_1_50' title='bbox 373 1188 454 1250; x_wconf 87' lang='lat' dir='ltr'>de</span> <span class='ocrx_word' id='word_1_51' title='bbox 495 1187 755 1262; x_wconf 76' lang='lat' dir='ltr'>Ioanne,</span> <span class='ocrx_word' id='word_1_52' title='bbox 797 1198 858 1248; x_wconf 86' lang='lat' dir='ltr'>et</span> <span class='ocrx_word' id='word_1_53' title='bbox 897 1191 1244 1250; x_wconf 82' lang='lat' dir='ltr'>sudarium</span> <span class='ocrx_word' id='word_1_54' title='bbox 1291 1191 1464 1268; x_wconf 83' lang='lat' dir='ltr'>quod</span> <span class='ocrx_word' id='word_1_55' title='bbox 1508 1189 1730 1266; x_wconf 85' lang='lat' dir='ltr'>fuerat</span> <span class='ocrx_word' id='word_1_56' title='bbox 1769 1207 1878 1247; x_wconf 86' lang='lat' dir='ltr'>su-</span> 
     </span>
    </p>
   </div>
   <div class='ocr_carea' id='block_1_7' title="bbox 361 1286 1876 1861">
    <p class='ocr_par' dir='ltr' id='par_1_7' title="bbox 361 1286 1876 1861">
     <span class='ocr_line' id='line_1_10' title="bbox 361 1286 1874 1366; baseline -0.001 -20"><span class='ocrx_word' id='word_1_57' title='bbox 361 1307 490 1364; x_wconf 81' lang='lat' dir='ltr'>per</span> <span class='ocrx_word' id='word_1_58' title='bbox 527 1297 726 1364; x_wconf 83' lang='lat' dir='ltr'>caput</span> <span class='ocrx_word' id='word_1_59' title='bbox 761 1289 928 1366; x_wconf 80' lang='lat' dir='ltr'>ejus,</span> <span class='ocrx_word' id='word_1_60' title='bbox 969 1287 1214 1349; x_wconf 91' lang='lat' dir='ltr'>scilicet</span> <span class='ocrx_word' id='word_1_61' title='bbox 1261 1286 1515 1359; x_wconf 85' lang='lat' dir='ltr'>Christi,</span> <span class='ocrx_word' id='word_1_62' title='bbox 1559 1307 1688 1348; x_wconf 79' lang='lat' dir='ltr'>non</span> <span class='ocrx_word' id='word_1_63' title='bbox 1726 1306 1874 1346; x_wconf 85' lang='lat' dir='ltr'>cum</span> 
     </span>
     <span class='ocr_line' id='line_1_11' title="bbox 369 1385 1876 1464; baseline 0.001 -20"><span class='ocrx_word' id='word_1_64' title='bbox 369 1387 871 1448; x_wconf 76' lang='lat' dir='ltr'>linteaminibus</span> <span class='ocrx_word' id='word_1_65' title='bbox 901 1389 1215 1464; x_wconf 80' lang='lat' dir='ltr'>positum,</span> <span class='ocrx_word' id='word_1_66' title='bbox 1244 1389 1356 1447; x_wconf 84' lang='lat' dir='ltr'>sed</span> <span class='ocrx_word' id='word_1_67' title='bbox 1381 1387 1736 1462; x_wconf 80' lang='lat' dir='ltr'>separatim</span> <span class='ocrx_word' id='word_1_68' title='bbox 1771 1385 1876 1445; x_wconf 75' lang='lat' dir='ltr'>in-</span> 
     </span>
     <span class='ocr_line' id='line_1_12' title="bbox 369 1483 1872 1556; baseline 0.001 -13"><span class='ocrx_word' id='word_1_69' title='bbox 369 1487 670 1546; x_wconf 83' lang='lat' dir='ltr'>volutum</span> <span class='ocrx_word' id='word_1_70' title='bbox 727 1487 802 1546; x_wconf 79' lang='lat' dir='ltr'>in</span> <span class='ocrx_word' id='word_1_71' title='bbox 863 1506 1072 1547; x_wconf 80' lang='lat' dir='ltr'>unum</span> <span class='ocrx_word' id='word_1_72' title='bbox 1131 1488 1364 1546; x_wconf 85' lang='lat' dir='ltr'>locum.</span> <span class='ocrx_word' id='word_1_73' title='bbox 1427 1483 1603 1556; x_wconf 87' lang='lat' dir='ltr'>Quod</span> <span class='ocrx_word' id='word_1_74' title='bbox 1672 1489 1872 1547; x_wconf 86' lang='lat' dir='ltr'>totum</span> 
     </span>
     <span class='ocr_line' id='line_1_13' title="bbox 367 1581 1874 1666; baseline 0.001 -23"><span class='ocrx_word' id='word_1_75' title='bbox 367 1581 614 1645; x_wconf 79' lang='lat' dir='ltr'>sactum</span> <span class='ocrx_word' id='word_1_76' title='bbox 673 1591 770 1646; x_wconf 89' lang='lat' dir='ltr'>est</span> <span class='ocrx_word' id='word_1_77' title='bbox 826 1583 1242 1666; x_wconf 76' lang='lat' dir='ltr'>dispositione</span> <span class='ocrx_word' id='word_1_78' title='bbox 1299 1583 1534 1652; x_wconf 88' lang='lat' dir='ltr'>divina,</span> <span class='ocrx_word' id='word_1_79' title='bbox 1587 1581 1874 1662; x_wconf 80' lang='lat' dir='ltr'>angelico</span> 
     </span>
     <span class='ocr_line' id='line_1_14' title="bbox 367 1680 1874 1762; baseline -0.002 -19"><span class='ocrx_word' id='word_1_80' title='bbox 367 1680 708 1756; x_wconf 79' lang='lat' dir='ltr'>famulatu,</span> <span class='ocrx_word' id='word_1_81' title='bbox 769 1683 846 1744; x_wconf 90' lang='lat' dir='ltr'>ad</span> <span class='ocrx_word' id='word_1_82' title='bbox 908 1683 1358 1745; x_wconf 88' lang='lat' dir='ltr'>declarandum</span> <span class='ocrx_word' id='word_1_83' title='bbox 1414 1682 1584 1762; x_wconf 91' lang='lat' dir='ltr'>quod</span> <span class='ocrx_word' id='word_1_84' title='bbox 1642 1698 1874 1762; x_wconf 91' lang='lat' dir='ltr'>corpus</span> 
     </span>
     <span class='ocr_line' id='line_1_15' title="bbox 369 1779 1875 1861; baseline -0.002 -19"><span class='ocrx_word' id='word_1_85' title='bbox 369 1779 604 1842; x_wconf 81' lang='lat' dir='ltr'>Christi</span> <span class='ocrx_word' id='word_1_86' title='bbox 648 1800 776 1845; x_wconf 93' lang='lat' dir='ltr'>non</span> <span class='ocrx_word' id='word_1_87' title='bbox 815 1789 982 1843; x_wconf 88' lang='lat' dir='ltr'>esset</span> <span class='ocrx_word' id='word_1_88' title='bbox 1021 1781 1260 1843; x_wconf 78' lang='lat' dir='ltr'>furtive</span> <span class='ocrx_word' id='word_1_89' title='bbox 1295 1781 1374 1842; x_wconf 94' lang='lat' dir='ltr'>ab</span> <span class='ocrx_word' id='word_1_90' title='bbox 1415 1780 1554 1861; x_wconf 86' lang='lat' dir='ltr'>ejus</span> <span class='ocrx_word' id='word_1_91' title='bbox 1595 1779 1875 1860; x_wconf 90' lang='lat' dir='ltr'>discipu-</span> 
     </span>
    </p>
   </div>
   <div class='ocr_carea' id='block_1_8' title="bbox 1980 789 3767 1862">
    <p class='ocr_par' dir='ltr' id='par_1_8' title="bbox 1984 789 3767 954">
     <span class='ocr_line' id='line_1_16' title="bbox 1984 789 3767 874; baseline -0.001 -22"><span class='ocrx_word' id='word_1_92' title='bbox 1984 809 2263 874; x_wconf 90' lang='lat' dir='ltr'>quoque‚</span> <span class='ocrx_word' id='word_1_93' title='bbox 2316 791 2683 854; x_wconf 80' lang='lat' dir='ltr'>vivificabit</span> <span class='ocrx_word' id='word_1_94' title='bbox 2728 812 2843 856; x_wconf 92' lang='lat' dir='ltr'>nos</span> <span class='ocrx_word' id='word_1_95' title='bbox 2903 801 3044 874; x_wconf 92' lang='lat' dir='ltr'>post</span> <span class='ocrx_word' id='word_1_96' title='bbox 3101 793 3258 855; x_wconf 92' lang='lat' dir='ltr'>duos</span> <span class='ocrx_word' id='word_1_97' title='bbox 3314 789 3471 863; x_wconf 82' lang='lat' dir='ltr'>dies,</span> <span class='ocrx_word' id='word_1_98' title='bbox 3505 798 3617 842; x_wconf 74' lang='lat' dir='ltr'>om</span> <span class='ocrx_word' id='word_1_99' title='bbox 3644 812 3700 852; x_wconf 75' lang='lat' dir='ltr'>vr.</span> <span class='ocrx_word' id='word_1_100' title='bbox 3726 802 3767 844; x_wconf 83' lang='lat'>³·</span> 
     </span>
     <span class='ocr_line' id='line_1_17' title="bbox 1985 889 2975 954; baseline 0.002 -4"><span class='ocrx_word' id='word_1_101' title='bbox 1985 889 2049 951; x_wconf 91' lang='lat' dir='ltr'>in</span> <span class='ocrx_word' id='word_1_102' title='bbox 2096 889 2197 951; x_wconf 90' lang='lat' dir='ltr'>die</span> <span class='ocrx_word' id='word_1_103' title='bbox 2239 890 2425 952; x_wconf 89' lang='lat' dir='ltr'>tertia</span> <span class='ocrx_word' id='word_1_104' title='bbox 2467 891 2798 953; x_wconf 83' lang='lat' dir='ltr'>suscitabit</span> <span class='ocrx_word' id='word_1_105' title='bbox 2840 911 2975 954; x_wconf 77' lang='lat' dir='ltr'>nos,</span> 
     </span>
    </p>

    <p class='ocr_par' dir='ltr' id='par_1_9' title="bbox 1980 985 3483 1862">
     <span class='ocr_line' id='line_1_18' title="bbox 2064 985 3479 1070; baseline 0 -21"><span class='ocrx_word' id='word_1_106' title='bbox 2064 987 2237 1050; x_wconf 88' lang='lat' dir='ltr'>Hanc</span> <span class='ocrx_word' id='word_1_107' title='bbox 2286 989 2748 1070; x_wconf 82' lang='lat' dir='ltr'>expositionem</span> <span class='ocrx_word' id='word_1_108' title='bbox 2796 988 3208 1070; x_wconf 81' lang='lat' dir='ltr'>AugustinuS,</span> <span class='ocrx_word' id='word_1_109' title='bbox 3252 985 3479 1066; x_wconf 80' lang='lat' dir='ltr'>Grego-</span> 
     </span>
     <span class='ocr_line' id='line_1_19' title="bbox 1986 1085 3480 1170; baseline -0.001 -22"><span class='ocrx_word' id='word_1_110' title='bbox 1986 1086 2118 1148; x_wconf 85' lang='lat' dir='ltr'>rius</span> <span class='ocrx_word' id='word_1_111' title='bbox 2164 1095 2227 1149; x_wconf 89' lang='lat' dir='ltr'>ct</span> <span class='ocrx_word' id='word_1_112' title='bbox 2267 1086 2431 1149; x_wconf 87' lang='lat' dir='ltr'>Beda</span> <span class='ocrx_word' id='word_1_113' title='bbox 2471 1107 2596 1152; x_wconf 92' lang='lat' dir='ltr'>non</span> <span class='ocrx_word' id='word_1_114' title='bbox 2648 1095 2978 1170; x_wconf 88' lang='lat' dir='ltr'>acceptant</span> <span class='ocrx_word' id='word_1_115' title='bbox 3020 1106 3033 1149; x_wconf 74' lang='grc' dir='ltr'><strong>ε</strong></span> <span class='ocrx_word' id='word_1_116' title='bbox 3079 1088 3249 1149; x_wconf 88' lang='lat' dir='ltr'>unde</span> <span class='ocrx_word' id='word_1_117' title='bbox 3298 1085 3480 1148; x_wconf 91' lang='lat' dir='ltr'>aliter</span> 
     </span>
     <span class='ocr_line' id='line_1_20' title="bbox 1985 1185 3483 1269; baseline 0 -22"><span class='ocrx_word' id='word_1_118' title='bbox 1985 1194 2332 1267; x_wconf 84' lang='lat' dir='ltr'>exponunt.</span> <span class='ocrx_word' id='word_1_119' title='bbox 2367 1186 2563 1259; x_wconf 87' lang='lat' dir='ltr'>Quam</span> <span class='ocrx_word' id='word_1_120' title='bbox 2607 1187 3067 1269; x_wconf 85' lang='lat' dir='ltr'>expositionem</span> <span class='ocrx_word' id='word_1_121' title='bbox 3112 1185 3301 1247; x_wconf 89' lang='lat' dir='ltr'>etiam</span> <span class='ocrx_word' id='word_1_122' title='bbox 3344 1191 3483 1247; x_wconf 87' lang='lat' dir='ltr'>tan-</span> 
     </span>
     <span class='ocr_line' id='line_1_21' title="bbox 1981 1282 3483 1367; baseline -0.001 -22"><span class='ocrx_word' id='word_1_123' title='bbox 1981 1284 2073 1366; x_wconf 84' lang='lat' dir='ltr'>git</span> <span class='ocrx_word' id='word_1_124' title='bbox 2123 1285 2626 1367; x_wconf 79' lang='lat' dir='ltr'>chrysostomus.</span> <span class='ocrx_word' id='word_1_125' title='bbox 2671 1285 2951 1348; x_wconf 79' lang='lat' dir='ltr'>Credidit</span> <span class='ocrx_word' id='word_1_126' title='bbox 2997 1285 3169 1366; x_wconf 82' lang='lat' dir='ltr'>quod</span> <span class='ocrx_word' id='word_1_127' title='bbox 3218 1303 3253 1346; x_wconf 90' lang='lat' dir='ltr'>a</span> <span class='ocrx_word' id='word_1_128' title='bbox 3292 1282 3483 1345; x_wconf 87' lang='lat' dir='ltr'>Maria</span> 
     </span>
     <span class='ocr_line' id='line_1_22' title="bbox 1980 1382 3479 1466; baseline -0.002 -22"><span class='ocrx_word' id='word_1_129' title='bbox 1980 1382 2341 1464; x_wconf 81' lang='lat' dir='ltr'>Magdalene</span> <span class='ocrx_word' id='word_1_130' title='bbox 2384 1384 2649 1458; x_wconf 89' lang='lat' dir='ltr'>audivit,</span> <span class='ocrx_word' id='word_1_131' title='bbox 2686 1384 3003 1458; x_wconf 87' lang='lat' dir='ltr'>videlicet,</span> <span class='ocrx_word' id='word_1_132' title='bbox 3038 1383 3210 1466; x_wconf 89' lang='lat' dir='ltr'>quod</span> <span class='ocrx_word' id='word_1_133' title='bbox 3249 1400 3479 1463; x_wconf 89' lang='lat' dir='ltr'>corpus</span> 
     </span>
     <span class='ocr_line' id='line_1_23' title="bbox 1983 1480 3482 1546; baseline -0.002 -2"><span class='ocrx_word' id='word_1_134' title='bbox 1983 1480 2232 1544; x_wconf 91' lang='lat' dir='ltr'>Domini</span> <span class='ocrx_word' id='word_1_135' title='bbox 2272 1490 2437 1544; x_wconf 91' lang='lat' dir='ltr'>esset</span> <span class='ocrx_word' id='word_1_136' title='bbox 2466 1482 2809 1544; x_wconf 90' lang='lat' dir='ltr'>sublatum.</span> <span class='ocrx_word' id='word_1_137' title='bbox 2842 1483 3081 1546; x_wconf 89' lang='lat' dir='ltr'>ldcirco</span> <span class='ocrx_word' id='word_1_138' title='bbox 3109 1489 3321 1543; x_wconf 91' lang='lat' dir='ltr'>autem</span> <span class='ocrx_word' id='word_1_139' title='bbox 3362 1480 3482 1542; x_wconf 93' lang='lat' dir='ltr'>hoc</span> 
     </span>
     <span class='ocr_line' id='line_1_24' title="bbox 1983 1579 3481 1661; baseline -0.001 -20"><span class='ocrx_word' id='word_1_140' title='bbox 1983 1581 2251 1644; x_wconf 90' lang='lat' dir='ltr'>credidit</span> <span class='ocrx_word' id='word_1_141' title='bbox 2296 1600 2309 1644; x_wconf 91' lang='lat'><strong>:</strong></span> <span class='ocrx_word' id='word_1_142' title='bbox 2359 1583 2641 1644; x_wconf 92' lang='lat' dir='ltr'>nondum</span> <span class='ocrx_word' id='word_1_143' title='bbox 2690 1583 2863 1644; x_wconf 89' lang='lat' dir='ltr'>enim</span> <span class='ocrx_word' id='word_1_144' title='bbox 2912 1582 3151 1644; x_wconf 90' lang='lat' dir='ltr'>sciebat</span> <span class='ocrx_word' id='word_1_145' title='bbox 3198 1579 3481 1661; x_wconf 92' lang='lat' dir='ltr'>Scriptu-</span> 
     </span>
     <span class='ocr_line' id='line_1_25' title="bbox 1983 1679 3481 1762; baseline -0.001 -22"><span class='ocrx_word' id='word_1_146' title='bbox 1983 1698 2104 1753; x_wconf 82' lang='lat' dir='ltr'>raS,</span> <span class='ocrx_word' id='word_1_147' title='bbox 2147 1680 2302 1761; x_wconf 87' lang='lat' dir='ltr'>quia</span> <span class='ocrx_word' id='word_1_148' title='bbox 2338 1688 2660 1762; x_wconf 85' lang='lat' dir='ltr'>oporteret</span> <span class='ocrx_word' id='word_1_149' title='bbox 2695 1699 2841 1742; x_wconf 89' lang='lat' dir='ltr'>eum</span> <span class='ocrx_word' id='word_1_150' title='bbox 2884 1700 2921 1742; x_wconf 92' lang='lat' dir='ltr'>a</span> <span class='ocrx_word' id='word_1_151' title='bbox 2959 1679 3225 1744; x_wconf 88' lang='lat' dir='ltr'>mortuis</span> <span class='ocrx_word' id='word_1_152' title='bbox 3272 1695 3481 1740; x_wconf 88' lang='lat' dir='ltr'>resur·-</span> 
     </span>
     <span class='ocr_line' id='line_1_26' title="bbox 1980 1776 3476 1862; baseline -0.001 -22"><span class='ocrx_word' id='word_1_153' title='bbox 1980 1796 2149 1858; x_wconf 82' lang='lat' dir='ltr'>gere.</span> <span class='ocrx_word' id='word_1_154' title='bbox 2176 1779 2244 1840; x_wconf 93' lang='lat' dir='ltr'>In</span> <span class='ocrx_word' id='word_1_155' title='bbox 2276 1798 2403 1861; x_wconf 92' lang='lat' dir='ltr'>quo</span> <span class='ocrx_word' id='word_1_156' title='bbox 2436 1780 2659 1860; x_wconf 89' lang='lat' dir='ltr'>utique</span> <span class='ocrx_word' id='word_1_157' title='bbox 2691 1788 2860 1862; x_wconf 90' lang='lat' dir='ltr'>patet</span> <span class='ocrx_word' id='word_1_158' title='bbox 2887 1779 3143 1860; x_wconf 82' lang='lat' dir='ltr'>grandis</span> <span class='ocrx_word' id='word_1_159' title='bbox 3176 1776 3476 1859; x_wconf 91' lang='lat' dir='ltr'>discipuli</span> 
     </span>
    </p>
   </div>
   <div class='ocr_carea' id='block_1_9' title="bbox 369 1875 3479 1960">
    <p class='ocr_par' dir='ltr' id='par_1_10' title="bbox 369 1875 3479 1960">
     <span class='ocr_line' id='line_1_27' title="bbox 369 1875 3479 1960; baseline 0.001 -24"><span class='ocrx_word' id='word_1_160' title='bbox 369 1876 450 1937; x_wconf 91' lang='lat' dir='ltr'>lis</span> <span class='ocrx_word' id='word_1_161' title='bbox 497 1877 576 1938; x_wconf 89' lang='lat' dir='ltr'>de</span> <span class='ocrx_word' id='word_1_162' title='bbox 621 1884 1035 1941; x_wconf 88' lang='lat' dir='ltr'>monumento</span> <span class='ocrx_word' id='word_1_163' title='bbox 1083 1877 1425 1952; x_wconf 91' lang='lat' dir='ltr'>sublatum,</span> <span class='ocrx_word' id='word_1_164' title='bbox 1474 1883 1662 1958; x_wconf 92' lang='lat' dir='ltr'>prout</span> <span class='ocrx_word' id='word_1_165' title='bbox 1709 1875 1870 1937; x_wconf 86' lang='lat' dir='ltr'>Deus</span> <span class='ocrx_word' id='word_1_166' title='bbox 1907 1875 1955 1936; x_wconf 92' lang='lat' dir='ltr'><strong>B</strong></span> <span class='ocrx_word' id='word_1_167' title='bbox 1983 1877 2177 1958; x_wconf 89' lang='lat' dir='ltr'>hujus</span> <span class='ocrx_word' id='word_1_168' title='bbox 2228 1877 2627 1960; x_wconf 79' lang='lat' dir='ltr'>simplicitaS,</span> <span class='ocrx_word' id='word_1_169' title='bbox 2673 1879 2784 1960; x_wconf 95' lang='lat' dir='ltr'>qui</span> <span class='ocrx_word' id='word_1_170' title='bbox 2835 1897 2981 1940; x_wconf 91' lang='lat' dir='ltr'>cum</span> <span class='ocrx_word' id='word_1_171' title='bbox 3030 1877 3172 1939; x_wconf 92' lang='lat' dir='ltr'>aliis</span> <span class='ocrx_word' id='word_1_172' title='bbox 3221 1877 3479 1958; x_wconf 87' lang='lat' dir='ltr'>Aposto-</span> 
     </span>
    </p>
   </div>
   <div class='ocr_carea' id='block_1_10' title="bbox 65 1973 1874 3026">
    <p class='ocr_par' dir='ltr' id='par_1_11' title="bbox 65 1973 1874 2352">
     <span class='ocr_line' id='line_1_28' title="bbox 371 1973 1869 2057; baseline 0 -21"><span class='ocrx_word' id='word_1_173' title='bbox 371 1975 552 2039; x_wconf 86' lang='lat' dir='ltr'>novit</span> <span class='ocrx_word' id='word_1_174' title='bbox 578 1975 826 2038; x_wconf 81' lang='lat' dir='ltr'>Judaeos</span> <span class='ocrx_word' id='word_1_175' title='bbox 865 1976 1168 2057; x_wconf 81' lang='lat' dir='ltr'>dicturos.</span> <span class='ocrx_word' id='word_1_176' title='bbox 1203 1975 1508 2057; x_wconf 85' lang='lat' dir='ltr'>Discipuli</span> <span class='ocrx_word' id='word_1_177' title='bbox 1541 1975 1736 2049; x_wconf 90' lang='lat' dir='ltr'>enim,</span> <span class='ocrx_word' id='word_1_178' title='bbox 1771 1973 1869 2036; x_wconf 86' lang='lat' dir='ltr'>vel</span> 
     </span>
     <span class='ocr_line' id='line_1_29' title="bbox 65 2067 1874 2158; baseline -0.001 -22"><span class='ocrx_word' id='word_1_179' title='bbox 65 2067 132 2158; x_wconf 48' lang='lat'>{5-</span> <span class='ocrx_word' id='word_1_180' title='bbox 369 2075 770 2156; x_wconf 85' lang='lat' dir='ltr'>quicumque</span> <span class='ocrx_word' id='word_1_181' title='bbox 818 2074 949 2148; x_wconf 90' lang='lat' dir='ltr'>alii,</span> <span class='ocrx_word' id='word_1_182' title='bbox 995 2075 1140 2139; x_wconf 89' lang='lat' dir='ltr'>totis</span> <span class='ocrx_word' id='word_1_183' title='bbox 1180 2075 1426 2138; x_wconf 88' lang='lat' dir='ltr'>viribus</span> <span class='ocrx_word' id='word_1_184' title='bbox 1467 2073 1874 2136; x_wconf 84' lang='lat' dir='ltr'>festinassent</span> 
     </span>
     <span class='ocr_line' id='line_1_30' title="bbox 369 2172 1874 2255; baseline -0.001 -21"><span class='ocrx_word' id='word_1_185' title='bbox 369 2172 436 2235; x_wconf 93' lang='lat' dir='ltr'>in</span> <span class='ocrx_word' id='word_1_186' title='bbox 471 2172 743 2236; x_wconf 80' lang='lat' dir='ltr'>furando</span> <span class='ocrx_word' id='word_1_187' title='bbox 773 2191 1028 2255; x_wconf 89' lang='lat' dir='ltr'>corpus,</span> <span class='ocrx_word' id='word_1_188' title='bbox 1065 2181 1326 2255; x_wconf 89' lang='lat' dir='ltr'>propter</span> <span class='ocrx_word' id='word_1_189' title='bbox 1355 2173 1688 2236; x_wconf 90' lang='lat' dir='ltr'>custodum</span> <span class='ocrx_word' id='word_1_190' title='bbox 1722 2190 1874 2253; x_wconf 84' lang='lat' dir='ltr'>prae-</span> 
     </span>
     <span class='ocr_line' id='line_1_31' title="bbox 367 2271 1870 2352; baseline -0.001 -20"><span class='ocrx_word' id='word_1_191' title='bbox 367 2271 641 2332; x_wconf 90' lang='lat' dir='ltr'>sentiam</span> <span class='ocrx_word' id='word_1_192' title='bbox 693 2290 707 2334; x_wconf 90' lang='lat'>:</span> <span class='ocrx_word' id='word_1_193' title='bbox 763 2273 932 2334; x_wconf 92' lang='lat' dir='ltr'>unde</span> <span class='ocrx_word' id='word_1_194' title='bbox 988 2290 1114 2335; x_wconf 93' lang='lat' dir='ltr'>non</span> <span class='ocrx_word' id='word_1_195' title='bbox 1165 2277 1581 2352; x_wconf 84' lang='lat' dir='ltr'>occupassent</span> <span class='ocrx_word' id='word_1_196' title='bbox 1629 2288 1696 2332; x_wconf 91' lang='lat' dir='ltr'>se</span> <span class='ocrx_word' id='word_1_197' title='bbox 1745 2277 1870 2332; x_wconf 86' lang='lat' dir='ltr'>tam</span> 
     </span>
    </p>

    <p class='ocr_par' dir='ltr' id='par_1_12' title="bbox 367 2369 1872 2450">
     <span class='ocr_line' id='line_1_32' title="bbox 367 2369 1872 2450; baseline -0.001 -18"><span class='ocrx_word' id='word_1_198' title='bbox 367 2369 480 2432; x_wconf 92' lang='lat' dir='ltr'>diu</span> <span class='ocrx_word' id='word_1_199' title='bbox 530 2376 595 2430; x_wconf 90' lang='lat' dir='ltr'>et</span> <span class='ocrx_word' id='word_1_200' title='bbox 643 2369 892 2432; x_wconf 86' lang='lat' dir='ltr'>curiose</span> <span class='ocrx_word' id='word_1_201' title='bbox 953 2370 1016 2431; x_wconf 94' lang='lat' dir='ltr'>in</span> <span class='ocrx_word' id='word_1_202' title='bbox 1073 2370 1458 2433; x_wconf 87' lang='lat' dir='ltr'>removendo</span> <span class='ocrx_word' id='word_1_203' title='bbox 1505 2377 1568 2430; x_wconf 89' lang='lat' dir='ltr'>et</span> <span class='ocrx_word' id='word_1_204' title='bbox 1617 2387 1872 2450; x_wconf 91' lang='lat' dir='ltr'>compo-</span> 
     </span>
    </p>

    <p class='ocr_par' dir='ltr' id='par_1_13' title="bbox 370 2468 1868 2550">
     <span class='ocr_line' id='line_1_33' title="bbox 370 2468 1868 2550; baseline -0.001 -20"><span class='ocrx_word' id='word_1_205' title='bbox 370 2469 582 2533; x_wconf 90' lang='lat' dir='ltr'>nendo</span> <span class='ocrx_word' id='word_1_206' title='bbox 622 2469 850 2532; x_wconf 89' lang='lat' dir='ltr'>linteos</span> <span class='ocrx_word' id='word_1_207' title='bbox 888 2469 1127 2550; x_wconf 90' lang='lat' dir='ltr'>quibus</span> <span class='ocrx_word' id='word_1_208' title='bbox 1170 2469 1433 2550; x_wconf 82' lang='lat' dir='ltr'>ligatum</span> <span class='ocrx_word' id='word_1_209' title='bbox 1478 2468 1600 2530; x_wconf 80' lang='lat' dir='ltr'>fuit</span> <span class='ocrx_word' id='word_1_210' title='bbox 1639 2487 1868 2549; x_wconf 89' lang='lat' dir='ltr'>corpus</span> 
     </span>
    </p>

    <p class='ocr_par' dir='ltr' id='par_1_14' title="bbox 179 2567 1872 3026">
     <span class='ocr_line' id='line_1_34' title="bbox 179 2567 1872 2645; baseline -0.002 -14"><span class='ocrx_word' id='word_1_211' title='bbox 179 2569 218 2623; x_wconf 87' lang='lat'>8</span> <span class='ocrx_word' id='word_1_212' title='bbox 369 2567 791 2631; x_wconf 91' lang='lat' dir='ltr'>dominicum.</span> <span class='ocrx_word' id='word_1_213' title='bbox 835 2571 1012 2629; x_wconf 83' lang='lat' dir='ltr'>Tunc</span> <span class='ocrx_word' id='word_1_214' title='bbox 1057 2587 1204 2645; x_wconf 70' lang='lat' dir='ltr'>erqo</span> <span class='ocrx_word' id='word_1_215' title='bbox 1253 2569 1558 2628; x_wconf 77' lang='lat' dir='ltr'>introivit</span> <span class='ocrx_word' id='word_1_216' title='bbox 1606 2567 1872 2629; x_wconf 91' lang='lat' dir='ltr'>domun-</span> 
     </span>
     <span class='ocr_line' id='line_1_35' title="bbox 367 2665 1872 2745; baseline -0.002 -17"><span class='ocrx_word' id='word_1_217' title='bbox 367 2667 580 2729; x_wconf 80' lang='lat' dir='ltr'>culam</span> <span class='ocrx_word' id='word_1_218' title='bbox 623 2665 853 2728; x_wconf 89' lang='lat' dir='ltr'>tumuli</span> <span class='ocrx_word' id='word_1_219' title='bbox 891 2675 950 2726; x_wconf 86' lang='lat' dir='ltr'>et</span> <span class='ocrx_word' id='word_1_220' title='bbox 981 2668 1095 2726; x_wconf 83' lang='lat' dir='ltr'>itte</span> <span class='ocrx_word' id='word_1_221' title='bbox 1131 2667 1494 2742; x_wconf 80' lang='lat' dir='ltr'>discipulus</span> <span class='ocrx_word' id='word_1_222' title='bbox 1532 2666 1650 2745; x_wconf 82' lang='lat' dir='ltr'>qui</span> <span class='ocrx_word' id='word_1_223' title='bbox 1689 2685 1872 2725; x_wconf 79' lang='lat' dir='ltr'>vene-</span> 
     </span>
     <span class='ocr_line' id='line_1_36' title="bbox 363 2763 1868 2843; baseline 0 -19"><span class='ocrx_word' id='word_1_224' title='bbox 363 2777 474 2826; x_wconf 84' lang='lat' dir='ltr'>rat</span> <span class='ocrx_word' id='word_1_225' title='bbox 525 2768 789 2843; x_wconf 81' lang='lat' dir='ltr'>primus</span> <span class='ocrx_word' id='word_1_226' title='bbox 846 2768 933 2826; x_wconf 87' lang='lat' dir='ltr'>ad</span> <span class='ocrx_word' id='word_1_227' title='bbox 992 2774 1504 2834; x_wconf 79' lang='lat' dir='ltr'>monumentum,</span> <span class='ocrx_word' id='word_1_228' title='bbox 1554 2763 1868 2825; x_wconf 88' lang='lat' dir='ltr'>animatus</span> 
     </span>
     <span class='ocr_line' id='line_1_37' title="bbox 361 2861 1866 2948; baseline -0.002 -22"><span class='ocrx_word' id='word_1_229' title='bbox 361 2864 660 2948; x_wconf 85' lang='lat' dir='ltr'>exemplo</span> <span class='ocrx_word' id='word_1_230' title='bbox 707 2863 893 2938; x_wconf 88' lang='lat' dir='ltr'>Petri,</span> <span class='ocrx_word' id='word_1_231' title='bbox 938 2869 1000 2924; x_wconf 90' lang='lat' dir='ltr'>et</span> <span class='ocrx_word' id='word_1_232' title='bbox 1048 2861 1452 2925; x_wconf 84' lang='lat' dir='ltr'>conformans</span> <span class='ocrx_word' id='word_1_233' title='bbox 1501 2879 1568 2924; x_wconf 91' lang='lat' dir='ltr'>se</span> <span class='ocrx_word' id='word_1_234' title='bbox 1617 2861 1866 2942; x_wconf 87' lang='lat' dir='ltr'>maj0ri.</span> 
     </span>
     <span class='ocr_line' id='line_1_38' title="bbox 359 2960 1870 3026; baseline -0.003 -2"><span class='ocrx_word' id='word_1_235' title='bbox 359 2962 632 3026; x_wconf 80' lang='lat' dir='ltr'>Inferior</span> <span class='ocrx_word' id='word_1_236' title='bbox 689 2962 862 3024; x_wconf 88' lang='lat' dir='ltr'>enim</span> <span class='ocrx_word' id='word_1_237' title='bbox 921 2960 1109 3023; x_wconf 82' lang='lat' dir='ltr'>facile</span> <span class='ocrx_word' id='word_1_238' title='bbox 1165 2960 1450 3022; x_wconf 88' lang='lat' dir='ltr'>imitatur</span> <span class='ocrx_word' id='word_1_239' title='bbox 1497 2967 1707 3022; x_wconf 87' lang='lat' dir='ltr'>actum</span> <span class='ocrx_word' id='word_1_240' title='bbox 1767 2979 1870 3022; x_wconf 89' lang='lat' dir='ltr'>su-</span> 
     </span>
    </p>
   </div>
   <div class='ocr_carea' id='block_1_11' title="bbox 1978 1974 3769 2946">
    <p class='ocr_par' dir='ltr' id='par_1_15' title="bbox 1981 1974 3769 2452">
     <span class='ocr_line' id='line_1_39' title="bbox 1982 1974 3476 2058; baseline -0.001 -21"><span class='ocrx_word' id='word_1_241' title='bbox 1982 1976 2060 2038; x_wconf 92' lang='lat' dir='ltr'>lis</span> <span class='ocrx_word' id='word_1_242' title='bbox 2093 1983 2218 2038; x_wconf 90' lang='lat' dir='ltr'>tam</span> <span class='ocrx_word' id='word_1_243' title='bbox 2259 1976 2627 2058; x_wconf 79' lang='lat' dir='ltr'>frequenter</span> <span class='ocrx_word' id='word_1_244' title='bbox 2664 1977 2909 2039; x_wconf 88' lang='lat' dir='ltr'>audivit</span> <span class='ocrx_word' id='word_1_245' title='bbox 2937 1995 2973 2039; x_wconf 90' lang='lat' dir='ltr'>a</span> <span class='ocrx_word' id='word_1_246' title='bbox 3003 1976 3271 2050; x_wconf 87' lang='lat' dir='ltr'>Christo,</span> <span class='ocrx_word' id='word_1_247' title='bbox 3303 1974 3476 2057; x_wconf 88' lang='lat' dir='ltr'>quod</span> 
     </span>
     <span class='ocr_line' id='line_1_40' title="bbox 1982 2073 3765 2156; baseline -0.005 -19"><span class='ocrx_word' id='word_1_248' title='bbox 1982 2083 2577 2138; x_wconf 84' lang='lat' dir='ltr'>consummarentur</span> <span class='ocrx_word' id='word_1_249' title='bbox 2622 2074 2753 2156; x_wconf 89' lang='lat' dir='ltr'>jam</span> <span class='ocrx_word' id='word_1_250' title='bbox 2798 2075 3013 2140; x_wconf 81' lang='lat' dir='ltr'>&#39;omnia</span> <span class='ocrx_word' id='word_1_251' title='bbox 3053 2093 3197 2156; x_wconf 81' lang='lat' dir='ltr'>quae</span> <span class='ocrx_word' id='word_1_252' title='bbox 3242 2073 3478 2155; x_wconf 87' lang='lat' dir='ltr'>scripta</span> <span class='ocrx_word' id='word_1_253' title='bbox 3522 2078 3765 2128; x_wconf 70' lang='lat' dir='ltr'>Luc-xvm.</span> 
     </span>
     <span class='ocr_line' id='line_1_41' title="bbox 1981 2143 3769 2256; baseline -0.001 -22"><span class='ocrx_word' id='word_1_254' title='bbox 1981 2181 2161 2235; x_wconf 73' lang='lat' dir='ltr'>erant</span> <span class='ocrx_word' id='word_1_255' title='bbox 2211 2175 2287 2236; x_wconf 76' lang='lat' dir='ltr'>de</span> <span class='ocrx_word' id='word_1_256' title='bbox 2343 2174 2503 2238; x_wconf 76' lang='lat' dir='ltr'>Filio</span> <span class='ocrx_word' id='word_1_257' title='bbox 2567 2174 2866 2250; x_wconf 79' lang='lat' dir='ltr'>hominis,</span> <span class='ocrx_word' id='word_1_258' title='bbox 2928 2174 3081 2256; x_wconf 86' lang='lat' dir='ltr'>quia</span> <span class='ocrx_word' id='word_1_259' title='bbox 3136 2172 3475 2235; x_wconf 80' lang='lat' dir='ltr'>tradendus</span> <span class='ocrx_word' id='word_1_260' title='bbox 3504 2143 3769 2254; x_wconf 45' lang='lat'>3332„</span> 
     </span>
     <span class='ocr_line' id='line_1_42' title="bbox 1981 2269 3662 2353; baseline -0.002 -19"><span class='ocrx_word' id='word_1_261' title='bbox 1981 2279 2146 2334; x_wconf 85' lang='lat' dir='ltr'>esset</span> <span class='ocrx_word' id='word_1_262' title='bbox 2201 2273 2498 2353; x_wconf 83' lang='lat' dir='ltr'>gentibus</span> <span class='ocrx_word' id='word_1_263' title='bbox 2547 2274 2627 2335; x_wconf 91' lang='lat' dir='ltr'>ad</span> <span class='ocrx_word' id='word_1_264' title='bbox 2686 2273 3107 2347; x_wconf 77' lang='lat' dir='ltr'>illudendum,</span> <span class='ocrx_word' id='word_1_265' title='bbox 3158 2269 3477 2352; x_wconf 81' lang='lat' dir='ltr'>flagellan-</span> <span class='ocrx_word' id='word_1_266' title='bbox 3508 2269 3662 2318; x_wconf 68' lang='lat'><strong>&#39;⁸0¹⁰-</strong></span> 
     </span>
     <span class='ocr_line' id='line_1_43' title="bbox 1983 2370 3477 2452; baseline -0.002 -19"><span class='ocrx_word' id='word_1_267' title='bbox 1983 2372 2158 2445; x_wconf 90' lang='lat' dir='ltr'>dum,</span> <span class='ocrx_word' id='word_1_268' title='bbox 2204 2370 2734 2452; x_wconf 82' lang='lat' dir='ltr'>crucifigendum,</span> <span class='ocrx_word' id='word_1_269' title='bbox 2775 2379 2837 2433; x_wconf 90' lang='lat' dir='ltr'>et</span> <span class='ocrx_word' id='word_1_270' title='bbox 2885 2371 3069 2433; x_wconf 89' lang='lat' dir='ltr'>tertia</span> <span class='ocrx_word' id='word_1_271' title='bbox 3117 2371 3219 2433; x_wconf 90' lang='lat' dir='ltr'>die</span> <span class='ocrx_word' id='word_1_272' title='bbox 3268 2387 3477 2431; x_wconf 89' lang='lat' dir='ltr'>resur-</span> 
     </span>
    </p>

    <p class='ocr_par' dir='ltr' id='par_1_16' title="bbox 1978 2468 3729 2749">
     <span class='ocr_line' id='line_1_44' title="bbox 1978 2468 3729 2552; baseline -0.005 -21"><span class='ocrx_word' id='word_1_273' title='bbox 1978 2477 2175 2551; x_wconf 84' lang='lat' dir='ltr'>geret.</span> <span class='ocrx_word' id='word_1_274' title='bbox 2201 2470 2269 2531; x_wconf 93' lang='lat' dir='ltr'>ln</span> <span class='ocrx_word' id='word_1_275' title='bbox 2302 2469 2489 2534; x_wconf 90' lang='lat' dir='ltr'>Coena</span> <span class='ocrx_word' id='word_1_276' title='bbox 2520 2489 2777 2552; x_wconf 91' lang='lat' dir='ltr'>quoque</span> <span class='ocrx_word' id='word_1_277' title='bbox 2806 2470 3112 2532; x_wconf 89' lang='lat' dir='ltr'>asseruit:</span> <span class='ocrx_word' id='word_1_278' title='bbox 3139 2468 3475 2550; x_wconf 90' lang='lat' dir='ltr'>Postquam</span> <span class='ocrx_word' id='word_1_279' title='bbox 3560 2480 3729 2526; x_wconf 61' lang='lat' dir='ltr'>Monta</span> 
     </span>
     <span class='ocr_line' id='line_1_45' title="bbox 1983 2546 3727 2650; baseline -0.002 -20"><span class='ocrx_word' id='word_1_280' title='bbox 1983 2586 2407 2642; x_wconf 86' lang='lat' dir='ltr'>resurrexero,</span> <span class='ocrx_word' id='word_1_281' title='bbox 2460 2570 2809 2650; x_wconf 83' lang='lat' dir='ltr'>praecedam</span> <span class='ocrx_word' id='word_1_282' title='bbox 2857 2587 2966 2632; x_wconf 84' lang='lat' dir='ltr'>vos</span> <span class='ocrx_word' id='word_1_283' title='bbox 3017 2568 3082 2630; x_wconf 91' lang='lat' dir='ltr'>in</span> <span class='ocrx_word' id='word_1_284' title='bbox 3132 2566 3470 2630; x_wconf 81' lang='lat' dir='ltr'>Galilaeam.</span> <span class='ocrx_word' id='word_1_285' title='bbox 3506 2560 3619 2594; x_wconf 65' lang='grc' dir='ltr'>ω’*</span> <span class='ocrx_word' id='word_1_286' title='bbox 3656 2546 3727 2586; x_wconf 72' lang='lat'>⁸²·</span> 
     </span>
     <span class='ocr_line' id='line_1_46' title="bbox 1980 2666 3477 2749; baseline -0.002 -21"><span class='ocrx_word' id='word_1_287' title='bbox 1980 2666 2056 2728; x_wconf 90' lang='lat' dir='ltr'>Ut</span> <span class='ocrx_word' id='word_1_288' title='bbox 2085 2667 2258 2729; x_wconf 91' lang='lat' dir='ltr'>enim</span> <span class='ocrx_word' id='word_1_289' title='bbox 2290 2667 2660 2748; x_wconf 79' lang='lat' dir='ltr'>frequenter</span> <span class='ocrx_word' id='word_1_290' title='bbox 2701 2675 3069 2749; x_wconf 82' lang='lat' dir='ltr'>praetactum</span> <span class='ocrx_word' id='word_1_291' title='bbox 3100 2674 3215 2739; x_wconf 91' lang='lat' dir='ltr'>est,</span> <span class='ocrx_word' id='word_1_292' title='bbox 3251 2682 3477 2745; x_wconf 86' lang='lat' dir='ltr'>magna</span> 
     </span>
    </p>

    <p class='ocr_par' dir='ltr' id='par_1_17' title="bbox 1981 2763 3477 2847">
     <span class='ocr_line' id='line_1_47' title="bbox 1981 2763 3477 2847; baseline -0.001 -21"><span class='ocrx_word' id='word_1_293' title='bbox 1981 2773 2113 2827; x_wconf 87' lang='lat' dir='ltr'>erat</span> <span class='ocrx_word' id='word_1_294' title='bbox 2152 2765 2597 2847; x_wconf 89' lang='lat' dir='ltr'>Apostolorum</span> <span class='ocrx_word' id='word_1_295' title='bbox 2651 2765 2968 2828; x_wconf 87' lang='lat' dir='ltr'>hebetudo</span> <span class='ocrx_word' id='word_1_296' title='bbox 3012 2773 3075 2827; x_wconf 89' lang='lat' dir='ltr'>et</span> <span class='ocrx_word' id='word_1_297' title='bbox 3124 2763 3477 2845; x_wconf 83' lang='lat' dir='ltr'>ignorantia</span> 
     </span>
    </p>

    <p class='ocr_par' dir='ltr' id='par_1_18' title="bbox 1979 2861 3481 2946">
     <span class='ocr_line' id='line_1_48' title="bbox 1979 2861 3481 2946; baseline -0.002 -20"><span class='ocrx_word' id='word_1_298' title='bbox 1979 2871 2125 2926; x_wconf 90' lang='lat' dir='ltr'>ante</span> <span class='ocrx_word' id='word_1_299' title='bbox 2156 2863 2430 2946; x_wconf 91' lang='lat' dir='ltr'>Spiritus</span> <span class='ocrx_word' id='word_1_300' title='bbox 2461 2864 2671 2927; x_wconf 86' lang='lat' dir='ltr'>Sancti</span> <span class='ocrx_word' id='word_1_301' title='bbox 2712 2864 3221 2926; x_wconf 88' lang='lat' dir='ltr'>illustrationem.</span> <span class='ocrx_word' id='word_1_302' title='bbox 3254 2861 3481 2935; x_wconf 88' lang='lat' dir='ltr'>Quam-</span> 
     </span>
    </p>
   </div>
   <div class='ocr_carea' id='block_1_12' title="bbox 1981 2958 3481 3045">
    <p class='ocr_par' dir='ltr' id='par_1_19' title="bbox 1981 2958 3481 3045">
     <span class='ocr_line' id='line_1_49' title="bbox 1981 2958 3481 3045; baseline -0.001 -20"><span class='ocrx_word' id='word_1_303' title='bbox 1981 2963 2078 3025; x_wconf 88' lang='lat' dir='ltr'>vis</span> <span class='ocrx_word' id='word_1_304' title='bbox 2110 2974 2260 3044; x_wconf 86' lang='lat' dir='ltr'>ergo</span> <span class='ocrx_word' id='word_1_305' title='bbox 2293 2981 2696 3044; x_wconf 88' lang='lat' dir='ltr'>nequaquam</span> <span class='ocrx_word' id='word_1_306' title='bbox 2732 2962 3095 3045; x_wconf 79' lang='lat' dir='ltr'>putaverint</span> <span class='ocrx_word' id='word_1_307' title='bbox 3121 2961 3334 3024; x_wconf 84' lang='lat' dir='ltr'>Jesum</span> <span class='ocrx_word' id='word_1_308' title='bbox 3366 2958 3481 3023; x_wconf 84' lang='lat' dir='ltr'>fal-</span> 
     </span>
    </p>
   </div>
   <div class='ocr_carea' id='block_1_13' title="bbox 361 3057 3480 3143">
    <p class='ocr_par' dir='ltr' id='par_1_20' title="bbox 361 3057 3480 3143">
     <span class='ocr_line' id='line_1_50' title="bbox 361 3057 3480 3143; baseline -0 -21"><span class='ocrx_word' id='word_1_309' title='bbox 361 3061 668 3143; x_wconf 89' lang='lat' dir='ltr'>perioris;</span> <span class='ocrx_word' id='word_1_310' title='bbox 703 3079 870 3122; x_wconf 91' lang='lat' dir='ltr'>unus</span> <span class='ocrx_word' id='word_1_311' title='bbox 909 3077 1169 3142; x_wconf 91' lang='lat' dir='ltr'>quoque</span> <span class='ocrx_word' id='word_1_312' title='bbox 1207 3059 1559 3123; x_wconf 91' lang='lat' dir='ltr'>amicorum</span> <span class='ocrx_word' id='word_1_313' title='bbox 1598 3065 1660 3120; x_wconf 89' lang='lat' dir='ltr'>et</span> <span class='ocrx_word' id='word_1_314' title='bbox 1694 3057 1871 3120; x_wconf 84' lang='lat' dir='ltr'>fami·</span> <span class='ocrx_word' id='word_1_315' title='bbox 1907 3057 1952 3123; x_wconf 89' lang='lat' dir='ltr'>C</span> <span class='ocrx_word' id='word_1_316' title='bbox 1983 3081 2050 3123; x_wconf 90' lang='lat' dir='ltr'>sa</span> <span class='ocrx_word' id='word_1_317' title='bbox 2098 3061 2357 3137; x_wconf 89' lang='lat' dir='ltr'>dixisse,</span> <span class='ocrx_word' id='word_1_318' title='bbox 2404 3079 2527 3124; x_wconf 92' lang='lat' dir='ltr'>non</span> <span class='ocrx_word' id='word_1_319' title='bbox 2582 3069 2789 3123; x_wconf 86' lang='lat' dir='ltr'>tamen</span> <span class='ocrx_word' id='word_1_320' title='bbox 2836 3062 3241 3123; x_wconf 82' lang='lat' dir='ltr'>attenderunt</span> <span class='ocrx_word' id='word_1_321' title='bbox 3288 3059 3480 3123; x_wconf 85' lang='lat' dir='ltr'>verba</span> 
     </span>
    </p>
   </div>
   <div class='ocr_carea' id='block_1_14' title="bbox 180 3157 1870 4225">
    <p class='ocr_par' dir='ltr' id='par_1_21' title="bbox 361 3157 1870 3530">
     <span class='ocr_line' id='line_1_51' title="bbox 361 3157 1870 3240; baseline -0.001 -19"><span class='ocrx_word' id='word_1_322' title='bbox 361 3159 644 3233; x_wconf 88' lang='lat' dir='ltr'>liarium,</span> <span class='ocrx_word' id='word_1_323' title='bbox 690 3159 890 3220; x_wconf 91' lang='lat' dir='ltr'>alium</span> <span class='ocrx_word' id='word_1_324' title='bbox 935 3159 1000 3221; x_wconf 92' lang='lat' dir='ltr'>in</span> <span class='ocrx_word' id='word_1_325' title='bbox 1047 3159 1182 3220; x_wconf 91' lang='lat' dir='ltr'>suis</span> <span class='ocrx_word' id='word_1_326' title='bbox 1224 3157 1528 3240; x_wconf 90' lang='lat' dir='ltr'>operibus</span> <span class='ocrx_word' id='word_1_327' title='bbox 1578 3157 1870 3239; x_wconf 91' lang='lat' dir='ltr'>sequitur</span> 
     </span>
     <span class='ocr_line' id='line_1_52' title="bbox 363 3256 1870 3338; baseline -0.001 -18"><span class='ocrx_word' id='word_1_328' title='bbox 363 3258 660 3321; x_wconf 89' lang='lat' dir='ltr'>celeriter</span> <span class='ocrx_word' id='word_1_329' title='bbox 708 3265 770 3319; x_wconf 89' lang='lat' dir='ltr'>et</span> <span class='ocrx_word' id='word_1_330' title='bbox 817 3256 1208 3338; x_wconf 87' lang='lat' dir='ltr'>frequenter.</span> <span class='ocrx_word' id='word_1_331' title='bbox 1245 3260 1328 3318; x_wconf 83' lang='lat' dir='ltr'>Et</span> <span class='ocrx_word' id='word_1_332' title='bbox 1371 3257 1540 3317; x_wconf 78' lang='lat' dir='ltr'>vidit</span> <span class='ocrx_word' id='word_1_333' title='bbox 1588 3274 1732 3337; x_wconf 79' lang='lat' dir='ltr'>quae</span> <span class='ocrx_word' id='word_1_334' title='bbox 1782 3256 1870 3318; x_wconf 94' lang='lat' dir='ltr'>di-</span> 
     </span>
     <span class='ocr_line' id='line_1_53' title="bbox 363 3354 1868 3438; baseline -0.001 -20"><span class='ocrx_word' id='word_1_335' title='bbox 363 3364 466 3418; x_wconf 87' lang='lat' dir='ltr'>cta</span> <span class='ocrx_word' id='word_1_336' title='bbox 513 3363 664 3418; x_wconf 89' lang='lat' dir='ltr'>sunt</span> <span class='ocrx_word' id='word_1_337' title='bbox 707 3357 787 3418; x_wconf 89' lang='lat' dir='ltr'>de</span> <span class='ocrx_word' id='word_1_338' title='bbox 829 3355 1144 3438; x_wconf 89' lang='lat' dir='ltr'>positione</span> <span class='ocrx_word' id='word_1_339' title='bbox 1183 3354 1628 3416; x_wconf 89' lang='lat' dir='ltr'>linteaminum</span> <span class='ocrx_word' id='word_1_340' title='bbox 1676 3363 1868 3436; x_wconf 89' lang='lat' dir='ltr'>atque</span> 
     </span>
     <span class='ocr_line' id='line_1_54' title="bbox 365 3454 1065 3530; baseline -0.004 -13"><span class='ocrx_word' id='word_1_341' title='bbox 365 3454 631 3530; x_wconf 87' lang='lat' dir='ltr'>sudarii,</span> <span class='ocrx_word' id='word_1_342' title='bbox 663 3464 723 3516; x_wconf 85' lang='lat' dir='ltr'>et</span> <span class='ocrx_word' id='word_1_343' title='bbox 763 3456 1065 3515; x_wconf 81' lang='lat' dir='ltr'>credidit.</span> 
     </span>
    </p>

    <p class='ocr_par' dir='ltr' id='par_1_22' title="bbox 180 3553 1866 4225">
     <span class='ocr_line' id='line_1_55' title="bbox 180 3553 1866 3631; baseline -0.002 -16"><span class='ocrx_word' id='word_1_344' title='bbox 180 3561 217 3615; x_wconf 84' lang='lat'>9</span> <span class='ocrx_word' id='word_1_345' title='bbox 449 3553 763 3618; x_wconf 81' lang='lat' dir='ltr'>Nondum</span> <span class='ocrx_word' id='word_1_346' title='bbox 794 3554 972 3613; x_wconf 80' lang='lat' dir='ltr'>enim</span> <span class='ocrx_word' id='word_1_347' title='bbox 1008 3554 1244 3613; x_wconf 81' lang='lat' dir='ltr'>sciebat</span> <span class='ocrx_word' id='word_1_348' title='bbox 1273 3553 1674 3628; x_wconf 72' lang='lat' dir='ltr'>Scriptura-3,</span> <span class='ocrx_word' id='word_1_349' title='bbox 1705 3554 1866 3631; x_wconf 82' lang='lat' dir='ltr'>quia</span> 
     </span>
     <span class='ocr_line' id='line_1_56' title="bbox 363 3649 1864 3728; baseline 0.001 -17"><span class='ocrx_word' id='word_1_350' title='bbox 363 3653 692 3728; x_wconf 74' lang='lat' dir='ltr'>oportebat</span> <span class='ocrx_word' id='word_1_351' title='bbox 737 3670 887 3711; x_wconf 82' lang='lat' dir='ltr'>eum</span> <span class='ocrx_word' id='word_1_352' title='bbox 935 3671 974 3710; x_wconf 88' lang='lat' dir='ltr'>a</span> <span class='ocrx_word' id='word_1_353' title='bbox 1020 3652 1294 3712; x_wconf 82' lang='lat' dir='ltr'>mortuis</span> <span class='ocrx_word' id='word_1_354' title='bbox 1342 3669 1689 3726; x_wconf 67' lang='lat' dir='ltr'>resumere.</span> <span class='ocrx_word' id='word_1_355' title='bbox 1737 3649 1864 3713; x_wconf 88' lang='lat' dir='ltr'>Hoc</span> 
     </span>
     <span class='ocr_line' id='line_1_57' title="bbox 365 3748 1864 3832; baseline 0 -20"><span class='ocrx_word' id='word_1_356' title='bbox 365 3749 852 3832; x_wconf 77' lang='lat' dir='ltr'>chrysostomus</span> <span class='ocrx_word' id='word_1_357' title='bbox 911 3749 1172 3830; x_wconf 83' lang='lat' dir='ltr'>exponit</span> <span class='ocrx_word' id='word_1_358' title='bbox 1228 3748 1591 3830; x_wconf 89' lang='lat' dir='ltr'>dupliciter.</span> <span class='ocrx_word' id='word_1_359' title='bbox 1655 3748 1864 3812; x_wconf 92' lang='lat' dir='ltr'>Primo</span> 
     </span>
     <span class='ocr_line' id='line_1_58' title="bbox 363 3847 1860 3928; baseline -0.001 -18"><span class='ocrx_word' id='word_1_360' title='bbox 363 3847 500 3910; x_wconf 88' lang='lat' dir='ltr'>sic:</span> <span class='ocrx_word' id='word_1_361' title='bbox 539 3847 821 3912; x_wconf 90' lang='lat' dir='ltr'>Credidit</span> <span class='ocrx_word' id='word_1_362' title='bbox 853 3847 1170 3911; x_wconf 89' lang='lat' dir='ltr'>Christum</span> <span class='ocrx_word' id='word_1_363' title='bbox 1211 3847 1652 3922; x_wconf 82' lang='lat' dir='ltr'>resurrexisse,</span> <span class='ocrx_word' id='word_1_364' title='bbox 1677 3847 1860 3928; x_wconf 91' lang='lat' dir='ltr'>cujus</span> 
     </span>
     <span class='ocr_line' id='line_1_59' title="bbox 361 3945 1862 4020; baseline 0.001 -12"><span class='ocrx_word' id='word_1_365' title='bbox 361 3946 522 4010; x_wconf 88' lang='lat' dir='ltr'>ratio</span> <span class='ocrx_word' id='word_1_366' title='bbox 561 3945 861 4009; x_wconf 89' lang='lat' dir='ltr'>subditur</span> <span class='ocrx_word' id='word_1_367' title='bbox 894 3963 908 4009; x_wconf 91' lang='lat'><strong>:</strong></span> <span class='ocrx_word' id='word_1_368' title='bbox 949 3946 1232 4009; x_wconf 92' lang='lat' dir='ltr'>nondum</span> <span class='ocrx_word' id='word_1_369' title='bbox 1273 3945 1469 4020; x_wconf 87' lang='lat' dir='ltr'>enim,</span> <span class='ocrx_word' id='word_1_370' title='bbox 1514 3953 1633 4008; x_wconf 91' lang='lat' dir='ltr'>etc.</span> <span class='ocrx_word' id='word_1_371' title='bbox 1676 3945 1862 4018; x_wconf 87' lang='lat' dir='ltr'>Quasi</span> 
     </span>
     <span class='ocr_line' id='line_1_60' title="bbox 359 4044 1865 4108; baseline 0 -1"><span class='ocrx_word' id='word_1_372' title='bbox 359 4045 528 4108; x_wconf 85' lang='lat' dir='ltr'>dicat</span> <span class='ocrx_word' id='word_1_373' title='bbox 563 4063 577 4108; x_wconf 92' lang='lat'><strong>:</strong></span> <span class='ocrx_word' id='word_1_374' title='bbox 614 4044 758 4108; x_wconf 87' lang='lat' dir='ltr'>Ideo</span> <span class='ocrx_word' id='word_1_375' title='bbox 800 4052 952 4106; x_wconf 90' lang='lat' dir='ltr'>tunc</span> <span class='ocrx_word' id='word_1_376' title='bbox 991 4044 1262 4107; x_wconf 90' lang='lat' dir='ltr'>credidit</span> <span class='ocrx_word' id='word_1_377' title='bbox 1293 4044 1612 4108; x_wconf 90' lang='lat' dir='ltr'>Christum</span> <span class='ocrx_word' id='word_1_378' title='bbox 1655 4063 1865 4108; x_wconf 90' lang='lat' dir='ltr'>resur-</span> 
     </span>
     <span class='ocr_line' id='line_1_61' title="bbox 360 4143 1862 4225; baseline 0.001 -19"><span class='ocrx_word' id='word_1_379' title='bbox 360 4145 628 4219; x_wconf 87' lang='lat' dir='ltr'>rexisse,</span> <span class='ocrx_word' id='word_1_380' title='bbox 673 4143 828 4206; x_wconf 89' lang='lat' dir='ltr'>visis</span> <span class='ocrx_word' id='word_1_381' title='bbox 878 4143 978 4207; x_wconf 92' lang='lat' dir='ltr'>his</span> <span class='ocrx_word' id='word_1_382' title='bbox 1026 4162 1171 4225; x_wconf 85' lang='lat' dir='ltr'>quae</span> <span class='ocrx_word' id='word_1_383' title='bbox 1216 4143 1382 4206; x_wconf 88' lang='lat' dir='ltr'>dicta</span> <span class='ocrx_word' id='word_1_384' title='bbox 1424 4152 1588 4220; x_wconf 93' lang='lat' dir='ltr'>sunt,</span> <span class='ocrx_word' id='word_1_385' title='bbox 1630 4153 1693 4206; x_wconf 92' lang='lat' dir='ltr'>et</span> <span class='ocrx_word' id='word_1_386' title='bbox 1735 4163 1862 4208; x_wconf 92' lang='lat' dir='ltr'>non</span> 
     </span>
    </p>
   </div>
   <div class='ocr_carea' id='block_1_15' title="bbox 1975 3158 3737 4220">
    <p class='ocr_par' dir='ltr' id='par_1_23' title="bbox 1975 3158 3737 4220">
     <span class='ocr_line' id='line_1_62' title="bbox 1981 3158 3482 3242; baseline 0 -20"><span class='ocrx_word' id='word_1_387' title='bbox 1981 3160 2209 3242; x_wconf 83' lang='lat' dir='ltr'>ipsiuS,</span> <span class='ocrx_word' id='word_1_388' title='bbox 2266 3161 2395 3224; x_wconf 92' lang='lat' dir='ltr'>imo</span> <span class='ocrx_word' id='word_1_389' title='bbox 2446 3179 2563 3222; x_wconf 91' lang='lat' dir='ltr'>nec</span> <span class='ocrx_word' id='word_1_390' title='bbox 2613 3167 2845 3222; x_wconf 89' lang='lat' dir='ltr'>certam</span> <span class='ocrx_word' id='word_1_391' title='bbox 2907 3178 3125 3223; x_wconf 91' lang='lat' dir='ltr'>eorum</span> <span class='ocrx_word' id='word_1_392' title='bbox 3177 3158 3482 3240; x_wconf 81' lang='lat' dir='ltr'>cognitio-</span> 
     </span>
     <span class='ocr_line' id='line_1_63' title="bbox 1980 3259 3474 3341; baseline -0.001 -20"><span class='ocrx_word' id='word_1_393' title='bbox 1980 3277 2126 3321; x_wconf 92' lang='lat' dir='ltr'>nem</span> <span class='ocrx_word' id='word_1_394' title='bbox 2169 3259 2510 3322; x_wconf 88' lang='lat' dir='ltr'>habebant.</span> <span class='ocrx_word' id='word_1_395' title='bbox 2556 3260 2679 3321; x_wconf 86' lang='lat' dir='ltr'>Ista</span> <span class='ocrx_word' id='word_1_396' title='bbox 2725 3259 3037 3341; x_wconf 87' lang='lat' dir='ltr'>expositio</span> <span class='ocrx_word' id='word_1_397' title='bbox 3086 3259 3313 3322; x_wconf 90' lang='lat' dir='ltr'>melior</span> <span class='ocrx_word' id='word_1_398' title='bbox 3358 3266 3474 3332; x_wconf 90' lang='lat' dir='ltr'>est,</span> 
     </span>
     <span class='ocr_line' id='line_1_64' title="bbox 1977 3356 3480 3442; baseline -0.001 -23"><span class='ocrx_word' id='word_1_399' title='bbox 1977 3358 2179 3419; x_wconf 89' lang='lat' dir='ltr'>textui</span> <span class='ocrx_word' id='word_1_400' title='bbox 2225 3375 2483 3442; x_wconf 88' lang='lat' dir='ltr'>quoque</span> <span class='ocrx_word' id='word_1_401' title='bbox 2527 3356 2935 3421; x_wconf 82' lang='lat' dir='ltr'>conformior.</span> <span class='ocrx_word' id='word_1_402' title='bbox 2974 3357 3259 3438; x_wconf 88' lang='lat' dir='ltr'>Denique</span> <span class='ocrx_word' id='word_1_403' title='bbox 3298 3357 3480 3420; x_wconf 84' lang='lat' dir='ltr'>Joan-</span> 
     </span>
     <span class='ocr_line' id='line_1_65' title="bbox 1978 3455 3479 3537; baseline -0.003 -17"><span class='ocrx_word' id='word_1_404' title='bbox 1978 3475 2090 3520; x_wconf 91' lang='lat' dir='ltr'>nes</span> <span class='ocrx_word' id='word_1_405' title='bbox 2152 3475 2276 3520; x_wconf 93' lang='lat' dir='ltr'>non</span> <span class='ocrx_word' id='word_1_406' title='bbox 2340 3457 2590 3519; x_wconf 87' lang='lat' dir='ltr'>videtur</span> <span class='ocrx_word' id='word_1_407' title='bbox 2649 3456 2826 3537; x_wconf 93' lang='lat' dir='ltr'>prius</span> <span class='ocrx_word' id='word_1_408' title='bbox 2884 3455 3229 3518; x_wconf 90' lang='lat' dir='ltr'>credidisse</span> <span class='ocrx_word' id='word_1_409' title='bbox 3284 3473 3479 3536; x_wconf 89' lang='lat' dir='ltr'>quam</span> 
     </span>
     <span class='ocr_line' id='line_1_66' title="bbox 1976 3552 3480 3636; baseline -0.002 -19"><span class='ocrx_word' id='word_1_410' title='bbox 1976 3554 2167 3617; x_wconf 87' lang='lat' dir='ltr'>Maria</span> <span class='ocrx_word' id='word_1_411' title='bbox 2205 3554 2587 3636; x_wconf 81' lang='lat' dir='ltr'>Magdalene.</span> <span class='ocrx_word' id='word_1_412' title='bbox 2629 3554 2761 3616; x_wconf 90' lang='lat' dir='ltr'>lmo</span> <span class='ocrx_word' id='word_1_413' title='bbox 2801 3554 2853 3616; x_wconf 93' lang='lat' dir='ltr'>si</span> <span class='ocrx_word' id='word_1_414' title='bbox 2896 3555 3035 3636; x_wconf 90' lang='lat' dir='ltr'>ipsa</span> <span class='ocrx_word' id='word_1_415' title='bbox 3074 3552 3339 3616; x_wconf 89' lang='lat' dir='ltr'>vidisset</span> <span class='ocrx_word' id='word_1_416' title='bbox 3378 3553 3480 3614; x_wconf 86' lang='lat' dir='ltr'>Pe-</span> 
     </span>
     <span class='ocr_line' id='line_1_67' title="bbox 1977 3652 3479 3734; baseline 0 -20"><span class='ocrx_word' id='word_1_417' title='bbox 1977 3661 2148 3716; x_wconf 89' lang='lat' dir='ltr'>trum</span> <span class='ocrx_word' id='word_1_418' title='bbox 2193 3663 2255 3715; x_wconf 87' lang='lat' dir='ltr'>et</span> <span class='ocrx_word' id='word_1_419' title='bbox 2292 3653 2597 3716; x_wconf 76' lang='lat' dir='ltr'>Ioannem</span> <span class='ocrx_word' id='word_1_420' title='bbox 2642 3653 2901 3714; x_wconf 89' lang='lat' dir='ltr'>credere</span> <span class='ocrx_word' id='word_1_421' title='bbox 2944 3653 3116 3734; x_wconf 90' lang='lat' dir='ltr'>quod</span> <span class='ocrx_word' id='word_1_422' title='bbox 3158 3652 3337 3715; x_wconf 88' lang='lat' dir='ltr'>Jesus</span> <span class='ocrx_word' id='word_1_423' title='bbox 3383 3670 3479 3714; x_wconf 91' lang='lat' dir='ltr'>re-</span> 
     </span>
     <span class='ocr_line' id='line_1_68' title="bbox 1977 3749 3478 3834; baseline -0.002 -19"><span class='ocrx_word' id='word_1_424' title='bbox 1977 3752 2376 3826; x_wconf 85' lang='lat' dir='ltr'>surrexisset,</span> <span class='ocrx_word' id='word_1_425' title='bbox 2412 3753 2703 3834; x_wconf 89' lang='lat' dir='ltr'>protinus</span> <span class='ocrx_word' id='word_1_426' title='bbox 2734 3751 2989 3814; x_wconf 91' lang='lat' dir='ltr'>illorum</span> <span class='ocrx_word' id='word_1_427' title='bbox 3022 3751 3218 3813; x_wconf 80' lang='lat' dir='ltr'>fidem</span> <span class='ocrx_word' id='word_1_428' title='bbox 3250 3749 3478 3813; x_wconf 84' lang='lat' dir='ltr'>fuisset</span> 
     </span>
     <span class='ocr_line' id='line_1_69' title="bbox 1977 3849 3474 3932; baseline -0.002 -19"><span class='ocrx_word' id='word_1_429' title='bbox 1977 3858 2212 3914; x_wconf 90' lang='lat' dir='ltr'>secuta.</span> <span class='ocrx_word' id='word_1_430' title='bbox 2238 3850 2357 3914; x_wconf 90' lang='lat' dir='ltr'>Sed</span> <span class='ocrx_word' id='word_1_431' title='bbox 2388 3851 2752 3913; x_wconf 90' lang='lat' dir='ltr'>immediate</span> <span class='ocrx_word' id='word_1_432' title='bbox 2780 3850 3047 3926; x_wconf 86' lang='lat' dir='ltr'>dicetur,</span> <span class='ocrx_word' id='word_1_433' title='bbox 3082 3850 3252 3932; x_wconf 91' lang='lat' dir='ltr'>quod</span> <span class='ocrx_word' id='word_1_434' title='bbox 3284 3849 3474 3911; x_wconf 84' lang='lat' dir='ltr'>Maria</span> 
     </span>
     <span class='ocr_line' id='line_1_70' title="bbox 1975 3946 3468 4031; baseline -0.001 -20"><span class='ocrx_word' id='word_1_435' title='bbox 1975 3949 2112 4011; x_wconf 81' lang='lat' dir='ltr'>haec</span> <span class='ocrx_word' id='word_1_436' title='bbox 2154 3950 2427 4012; x_wconf 89' lang='lat' dir='ltr'>necdum</span> <span class='ocrx_word' id='word_1_437' title='bbox 2471 3948 2767 4011; x_wconf 91' lang='lat' dir='ltr'>credebat</span> <span class='ocrx_word' id='word_1_438' title='bbox 2801 3967 2815 4011; x_wconf 90' lang='lat'><strong>:</strong></span> <span class='ocrx_word' id='word_1_439' title='bbox 2850 3949 3009 4031; x_wconf 89' lang='lat' dir='ltr'>quin</span> <span class='ocrx_word' id='word_1_440' title='bbox 3055 3947 3288 4031; x_wconf 91' lang='lat' dir='ltr'>potius,</span> <span class='ocrx_word' id='word_1_441' title='bbox 3323 3946 3468 4010; x_wconf 85' lang='lat' dir='ltr'>Jesu</span> 
     </span>
     <span class='ocr_line' id='line_1_71' title="bbox 1977 4046 3737 4129; baseline 0 -20"><span class='ocrx_word' id='word_1_442' title='bbox 1977 4047 2098 4110; x_wconf 91' lang='lat' dir='ltr'>sibi</span> <span class='ocrx_word' id='word_1_443' title='bbox 2138 4054 2507 4129; x_wconf 90' lang='lat' dir='ltr'>apparente,</span> <span class='ocrx_word' id='word_1_444' title='bbox 2541 4046 2826 4122; x_wconf 91' lang='lat' dir='ltr'>Domine,</span> <span class='ocrx_word' id='word_1_445' title='bbox 2861 4047 3093 4128; x_wconf 87' lang='lat' dir='ltr'>inquit,</span> <span class='ocrx_word' id='word_1_446' title='bbox 3128 4046 3181 4109; x_wconf 90' lang='lat' dir='ltr'>si</span> <span class='ocrx_word' id='word_1_447' title='bbox 3223 4054 3289 4108; x_wconf 94' lang='lat' dir='ltr'>tu</span> <span class='ocrx_word' id='word_1_448' title='bbox 3336 4065 3472 4108; x_wconf 90' lang='lat' dir='ltr'>sus-</span> <span class='ocrx_word' id='word_1_449' title='bbox 3526 4079 3637 4109; x_wconf 71' lang='lat' dir='ltr'>ven.</span> <span class='ocrx_word' id='word_1_450' title='bbox 3670 4069 3737 4110; x_wconf 68' lang='lat' dir='ltr'>ns.</span> 
     </span>
     <span class='ocr_line' id='line_1_72' title="bbox 1976 4143 3475 4220; baseline -0.002 -12"><span class='ocrx_word' id='word_1_451' title='bbox 1976 4145 2179 4208; x_wconf 92' lang='lat' dir='ltr'>tulisti</span> <span class='ocrx_word' id='word_1_452' title='bbox 2237 4162 2407 4220; x_wconf 90' lang='lat' dir='ltr'>eum,</span> <span class='ocrx_word' id='word_1_453' title='bbox 2461 4154 2581 4207; x_wconf 90' lang='lat' dir='ltr'>etc.</span> <span class='ocrx_word' id='word_1_454' title='bbox 2634 4143 2754 4208; x_wconf 89' lang='lat' dir='ltr'>Sed</span> <span class='ocrx_word' id='word_1_455' title='bbox 2800 4153 2865 4208; x_wconf 86' lang='lat' dir='ltr'>et</span> <span class='ocrx_word' id='word_1_456' title='bbox 2913 4145 2979 4207; x_wconf 91' lang='lat' dir='ltr'>in</span> <span class='ocrx_word' id='word_1_457' title='bbox 3035 4145 3203 4208; x_wconf 87' lang='lat' dir='ltr'>Luca</span> <span class='ocrx_word' id='word_1_458' title='bbox 3252 4144 3475 4207; x_wconf 86' lang='lat' dir='ltr'>scribi-</span> 
     </span>
    </p>
   </div>
   <div class='ocr_carea' id='block_1_16' title="bbox 357 4241 3762 4326">
    <p class='ocr_par' dir='ltr' id='par_1_24' title="bbox 357 4241 3762 4326">
     <span class='ocr_line' id='line_1_73' title="bbox 357 4241 3762 4326; baseline -0.001 -22"><span class='ocrx_word' id='word_1_459' title='bbox 357 4251 505 4306; x_wconf 89' lang='lat' dir='ltr'>ante</span> <span class='ocrx_word' id='word_1_460' title='bbox 565 4242 837 4306; x_wconf 89' lang='lat' dir='ltr'>credidit</span> <span class='ocrx_word' id='word_1_461' title='bbox 892 4243 1013 4306; x_wconf 92' lang='lat' dir='ltr'>hoc</span> <span class='ocrx_word' id='word_1_462' title='bbox 1069 4242 1440 4305; x_wconf 85' lang='lat' dir='ltr'>auctoritate</span> <span class='ocrx_word' id='word_1_463' title='bbox 1497 4241 1859 4326; x_wconf 83' lang='lat' dir='ltr'>Scripturae,</span> <span class='ocrx_word' id='word_1_464' title='bbox 1900 4248 2097 4318; x_wconf 89' lang='lat' dir='ltr'>Dtur,</span> <span class='ocrx_word' id='word_1_465' title='bbox 2158 4245 2329 4326; x_wconf 90' lang='lat' dir='ltr'>quod</span> <span class='ocrx_word' id='word_1_466' title='bbox 2387 4244 2604 4306; x_wconf 87' lang='lat' dir='ltr'>Petrus</span> <span class='ocrx_word' id='word_1_467' title='bbox 2663 4243 2817 4307; x_wconf 88' lang='lat' dir='ltr'>visis</span> <span class='ocrx_word' id='word_1_468' title='bbox 2874 4265 3018 4326; x_wconf 75' lang='lat' dir='ltr'>quae</span> <span class='ocrx_word' id='word_1_469' title='bbox 3076 4244 3242 4308; x_wconf 88' lang='lat' dir='ltr'>dicta</span> <span class='ocrx_word' id='word_1_470' title='bbox 3298 4251 3467 4318; x_wconf 89' lang='lat' dir='ltr'>sunt,</span> <span class='ocrx_word' id='word_1_471' title='bbox 3518 4262 3762 4314; x_wconf 54' lang='lat' dir='ltr'>Luam„</span> 
     </span>
    </p>
   </div>
   <div class='ocr_carea' id='block_1_17' title="bbox 70 4339 1866 5410">
    <p class='ocr_par' dir='ltr' id='par_1_25' title="bbox 70 4339 1866 5410">
     <span class='ocr_line' id='line_1_74' title="bbox 357 4339 1865 4422; baseline 0.002 -19"><span class='ocrx_word' id='word_1_472' title='bbox 357 4341 667 4422; x_wconf 90' lang='lat' dir='ltr'>quoniam</span> <span class='ocrx_word' id='word_1_473' title='bbox 712 4342 995 4405; x_wconf 89' lang='lat' dir='ltr'>nondum</span> <span class='ocrx_word' id='word_1_474' title='bbox 1041 4341 1279 4403; x_wconf 90' lang='lat' dir='ltr'>sciebat</span> <span class='ocrx_word' id='word_1_475' title='bbox 1322 4339 1678 4422; x_wconf 81' lang='lat' dir='ltr'>Scripturas</span> <span class='ocrx_word' id='word_1_476' title='bbox 1722 4342 1865 4406; x_wconf 92' lang='lat' dir='ltr'>Pro-</span> 
     </span>
     <span class='ocr_line' id='line_1_75' title="bbox 362 4440 1862 4522; baseline 0.002 -21"><span class='ocrx_word' id='word_1_477' title='bbox 362 4441 723 4522; x_wconf 88' lang='lat' dir='ltr'>phetarum,</span> <span class='ocrx_word' id='word_1_478' title='bbox 765 4440 918 4521; x_wconf 88' lang='lat' dir='ltr'>quia</span> <span class='ocrx_word' id='word_1_479' title='bbox 967 4447 1287 4521; x_wconf 89' lang='lat' dir='ltr'>oporteret</span> <span class='ocrx_word' id='word_1_480' title='bbox 1331 4458 1478 4503; x_wconf 91' lang='lat' dir='ltr'>eum</span> <span class='ocrx_word' id='word_1_481' title='bbox 1518 4459 1555 4502; x_wconf 91' lang='lat' dir='ltr'>a</span> <span class='ocrx_word' id='word_1_482' title='bbox 1597 4442 1862 4504; x_wconf 88' lang='lat' dir='ltr'>mortuis</span> 
     </span>
     <span class='ocr_line' id='line_1_76' title="bbox 363 4538 1864 4619; baseline 0.001 -18"><span class='ocrx_word' id='word_1_483' title='bbox 363 4556 695 4619; x_wconf 81' lang='lat' dir='ltr'>resurgere</span> <span class='ocrx_word' id='word_1_484' title='bbox 750 4556 764 4600; x_wconf 95' lang='lat'><strong>:</strong></span> <span class='ocrx_word' id='word_1_485' title='bbox 829 4557 988 4619; x_wconf 91' lang='lat' dir='ltr'>quas</span> <span class='ocrx_word' id='word_1_486' title='bbox 1047 4538 1098 4600; x_wconf 90' lang='lat' dir='ltr'>si</span> <span class='ocrx_word' id='word_1_487' title='bbox 1159 4538 1472 4613; x_wconf 88' lang='lat' dir='ltr'>scivisset,</span> <span class='ocrx_word' id='word_1_488' title='bbox 1526 4558 1652 4602; x_wconf 91' lang='lat' dir='ltr'>non</span> <span class='ocrx_word' id='word_1_489' title='bbox 1712 4548 1864 4602; x_wconf 92' lang='lat' dir='ltr'>tunc</span> 
     </span>
     <span class='ocr_line' id='line_1_77' title="bbox 363 4636 1863 4720; baseline 0.002 -22"><span class='ocrx_word' id='word_1_490' title='bbox 363 4637 576 4719; x_wconf 89' lang='lat' dir='ltr'>primo</span> <span class='ocrx_word' id='word_1_491' title='bbox 623 4636 998 4699; x_wconf 87' lang='lat' dir='ltr'>credidisset</span> <span class='ocrx_word' id='word_1_492' title='bbox 1049 4646 1310 4720; x_wconf 90' lang='lat' dir='ltr'>propter</span> <span class='ocrx_word' id='word_1_493' title='bbox 1357 4638 1514 4713; x_wconf 89' lang='lat' dir='ltr'>visa,</span> <span class='ocrx_word' id='word_1_494' title='bbox 1561 4638 1672 4701; x_wconf 91' lang='lat' dir='ltr'>sed</span> <span class='ocrx_word' id='word_1_495' title='bbox 1718 4647 1863 4701; x_wconf 90' lang='lat' dir='ltr'>ante</span> 
     </span>
     <span class='ocr_line' id='line_1_78' title="bbox 363 4733 1865 4818; baseline 0.001 -21"><span class='ocrx_word' id='word_1_496' title='bbox 363 4743 625 4818; x_wconf 86' lang='lat' dir='ltr'>propter</span> <span class='ocrx_word' id='word_1_497' title='bbox 671 4733 1054 4818; x_wconf 89' lang='lat' dir='ltr'>Scripturas.</span> <span class='ocrx_word' id='word_1_498' title='bbox 1098 4735 1182 4797; x_wconf 90' lang='lat' dir='ltr'>De</span> <span class='ocrx_word' id='word_1_499' title='bbox 1231 4736 1460 4800; x_wconf 86' lang='lat' dir='ltr'>Christi</span> <span class='ocrx_word' id='word_1_500' title='bbox 1509 4745 1720 4798; x_wconf 89' lang='lat' dir='ltr'>autem</span> <span class='ocrx_word' id='word_1_501' title='bbox 1770 4755 1865 4798; x_wconf 89' lang='lat' dir='ltr'>re-</span> 
     </span>
     <span class='ocr_line' id='line_1_79' title="bbox 73 4833 1866 4909; baseline 0 -13"><span class='ocrx_word' id='word_1_502' title='bbox 73 4855 334 4909; x_wconf 51' lang='lat' dir='ltr'>pman.</span> <span class='ocrx_word' id='word_1_503' title='bbox 363 4833 760 4896; x_wconf 89' lang='lat' dir='ltr'>surrectione</span> <span class='ocrx_word' id='word_1_504' title='bbox 811 4833 1082 4896; x_wconf 88' lang='lat' dir='ltr'>habetur</span> <span class='ocrx_word' id='word_1_505' title='bbox 1133 4834 1196 4895; x_wconf 93' lang='lat' dir='ltr'>in</span> <span class='ocrx_word' id='word_1_506' title='bbox 1250 4834 1497 4898; x_wconf 90' lang='lat' dir='ltr'>Psalmo</span> <span class='ocrx_word' id='word_1_507' title='bbox 1549 4854 1562 4898; x_wconf 92' lang='lat'>:</span> <span class='ocrx_word' id='word_1_508' title='bbox 1613 4835 1703 4896; x_wconf 85' lang='lat' dir='ltr'>Tu</span> <span class='ocrx_word' id='word_1_509' title='bbox 1753 4854 1866 4896; x_wconf 92' lang='lat' dir='ltr'>au-</span> 
     </span>
     <span class='ocr_line' id='line_1_80' title="bbox 363 4931 1863 5008; baseline 0.001 -14"><span class='ocrx_word' id='word_1_510' title='bbox 363 4941 514 5005; x_wconf 91' lang='lat' dir='ltr'>tem,</span> <span class='ocrx_word' id='word_1_511' title='bbox 563 4931 850 5008; x_wconf 87' lang='lat' dir='ltr'>Domine,</span> <span class='ocrx_word' id='word_1_512' title='bbox 904 4933 1207 4995; x_wconf 89' lang='lat' dir='ltr'>miserere</span> <span class='ocrx_word' id='word_1_513' title='bbox 1256 4933 1404 5008; x_wconf 90' lang='lat' dir='ltr'>mei,</span> <span class='ocrx_word' id='word_1_514' title='bbox 1447 4942 1511 4996; x_wconf 90' lang='lat' dir='ltr'>et</span> <span class='ocrx_word' id='word_1_515' title='bbox 1558 4934 1863 4996; x_wconf 91' lang='lat' dir='ltr'>resuscita</span> 
     </span>
     <span class='ocr_line' id='line_1_81' title="bbox 89 5030 1864 5110; baseline -0.001 -14"><span class='ocrx_word' id='word_1_516' title='bbox 89 5053 334 5107; x_wconf 57' lang='lat' dir='ltr'>nmio.</span> <span class='ocrx_word' id='word_1_517' title='bbox 363 5049 486 5105; x_wconf 90' lang='lat' dir='ltr'>me,</span> <span class='ocrx_word' id='word_1_518' title='bbox 521 5039 584 5092; x_wconf 91' lang='lat' dir='ltr'>et</span> <span class='ocrx_word' id='word_1_519' title='bbox 625 5030 972 5092; x_wconf 87' lang='lat' dir='ltr'>retribuam</span> <span class='ocrx_word' id='word_1_520' title='bbox 1013 5031 1148 5110; x_wconf 84' lang='lat' dir='ltr'>eis3</span> <span class='ocrx_word' id='word_1_521' title='bbox 1191 5039 1254 5093; x_wconf 87' lang='lat' dir='ltr'>et</span> <span class='ocrx_word' id='word_1_522' title='bbox 1298 5031 1551 5106; x_wconf 85' lang='lat' dir='ltr'>iterum,</span> <span class='ocrx_word' id='word_1_523' title='bbox 1585 5031 1718 5094; x_wconf 93' lang='lat' dir='ltr'>Non</span> <span class='ocrx_word' id='word_1_524' title='bbox 1759 5033 1864 5094; x_wconf 90' lang='lat' dir='ltr'>de-</span> 
     </span>
     <span class='ocr_line' id='line_1_82' title="bbox 364 5129 1864 5210; baseline 0.002 -20"><span class='ocrx_word' id='word_1_525' title='bbox 364 5129 690 5210; x_wconf 88' lang='lat' dir='ltr'>relinques</span> <span class='ocrx_word' id='word_1_526' title='bbox 739 5129 1019 5191; x_wconf 89' lang='lat' dir='ltr'>animam</span> <span class='ocrx_word' id='word_1_527' title='bbox 1065 5147 1271 5192; x_wconf 85' lang='lat' dir='ltr'>meam</span> <span class='ocrx_word' id='word_1_528' title='bbox 1317 5130 1381 5191; x_wconf 93' lang='lat' dir='ltr'>in</span> <span class='ocrx_word' id='word_1_529' title='bbox 1427 5129 1702 5204; x_wconf 85' lang='lat' dir='ltr'>inferno,</span> <span class='ocrx_word' id='word_1_530' title='bbox 1748 5149 1864 5193; x_wconf 88' lang='lat' dir='ltr'>nec</span> 
     </span>
     <span class='ocr_line' id='line_1_83' title="bbox 363 5227 1858 5310; baseline 0.001 -20"><span class='ocrx_word' id='word_1_531' title='bbox 363 5227 542 5291; x_wconf 88' lang='lat' dir='ltr'>dabis</span> <span class='ocrx_word' id='word_1_532' title='bbox 573 5227 873 5290; x_wconf 89' lang='lat' dir='ltr'>Sanctum</span> <span class='ocrx_word' id='word_1_533' title='bbox 903 5235 1086 5289; x_wconf 91' lang='lat' dir='ltr'>tuum</span> <span class='ocrx_word' id='word_1_534' title='bbox 1117 5228 1334 5291; x_wconf 88' lang='lat' dir='ltr'>videre</span> <span class='ocrx_word' id='word_1_535' title='bbox 1365 5229 1858 5310; x_wconf 90' lang='lat' dir='ltr'>corruptionem.</span> 
     </span>
     <span class='ocr_line' id='line_1_84' title="bbox 70 5324 1862 5410; baseline 0.002 -22"><span class='ocrx_word' id='word_1_536' title='bbox 70 5345 197 5402; x_wconf 71' lang='grc' dir='ltr'><strong><em>εοριι.</em></strong></span> <span class='ocrx_word' id='word_1_537' title='bbox 213 5348 336 5400; x_wconf 59' lang='grc' dir='ltr'>ιω.</span> <span class='ocrx_word' id='word_1_538' title='bbox 361 5325 440 5389; x_wconf 86' lang='lat' dir='ltr'>Et</span> <span class='ocrx_word' id='word_1_539' title='bbox 491 5325 848 5408; x_wconf 89' lang='lat' dir='ltr'>Sophonias</span> <span class='ocrx_word' id='word_1_540' title='bbox 901 5345 915 5389; x_wconf 94' lang='lat'><strong>:</strong></span> <span class='ocrx_word' id='word_1_541' title='bbox 967 5324 1277 5409; x_wconf 84' lang='lat' dir='ltr'>Exspecta</span> <span class='ocrx_word' id='word_1_542' title='bbox 1335 5345 1457 5402; x_wconf 88' lang='lat' dir='ltr'>me,</span> <span class='ocrx_word' id='word_1_543' title='bbox 1511 5327 1743 5410; x_wconf 89' lang='lat' dir='ltr'>inquit,</span> <span class='ocrx_word' id='word_1_544' title='bbox 1795 5328 1862 5391; x_wconf 91' lang='lat' dir='ltr'>in</span> 
     </span>
    </p>
   </div>
   <div class='ocr_carea' id='block_1_18' title="bbox 1974 4327 3676 5411">
    <p class='ocr_par' dir='ltr' id='par_1_26' title="bbox 1974 4327 3568 4505">
     <span class='ocr_line' id='line_1_85' title="bbox 1974 4327 3568 4423; baseline -0.001 -18"><span class='ocrx_word' id='word_1_545' title='bbox 1974 4343 2152 4418; x_wconf 90' lang='lat' dir='ltr'>abiit,</span> <span class='ocrx_word' id='word_1_546' title='bbox 2173 4361 2390 4405; x_wconf 90' lang='lat' dir='ltr'>secum</span> <span class='ocrx_word' id='word_1_547' title='bbox 2420 4343 2659 4404; x_wconf 87' lang='lat' dir='ltr'>mirans</span> <span class='ocrx_word' id='word_1_548' title='bbox 2690 4344 2860 4423; x_wconf 94' lang='lat' dir='ltr'>quod</span> <span class='ocrx_word' id='word_1_549' title='bbox 2892 4343 3128 4405; x_wconf 83' lang='lat' dir='ltr'>factum</span> <span class='ocrx_word' id='word_1_550' title='bbox 3160 4349 3275 4404; x_wconf 90' lang='lat' dir='ltr'>est.</span> <span class='ocrx_word' id='word_1_551' title='bbox 3295 4342 3473 4404; x_wconf 91' lang='lat' dir='ltr'>Unde</span> <span class='ocrx_word' id='word_1_552' title='bbox 3502 4327 3568 4368; x_wconf 78' lang='lat'>¹²·</span> 
     </span>
     <span class='ocr_line' id='line_1_86' title="bbox 1978 4441 2808 4505; baseline -0.004 -1"><span class='ocrx_word' id='word_1_553' title='bbox 1978 4441 2230 4505; x_wconf 85' lang='lat' dir='ltr'>videtur</span> <span class='ocrx_word' id='word_1_554' title='bbox 2272 4460 2397 4504; x_wconf 92' lang='lat' dir='ltr'>non</span> <span class='ocrx_word' id='word_1_555' title='bbox 2443 4441 2808 4504; x_wconf 89' lang='lat' dir='ltr'>credidisse.</span> 
     </span>
    </p>

    <p class='ocr_par' dir='ltr' id='par_1_27' title="bbox 1974 4540 3676 4997">
     <span class='ocr_line' id='line_1_87' title="bbox 2055 4540 3676 4618; baseline 0.002 -16"><span class='ocrx_word' id='word_1_556' title='bbox 2055 4541 2377 4602; x_wconf 73' lang='lat' dir='ltr'>Abierant</span> <span class='ocrx_word' id='word_1_557' title='bbox 2412 4559 2559 4616; x_wconf 70' lang='lat' dir='ltr'>erqo</span> <span class='ocrx_word' id='word_1_558' title='bbox 2602 4541 2839 4600; x_wconf 83' lang='lat' dir='ltr'>iterum</span> <span class='ocrx_word' id='word_1_559' title='bbox 2886 4540 3204 4618; x_wconf 79' lang='lat' dir='ltr'>discipuli</span> <span class='ocrx_word' id='word_1_560' title='bbox 3251 4540 3469 4604; x_wconf 85' lang='lat' dir='ltr'>Petrus</span> <span class='ocrx_word' id='word_1_561' title='bbox 3608 4558 3676 4614; x_wconf 83' lang='lat'>10</span> 
     </span>
     <span class='ocr_line' id='line_1_88' title="bbox 1974 4638 3471 4714; baseline 0.001 -14"><span class='ocrx_word' id='word_1_562' title='bbox 1974 4645 2037 4700; x_wconf 80' lang='lat' dir='ltr'>et</span> <span class='ocrx_word' id='word_1_563' title='bbox 2079 4638 2350 4701; x_wconf 75' lang='lat' dir='ltr'>Ioannes</span> <span class='ocrx_word' id='word_1_564' title='bbox 2399 4641 2487 4698; x_wconf 83' lang='lat' dir='ltr'>ad</span> <span class='ocrx_word' id='word_1_565' title='bbox 2512 4639 2898 4714; x_wconf 70' lang='lat' dir='ltr'>semetipso-5,</span> <span class='ocrx_word' id='word_1_566' title='bbox 2948 4638 3009 4700; x_wconf 87' lang='lat' dir='ltr'>id</span> <span class='ocrx_word' id='word_1_567' title='bbox 3070 4646 3165 4700; x_wconf 84' lang='lat' dir='ltr'>est</span> <span class='ocrx_word' id='word_1_568' title='bbox 3220 4640 3297 4701; x_wconf 91' lang='lat' dir='ltr'>ad</span> <span class='ocrx_word' id='word_1_569' title='bbox 3357 4659 3471 4702; x_wconf 86' lang='lat' dir='ltr'>sua</span> 
     </span>
     <span class='ocr_line' id='line_1_89' title="bbox 1975 4736 3471 4818; baseline 0.001 -18"><span class='ocrx_word' id='word_1_570' title='bbox 1975 4736 2259 4812; x_wconf 89' lang='lat' dir='ltr'>latibula,</span> <span class='ocrx_word' id='word_1_571' title='bbox 2305 4738 2381 4799; x_wconf 91' lang='lat' dir='ltr'>de</span> <span class='ocrx_word' id='word_1_572' title='bbox 2427 4737 2665 4818; x_wconf 90' lang='lat' dir='ltr'>quibus</span> <span class='ocrx_word' id='word_1_573' title='bbox 2714 4737 2791 4798; x_wconf 90' lang='lat' dir='ltr'>ad</span> <span class='ocrx_word' id='word_1_574' title='bbox 2838 4745 3325 4800; x_wconf 87' lang='lat' dir='ltr'>monumentum</span> <span class='ocrx_word' id='word_1_575' title='bbox 3366 4757 3471 4801; x_wconf 81' lang='lat' dir='ltr'>ve-</span> 
     </span>
     <span class='ocr_line' id='line_1_90' title="bbox 1975 4835 3472 4917; baseline 0.001 -20"><span class='ocrx_word' id='word_1_576' title='bbox 1975 4843 2229 4910; x_wconf 89' lang='lat' dir='ltr'>nerunt,</span> <span class='ocrx_word' id='word_1_577' title='bbox 2283 4835 2383 4897; x_wconf 89' lang='lat' dir='ltr'>vel</span> <span class='ocrx_word' id='word_1_578' title='bbox 2440 4835 2519 4896; x_wconf 91' lang='lat' dir='ltr'>ad</span> <span class='ocrx_word' id='word_1_579' title='bbox 2578 4835 3070 4917; x_wconf 77' lang='lat' dir='ltr'>condiscipuIOS,</span> <span class='ocrx_word' id='word_1_580' title='bbox 3122 4835 3233 4916; x_wconf 92' lang='lat' dir='ltr'>qui</span> <span class='ocrx_word' id='word_1_581' title='bbox 3293 4845 3472 4899; x_wconf 89' lang='lat' dir='ltr'>erant</span> 
     </span>
     <span class='ocr_line' id='line_1_91' title="bbox 1975 4931 2947 4997; baseline -0.002 -1"><span class='ocrx_word' id='word_1_582' title='bbox 1975 4953 2177 4996; x_wconf 91' lang='lat' dir='ltr'>unum</span> <span class='ocrx_word' id='word_1_583' title='bbox 2221 4952 2365 4996; x_wconf 91' lang='lat' dir='ltr'>cum</span> <span class='ocrx_word' id='word_1_584' title='bbox 2411 4934 2503 4995; x_wconf 88' lang='lat' dir='ltr'>eis</span> <span class='ocrx_word' id='word_1_585' title='bbox 2547 4933 2612 4995; x_wconf 94' lang='lat' dir='ltr'>in</span> <span class='ocrx_word' id='word_1_586' title='bbox 2658 4931 2947 4997; x_wconf 88' lang='lat' dir='ltr'>Domino.</span> 
     </span>
    </p>

    <p class='ocr_par' dir='ltr' id='par_1_28' title="bbox 1974 5030 3471 5411">
     <span class='ocr_line' id='line_1_92' title="bbox 2053 5030 3468 5114; baseline 0.001 -20"><span class='ocrx_word' id='word_1_587' title='bbox 2053 5033 2243 5097; x_wconf 91' lang='lat' dir='ltr'>Porro</span> <span class='ocrx_word' id='word_1_588' title='bbox 2303 5033 2381 5095; x_wconf 89' lang='lat' dir='ltr'>de</span> <span class='ocrx_word' id='word_1_589' title='bbox 2438 5032 2793 5095; x_wconf 86' lang='lat' dir='ltr'>moralitate</span> <span class='ocrx_word' id='word_1_590' title='bbox 2850 5032 3045 5112; x_wconf 87' lang='lat' dir='ltr'>hujus</span> <span class='ocrx_word' id='word_1_591' title='bbox 3102 5030 3468 5114; x_wconf 80' lang='lat' dir='ltr'>Scripturae,</span> 
     </span>
     <span class='ocr_line' id='line_1_93' title="bbox 1975 5130 3471 5214; baseline 0.001 -20"><span class='ocrx_word' id='word_1_592' title='bbox 1975 5133 2293 5214; x_wconf 91' lang='lat' dir='ltr'>quomodo</span> <span class='ocrx_word' id='word_1_593' title='bbox 2326 5149 2438 5212; x_wconf 88' lang='lat' dir='ltr'>per</span> <span class='ocrx_word' id='word_1_594' title='bbox 2468 5130 2721 5192; x_wconf 91' lang='lat' dir='ltr'>Petrum</span> <span class='ocrx_word' id='word_1_595' title='bbox 2759 5130 3040 5194; x_wconf 86' lang='lat' dir='ltr'>Ecclesia</span> <span class='ocrx_word' id='word_1_596' title='bbox 3069 5149 3145 5192; x_wconf 83' lang='lat' dir='ltr'>ex</span> <span class='ocrx_word' id='word_1_597' title='bbox 3173 5133 3471 5212; x_wconf 83' lang='lat' dir='ltr'>gentibus</span> 
     </span>
     <span class='ocr_line' id='line_1_94' title="bbox 1975 5229 3471 5310; baseline 0 -17"><span class='ocrx_word' id='word_1_598' title='bbox 1975 5237 2348 5310; x_wconf 78' lang='lat' dir='ltr'>congregata</span> <span class='ocrx_word' id='word_1_599' title='bbox 2396 5229 2780 5309; x_wconf 81' lang='lat' dir='ltr'>designetur,</span> <span class='ocrx_word' id='word_1_600' title='bbox 2825 5246 2939 5310; x_wconf 91' lang='lat' dir='ltr'>per</span> <span class='ocrx_word' id='word_1_601' title='bbox 2973 5229 3277 5292; x_wconf 77' lang='lat' dir='ltr'>Ioannem</span> <span class='ocrx_word' id='word_1_602' title='bbox 3322 5248 3471 5294; x_wconf 87' lang='lat' dir='ltr'>vero</span> 
     </span>
     <span class='ocr_line' id='line_1_95' title="bbox 1974 5327 3471 5411; baseline 0.001 -20"><span class='ocrx_word' id='word_1_603' title='bbox 1974 5327 2319 5410; x_wconf 81' lang='lat' dir='ltr'>Synagoga,</span> <span class='ocrx_word' id='word_1_604' title='bbox 2379 5327 2581 5390; x_wconf 90' lang='lat' dir='ltr'>multa</span> <span class='ocrx_word' id='word_1_605' title='bbox 2634 5327 2763 5409; x_wconf 88' lang='lat' dir='ltr'>jam</span> <span class='ocrx_word' id='word_1_606' title='bbox 2824 5327 2991 5391; x_wconf 83' lang='lat' dir='ltr'>dicta</span> <span class='ocrx_word' id='word_1_607' title='bbox 3048 5334 3199 5390; x_wconf 89' lang='lat' dir='ltr'>sunt</span> <span class='ocrx_word' id='word_1_608' title='bbox 3254 5345 3268 5391; x_wconf 92' lang='lat'><strong>:</strong></span> <span class='ocrx_word' id='word_1_609' title='bbox 3325 5348 3471 5411; x_wconf 78' lang='lat' dir='ltr'>quae</span> 
     </span>
    </p>
   </div>
  </div>
 </body>
</html>
