4300 6259
880 456 1001 520 448

1649 475 1997 522 mutuno
2041 474 2103 521 [N
2145 474 2284 522 GAP.
2330 474 2395 521 lx
2435 475 2707 523 mANle.
2755 494 2836 506 -·
2878 478 3019 523 ΛΒΤ.
3066 478 3213 524 xxw

607 664 689 708 Ja-
725 676 852 716 mn,
879 664 982 707 am
1037 664 1050 707 τ
1102 645 1365 710 Domine
1411 646 1596 721 DeuS,
1649 647 1764 728 qui
1812 645 1968 709 facis
2017 646 2375 709 misericor·
2402 646 2455 706 A
2485 646 2852 727 magnitudo
2900 647 3357 711 revelationum
3404 647 3662 712 extollat
3708 666 3829 722 me,
3860 648 3977 709 da-

881 744 1050 806 diam
1105 744 1169 806 in
1221 744 1529 819 millibus,
1581 752 1644 806 et
1702 745 1911 807 reddis
1970 744 2372 825 iniquitatem

880 849 1130 924 patrum
1162 843 1228 905 in
1261 844 1472 905 sinum
1513 843 1798 907 filiorum
1841 851 1981 926 post
2021 862 2149 907 eos.
2186 842 2372 907 Porro

877 942 1279 1005 auctoritates
1316 961 1462 1024 quae
1503 941 1724 1005 dicunt
1764 943 2154 1025 oppositum,
2190 942 2373 1004 intel·-

877 1040 1162 1122 liguntur
1200 1043 1277 1104 de
1319 1041 1650 1124 punitione
1691 1042 1755 1103 in
1797 1042 2238 1124 spiritualibus
2268 1041 2374 1104 bo-

877 1139 978 1201 nis
1024 1139 1196 1221 (talis
1254 1141 1429 1203 enim
1489 1141 1738 1222 punitio
1795 1160 1920 1203 non
1969 1141 2374 1204 ordinaretur

878 1240 956 1301 ad
996 1239 1235 1302 bonum
1275 1239 1535 1321 puniti),
1579 1249 1648 1302 ut
1688 1258 1801 1322 per
1844 1240 2238 1303 Ezechielem
2278 1242 2373 1304 in-

741 1362 808 1391 c·
879 1337 1135 1400 ducitur
1175 1356 1188 1401 ε
1231 1337 1427 1400 Filius
1468 1357 1593 1402 non
1643 1339 1919 1420 portabit
1967 1340 2369 1422 iniquitatem

879 1435 1098 1517 patriS,
1133 1444 1195 1498 et
1243 1444 1420 1519 pater
1467 1455 1590 1500 non
1645 1437 1918 1519 portabit
1966 1438 2366 1519 iniquitatem

879 1533 1025 1596 filii.
1069 1533 1228 1597 Hinc
1271 1536 1440 1617 apud
1485 1537 1780 1598 eumdem
1824 1536 2124 1599 Dominus
2172 1537 2371 1600 incre-

769 1645 810 1687 ε.
879 1639 987 1714 pat
1035 1632 1205 1696 filios
1253 1633 1440 1695 lsrael
1501 1633 1782 1697 dicentes
1837 1652 1850 1696 :
1903 1634 2111 1696 Patres
2163 1654 2370 1698 come-

879 1732 1111 1793 derunt
1146 1750 1336 1794 uvam
1375 1732 1690 1807 acerbam,
1724 1739 1787 1795 et
1823 1734 2042 1795 dentes
2082 1733 2368 1797 filiorum

877 1828 1366 1910 obstupuerunt.

699 1929 736 1984 3
958 1928 1310 2003 Respondit
1353 1930 1536 1988 Iesus
1576 1948 1599 1986 .·
1640 1928 1862 2007 Neque
1908 1930 2016 1989 hic
2052 1931 2370 2006 peccavit,

879 2044 1083 2103 neque
1111 2034 1412 2103 parentes
1447 2026 1614 2103 ejus,
1654 2032 1911 2107 peccato
1961 2026 2040 2087 de
2083 2045 2214 2107 quo
2258 2045 2371 2090 vos

881 2122 1229 2203 inquiritiS,
1283 2123 1348 2185 id
1395 2132 1510 2196 est,
1556 2123 1680 2186 tale
1729 2123 1972 2187 crimen
2023 2144 2148 2187 non
2197 2143 2368 2188 com·

879 2220 1212 2295 miserunt,
1250 2229 1506 2304 propter
1538 2223 1710 2304 quod
1749 2222 1868 2284 iste
1908 2230 2091 2285 natus
2130 2230 2227 2285 est
2257 2242 2373 2287 cae-

879 2337 1014 2381 cus.
1047 2318 1179 2381 Non
1225 2338 1374 2400 ergo
1417 2320 1555 2382 vult
1597 2319 1882 2382 Christus
1931 2320 2163 2395 dicere,
2197 2323 2370 2403 quod

879 2417 1242 2481 nullatenus
1293 2424 1716 2499 peccaverunt
1766 2437 1780 2481 :
1841 2419 2145 2500 quoniam
2203 2418 2374 2483 Salo-

608 2530 845 2580 Rectam,
879 2534 1068 2579 mone
1115 2522 1404 2591 testante,
1445 2516 1580 2579 Non
1624 2524 1720 2579 est
1767 2516 1956 2585 homo
2005 2536 2200 2599 super
2248 2524 2371 2579 ter-

584 2594 653 2635 ²¹·
882 2634 1017 2676 ram
1057 2616 1170 2696 qui
1214 2613 1400 2677 faciat
1444 2614 1682 2677 bonum
1726 2623 1791 2677 et
1833 2634 1956 2678 non
2006 2624 2262 2697 peccet3
2308 2624 2372 2679 et

579 2711 1167 2787 maamajaoobus,
1228 2713 1295 2775 ln
1363 2712 1583 2775 multis
1639 2714 1922 2796 (inquit)
1977 2712 2369 2777 offendimus

879 2830 1120 2875 omnes.
1175 2810 1296 2875 Sed
1354 2811 1688 2875 intentioni
1751 2812 2214 2893 discipulorum
2275 2830 2370 2875 re-

876 2910 1154 2992 spondit,
1205 2910 1318 2992 qui
1367 2910 1445 2972 de
1491 2917 1661 2973 certo
1711 2917 1968 2992 peccato
2025 2910 2369 2991 interroga-

2480 753 2583 806 tus
2630 752 2725 807 est
2771 746 2931 808 mihi
2988 748 3249 826 angelus
3305 746 3565 809 Satanae.
3618 746 3843 819 Tertio,
3900 754 3975 807 ut

2482 843 2683 905 virtus
2714 844 2932 908 divina
2960 845 3401 907 manifestetur
3428 846 3505 907 ad
3535 844 3797 926 gloriam
3826 845 3979 908 Cre-

2480 942 2672 1004 atoris
2706 961 2720 1005 :
2764 951 2836 1004 ut
2883 944 3054 1007 hunc
3096 962 3355 1017 caecum,
3397 950 3460 1005 et
3500 942 3821 1017 Lazarum,
3851 943 3973 1024 qui

2482 1038 2624 1102 ideo
2680 1040 2861 1115 obiit,
2916 1049 2984 1102 ut
3041 1060 3078 1103 a
3125 1041 3372 1105 Christo
3420 1043 3499 1104 ad
3545 1042 3808 1123 gloriam
3856 1042 3971 1103 Dei

2480 1137 2913 1219 suscitaretur,
2947 1140 3112 1201 sicut
3151 1138 3317 1202 infra
3346 1139 3629 1203 Salvator
3662 1147 3967 1201 testatur:

2480 1235 2823 1299 infirmitas
2874 1238 3007 1301 haec
3054 1256 3179 1301 non
3238 1246 3334 1301 est
3383 1239 3459 1300 ad
3517 1248 3805 1311 mortem,
3856 1240 3971 1301 sed
4000 1252 4255 1301 lma-12⁸-

2483 1353 2599 1416 pro
2642 1335 2845 1415 gloria
2889 1336 3020 1409 Dei,
3070 1345 3139 1399 ut
3188 1336 3575 1399 clarificetur
3616 1337 3811 1399 Filius
3857 1338 3975 1401 ho-

2482 1433 2675 1496 minis
2722 1452 2835 1516 per
2882 1452 3043 1497 eam.
3088 1434 3337 1509 Quarto,
3386 1444 3644 1518 propter
3691 1444 3971 1518 peccata,

2482 1540 2553 1593 ut
2602 1550 2717 1614 per
2764 1552 3017 1616 poenam
3076 1534 3387 1597 inflictam
3438 1543 3812 1617 purgentur,
3860 1554 3975 1597 ex-

2483 1630 2759 1712 pientur,
2794 1651 2904 1693 seu
2946 1633 3345 1696 dimittantur
3378 1652 3391 1696 :
3427 1641 3498 1695 ut
3530 1634 3969 1716 paralyticum,

2480 1730 2559 1791 de
2613 1749 2743 1812 quo
2805 1732 3050 1796 dictum
3113 1740 3209 1793 est
3264 1732 3490 1814 quinto
3548 1731 3844 1814 capitulo,
3905 1742 3973 1794 et
4024 1750 4253 1801 ιιι-ιφ

2406 1824 2454 1887 Β
2480 1826 2733 1890 Mariam
2776 1846 3055 1892 sororem
3098 1829 3343 1911 MoysiS,
3377 1829 3548 1893 filios
3592 1848 3847 1911 quoque
3881 1830 3975 1891 Is·
4008 1816 4249 1925 “gum

2481 1926 2608 1987 rael
2653 1926 2717 1988 in
2762 1928 3031 2003 deserto,
3077 1936 3145 1990 ut
3184 1928 3385 2011 aliqui
3430 1928 3671 1990 dicunt.
3712 1927 3967 2003 Quinto,
4006 1942 4123 1981 Μῦ-

2480 2032 2741 2106 propter
2796 2026 2996 2087 nimia
3056 2026 3315 2103 scelera,
3375 2034 3445 2088 ut
3498 2026 3712 2089 futura
3774 2035 3971 2108 atque

2477 2129 2711 2185 aeterna
2766 2142 2956 2206 poena
3015 2123 3080 2186 in
3150 2125 3441 2206 praesenti
3500 2126 3973 2207 quodammodo

2480 2220 2815 2285 inchoetur
2859 2242 2872 2285 :
2928 2230 2997 2284 ut
3054 2222 3458 2299 Antiochum,
3514 2231 3578 2285 et
3632 2223 3969 2297 Herodem,
4004 2244 4245 2292 numan,

2480 2318 2852 2394 SodomitaS,
2889 2320 3126 2383 Dathan
3170 2328 3233 2383 et
3272 2322 3512 2385 Abiron
3556 2330 3619 2384 et
3656 2322 3828 2385 Core.
3860 2322 3975 2384 Se—
4004 2310 4249 2413 {2¹¹⁸2‘3m·

2480 2427 2606 2493 xto,
2670 2427 2928 2501 propter
2986 2419 3187 2483 divini
3246 2420 3495 2484 consilii
3553 2421 3975 2503 dispensatio-
4044 2402 4247 2479 o‘m'm.

2480 2535 2650 2591 nem,
2700 2519 2777 2580 ad
2826 2517 3341 2582 satisfaciendum
3392 2539 3505 2602 pro
3550 2520 3693 2582 aliis
3735 2538 3749 2583 :
3800 2519 3977 2581 sicut
4008 2498 4162 2602 ’ᾗὲᾆῖ
4182 2498 4249 2599 ,³⁵¹

2478 2613 2820 2689 Christum,
2862 2615 3041 2697 juxta
3091 2616 3248 2678 illud
3295 2617 3491 2697 lsaiae,
3530 2616 3789 2700 Propter
3832 2635 3975 2679 sce—
4010 2623 4243 2671 ΜΞΝ-33·

2477 2712 2577 2775 lus
2621 2714 2843 2796 populi
2888 2714 3013 2776 mei
3058 2715 3341 2796 percussi
3385 2733 3553 2777 eum.
4032 2685 4239 2727 ¹²⁰¹*

2578 2816 2682 2873 Me
2727 2822 2992 2890 oportet,
3034 2831 3161 2877 non
3205 2813 3421 2895 aliqua
3468 2814 3810 2889 coactione,
3853 2816 3971 2877 sed
4118 2820 4155 2875 4

2477 2928 2703 2992 magna
2745 2912 3017 2974 utilitate
3072 2919 3263 2993 atque
3321 2913 3633 2975 immobili
3692 2914 3975 2996 compla-

876 3016 1127 3071 verunt.
1170 3012 1300 3071 Sed
1350 3017 1420 3069 ut
1468 3009 1972 3086 manifestentur
2012 3029 2205 3087 opera
2244 3012 2367 3069 Dei
2402 3009 2447 3072 C
2476 3010 2701 3083 centia,
2734 3017 2795 3071 et
2835 3018 3093 3091 propter
3131 3011 3571 3074 invariabilem
3612 3011 3977 3094 dispositio-

871 3108 944 3167 in
995 3108 1137 3177 illo,
1179 3107 1243 3169 id
1292 3114 1409 3180 est,
1453 3107 1593 3170 ideo
1643 3114 1825 3169 natus
1875 3114 1971 3168 est
2017 3126 2245 3182 caecuS,
2300 3114 2366 3169 ut

872 3205 1250 3269 miraculosa
1277 3224 1471 3287 opera
1506 3225 1543 3268 a
1582 3224 1684 3267 me
1714 3206 1779 3267 in
1810 3224 1885 3269 co
1915 3204 2094 3281 fiant,
2127 3207 2206 3268 ad
2238 3225 2369 3267 ma-

872 3303 1340 3367 nifestationem
1399 3303 1633 3368 divinae
1691 3304 1988 3385 potentiae
2044 3311 2236 3385 atque
2288 3305 2367 3367 ad

869 3404 1136 3484 gloriam
1196 3403 1527 3466 Creatoris.
1583 3402 1764 3465 Ponit
1819 3410 2030 3464 autem
2084 3402 2368 3465 Salvator

873 3502 1120 3584 plurale
1159 3520 1274 3583 pro
1313 3501 1641 3582 singulari,
1676 3499 1828 3582 quia
1866 3519 1980 3582 per
2009 3519 2201 3583 opera
2230 3502 2363 3577 Dei,

871 3601 1159 3681 designat
1219 3599 1766 3683 supernaturalem
1831 3600 2366 3663 illuminationem

872 3699 1021 3762 caeci
1073 3699 1278 3761 istius.
1332 3698 1440 3761 Vel
1493 3706 1699 3781 potest
1746 3697 2078 3780 pluraliter
2133 3698 2363 3781 accipi,

871 3798 1283 3879 intelligendo
1342 3815 1455 3879 per
1512 3816 1706 3879 opera
1763 3796 1892 3871 Dei,
1952 3797 2167 3860 omnia
2223 3815 2367 3879 quae

870 3897 946 3959 ad
997 3896 1532 3959 illuminationem
1593 3896 1785 3977 hujus
1832 3897 1980 3959 caeci
2031 3914 2367 3959 concurre—

871 3996 1046 4069 bant,
1090 3995 1387 4057 videlicet
1432 3993 1789 4057 linitionem
1839 3994 2172 4058 oculorum
2225 3994 2365 4075 ejus

872 4112 950 4156 ex
995 4101 1202 4175 sputo,
1238 4101 1358 4155 etc.

2476 3126 2623 3170 nem
2671 3108 3086 3171 ordinationis
3145 3109 3397 3184 divinae,
3448 3128 3487 3171 a
3531 3128 3660 3191 qua
3716 3111 3977 3173 deviare

2478 3226 2604 3270 non
2656 3226 2938 3289 possum,
2974 3210 3235 3286 operari
3280 3228 3473 3287 opera
3522 3211 3663 3286 ejus
3704 3212 3822 3291 qui
3868 3232 3977 3272 me

2476 3308 2676 3377 misit,
2717 3306 2837 3369 hoc
2884 3314 2979 3368 est
3026 3324 3221 3388 opera
3265 3306 3369 3367 Dei
3418 3306 3615 3369 Patris
3662 3326 3805 3389 quae
3853 3327 3979 3390 per

2478 3422 2580 3465 me
2609 3402 2751 3465 fieri
2782 3404 3083 3479 decrevit,
3119 3424 3262 3486 quae
3290 3406 3665 3468 ordinantur
3695 3407 3791 3469 vel
3826 3425 3976 3488 per-

2476 3501 2681 3563 tinent
2737 3504 2813 3564 ad
2872 3503 3136 3565 humani
3192 3504 3441 3583 generis
3498 3504 3971 3580 liberationem,

2478 3600 2774 3663 videlicet
2830 3602 3010 3682 signa
3066 3621 3180 3683 per
3228 3621 3371 3683 quae
3417 3603 3709 3666 homines
3756 3603 3977 3666 sciunt

2478 3717 2580 3761 me
2636 3717 2773 3762 esse
2818 3699 3051 3762 Filium
3100 3700 3207 3762 Dei
3269 3710 3333 3763 et
3388 3710 3845 3764 convertuntur
3886 3704 3975 3765 ad

2478 3817 2601 3873 mc,
2655 3806 2862 3860 cetera
2908 3817 3167 3881 quoque
3214 3818 3406 3881 opera
3453 3808 3668 3862 sancta
3726 3810 3789 3863 et
3838 3802 3973 3863 vir-

2478 3904 2657 3960 tuosa
2700 3916 2844 3978 quae
2888 3916 3002 3980 pro
3046 3906 3259 3962 nostra
3301 3898 3503 3960 salute
3544 3898 3831 3962 Christus
3876 3900 3978 3963 fe-

2478 3995 2583 4069 cit,
2630 3996 2937 4075 docendo,
2980 3997 3238 4069 orando,
3287 3996 3721 4062 discurrendo.
3764 3998 3973 4082 Opera

2475 4102 2685 4156 autem
2736 4094 3137 4170 miraculosa,
3185 4105 3335 4158 sunt
3379 4114 3571 4178 opera
3618 4097 3813 4161 Patris
3863 4100 3970 4162 vel

914 4220 918 4224 ·
953 4191 1256 4273 Denique,
1293 4191 1643 4253 secundum
1684 4192 1969 4253 doctores
2009 4208 2119 4253 sex
2159 4192 2363 4254 modis
2400 4194 2448 4257 D
2478 4191 2822 4268 Trinitatis,
2847 4200 3147 4274 tanquam
3186 4194 3557 4277 principalis
3586 4197 3817 4259 actoris
3844 4216 3859 4259 :
3886 4198 3971 4261 de

869 4289 1149 4372 flagellat
1186 4289 1489 4353 Dominus
1528 4289 1852 4351 hominem
1898 4308 1912 4351 ε
1955 4288 2185 4364 Primo,
2222 4309 2365 4372 pro-

871 4396 1012 4472 pter
1040 4389 1413 4451 meritorum
1443 4395 1874 4468 augmentum,
1910 4395 1972 4448 et
2000 4389 2077 4449 ad
2109 4388 2361 4451 virtutis

871 4488 1308 4571 probationem
1357 4504 1469 4549 seu
1511 4484 2107 4561 manifestationem,
2141 4506 2365 4569 quem-

583 4608 690 4653 Ὶοὸ.
710 4622 756 4661 ιι,
775 4610 840 4651 ¹2.
869 4587 1211 4650 admodum
1239 4584 1352 4648 Job
1383 4592 1446 4646 et
1475 4584 1733 4647 Tobiam
1760 4602 1773 4645 :
1809 4585 2161 4646 secundum
2191 4588 2361 4667 quod

624 4707 710 4751 ,τοὺ
728 4720 841 4756 um.
870 4684 983 4748 Job
1031 4684 1140 4759 ait,
1184 4682 1476 4747 Probavit
1527 4700 1629 4744 me
1671 4681 1974 4745 Dominus
2023 4684 2205 4763 quasi
2254 4703 2365 4746 au-

581 4772 647 4814 ¹⁰·
873 4802 1016 4844 rum
1065 4782 1236 4863 quod
1287 4798 1400 4861 per
1456 4780 1667 4860 ignem
1726 4779 1995 4858 transit3
2043 4786 2106 4840 et
2154 4779 2364 4844 Tobiae

582 4904 841 4955 ruamus.
871 4880 1126 4955 dicitur,
1177 4878 1331 4953 Quia
1379 4886 1674 4960 acceptus
1723 4894 1860 4938 eras
1908 4877 2054 4951 Dee,
2107 4896 2365 4941 necesse

872 4979 996 5042 fuit
1032 4987 1103 5041 ut
1142 4978 1402 5041 tentatio
1442 4977 1740 5059 probaret
1773 4984 1854 5038 te.
1889 4976 2201 5051 Secundo,
2227 4997 2366 5059 pro-

874 5088 1015 5162 pter
1065 5078 1372 5142 virtutum
1430 5075 1990 5159 spiritualiumque
2048 5075 2360 5138 bonorum

873 5178 1245 5251 custodiam,
1309 5194 1388 5237 ne
1446 5182 1706 5258 propter
1762 5174 2128 5257 superbiam
2184 5174 2367 5237 amit-

577 5293 842 5347 uem-ana.
871 5284 1086 5340 tantur
1145 5294 1158 5339 ε
1221 5282 1294 5336 ut
1348 5274 1634 5349 Paulum,
1684 5272 1797 5356 qui
1854 5272 2216 5357 profitetur,
2278 5272 2366 5335 Ne

2478 4310 2607 4371 quo
2656 4298 2963 4366 cantatur,
3019 4290 3391 4355 Benedictus
3444 4292 3747 4357 Dominus
3799 4296 3969 4359 Deus
4001 4315 4237 4359 pausus.

2476 4390 2686 4465 Israel,
2733 4391 2845 4471 qui
2896 4390 3046 4452 facit
3092 4390 3411 4453 mirabilia
3456 4392 3651 4455 solus.
3698 4392 3774 4456 Et
3816 4406 3971 4458 sunt

2476 4506 2668 4570 opera
2725 4487 2953 4550 Christi
3011 4489 3311 4564 hominis,
3370 4496 3670 4571 tanquam
3731 4492 3973 4555 instru-

2477 4587 2835 4649 mentaliter
2888 4587 3316 4669 exsequentis.
3370 4588 3542 4651 Unde
3589 4589 3759 4651 infra
3804 4591 3892 4653 ait
3946 4611 3963 4655 ε

2475 4685 2653 4747 Pater
2684 4686 2748 4747 in
2780 4703 2882 4747 me
2908 4703 3193 4760 manens,
3231 4686 3367 4769 ipse
3406 4686 3557 4749 facit
3592 4706 3806 4770 opera.
3841 4692 3970 4750 Do-
3996 4710 4235 4754 Jonas-m.

2473 4804 2587 4845 nec
2620 4786 2759 4844 dies
2797 4794 2911 4853 esc,
2942 4783 3061 4846 hoc
3101 4791 3217 4858 est,
3251 4785 3557 4866 quamdiu
3607 4786 3671 4848 in
3722 4790 3968 4852 mundo
4002 4778 4069 4816 ¹⁰·

2474 4881 2813 4944 visibiliter
2844 4900 3087 4957 maneO,
3123 4901 3269 4944 cum
3309 4883 3679 4946 hominibus
3708 4904 3969 4949 conver-

2472 4978 2689 5040 sando.
2724 4976 3265 5049 Quemadmodum
3308 4979 3480 5042 enim
3530 4980 3621 5044 sol
3673 4982 3970 5044 materia-—

2472 5076 2551 5138 lis
2594 5096 2707 5138 sua
2751 5076 3088 5159 praesentia
3130 5083 3343 5139 causat
3384 5078 3573 5153 diem,
3606 5086 3670 5141 et
3706 5099 3822 5142 sua
3856 5081 3971 5143 ab—

2473 5174 2675 5237 sentia
2714 5182 2985 5249 noctem,
3023 5175 3115 5236 sic
3154 5174 3437 5238 Christus
3482 5178 3969 5257 praesentialiter

2476 5272 2837 5337 exsistendo
2886 5272 2952 5334 in
3013 5274 3251 5337 mundo
3299 5273 3364 5336 in
3414 5274 3807 5339 humanitate
3864 5298 3967 5340 as·-
