4300 6259
143 1679 208 1734 67

80 2681 170 2724 Luc.
187 2695 252 2730 xx.
267 2683 306 2724 t.

94 2781 196 2824 leid.
217 2785 280 2824 «Η.

149 3551 212 3606 69

1111 521 1466 570 mumulo
1509 521 1574 568 m
1615 521 1754 568 cAP.
1801 522 1932 568 xxu
1973 522 2162 570 LUCAE.
2208 543 2289 554 —
2328 525 2471 572 ΛΒΤ.
2518 526 2705 572 xmnn

3332 511 3457 575 229

421 694 516 753 Ec
553 701 628 752 uc
665 691 880 767 factus
905 703 996 754 est
1032 695 1192 764 dies,
1226 693 1472 755 scilicet
1511 694 1680 756 claro
1719 711 1850 755 ma·
1881 692 1931 754 Α
1960 694 2349 775 optimorum
2399 696 2713 759 bonorum
2774 697 3001 779 ipsiuS,
3055 706 3116 760 et
3162 698 3459 763 beatifica

338 807 444 862 ne,
497 801 936 852 convenerunt
975 793 1254 852 seniores
1293 794 1524 868 plebis,
1564 801 1624 852 et
1657 794 1852 869 prin-

334 889 518 966 cipes
558 892 962 950 sacerdotum
1009 899 1068 949 et
1111 893 1381 960 Scribae,
1417 900 1476 950 et
1515 894 1850 951 duxerunt

335 988 540 1046 illum
595 988 668 1047 in
707 989 1058 1048 concilium
1104 1009 1324 1058 suum,
1365 989 1429 1051 id
1478 998 1595 1064 est,
1637 1007 1848 1052 coram

337 1101 406 1146 se
463 1085 838 1166 praesentari
886 1085 1238 1165 jusserunt,
1280 1089 1562 1148 dicentes
1595 1108 1620 1151 .·
1649 1089 1730 1148 Si
1779 1097 1848 1147 eu

333 1203 399 1242 es
445 1185 767 1254 Christus,
802 1187 914 1245 dic
951 1187 1134 1245 nobis
1183 1185 1414 1267 palam.
1455 1186 1672 1267 Itaque
1717 1186 1849 1266 Jam

337 1282 566 1364 plures
597 1291 1036 1345 convenerunt
1073 1303 1265 1365 quam
1299 1285 1362 1346 in
1397 1293 1603 1365 nocte,
1634 1292 1695 1346 et
1724 1286 1851 1347 An·-

338 1401 457 1442 nas
497 1381 630 1462 jam
661 1380 906 1460 adsuit3
951 1382 1173 1464 sicque
1202 1383 1621 1464 quaestionem
1652 1403 1688 1445 a
1718 1384 1851 1447 Cai-

339 1479 472 1561 pha
501 1487 653 1541 ante
683 1481 1088 1562 propositam,
1110 1501 1281 1544 nunc
1310 1501 1520 1545 coram
1551 1482 1850 1546 omnibus

340 1579 766 1660 repetierunt,
819 1587 890 1640 ut
937 1581 1152 1642 audita
1207 1579 1438 1644 Christi
1499 1581 1850 1664 responsio-

339 1695 446 1747 ne,
511 1695 659 1738 eum
723 1678 1114 1740 unanimiter
1170 1685 1566 1742 accusarent.
1624 1683 1704 1742 Ec
1754 1682 1850 1741 ait

339 1777 486 1862 ἐμὼ·
523 1797 546 1835 .·
589 1777 672 1836 Si
711 1777 888 1836 vobis
930 1779 1158 1838 dixero
1209 1777 1560 1852 veritatem,
1609 1778 1851 1840 scilicet

1959 793 2112 856 unio
2172 811 2389 855 secum
2453 794 2793 876 praecipua.
2858 794 3141 858 Christus
3200 815 3459 879 quoque

1958 893 2311 953 secundum
2344 892 2764 966 divinitatem,
2798 894 3180 956 aeternaliter
3218 897 3395 958 sedet
3422 914 3460 957 a

1959 990 2197 1051 dextris
2237 989 2455 1060 Patris,
2489 998 2551 1053 et
2590 991 2654 1053 in
2688 1010 2835 1054 vera
2874 993 3230 1074 aequalitate
3259 1001 3323 1056 et
3358 1011 3459 1056 ea-

1961 1088 2104 1148 dem
2146 1089 2475 1170 majestate
2518 1108 2664 1151 cum
2710 1089 2848 1171 ipso
2890 1091 3183 1172 quiescit.

2039 1189 2367 1248 Dixerunt
2396 1199 2613 1248 autem
2642 1207 2876 1250 omnes.
2911 1189 3250 1271 Aliquibus
3281 1191 3453 1254 enim

1959 1283 2341 1360 dicentibuS,
2395 1287 2587 1348 ceteri
2637 1295 3114 1350 consenserunt.
3171 1292 3263 1351 Tu
3307 1310 3454 1368 erqo

1957 1403 2020 1442 es
2066 1385 2285 1444 Filius
2332 1387 2505 1446 Dei?
2552 1383 2847 1448 Sciebant
2902 1387 3073 1448 enim
3132 1405 3209 1450 ex
3261 1389 3455 1451 modo

1959 1482 2263 1563 loquendi
2294 1482 2548 1558 Christi,
2574 1486 2742 1565 quod
2776 1503 2892 1566 per
2920 1485 3192 1548 hominis
3224 1485 3453 1548 Filium

1961 1589 2207 1642 notaret
2253 1599 2319 1642 se
2368 1581 2603 1663 ipsum.
2656 1581 2732 1643 Et
2784 1583 3088 1664 quoniam
3147 1582 3307 1646 dixit
3363 1583 3456 1647 Fi-

1959 1679 2119 1740 lium
2179 1679 2457 1742 hominis
2516 1699 2839 1744 sessurum
2886 1683 2966 1744 ad
3014 1683 3297 1745 dextram
3349 1682 3455 1745 Pa·

1960 1777 2095 1852 triS,
2141 1778 2312 1860 quod
2363 1779 2621 1860 proprie
2667 1781 2967 1843 convenit
3008 1780 3253 1844 Christo
3294 1781 3453 1845 Filio

3588 1198 3661 1256 *10

338 1891 484 1935 esse
525 1892 630 1935 me
671 1873 1015 1948 Christum,
1049 1895 1178 1936 non
1209 1879 1478 1936 credetis
1509 1879 1696 1949 mihi,
1729 1877 1852 1939 sic·
1889 1877 1934 1938 B
1959 1877 2090 1952 Dei,
2140 1877 2322 1957 juxta
2379 1877 2561 1952 illud,
2617 1877 2781 1940 Dixit
2839 1878 3139 1942 Dominus
3190 1879 3453 1943 Domino
3506 1894 3745 1946 Pmoun

338 1979 410 2032 ut
455 1990 578 2033 nec
621 1979 766 2034 ante
810 1972 970 2034 mihi
1017 1974 1398 2048 credidistiS,
1442 1976 1695 2057 quando
1735 1993 1849 2057 per

339 2070 550 2132 multa
611 2070 919 2133 miracula
983 2071 1249 2153 probavi
1313 2092 1418 2136 me
1479 2091 1616 2136 esse
1673 2074 1851 2137 Chri-

337 2177 510 2230 stum
530 2188 545 2231 :
565 2169 721 2250 quia
749 2188 874 2232 non
907 2171 986 2232 ad
1015 2171 1400 2234 credendum
1431 2181 1494 2234 et
1526 2171 1852 2254 proficien-

338 2268 514 2338 dum,
537 2268 650 2330 sed
679 2268 758 2329 ad
789 2268 1311 2331 calumniandum
1341 2277 1402 2330 et
1431 2271 1850 2332 accusandum

337 2383 444 2426 me
505 2365 932 2445 interrogatis
977 2368 1059 2428 Si
1107 2376 1323 2427 autem
1373 2368 1852 2444 interroyavero

339 2482 478 2538 VOS,
515 2484 648 2524 non
691 2466 1152 2540 respondebitis
1189 2467 1377 2525 mihi.
1423 2465 1549 2528 Hoc
1591 2465 1680 2527 ait
1728 2464 1852 2528 Sal·

339 2569 545 2634 vator,
581 2562 698 2643 qui
738 2562 872 2642 ,iam
913 2569 1059 2624 ante
1100 2562 1512 2643 interrogavit
1553 2565 1632 2626 de
1671 2564 1854 2628 Joan-

339 2661 442 2723 nis
507 2661 852 2743 baptismo,
908 2680 988 2723 an
1047 2668 1214 2724 esset
1267 2663 1348 2724 de
1404 2663 1586 2737 coelo,
1637 2682 1715 2725 an
1774 2683 1851 2726 ex

338 2759 721 2824 hominibus
747 2779 764 2839 3
799 2759 952 2822 item
984 2760 1062 2822 de
1090 2759 1362 2834 Christ0‚
1398 2763 1716 2842 quomodo
1746 2761 1855 2824 Da-

338 2858 448 2922 vid
495 2865 682 2922 vocet
727 2877 874 2921 eum
925 2857 1265 2922 Dominum
1316 2878 1527 2934 suum,
1573 2860 1625 2921 si
1674 2860 1852 2922 filius

337 2957 484 3039 ejus
517 2965 616 3020 est
648 2976 664 3019 ε
699 2965 763 3019 et
792 2975 918 3020 non
960 2959 1428 3039 responderunt
1464 2960 1545 3021 ad
1578 2959 1717 3034 ista,
1753 2960 1852 3022 vel

1959 1995 2122 2050 meo,
2178 1975 2337 2038 Sede
2384 1996 2421 2037 a
2467 1977 2703 2038 dextris
2752 1977 2953 2058 meis3
3004 1978 3455 2041 concluserunt
3479 1964 3751 2071 fflm³¹¹⁸⁹

1958 2076 2129 2155 quod
2166 2074 2346 2136 Jesus
2386 2093 2453 2136 se
2492 2074 2597 2136 Dei
2640 2074 2868 2137 Filium
2916 2075 3290 2139 affirmaret.
3328 2079 3457 2148 Qui

1959 2175 2056 2234 ait
2085 2193 2110 2232 .·
2137 2175 2244 2234 Vos
2280 2175 2501 2234 dicitis
2529 2176 2699 2255 quod
2740 2193 2963 2237 verum
3002 2183 3119 2250 est,
3152 2179 3309 2256 quia
3344 2197 3455 2255 eyo

1958 2291 2104 2331 sum
2153 2270 2349 2333 Filius
2399 2272 2532 2333 Dei.
2576 2275 2664 2334 At
2712 2275 2821 2333 ieci
2866 2275 3180 2335 dixerunt
3219 2295 3243 2335 .·
3287 2277 3458 2344 Quid

1959 2373 2177 2429 adhuc
2198 2371 2637 2431 desideramus
2668 2373 3106 2432 testimonium
3134 2380 3352 2434 eontra
3380 2372 3459 2435 is-

1961 2474 2122 2541 tum,
2156 2486 2285 2548 quo
2316 2467 2537 2530 mortis
2569 2485 2713 2530 reus
2746 2469 3093 2551 probetur?
3116 2471 3256 2547 Ipsi
3283 2472 3459 2532 enim

1961 2568 2343 2626 audivimus
2369 2569 2450 2627 de
2486 2587 2592 2628 ore
2628 2569 2794 2645 ejuS,
2820 2569 2993 2649 quod
3032 2586 3100 2629 se
3140 2567 3458 2631 Christum

1961 2664 2069 2726 Dei
2119 2663 2351 2726 Filium
2403 2665 2774 2728 nominavit.
2808 2666 2939 2728 Imo
2982 2666 3225 2748 utique,
3270 2674 3342 2728 ut
3382 2685 3460 2730 ex

1963 2762 2293 2843 evangelio
2318 2762 2573 2824 Ioannis
2612 2763 2985 2834 ostenditur,
3025 2764 3144 2827 hoc
3175 2764 3460 2828 Christus

1963 2860 2335 2943 frequenter
2382 2880 2454 2923 ac
2504 2861 2830 2923 evidenter
2876 2870 3023 2924 ante
3071 2862 3243 2924 hunc
3291 2862 3458 2925 diem

1967 2965 2346 3041 protestatus
2396 2967 2492 3021 est
2538 2959 2652 3034 eiS,
2708 2959 2919 3022 verbis
2967 2967 3029 3021 et
3083 2960 3461 3024 testimoniis

3590 2277 3657 2333 71

339 3074 419 3118 ex
465 3055 848 3137 ignorantia,
884 3056 984 3117 vel
1029 3073 1110 3117 ne
1153 3056 1360 3137 plebis
1401 3056 1715 3121 offensam
1761 3059 1856 3120 in-
1893 3055 1936 3118 C
1965 3057 2436 3140 Scripturarum
2496 3064 2687 3139 atque
2744 3057 3093 3140 miraculiS,
3147 3059 3233 3120 ita
3290 3060 3458 3141 quod

339 3163 702 3228 currerent,
745 3161 854 3216 aut
903 3154 1437 3235 redarguerentur
1483 3174 1556 3218 ac
1599 3157 1856 3220 convin-

340 3261 648 3315 cerentur
691 3271 729 3314 a
770 3251 1062 3333 Christ03
1109 3253 1274 3315 sicut
1319 3260 1382 3315 et
1423 3255 1633 3329 modo,
1675 3255 1730 3316 si
1777 3257 1855 3318 ad

341 3351 580 3414 Christi
615 3350 1174 3431 interrogationem
1206 3352 1702 3433 respondissent.
1723 3355 1856 3416 Nec

337 3451 698 3511 dimittetis
731 3449 908 3511 abire
950 3456 1020 3512 ut
1061 3449 1489 3525 innocentem,
1521 3470 1723 3532 quum
1763 3458 1853 3512 ta-

341 3568 492 3611 men
539 3548 666 3611 sim
709 3547 1038 3611 innocens·
1071 3551 1180 3610 Ex
1207 3552 1324 3610 lzoe
1351 3559 1591 3622 aulem,
1626 3551 1689 3613 id
1733 3557 1847 3624 est,

340 3657 488 3731 post
519 3657 780 3730 tempus
821 3648 1014 3722 istud,
1047 3649 1174 3709 erit
1201 3649 1422 3709 Filius
1451 3649 1734 3709 hominis
1761 3669 1854 3708 se-

335 3750 499 3806 dens
537 3767 582 3807 a
621 3749 874 3807 dextris
915 3749 1179 3807 virtutis
1209 3747 1358 3816 Dei,
1388 3747 1452 3808 id
1495 3755 1592 3808 est
1633 3747 1698 3809 in
1744 3766 1851 3829 po-

337 3844 620 3908 tioribus
657 3844 846 3907 bonis
884 3844 992 3906 Dei
1035 3843 1255 3906 Patris.
1297 3844 1470 3917 Quod
1515 3845 1850 3927 impletum

338 3951 456 4016 est,
519 3962 728 4024 quum
789 3943 856 4004 in
915 3943 1288 4006 ascensione
1345 3963 1609 4026 corpore
1663 3944 1855 4025 glori-

335 4041 536 4104 ficato
585 4040 874 4103 ascendit
919 4042 999 4103 ad
1048 4041 1283 4103 coelum
1342 4058 1740 4124 empyreum,
1791 4051 1854 4104 et

341 4139 697 4221 perfectam
749 4138 1209 4201 beatitudinem
1269 4141 1620 4202 secundum
1671 4160 1848 4203 suam

1967 3158 2224 3219 credere
2254 3156 2654 3218 tenebantur.
2680 3155 2854 3218 Unde
2886 3175 3059 3219 nune
3093 3157 3290 3239 impie
3321 3175 3464 3221 con-

1964 3256 2313 3328 cluserunt,
2374 3255 2547 3336 quod
2602 3255 2743 3317 ideo
2802 3261 3069 3318 mortem
3131 3274 3462 3338 promeru-

1963 3353 2116 3415 isset
2166 3352 2318 3434 quia
2376 3369 2515 3414 esse
2564 3370 2633 3414 se
2682 3352 2998 3416 Christum
3063 3352 3169 3415 Dei
3229 3352 3459 3415 Filium

1963 3451 2292 3526 consessus
2336 3450 2479 3512 suit.

2042 3549 2252 3625 Porro,
2295 3549 2495 3631 aliqui
2545 3556 2770 3631 putant
2818 3549 2981 3611 hanc
3030 3547 3259 3610 Christi
3309 3567 3454 3611 exa-

1960 3647 2376 3710 minationem
2416 3655 2483 3708 et
2519 3645 3073 3727 interrogationem
3119 3664 3257 3708 esse
3293 3665 3457 3709 eam-

1963 3748 2106 3808 dem
2146 3746 2225 3808 de
2264 3765 2392 3828 qua
2435 3744 2758 3807 Matthaeus
2798 3752 2862 3806 et
2896 3742 3137 3806 Marcus
3184 3745 3455 3826 loquun-
3535 3760 3706 3804 Μαιειι.

1961 3851 2086 3917 tur,
2141 3852 2212 3905 ut
2267 3850 2503 3905 tactum
2562 3849 2678 3904 est.
2730 3841 2849 3903 Sed
2898 3841 3156 3904 obviare
3206 3842 3456 3904 videtur
3479 3825 3748 3941 :Z'sszrss‘

1961 3941 2131 4023 quod
2179 3940 2523 4015 MatthaeuS,
2572 3939 3033 4002 examinatione
3080 3946 3143 4001 et
3190 3939 3455 4003 interro-
3481 3961 3568 3999 m,
3597 3951 3649 3990 ⁵⁵
3676 3953 3721 3992 et

1958 4040 2212 4121 gatione
2250 4039 2361 4101 illa
2402 4039 2760 4120 descriptiS,
2806 4037 3101 4100 similiter
3143 4037 3307 4100 Petri
3346 4055 3455 4100 ne-
3480 4023 3574 4068 ἠ’

1958 4140 2231 4220 gatione,
2276 4145 2339 4200 et
2386 4136 2615 4201 Christi
2669 4137 3000 4206 velatione,
3046 4136 3454 4218 percussione

339 4236 811 4299 humanitatem
879 4237 1139 4300 sortitus
1206 4245 1322 4310 est,
1385 4239 1574 4300 etiam
1644 4240 1852 4319 quoad
1887 4234 1931 4294 Ῐ)
1962 4247 2023 4300 et
2072 4238 2577 4319 consputatione,
2630 4236 2783 4318 quia
2831 4254 2899 4298 se
2946 4235 3264 4298 Christum
3316 4254 3454 4299 esse

342 4336 688 4418 praemium
717 4335 1106 4397 accidentale
1131 4355 1147 4416 ;
1189 4337 1256 4397 in
1286 4336 1607 4398 essentiali
1639 4344 1850 4398 autem

341 4432 614 4516 praemio
653 4452 780 4496 non
811 4432 1103 4515 profecit,
1138 4435 1249 4496 sed
1278 4434 1357 4496 ab
1399 4433 1848 4497 incarnationis

342 4531 675 4614 principio
705 4530 828 4592 suit
858 4532 922 4593 in
955 4531 1065 4594 illo
1096 4531 1682 4614 perfectu3.1taque
1712 4533 1852 4594 dex-

342 4639 480 4693 tera
541 4629 654 4691 Dei
703 4629 1121 4711 spiritualiter
1179 4631 1578 4711 intelligitur,
1631 4630 1851 4693 fruitio

1961 4344 2223 4401 testatus
2268 4335 2408 4410 suit,
2454 4335 2810 4417 descriptis,
2852 4335 2940 4396 ait
2973 4353 2987 4397 ε
3020 4332 3195 4397 Mane
3241 4343 3452 4397 autem
3536 4359 3703 4402 Mami.

1961 4436 2146 4510 sacto,
2184 4435 2521 4499 consilium
2564 4434 2845 4496 inierunt
2882 4451 3100 4496 omnes
3134 4432 3455 4516 principes
3483 4425 3745 4534 mxiv]

1963 4535 2359 4597 sacerdotum
2415 4541 2479 4595 et
2536 4532 2815 4594 seniores
2873 4531 3095 4613 populi
3152 4533 3455 4595 adversus

1959 4634 2195 4708 Iesum,
2231 4639 2301 4694 ut
2344 4649 2489 4693 eum
2534 4629 2719 4694 morti
2764 4631 3102 4693 traderent.
