<?xml version="1.0" encoding="UTF-8"?>
<!DOCTYPE html PUBLIC "-//W3C//DTD XHTML 1.0 Transitional//EN"
    "http://www.w3.org/TR/xhtml1/DTD/xhtml1-transitional.dtd">
<html xmlns="http://www.w3.org/1999/xhtml" xml:lang="en" lang="en">
 <head>
  <title>
</title>
<meta http-equiv="Content-Type" content="text/html;charset=utf-8" />
  <meta name='ocr-system' content='tesseract 3.04.00' />
  <meta name='ocr-capabilities' content='ocr_page ocr_carea ocr_par ocr_line ocrx_word'/>
</head>
<body>
  <div class='ocr_page' id='page_1' title='image "./doctorisecstati09unkngoog_0194.png"; bbox 0 0 4300 6259; ppageno 0'>
   <div class='ocr_carea' id='block_1_1' title="bbox 591 2355 852 2463">
    <p class='ocr_par' dir='ltr' id='par_1_1' title="bbox 591 2355 852 2463">
     <span class='ocr_line' id='line_1_1' title="bbox 617 2355 852 2408; baseline -0.004 -9"><span class='ocrx_word' id='word_1_1' title='bbox 617 2355 789 2399; x_wconf 64' lang='lat' dir='ltr'><strong>Manli.</strong></span> <span class='ocrx_word' id='word_1_2' title='bbox 810 2370 852 2408; x_wconf 87' lang='lat' dir='ltr'><strong>x,</strong></span> 
     </span>
     <span class='ocr_line' id='line_1_2' title="bbox 591 2421 659 2463; baseline 0.059 -4"><span class='ocrx_word' id='word_1_3' title='bbox 591 2421 659 2463; x_wconf 77' lang='grc'><strong>39.</strong></span> 
     </span>
    </p>
   </div>
   <div class='ocr_carea' id='block_1_2' title="bbox 602 2649 836 2694">
    <p class='ocr_par' dir='ltr' id='par_1_2' title="bbox 602 2649 836 2694">
     <span class='ocr_line' id='line_1_3' title="bbox 602 2649 836 2694; baseline 0 -2"><span class='ocrx_word' id='word_1_4' title='bbox 602 2649 765 2694; x_wconf 64' lang='lat' dir='ltr'><strong>amn.</strong></span> <span class='ocrx_word' id='word_1_5' title='bbox 783 2664 836 2693; x_wconf 82' lang='lat' dir='ltr'><strong>xn</strong></span> 
     </span>
    </p>
   </div>
   <div class='ocr_carea' id='block_1_3' title="bbox 585 3736 848 3842">
    <p class='ocr_par' dir='ltr' id='par_1_3' title="bbox 585 3736 848 3842">
     <span class='ocr_line' id='line_1_4' title="bbox 585 3736 848 3842; baseline 0.004 -62"><span class='ocrx_word' id='word_1_6' title='bbox 585 3736 780 3842; x_wconf 58' lang='lat' dir='ltr'><strong>¹loff&#39;lum.</strong></span> <span class='ocrx_word' id='word_1_7' title='bbox 792 3752 830 3781; x_wconf 72' lang='grc' dir='ltr'><strong>ιν</strong></span> <span class='ocrx_word' id='word_1_8' title='bbox 837 3771 848 3791; x_wconf 85' lang='grc'>,</span> 
     </span>
    </p>
   </div>
   <div class='ocr_carea' id='block_1_4' title="bbox 900 482 1019 546">
    <p class='ocr_par' dir='ltr' id='par_1_4' title="bbox 900 482 1019 546">
     <span class='ocr_line' id='line_1_5' title="bbox 900 482 1019 546; baseline 0.008 -1"><span class='ocrx_word' id='word_1_9' title='bbox 900 482 1019 546; x_wconf 78' lang='lat'><strong>142</strong></span> 
     </span>
    </p>
   </div>
   <div class='ocr_carea' id='block_1_5' title="bbox 1719 503 3194 553">
    <p class='ocr_par' dir='ltr' id='par_1_5' title="bbox 1719 503 3194 553">
     <span class='ocr_line' id='line_1_6' title="bbox 1719 503 3194 553; baseline 0.002 -3"><span class='ocrx_word' id='word_1_10' title='bbox 1719 503 2068 552; x_wconf 60' lang='lat' dir='ltr'><strong>manuario</strong></span> <span class='ocrx_word' id='word_1_11' title='bbox 2111 503 2177 550; x_wconf 81' lang='lat' dir='ltr'><strong>m</strong></span> <span class='ocrx_word' id='word_1_12' title='bbox 2216 503 2355 550; x_wconf 67' lang='lat' dir='ltr'><strong>cAP.</strong></span> <span class='ocrx_word' id='word_1_13' title='bbox 2402 504 2531 550; x_wconf 79' lang='lat' dir='ltr'><strong>xvn</strong></span> <span class='ocrx_word' id='word_1_14' title='bbox 2573 505 2760 552; x_wconf 73' lang='lat' dir='ltr'><strong>LUCB.</strong></span> <span class='ocrx_word' id='word_1_15' title='bbox 2806 525 2887 536; x_wconf 89' lang='lat'><strong>--·</strong></span> <span class='ocrx_word' id='word_1_16' title='bbox 2928 507 3071 553; x_wconf 70' lang='lat' dir='ltr'><strong>Am.</strong></span> <span class='ocrx_word' id='word_1_17' title='bbox 3116 508 3194 553; x_wconf 77' lang='lat'><strong>11.</strong></span> 
     </span>
    </p>
   </div>
   <div class='ocr_carea' id='block_1_6' title="bbox 894 672 3989 756">
    <p class='ocr_par' dir='ltr' id='par_1_6' title="bbox 894 672 3989 756">
     <span class='ocr_line' id='line_1_7' title="bbox 894 672 3989 756; baseline 0.001 -22"><span class='ocrx_word' id='word_1_18' title='bbox 894 675 1147 734; x_wconf 81' lang='lat' dir='ltr'><strong>salvam</strong></span> <span class='ocrx_word' id='word_1_19' title='bbox 1194 672 1429 750; x_wconf 81' lang='lat' dir='ltr'><strong>facere,</strong></span> <span class='ocrx_word' id='word_1_20' title='bbox 1473 673 1593 736; x_wconf 92' lang='lat' dir='ltr'><strong>hoc</strong></span> <span class='ocrx_word' id='word_1_21' title='bbox 1641 680 1758 748; x_wconf 89' lang='lat' dir='ltr'><strong>est,</strong></span> <span class='ocrx_word' id='word_1_22' title='bbox 1803 673 1866 735; x_wconf 92' lang='lat' dir='ltr'><strong>in</strong></span> <span class='ocrx_word' id='word_1_23' title='bbox 1922 673 2219 756; x_wconf 86' lang='lat' dir='ltr'><strong>praesenti</strong></span> <span class='ocrx_word' id='word_1_24' title='bbox 2266 673 2397 736; x_wconf 84' lang='lat' dir='ltr'><strong>vita</strong></span> <span class='ocrx_word' id='word_1_25' title='bbox 2422 672 2475 736; x_wconf 82' lang='lat' dir='ltr'><strong>A</strong></span> <span class='ocrx_word' id='word_1_26' title='bbox 2504 683 2715 737; x_wconf 89' lang='lat' dir='ltr'><strong>sumat</strong></span> <span class='ocrx_word' id='word_1_27' title='bbox 2758 682 2869 737; x_wconf 89' lang='lat' dir='ltr'><strong>aut</strong></span> <span class='ocrx_word' id='word_1_28' title='bbox 2916 675 3173 739; x_wconf 82' lang='lat' dir='ltr'><strong>stultam</strong></span> <span class='ocrx_word' id='word_1_29' title='bbox 3230 676 3353 738; x_wconf 92' lang='lat' dir='ltr'><strong>sibi</strong></span> <span class='ocrx_word' id='word_1_30' title='bbox 3400 675 3799 738; x_wconf 80' lang='lat' dir='ltr'><strong>securitatem</strong></span> <span class='ocrx_word' id='word_1_31' title='bbox 3850 693 3989 756; x_wconf 88' lang='lat' dir='ltr'><strong>pro—</strong></span> 
     </span>
    </p>
   </div>
   <div class='ocr_carea' id='block_1_7' title="bbox 887 770 2399 1836">
    <p class='ocr_par' dir='ltr' id='par_1_7' title="bbox 887 770 2399 1836">
     <span class='ocr_line' id='line_1_8' title="bbox 897 770 2399 854; baseline 0 -20"><span class='ocrx_word' id='word_1_32' title='bbox 897 770 1172 834; x_wconf 88' lang='lat' dir='ltr'><strong>voluerit</strong></span> <span class='ocrx_word' id='word_1_33' title='bbox 1216 789 1357 833; x_wconf 90' lang='lat' dir='ltr'><strong>eam</strong></span> <span class='ocrx_word' id='word_1_34' title='bbox 1396 791 1433 834; x_wconf 89' lang='lat' dir='ltr'><strong>a</strong></span> <span class='ocrx_word' id='word_1_35' title='bbox 1477 771 2028 854; x_wconf 78' lang='lat' dir='ltr'><strong>persecutionibus</strong></span> <span class='ocrx_word' id='word_1_36' title='bbox 2069 780 2132 834; x_wconf 88' lang='lat' dir='ltr'><strong>et</strong></span> <span class='ocrx_word' id='word_1_37' title='bbox 2176 773 2399 834; x_wconf 88' lang='lat' dir='ltr'><strong>adver-</strong></span> 
     </span>
     <span class='ocr_line' id='line_1_9' title="bbox 895 871 2399 953; baseline 0.001 -23"><span class='ocrx_word' id='word_1_38' title='bbox 895 871 982 931; x_wconf 85' lang='lat' dir='ltr'><strong>sis</strong></span> <span class='ocrx_word' id='word_1_39' title='bbox 1022 871 1416 951; x_wconf 87' lang='lat' dir='ltr'><strong>corporalive</strong></span> <span class='ocrx_word' id='word_1_40' title='bbox 1458 889 1611 933; x_wconf 91' lang='lat' dir='ltr'><strong>nece</strong></span> <span class='ocrx_word' id='word_1_41' title='bbox 1641 871 1911 953; x_wconf 89' lang='lat' dir='ltr'><strong>eripere,</strong></span> <span class='ocrx_word' id='word_1_42' title='bbox 1947 871 2191 933; x_wconf 90' lang='lat' dir='ltr'><strong>malens</strong></span> <span class='ocrx_word' id='word_1_43' title='bbox 2222 871 2399 934; x_wconf 92' lang='lat' dir='ltr'><strong>Chri-</strong></span> 
     </span>
     <span class='ocr_line' id='line_1_10' title="bbox 897 970 2391 1051; baseline 0.001 -21"><span class='ocrx_word' id='word_1_44' title='bbox 897 977 1068 1031; x_wconf 88' lang='lat' dir='ltr'><strong>stum</strong></span> <span class='ocrx_word' id='word_1_45' title='bbox 1119 987 1370 1050; x_wconf 90' lang='lat' dir='ltr'><strong>negare,</strong></span> <span class='ocrx_word' id='word_1_46' title='bbox 1422 987 1532 1031; x_wconf 92' lang='lat' dir='ltr'><strong>seu</strong></span> <span class='ocrx_word' id='word_1_47' title='bbox 1582 970 1945 1051; x_wconf 83' lang='lat' dir='ltr'><strong>aequitatem</strong></span> <span class='ocrx_word' id='word_1_48' title='bbox 2003 970 2391 1051; x_wconf 87' lang='lat' dir='ltr'><strong>relinquere,</strong></span> 
     </span>
     <span class='ocr_line' id='line_1_11' title="bbox 895 1066 2396 1149; baseline 0.001 -23"><span class='ocrx_word' id='word_1_49' title='bbox 895 1083 1087 1146; x_wconf 91' lang='lat' dir='ltr'><strong>quam</strong></span> <span class='ocrx_word' id='word_1_50' title='bbox 1129 1084 1198 1127; x_wconf 92' lang='lat' dir='ltr'><strong>se</strong></span> <span class='ocrx_word' id='word_1_51' title='bbox 1235 1066 1450 1148; x_wconf 91' lang='lat' dir='ltr'><strong>ipsum</strong></span> <span class='ocrx_word' id='word_1_52' title='bbox 1491 1067 1678 1130; x_wconf 89' lang='lat' dir='ltr'><strong>morti</strong></span> <span class='ocrx_word' id='word_1_53' title='bbox 1712 1066 2396 1149; x_wconf 80' lang='lat' dir='ltr'><strong>persecutionibusque</strong></span> 
     </span>
     <span class='ocr_line' id='line_1_12' title="bbox 896 1165 2397 1244; baseline 0.002 -20"><span class='ocrx_word' id='word_1_54' title='bbox 896 1181 1236 1244; x_wconf 81' lang='lat' dir='ltr'><strong>exponere,</strong></span> <span class='ocrx_word' id='word_1_55' title='bbox 1273 1168 1500 1243; x_wconf 78' lang='lat' dir='ltr'><strong>perdet</strong></span> <span class='ocrx_word' id='word_1_56' title='bbox 1541 1167 1756 1234; x_wconf 81' lang='lat' dir='ltr'><strong>illam,</strong></span> <span class='ocrx_word' id='word_1_57' title='bbox 1797 1165 1917 1228; x_wconf 91' lang='lat' dir='ltr'><strong>hoc</strong></span> <span class='ocrx_word' id='word_1_58' title='bbox 1966 1173 2082 1240; x_wconf 90' lang='lat' dir='ltr'><strong>est,</strong></span> <span class='ocrx_word' id='word_1_59' title='bbox 2127 1183 2243 1227; x_wconf 92' lang='lat' dir='ltr'><strong>suo</strong></span> <span class='ocrx_word' id='word_1_60' title='bbox 2290 1167 2397 1227; x_wconf 92' lang='lat' dir='ltr'><strong>de-</strong></span> 
     </span>
     <span class='ocr_line' id='line_1_13' title="bbox 897 1262 2395 1327; baseline 0.001 -4"><span class='ocrx_word' id='word_1_61' title='bbox 897 1262 1126 1324; x_wconf 91' lang='lat' dir='ltr'><strong>merito</strong></span> <span class='ocrx_word' id='word_1_62' title='bbox 1154 1270 1218 1325; x_wconf 90' lang='lat' dir='ltr'><strong>et</strong></span> <span class='ocrx_word' id='word_1_63' title='bbox 1245 1263 1482 1324; x_wconf 89' lang='lat' dir='ltr'><strong>carnali</strong></span> <span class='ocrx_word' id='word_1_64' title='bbox 1515 1263 1742 1326; x_wconf 89' lang='lat' dir='ltr'><strong>timore</strong></span> <span class='ocrx_word' id='word_1_65' title='bbox 1777 1264 1856 1327; x_wconf 94' lang='lat' dir='ltr'><strong>ad</strong></span> <span class='ocrx_word' id='word_1_66' title='bbox 1895 1270 2195 1326; x_wconf 84' lang='lat' dir='ltr'><strong>aeternam</strong></span> <span class='ocrx_word' id='word_1_67' title='bbox 2227 1264 2395 1325; x_wconf 89' lang='lat' dir='ltr'><strong>dam-</strong></span> 
     </span>
     <span class='ocr_line' id='line_1_14' title="bbox 895 1360 2388 1443; baseline 0.002 -22"><span class='ocrx_word' id='word_1_68' title='bbox 895 1360 1219 1423; x_wconf 85' lang='lat' dir='ltr'><strong>nationem</strong></span> <span class='ocrx_word' id='word_1_69' title='bbox 1261 1363 1586 1443; x_wconf 83' lang='lat' dir='ltr'><strong>perducet.</strong></span> <span class='ocrx_word' id='word_1_70' title='bbox 1631 1360 1838 1425; x_wconf 89' lang='lat' dir='ltr'><strong>Potest</strong></span> <span class='ocrx_word' id='word_1_71' title='bbox 1873 1370 1938 1424; x_wconf 90' lang='lat' dir='ltr'><strong>et</strong></span> <span class='ocrx_word' id='word_1_72' title='bbox 1975 1361 2062 1423; x_wconf 89' lang='lat' dir='ltr'><strong>ita</strong></span> <span class='ocrx_word' id='word_1_73' title='bbox 2103 1360 2337 1443; x_wconf 87' lang='lat' dir='ltr'><strong>exponi</strong></span> <span class='ocrx_word' id='word_1_74' title='bbox 2373 1380 2388 1424; x_wconf 74' lang='grc' dir='ltr'>ε</span> 
     </span>
     <span class='ocr_line' id='line_1_15' title="bbox 891 1455 2393 1540; baseline 0.001 -22"><span class='ocrx_word' id='word_1_75' title='bbox 891 1455 1290 1540; x_wconf 89' lang='lat' dir='ltr'><strong>Quicumque</strong></span> <span class='ocrx_word' id='word_1_76' title='bbox 1337 1459 1666 1540; x_wconf 81' lang='lat' dir='ltr'><strong>quaesierit</strong></span> <span class='ocrx_word' id='word_1_77' title='bbox 1710 1459 1988 1521; x_wconf 87' lang='lat' dir='ltr'><strong>animam</strong></span> <span class='ocrx_word' id='word_1_78' title='bbox 2039 1478 2220 1520; x_wconf 90' lang='lat' dir='ltr'><strong>suam</strong></span> <span class='ocrx_word' id='word_1_79' title='bbox 2273 1458 2393 1520; x_wconf 90' lang='lat' dir='ltr'><strong>sal-</strong></span> 
     </span>
     <span class='ocr_line' id='line_1_16' title="bbox 890 1555 2392 1639; baseline 0.001 -22"><span class='ocrx_word' id='word_1_80' title='bbox 890 1575 1034 1618; x_wconf 85' lang='lat' dir='ltr'><strong>vam</strong></span> <span class='ocrx_word' id='word_1_81' title='bbox 1083 1555 1292 1619; x_wconf 87' lang='lat' dir='ltr'><strong>facere</strong></span> <span class='ocrx_word' id='word_1_82' title='bbox 1339 1557 1721 1620; x_wconf 86' lang='lat' dir='ltr'><strong>aeternaliter</strong></span> <span class='ocrx_word' id='word_1_83' title='bbox 1769 1558 1834 1619; x_wconf 91' lang='lat' dir='ltr'><strong>in</strong></span> <span class='ocrx_word' id='word_1_84' title='bbox 1883 1555 2124 1632; x_wconf 86' lang='lat' dir='ltr'><strong>futuro,</strong></span> <span class='ocrx_word' id='word_1_85' title='bbox 2169 1558 2392 1639; x_wconf 91' lang='lat' dir='ltr'><strong>perdet</strong></span> 
     </span>
     <span class='ocr_line' id='line_1_17' title="bbox 889 1655 2384 1733; baseline 0.001 -17"><span class='ocrx_word' id='word_1_86' title='bbox 889 1672 1051 1729; x_wconf 84' lang='lat' dir='ltr'><strong>eam,</strong></span> <span class='ocrx_word' id='word_1_87' title='bbox 1087 1655 1206 1718; x_wconf 90' lang='lat' dir='ltr'><strong>hoc</strong></span> <span class='ocrx_word' id='word_1_88' title='bbox 1244 1664 1361 1733; x_wconf 89' lang='lat' dir='ltr'><strong>est,</strong></span> <span class='ocrx_word' id='word_1_89' title='bbox 1404 1656 1680 1719; x_wconf 88' lang='lat' dir='ltr'><strong>libenter</strong></span> <span class='ocrx_word' id='word_1_90' title='bbox 1719 1656 2062 1719; x_wconf 89' lang='lat' dir='ltr'><strong>sustinebit</strong></span> <span class='ocrx_word' id='word_1_91' title='bbox 2097 1657 2384 1729; x_wconf 87' lang='lat' dir='ltr'><strong>adversa,</strong></span> 
     </span>
     <span class='ocr_line' id='line_1_18' title="bbox 887 1754 2390 1836; baseline 0.001 -22"><span class='ocrx_word' id='word_1_92' title='bbox 887 1761 951 1815; x_wconf 89' lang='lat' dir='ltr'><strong>et</strong></span> <span class='ocrx_word' id='word_1_93' title='bbox 981 1754 1032 1814; x_wconf 93' lang='lat' dir='ltr'><strong>si</strong></span> <span class='ocrx_word' id='word_1_94' title='bbox 1065 1772 1228 1836; x_wconf 92' lang='lat' dir='ltr'><strong>opus</strong></span> <span class='ocrx_word' id='word_1_95' title='bbox 1268 1754 1486 1827; x_wconf 81' lang='lat' dir='ltr'><strong>fuerit,</strong></span> <span class='ocrx_word' id='word_1_96' title='bbox 1523 1754 1712 1817; x_wconf 89' lang='lat' dir='ltr'><strong>etiam</strong></span> <span class='ocrx_word' id='word_1_97' title='bbox 1743 1763 2011 1818; x_wconf 87' lang='lat' dir='ltr'><strong>mortem</strong></span> <span class='ocrx_word' id='word_1_98' title='bbox 2056 1773 2172 1836; x_wconf 93' lang='lat' dir='ltr'><strong>pro</strong></span> <span class='ocrx_word' id='word_1_99' title='bbox 2212 1754 2390 1818; x_wconf 87' lang='lat' dir='ltr'><strong>Chri-</strong></span> 
     </span>
    </p>
   </div>
   <div class='ocr_carea' id='block_1_8' title="bbox 2502 773 4037 1839">
    <p class='ocr_par' dir='ltr' id='par_1_8' title="bbox 2504 773 4037 1053">
     <span class='ocr_line' id='line_1_19' title="bbox 2504 773 3989 857; baseline 0 -23"><span class='ocrx_word' id='word_1_100' title='bbox 2504 773 2713 835; x_wconf 88' lang='lat' dir='ltr'><strong>mittat</strong></span> <span class='ocrx_word' id='word_1_101' title='bbox 2745 793 2760 836; x_wconf 92' lang='lat'>:</span> <span class='ocrx_word' id='word_1_102' title='bbox 2795 775 2945 848; x_wconf 92' lang='lat' dir='ltr'><strong>imo,</strong></span> <span class='ocrx_word' id='word_1_103' title='bbox 2984 775 3202 837; x_wconf 89' lang='lat' dir='ltr'><strong>beatus</strong></span> <span class='ocrx_word' id='word_1_104' title='bbox 3233 775 3423 838; x_wconf 89' lang='lat' dir='ltr'><strong>homo</strong></span> <span class='ocrx_word' id='word_1_105' title='bbox 3460 775 3571 857; x_wconf 91' lang='lat' dir='ltr'><strong>qui</strong></span> <span class='ocrx_word' id='word_1_106' title='bbox 3612 791 3863 856; x_wconf 87' lang='lat' dir='ltr'><strong>semper</strong></span> <span class='ocrx_word' id='word_1_107' title='bbox 3896 781 3989 834; x_wconf 90' lang='lat' dir='ltr'><strong>est</strong></span> 
     </span>
     <span class='ocr_line' id='line_1_20' title="bbox 2506 863 4037 954; baseline 0 -21"><span class='ocrx_word' id='word_1_108' title='bbox 2506 873 2816 952; x_wconf 82' lang='lat' dir='ltr'><strong>pavidus3</strong></span> <span class='ocrx_word' id='word_1_109' title='bbox 2858 881 2920 935; x_wconf 91' lang='lat' dir='ltr'><strong>et</strong></span> <span class='ocrx_word' id='word_1_110' title='bbox 2964 875 3315 936; x_wconf 87' lang='lat' dir='ltr'><strong>secundum</strong></span> <span class='ocrx_word' id='word_1_111' title='bbox 3360 873 3805 954; x_wconf 86' lang='lat' dir='ltr'><strong>Augustinum,</strong></span> <span class='ocrx_word' id='word_1_112' title='bbox 3838 881 3987 934; x_wconf 91' lang='lat' dir='ltr'><strong>tunc</strong></span> <span class='ocrx_word' id='word_1_113' title='bbox 4012 863 4037 892; x_wconf 85' lang='lat'>¹</span> 
     </span>
     <span class='ocr_line' id='line_1_21' title="bbox 2504 969 3981 1053; baseline -0.001 -21"><span class='ocrx_word' id='word_1_114' title='bbox 2504 979 2696 1032; x_wconf 89' lang='lat' dir='ltr'><strong>erunt</strong></span> <span class='ocrx_word' id='word_1_115' title='bbox 2734 972 2965 1046; x_wconf 90' lang='lat' dir='ltr'><strong>securi,</strong></span> <span class='ocrx_word' id='word_1_116' title='bbox 3011 971 3123 1053; x_wconf 91' lang='lat' dir='ltr'><strong>qui</strong></span> <span class='ocrx_word' id='word_1_117' title='bbox 3168 972 3356 1035; x_wconf 92' lang='lat' dir='ltr'><strong>modo</strong></span> <span class='ocrx_word' id='word_1_118' title='bbox 3398 989 3523 1034; x_wconf 90' lang='lat' dir='ltr'><strong>non</strong></span> <span class='ocrx_word' id='word_1_119' title='bbox 3568 979 3718 1032; x_wconf 89' lang='lat' dir='ltr'><strong>sunt</strong></span> <span class='ocrx_word' id='word_1_120' title='bbox 3756 969 3981 1032; x_wconf 88' lang='lat' dir='ltr'><strong>securi.</strong></span> 
     </span>
    </p>

    <p class='ocr_par' dir='ltr' id='par_1_9' title="bbox 2502 1069 3995 1839">
     <span class='ocr_line' id='line_1_22' title="bbox 2584 1069 3988 1140; baseline -0.001 -10"><span class='ocrx_word' id='word_1_121' title='bbox 2584 1072 2748 1131; x_wconf 80' lang='lat' dir='ltr'><strong>Duoe</strong></span> <span class='ocrx_word' id='word_1_122' title='bbox 2782 1079 2977 1131; x_wconf 80' lang='lat' dir='ltr'><strong>erunt</strong></span> <span class='ocrx_word' id='word_1_123' title='bbox 3014 1074 3317 1131; x_wconf 78' lang='lat' dir='ltr'><strong>molentes</strong></span> <span class='ocrx_word' id='word_1_124' title='bbox 3354 1072 3429 1131; x_wconf 81' lang='lat' dir='ltr'><strong>in</strong></span> <span class='ocrx_word' id='word_1_125' title='bbox 3466 1089 3699 1140; x_wconf 81' lang='lat' dir='ltr'><strong>unum,</strong></span> <span class='ocrx_word' id='word_1_126' title='bbox 3736 1069 3855 1132; x_wconf 92' lang='lat' dir='ltr'><strong>hoc</strong></span> <span class='ocrx_word' id='word_1_127' title='bbox 3894 1076 3988 1130; x_wconf 90' lang='lat' dir='ltr'><strong>est</strong></span> 
     </span>
     <span class='ocr_line' id='line_1_23' title="bbox 2507 1167 3986 1248; baseline -0.001 -20"><span class='ocrx_word' id='word_1_128' title='bbox 2507 1167 2765 1248; x_wconf 88' lang='lat' dir='ltr'><strong>pariter,</strong></span> <span class='ocrx_word' id='word_1_129' title='bbox 2800 1185 2911 1229; x_wconf 91' lang='lat' dir='ltr'><strong>seu</strong></span> <span class='ocrx_word' id='word_1_130' title='bbox 2945 1185 3072 1228; x_wconf 88' lang='lat' dir='ltr'><strong>una</strong></span> <span class='ocrx_word' id='word_1_131' title='bbox 3100 1168 3168 1230; x_wconf 91' lang='lat' dir='ltr'><strong>in</strong></span> <span class='ocrx_word' id='word_1_132' title='bbox 3200 1167 3405 1247; x_wconf 83' lang='lat' dir='ltr'><strong>mola3</strong></span> <span class='ocrx_word' id='word_1_133' title='bbox 3438 1187 3576 1228; x_wconf 81' lang='lat' dir='ltr'><strong>una</strong></span> <span class='ocrx_word' id='word_1_134' title='bbox 3604 1177 3986 1234; x_wconf 73' lang='lat' dir='ltr'><strong>assumetur,</strong></span> 
     </span>
     <span class='ocr_line' id='line_1_24' title="bbox 2504 1264 3991 1346; baseline 0.001 -22"><span class='ocrx_word' id='word_1_135' title='bbox 2504 1274 2563 1325; x_wconf 75' lang='lat' dir='ltr'><strong>ec</strong></span> <span class='ocrx_word' id='word_1_136' title='bbox 2592 1269 2801 1325; x_wconf 81' lang='lat' dir='ltr'><strong>altera</strong></span> <span class='ocrx_word' id='word_1_137' title='bbox 2828 1267 3258 1346; x_wconf 81' lang='lat' dir='ltr'><strong>relinquetur.</strong></span> <span class='ocrx_word' id='word_1_138' title='bbox 3301 1264 3507 1329; x_wconf 86' lang='lat' dir='ltr'><strong>Potest</strong></span> <span class='ocrx_word' id='word_1_139' title='bbox 3548 1265 3669 1328; x_wconf 90' lang='lat' dir='ltr'><strong>hoc</strong></span> <span class='ocrx_word' id='word_1_140' title='bbox 3710 1265 3991 1328; x_wconf 79' lang='lat' dir='ltr'><strong>litterali-</strong></span> 
     </span>
     <span class='ocr_line' id='line_1_25' title="bbox 2505 1363 3993 1446; baseline 0.001 -21"><span class='ocrx_word' id='word_1_141' title='bbox 2505 1370 2602 1425; x_wconf 90' lang='lat' dir='ltr'><strong>ter</strong></span> <span class='ocrx_word' id='word_1_142' title='bbox 2647 1363 2853 1446; x_wconf 82' lang='lat' dir='ltr'><strong>accipi</strong></span> <span class='ocrx_word' id='word_1_143' title='bbox 2895 1364 2974 1425; x_wconf 91' lang='lat' dir='ltr'><strong>de</strong></span> <span class='ocrx_word' id='word_1_144' title='bbox 3012 1363 3393 1425; x_wconf 85' lang='lat' dir='ltr'><strong>mulieribus</strong></span> <span class='ocrx_word' id='word_1_145' title='bbox 3435 1371 3591 1426; x_wconf 91' lang='lat' dir='ltr'><strong>tunc</strong></span> <span class='ocrx_word' id='word_1_146' title='bbox 3632 1364 3801 1426; x_wconf 85' lang='lat' dir='ltr'><strong>circa</strong></span> <span class='ocrx_word' id='word_1_147' title='bbox 3840 1371 3993 1428; x_wconf 86' lang='lat' dir='ltr'><strong>tem-</strong></span> 
     </span>
     <span class='ocr_line' id='line_1_26' title="bbox 2505 1461 3991 1543; baseline -0.001 -19"><span class='ocrx_word' id='word_1_148' title='bbox 2505 1461 2747 1542; x_wconf 92' lang='lat' dir='ltr'><strong>poralia</strong></span> <span class='ocrx_word' id='word_1_149' title='bbox 2774 1462 3162 1543; x_wconf 85' lang='lat' dir='ltr'><strong>occupandis</strong></span> <span class='ocrx_word' id='word_1_150' title='bbox 3190 1480 3205 1524; x_wconf 94' lang='lat'><strong>:</strong></span> <span class='ocrx_word' id='word_1_151' title='bbox 3239 1480 3509 1542; x_wconf 87' lang='lat' dir='ltr'><strong>quarum</strong></span> <span class='ocrx_word' id='word_1_152' title='bbox 3544 1479 3670 1523; x_wconf 88' lang='lat' dir='ltr'><strong>una</strong></span> <span class='ocrx_word' id='word_1_153' title='bbox 3697 1471 3991 1543; x_wconf 84' lang='lat' dir='ltr'><strong>tanquam</strong></span> 
     </span>
     <span class='ocr_line' id='line_1_27' title="bbox 2502 1559 3993 1642; baseline 0 -22"><span class='ocrx_word' id='word_1_154' title='bbox 2502 1559 2693 1634; x_wconf 90' lang='lat' dir='ltr'><strong>bona,</strong></span> <span class='ocrx_word' id='word_1_155' title='bbox 2734 1560 2855 1621; x_wconf 90' lang='lat' dir='ltr'><strong>erit</strong></span> <span class='ocrx_word' id='word_1_156' title='bbox 2899 1559 3239 1640; x_wconf 83' lang='lat' dir='ltr'><strong>salvanda3</strong></span> <span class='ocrx_word' id='word_1_157' title='bbox 3282 1560 3479 1622; x_wconf 87' lang='lat' dir='ltr'><strong>altera</strong></span> <span class='ocrx_word' id='word_1_158' title='bbox 3525 1568 3830 1642; x_wconf 80' lang='lat' dir='ltr'><strong>tanquam</strong></span> <span class='ocrx_word' id='word_1_159' title='bbox 3874 1561 3993 1621; x_wconf 89' lang='lat' dir='ltr'><strong>ini-</strong></span> 
     </span>
     <span class='ocr_line' id='line_1_28' title="bbox 2502 1657 3995 1740; baseline 0.001 -21"><span class='ocrx_word' id='word_1_160' title='bbox 2502 1676 2651 1738; x_wconf 90' lang='lat' dir='ltr'><strong>qua,</strong></span> <span class='ocrx_word' id='word_1_161' title='bbox 2676 1658 3052 1720; x_wconf 89' lang='lat' dir='ltr'><strong>damnanda.</strong></span> <span class='ocrx_word' id='word_1_162' title='bbox 3086 1657 3495 1740; x_wconf 89' lang='lat' dir='ltr'><strong>Spiritualius</strong></span> <span class='ocrx_word' id='word_1_163' title='bbox 3526 1677 3696 1732; x_wconf 89' lang='lat' dir='ltr'><strong>ver0,</strong></span> <span class='ocrx_word' id='word_1_164' title='bbox 3722 1677 3837 1739; x_wconf 91' lang='lat' dir='ltr'><strong>per</strong></span> <span class='ocrx_word' id='word_1_165' title='bbox 3862 1678 3995 1720; x_wconf 92' lang='lat' dir='ltr'><strong>mu-</strong></span> 
     </span>
     <span class='ocr_line' id='line_1_29' title="bbox 2503 1756 3991 1839; baseline 0.001 -22"><span class='ocrx_word' id='word_1_166' title='bbox 2503 1756 2689 1818; x_wconf 89' lang='lat' dir='ltr'><strong>lieres</strong></span> <span class='ocrx_word' id='word_1_167' title='bbox 2728 1756 3037 1819; x_wconf 89' lang='lat' dir='ltr'><strong>molentes</strong></span> <span class='ocrx_word' id='word_1_168' title='bbox 3076 1756 3407 1837; x_wconf 82' lang='lat' dir='ltr'><strong>signantur</strong></span> <span class='ocrx_word' id='word_1_169' title='bbox 3447 1774 3733 1839; x_wconf 81' lang='lat' dir='ltr'><strong>personae</strong></span> <span class='ocrx_word' id='word_1_170' title='bbox 3770 1758 3836 1819; x_wconf 90' lang='lat' dir='ltr'><strong>in</strong></span> <span class='ocrx_word' id='word_1_171' title='bbox 3868 1759 3991 1820; x_wconf 88' lang='lat' dir='ltr'><strong>vita</strong></span> 
     </span>
    </p>
   </div>
   <div class='ocr_carea' id='block_1_9' title="bbox 887 1853 3987 1936">
    <p class='ocr_par' dir='ltr' id='par_1_10' title="bbox 887 1853 3987 1936">
     <span class='ocr_line' id='line_1_30' title="bbox 887 1853 3987 1936; baseline 0.001 -23"><span class='ocrx_word' id='word_1_172' title='bbox 887 1859 1006 1915; x_wconf 88' lang='lat' dir='ltr'><strong>sto.</strong></span> <span class='ocrx_word' id='word_1_173' title='bbox 1057 1855 1144 1913; x_wconf 80' lang='lat' dir='ltr'><strong>Ec</strong></span> <span class='ocrx_word' id='word_1_174' title='bbox 1183 1855 1572 1933; x_wconf 81' lang='lat' dir='ltr'><strong>quicumque</strong></span> <span class='ocrx_word' id='word_1_175' title='bbox 1607 1854 1973 1930; x_wconf 72' lang='lat' dir='ltr'><strong>perdiderit</strong></span> <span class='ocrx_word' id='word_1_176' title='bbox 2013 1855 2229 1921; x_wconf 79' lang='lat' dir='ltr'><strong>illam,</strong></span> <span class='ocrx_word' id='word_1_177' title='bbox 2269 1853 2388 1916; x_wconf 88' lang='lat' dir='ltr'><strong>hoc</strong></span> <span class='ocrx_word' id='word_1_178' title='bbox 2426 1857 2471 1919; x_wconf 90' lang='lat' dir='ltr'>B</span> <span class='ocrx_word' id='word_1_179' title='bbox 2498 1855 2703 1916; x_wconf 89' lang='lat' dir='ltr'><strong>activa</strong></span> <span class='ocrx_word' id='word_1_180' title='bbox 2740 1853 3178 1928; x_wconf 80' lang='lat' dir='ltr'><strong>consistenteS,</strong></span> <span class='ocrx_word' id='word_1_181' title='bbox 3221 1873 3366 1936; x_wconf 83' lang='lat' dir='ltr'><strong>quae</strong></span> <span class='ocrx_word' id='word_1_182' title='bbox 3405 1854 3773 1936; x_wconf 89' lang='lat' dir='ltr'><strong>temporalis</strong></span> <span class='ocrx_word' id='word_1_183' title='bbox 3816 1855 3987 1918; x_wconf 91' lang='lat' dir='ltr'><strong>solli-</strong></span> 
     </span>
    </p>
   </div>
   <div class='ocr_carea' id='block_1_10' title="bbox 843 1949 2387 2811">
    <p class='ocr_par' dir='ltr' id='par_1_11' title="bbox 843 1949 2387 2811">
     <span class='ocr_line' id='line_1_31' title="bbox 885 1949 2387 2024; baseline 0 -12"><span class='ocrx_word' id='word_1_184' title='bbox 885 1958 1002 2024; x_wconf 90' lang='lat' dir='ltr'><strong>est,</strong></span> <span class='ocrx_word' id='word_1_185' title='bbox 1047 1949 1242 2012; x_wconf 87' lang='lat' dir='ltr'><strong>vitam</strong></span> <span class='ocrx_word' id='word_1_186' title='bbox 1293 1969 1472 2013; x_wconf 88' lang='lat' dir='ltr'><strong>suam</strong></span> <span class='ocrx_word' id='word_1_187' title='bbox 1523 1951 1712 2014; x_wconf 89' lang='lat' dir='ltr'><strong>morti</strong></span> <span class='ocrx_word' id='word_1_188' title='bbox 1759 1958 1823 2012; x_wconf 89' lang='lat' dir='ltr'><strong>et</strong></span> <span class='ocrx_word' id='word_1_189' title='bbox 1863 1950 2387 2014; x_wconf 84' lang='lat' dir='ltr'><strong>tribulationibus</strong></span> 
     </span>
     <span class='ocr_line' id='line_1_32' title="bbox 885 2049 2381 2130; baseline 0.001 -21"><span class='ocrx_word' id='word_1_190' title='bbox 885 2049 1253 2130; x_wconf 88' lang='lat' dir='ltr'><strong>exposuerit</strong></span> <span class='ocrx_word' id='word_1_191' title='bbox 1289 2057 1548 2130; x_wconf 89' lang='lat' dir='ltr'><strong>propter</strong></span> <span class='ocrx_word' id='word_1_192' title='bbox 1584 2049 1781 2111; x_wconf 89' lang='lat' dir='ltr'><strong>Deum</strong></span> <span class='ocrx_word' id='word_1_193' title='bbox 1821 2057 2014 2130; x_wconf 89' lang='lat' dir='ltr'><strong>atque</strong></span> <span class='ocrx_word' id='word_1_194' title='bbox 2041 2049 2381 2130; x_wconf 86' lang='lat' dir='ltr'><strong>justitiam,</strong></span> 
     </span>
     <span class='ocr_line' id='line_1_33' title="bbox 888 2147 2383 2229; baseline 0.003 -23"><span class='ocrx_word' id='word_1_195' title='bbox 888 2148 1249 2223; x_wconf 78' lang='lat' dir='ltr'><strong>vivificabit</strong></span> <span class='ocrx_word' id='word_1_196' title='bbox 1276 2168 1440 2219; x_wconf 86' lang='lat' dir='ltr'><strong>eam,</strong></span> <span class='ocrx_word' id='word_1_197' title='bbox 1475 2147 1595 2210; x_wconf 88' lang='lat' dir='ltr'><strong>hoc</strong></span> <span class='ocrx_word' id='word_1_198' title='bbox 1623 2155 1740 2222; x_wconf 86' lang='lat' dir='ltr'><strong>est,</strong></span> <span class='ocrx_word' id='word_1_199' title='bbox 1775 2148 1970 2210; x_wconf 76' lang='lat' dir='ltr'><strong>vitam</strong></span> <span class='ocrx_word' id='word_1_200' title='bbox 1998 2148 2219 2229; x_wconf 81' lang='lat' dir='ltr'><strong>gloriae</strong></span> <span class='ocrx_word' id='word_1_201' title='bbox 2260 2148 2383 2210; x_wconf 84' lang='lat' dir='ltr'><strong>sibi</strong></span> 
     </span>
     <span class='ocr_line' id='line_1_34' title="bbox 884 2244 2385 2327; baseline 0.001 -20"><span class='ocrx_word' id='word_1_202' title='bbox 884 2245 1172 2327; x_wconf 87' lang='lat' dir='ltr'><strong>acquiret</strong></span> <span class='ocrx_word' id='word_1_203' title='bbox 1210 2246 1438 2308; x_wconf 89' lang='lat' dir='ltr'><strong>merito</strong></span> <span class='ocrx_word' id='word_1_204' title='bbox 1476 2244 1874 2308; x_wconf 86' lang='lat' dir='ltr'><strong>fortitudinis</strong></span> <span class='ocrx_word' id='word_1_205' title='bbox 1911 2253 1975 2308; x_wconf 91' lang='lat' dir='ltr'><strong>et</strong></span> <span class='ocrx_word' id='word_1_206' title='bbox 2014 2247 2385 2309; x_wconf 84' lang='lat' dir='ltr'><strong>constantiae</strong></span> 
     </span>
     <span class='ocr_line' id='line_1_35' title="bbox 885 2343 2382 2417; baseline 0.001 -11"><span class='ocrx_word' id='word_1_207' title='bbox 885 2362 1036 2406; x_wconf 83' lang='lat' dir='ltr'><strong>suae.</strong></span> <span class='ocrx_word' id='word_1_208' title='bbox 1079 2343 1256 2406; x_wconf 93' lang='lat' dir='ltr'><strong>Unde</strong></span> <span class='ocrx_word' id='word_1_209' title='bbox 1305 2345 1370 2405; x_wconf 90' lang='lat' dir='ltr'><strong>in</strong></span> <span class='ocrx_word' id='word_1_210' title='bbox 1414 2343 1700 2407; x_wconf 82' lang='lat' dir='ltr'><strong>Matthaeo</strong></span> <span class='ocrx_word' id='word_1_211' title='bbox 1744 2345 1835 2407; x_wconf 88' lang='lat' dir='ltr'><strong>ait</strong></span> <span class='ocrx_word' id='word_1_212' title='bbox 1877 2343 2165 2407; x_wconf 90' lang='lat' dir='ltr'><strong>Christus</strong></span> <span class='ocrx_word' id='word_1_213' title='bbox 2210 2362 2223 2406; x_wconf 93' lang='lat'>:</span> <span class='ocrx_word' id='word_1_214' title='bbox 2266 2343 2382 2417; x_wconf 89' lang='lat' dir='ltr'><strong>Qui</strong></span> 
     </span>
     <span class='ocr_line' id='line_1_36' title="bbox 885 2439 2384 2525; baseline 0.001 -23"><span class='ocrx_word' id='word_1_215' title='bbox 885 2439 1231 2524; x_wconf 86' lang='lat' dir='ltr'><strong>perdiderit</strong></span> <span class='ocrx_word' id='word_1_216' title='bbox 1278 2441 1555 2504; x_wconf 89' lang='lat' dir='ltr'><strong>animam</strong></span> <span class='ocrx_word' id='word_1_217' title='bbox 1606 2461 1785 2505; x_wconf 91' lang='lat' dir='ltr'><strong>suam</strong></span> <span class='ocrx_word' id='word_1_218' title='bbox 1827 2450 2088 2525; x_wconf 83' lang='lat' dir='ltr'><strong>propter</strong></span> <span class='ocrx_word' id='word_1_219' title='bbox 2127 2461 2252 2516; x_wconf 89' lang='lat' dir='ltr'><strong>me,</strong></span> <span class='ocrx_word' id='word_1_220' title='bbox 2288 2443 2384 2505; x_wconf 90' lang='lat' dir='ltr'><strong>in-</strong></span> 
     </span>
     <span class='ocr_line' id='line_1_37' title="bbox 885 2540 2382 2622; baseline 0.001 -20"><span class='ocrx_word' id='word_1_221' title='bbox 885 2541 1097 2602; x_wconf 88' lang='lat' dir='ltr'><strong>veniet</strong></span> <span class='ocrx_word' id='word_1_222' title='bbox 1135 2557 1296 2602; x_wconf 89' lang='lat' dir='ltr'><strong>eam.</strong></span> <span class='ocrx_word' id='word_1_223' title='bbox 1329 2540 1438 2601; x_wconf 87' lang='lat' dir='ltr'><strong>His</strong></span> <span class='ocrx_word' id='word_1_224' title='bbox 1479 2547 1781 2604; x_wconf 85' lang='lat' dir='ltr'><strong>consonat</strong></span> <span class='ocrx_word' id='word_1_225' title='bbox 1819 2542 1989 2622; x_wconf 91' lang='lat' dir='ltr'><strong>quod</strong></span> <span class='ocrx_word' id='word_1_226' title='bbox 2037 2541 2101 2602; x_wconf 93' lang='lat' dir='ltr'><strong>in</strong></span> <span class='ocrx_word' id='word_1_227' title='bbox 2143 2541 2382 2604; x_wconf 87' lang='lat' dir='ltr'><strong>Joanne</strong></span> 
     </span>
     <span class='ocr_line' id='line_1_38' title="bbox 843 2637 2379 2720; baseline 0 -18"><span class='ocrx_word' id='word_1_228' title='bbox 843 2682 854 2702; x_wconf 84' lang='lat'><strong>.</strong></span> <span class='ocrx_word' id='word_1_229' title='bbox 884 2637 1185 2700; x_wconf 90' lang='lat' dir='ltr'><strong>Dominus</strong></span> <span class='ocrx_word' id='word_1_230' title='bbox 1215 2638 1500 2720; x_wconf 87' lang='lat' dir='ltr'><strong>loquitur</strong></span> <span class='ocrx_word' id='word_1_231' title='bbox 1533 2657 1547 2700; x_wconf 78' lang='grc' dir='ltr'>ε</span> <span class='ocrx_word' id='word_1_232' title='bbox 1582 2637 1697 2711; x_wconf 88' lang='lat' dir='ltr'><strong>Qui</strong></span> <span class='ocrx_word' id='word_1_233' title='bbox 1729 2639 1860 2702; x_wconf 90' lang='lat' dir='ltr'><strong>odit</strong></span> <span class='ocrx_word' id='word_1_234' title='bbox 1889 2639 2169 2701; x_wconf 88' lang='lat' dir='ltr'><strong>animam</strong></span> <span class='ocrx_word' id='word_1_235' title='bbox 2200 2659 2379 2702; x_wconf 88' lang='lat' dir='ltr'><strong>suam</strong></span> 
     </span>
     <span class='ocr_line' id='line_1_39' title="bbox 883 2735 2377 2811; baseline 0.001 -14"><span class='ocrx_word' id='word_1_236' title='bbox 883 2735 950 2798; x_wconf 93' lang='lat' dir='ltr'><strong>in</strong></span> <span class='ocrx_word' id='word_1_237' title='bbox 980 2736 1102 2799; x_wconf 88' lang='lat' dir='ltr'><strong>hoc</strong></span> <span class='ocrx_word' id='word_1_238' title='bbox 1130 2738 1392 2811; x_wconf 90' lang='lat' dir='ltr'><strong>mundo,</strong></span> <span class='ocrx_word' id='word_1_239' title='bbox 1425 2737 1492 2798; x_wconf 92' lang='lat' dir='ltr'><strong>in</strong></span> <span class='ocrx_word' id='word_1_240' title='bbox 1525 2736 1717 2799; x_wconf 86' lang='lat' dir='ltr'><strong>vitam</strong></span> <span class='ocrx_word' id='word_1_241' title='bbox 1757 2745 2060 2801; x_wconf 80' lang='lat' dir='ltr'><strong>aeternam</strong></span> <span class='ocrx_word' id='word_1_242' title='bbox 2097 2738 2377 2800; x_wconf 89' lang='lat' dir='ltr'><strong>custodit</strong></span> 
     </span>
    </p>
   </div>
   <div class='ocr_carea' id='block_1_11' title="bbox 881 2850 2379 2995">
    <p class='ocr_par' dir='ltr' id='par_1_12' title="bbox 881 2850 2379 2995">
     <span class='ocr_line' id='line_1_40' title="bbox 881 2850 1044 2896; baseline -0.006 -1"><span class='ocrx_word' id='word_1_243' title='bbox 881 2850 1044 2896; x_wconf 87' lang='lat' dir='ltr'><strong>eam.</strong></span> 
     </span>
     <span class='ocr_line' id='line_1_41' title="bbox 959 2933 2379 2995; baseline 0.001 -3"><span class='ocrx_word' id='word_1_244' title='bbox 959 2934 1118 2992; x_wconf 83' lang='lat' dir='ltr'><strong>Dico</strong></span> <span class='ocrx_word' id='word_1_245' title='bbox 1149 2933 1322 2993; x_wconf 81' lang='lat' dir='ltr'><strong>vobis</strong></span> <span class='ocrx_word' id='word_1_246' title='bbox 1351 2953 1374 2992; x_wconf 93' lang='grc'><strong>.·</strong></span> <span class='ocrx_word' id='word_1_247' title='bbox 1404 2935 1489 2994; x_wconf 81' lang='lat' dir='ltr'><strong>In</strong></span> <span class='ocrx_word' id='word_1_248' title='bbox 1528 2935 1648 2992; x_wconf 83' lang='lat' dir='ltr'><strong>illa</strong></span> <span class='ocrx_word' id='word_1_249' title='bbox 1687 2943 1866 2994; x_wconf 82' lang='lat' dir='ltr'><strong>nocte</strong></span> <span class='ocrx_word' id='word_1_250' title='bbox 1903 2943 2099 2994; x_wconf 80' lang='lat' dir='ltr'><strong>erunt</strong></span> <span class='ocrx_word' id='word_1_251' title='bbox 2133 2936 2264 2994; x_wconf 84' lang='lat' dir='ltr'><strong>duo</strong></span> <span class='ocrx_word' id='word_1_252' title='bbox 2305 2936 2379 2995; x_wconf 81' lang='lat' dir='ltr'><strong>in</strong></span> 
     </span>
    </p>
   </div>
   <div class='ocr_carea' id='block_1_12' title="bbox 2488 1953 3989 3017">
    <p class='ocr_par' dir='ltr' id='par_1_13' title="bbox 2494 1953 3989 2224">
     <span class='ocr_line' id='line_1_42' title="bbox 2498 1953 3989 2035; baseline 0.001 -20"><span class='ocrx_word' id='word_1_253' title='bbox 2498 1953 2802 2015; x_wconf 89' lang='lat' dir='ltr'><strong>citudinis</strong></span> <span class='ocrx_word' id='word_1_254' title='bbox 2834 1954 3116 2034; x_wconf 90' lang='lat' dir='ltr'><strong>pondere</strong></span> <span class='ocrx_word' id='word_1_255' title='bbox 3146 1953 3321 2016; x_wconf 89' lang='lat' dir='ltr'><strong>velut</strong></span> <span class='ocrx_word' id='word_1_256' title='bbox 3350 1953 3623 2034; x_wconf 85' lang='lat' dir='ltr'><strong>quadam</strong></span> <span class='ocrx_word' id='word_1_257' title='bbox 3652 1953 3823 2016; x_wconf 88' lang='lat' dir='ltr'><strong>mola</strong></span> <span class='ocrx_word' id='word_1_258' title='bbox 3853 1972 3989 2035; x_wconf 86' lang='lat' dir='ltr'><strong>gra-</strong></span> 
     </span>
     <span class='ocr_line' id='line_1_43' title="bbox 2497 2051 3987 2132; baseline 0.001 -19"><span class='ocrx_word' id='word_1_259' title='bbox 2497 2060 2727 2114; x_wconf 83' lang='lat' dir='ltr'><strong>vantur</strong></span> <span class='ocrx_word' id='word_1_260' title='bbox 2760 2069 2773 2112; x_wconf 91' lang='lat'>:</span> <span class='ocrx_word' id='word_1_261' title='bbox 2816 2068 3089 2132; x_wconf 90' lang='lat' dir='ltr'><strong>quarum</strong></span> <span class='ocrx_word' id='word_1_262' title='bbox 3130 2051 3421 2131; x_wconf 80' lang='lat' dir='ltr'><strong>quaedam</strong></span> <span class='ocrx_word' id='word_1_263' title='bbox 3460 2058 3613 2113; x_wconf 85' lang='lat' dir='ltr'><strong>tunc</strong></span> <span class='ocrx_word' id='word_1_264' title='bbox 3654 2051 3987 2114; x_wconf 89' lang='lat' dir='ltr'><strong>salvabun-</strong></span> 
     </span>
     <span class='ocr_line' id='line_1_44' title="bbox 2494 2148 3331 2224; baseline 0 -14"><span class='ocrx_word' id='word_1_265' title='bbox 2494 2156 2621 2224; x_wconf 89' lang='lat' dir='ltr'><strong>tur,</strong></span> <span class='ocrx_word' id='word_1_266' title='bbox 2654 2148 2795 2210; x_wconf 84' lang='lat' dir='ltr'><strong>aliae</strong></span> <span class='ocrx_word' id='word_1_267' title='bbox 2836 2148 3331 2210; x_wconf 89' lang='lat' dir='ltr'><strong>damnabuntur.</strong></span> 
     </span>
    </p>

    <p class='ocr_par' dir='ltr' id='par_1_14' title="bbox 2488 2249 3988 3017">
     <span class='ocr_line' id='line_1_45' title="bbox 2574 2249 3985 2324; baseline 0.001 -16"><span class='ocrx_word' id='word_1_268' title='bbox 2574 2250 2719 2308; x_wconf 87' lang='lat' dir='ltr'><strong>Duo</strong></span> <span class='ocrx_word' id='word_1_269' title='bbox 2751 2254 2943 2308; x_wconf 87' lang='lat' dir='ltr'><strong>erunt</strong></span> <span class='ocrx_word' id='word_1_270' title='bbox 2972 2249 3044 2308; x_wconf 77' lang='lat' dir='ltr'><strong>in</strong></span> <span class='ocrx_word' id='word_1_271' title='bbox 3072 2266 3230 2324; x_wconf 71' lang='lat' dir='ltr'><strong>ayro</strong></span> <span class='ocrx_word' id='word_1_272' title='bbox 3256 2268 3281 2307; x_wconf 91' lang='lat'><strong>.·</strong></span> <span class='ocrx_word' id='word_1_273' title='bbox 3310 2267 3483 2308; x_wconf 80' lang='lat' dir='ltr'><strong>unus</strong></span> <span class='ocrx_word' id='word_1_274' title='bbox 3510 2259 3896 2321; x_wconf 77' lang='lat' dir='ltr'><strong>assumetur,</strong></span> <span class='ocrx_word' id='word_1_275' title='bbox 3927 2259 3985 2310; x_wconf 74' lang='lat' dir='ltr'><strong>et</strong></span> 
     </span>
     <span class='ocr_line' id='line_1_46' title="bbox 2492 2344 3987 2428; baseline 0.003 -24"><span class='ocrx_word' id='word_1_276' title='bbox 2492 2348 2660 2405; x_wconf 76' lang='lat' dir='ltr'><strong>alter</strong></span> <span class='ocrx_word' id='word_1_277' title='bbox 2705 2347 3135 2424; x_wconf 76' lang='lat' dir='ltr'><strong>relinquetur.</strong></span> <span class='ocrx_word' id='word_1_278' title='bbox 3181 2344 3295 2407; x_wconf 89' lang='lat' dir='ltr'><strong>Per</strong></span> <span class='ocrx_word' id='word_1_279' title='bbox 3342 2363 3565 2426; x_wconf 89' lang='lat' dir='ltr'><strong>agrum</strong></span> <span class='ocrx_word' id='word_1_280' title='bbox 3623 2346 3987 2428; x_wconf 89' lang='lat' dir='ltr'><strong>designatur</strong></span> 
     </span>
     <span class='ocr_line' id='line_1_47' title="bbox 2494 2441 3986 2524; baseline 0.003 -20"><span class='ocrx_word' id='word_1_281' title='bbox 2494 2441 2796 2518; x_wconf 88' lang='lat' dir='ltr'><strong>Ecclesia,</strong></span> <span class='ocrx_word' id='word_1_282' title='bbox 2824 2442 2889 2505; x_wconf 91' lang='lat' dir='ltr'><strong>in</strong></span> <span class='ocrx_word' id='word_1_283' title='bbox 2920 2461 3050 2524; x_wconf 90' lang='lat' dir='ltr'><strong>qua</strong></span> <span class='ocrx_word' id='word_1_284' title='bbox 3078 2451 3373 2506; x_wconf 88' lang='lat' dir='ltr'><strong>crescunt</strong></span> <span class='ocrx_word' id='word_1_285' title='bbox 3399 2443 3536 2506; x_wconf 89' lang='lat' dir='ltr'><strong>lilia</strong></span> <span class='ocrx_word' id='word_1_286' title='bbox 3563 2453 3627 2506; x_wconf 90' lang='lat' dir='ltr'><strong>et</strong></span> <span class='ocrx_word' id='word_1_287' title='bbox 3655 2444 3839 2508; x_wconf 83' lang='lat' dir='ltr'><strong>violae</strong></span> <span class='ocrx_word' id='word_1_288' title='bbox 3868 2447 3986 2508; x_wconf 81' lang='lat' dir='ltr'><strong>vir-</strong></span> 
     </span>
     <span class='ocr_line' id='line_1_48' title="bbox 2490 2542 3981 2624; baseline 0.003 -22"><span class='ocrx_word' id='word_1_289' title='bbox 2490 2542 2738 2621; x_wconf 89' lang='lat' dir='ltr'><strong>ginum,</strong></span> <span class='ocrx_word' id='word_1_290' title='bbox 2776 2560 2932 2605; x_wconf 83' lang='lat' dir='ltr'><strong>rosae</strong></span> <span class='ocrx_word' id='word_1_291' title='bbox 2962 2549 3336 2624; x_wconf 80' lang='lat' dir='ltr'><strong>martyrum,</strong></span> <span class='ocrx_word' id='word_1_292' title='bbox 3361 2542 3497 2604; x_wconf 86' lang='lat' dir='ltr'><strong>lilia</strong></span> <span class='ocrx_word' id='word_1_293' title='bbox 3524 2543 3981 2619; x_wconf 84' lang='lat' dir='ltr'><strong>confessorum,</strong></span> 
     </span>
     <span class='ocr_line' id='line_1_49' title="bbox 2492 2639 3986 2724; baseline 0.003 -24"><span class='ocrx_word' id='word_1_294' title='bbox 2492 2647 2555 2700; x_wconf 90' lang='lat' dir='ltr'><strong>et</strong></span> <span class='ocrx_word' id='word_1_295' title='bbox 2602 2640 3050 2704; x_wconf 85' lang='lat' dir='ltr'><strong>universarum</strong></span> <span class='ocrx_word' id='word_1_296' title='bbox 3100 2639 3346 2702; x_wconf 74' lang='lat' dir='ltr'><strong>fructus</strong></span> <span class='ocrx_word' id='word_1_297' title='bbox 3397 2640 3729 2705; x_wconf 89' lang='lat' dir='ltr'><strong>virtutum.</strong></span> <span class='ocrx_word' id='word_1_298' title='bbox 3770 2642 3986 2724; x_wconf 84' lang='lat' dir='ltr'><strong>ltaque</strong></span> 
     </span>
     <span class='ocr_line' id='line_1_50' title="bbox 2492 2737 3988 2821; baseline 0.002 -22"><span class='ocrx_word' id='word_1_299' title='bbox 2492 2755 2608 2820; x_wconf 92' lang='lat' dir='ltr'><strong>per</strong></span> <span class='ocrx_word' id='word_1_300' title='bbox 2654 2739 2811 2801; x_wconf 91' lang='lat' dir='ltr'><strong>duos</strong></span> <span class='ocrx_word' id='word_1_301' title='bbox 2860 2737 3235 2800; x_wconf 84' lang='lat' dir='ltr'><strong>exsistentes</strong></span> <span class='ocrx_word' id='word_1_302' title='bbox 3289 2737 3354 2800; x_wconf 92' lang='lat' dir='ltr'><strong>in</strong></span> <span class='ocrx_word' id='word_1_303' title='bbox 3402 2757 3572 2820; x_wconf 86' lang='lat' dir='ltr'><strong>agro,</strong></span> <span class='ocrx_word' id='word_1_304' title='bbox 3618 2739 3988 2821; x_wconf 87' lang='lat' dir='ltr'><strong>exprimun-</strong></span> 
     </span>
     <span class='ocr_line' id='line_1_51' title="bbox 2488 2835 3987 2918; baseline 0.002 -21"><span class='ocrx_word' id='word_1_305' title='bbox 2488 2843 2597 2897; x_wconf 90' lang='lat' dir='ltr'><strong>tur</strong></span> <span class='ocrx_word' id='word_1_306' title='bbox 2642 2835 2887 2918; x_wconf 82' lang='lat' dir='ltr'><strong>praelati</strong></span> <span class='ocrx_word' id='word_1_307' title='bbox 2936 2844 3001 2897; x_wconf 89' lang='lat' dir='ltr'><strong>et</strong></span> <span class='ocrx_word' id='word_1_308' title='bbox 3046 2836 3509 2917; x_wconf 79' lang='lat' dir='ltr'><strong>praedicatoreS,</strong></span> <span class='ocrx_word' id='word_1_309' title='bbox 3551 2837 3665 2918; x_wconf 91' lang='lat' dir='ltr'><strong>qui</strong></span> <span class='ocrx_word' id='word_1_310' title='bbox 3703 2847 3987 2918; x_wconf 81' lang='lat' dir='ltr'><strong>praesunt</strong></span> 
     </span>
     <span class='ocr_line' id='line_1_52' title="bbox 2488 2933 3981 3017; baseline 0.001 -20"><span class='ocrx_word' id='word_1_311' title='bbox 2488 2933 2938 2997; x_wconf 88' lang='lat' dir='ltr'><strong>ecclesiasticis</strong></span> <span class='ocrx_word' id='word_1_312' title='bbox 2992 2933 3294 3015; x_wconf 80' lang='lat' dir='ltr'><strong>gregibus</strong></span> <span class='ocrx_word' id='word_1_313' title='bbox 3347 2934 3577 2998; x_wconf 88' lang='lat' dir='ltr'><strong>Christi</strong></span> <span class='ocrx_word' id='word_1_314' title='bbox 3632 2954 3646 2999; x_wconf 91' lang='lat'><strong>:</strong></span> <span class='ocrx_word' id='word_1_315' title='bbox 3707 2955 3981 3017; x_wconf 87' lang='lat' dir='ltr'><strong>quorum</strong></span> 
     </span>
    </p>
   </div>
   <div class='ocr_carea' id='block_1_13' title="bbox 882 3031 3978 3117">
    <p class='ocr_par' dir='ltr' id='par_1_15' title="bbox 882 3031 3978 3117">
     <span class='ocr_line' id='line_1_53' title="bbox 882 3031 3978 3117; baseline 0.003 -27"><span class='ocrx_word' id='word_1_316' title='bbox 882 3034 1036 3090; x_wconf 81' lang='lat' dir='ltr'><strong>lecto</strong></span> <span class='ocrx_word' id='word_1_317' title='bbox 1065 3049 1196 3091; x_wconf 85' lang='lat' dir='ltr'><strong>uno</strong></span> <span class='ocrx_word' id='word_1_318' title='bbox 1227 3051 1250 3090; x_wconf 94' lang='lat'><strong>.·</strong></span> <span class='ocrx_word' id='word_1_319' title='bbox 1283 3051 1452 3092; x_wconf 82' lang='lat' dir='ltr'><strong>unus</strong></span> <span class='ocrx_word' id='word_1_320' title='bbox 1481 3039 1866 3100; x_wconf 78' lang='lat' dir='ltr'><strong>assumetur,</strong></span> <span class='ocrx_word' id='word_1_321' title='bbox 1897 3041 1956 3092; x_wconf 81' lang='lat' dir='ltr'><strong>et</strong></span> <span class='ocrx_word' id='word_1_322' title='bbox 1985 3035 2152 3092; x_wconf 82' lang='lat' dir='ltr'><strong>alter</strong></span> <span class='ocrx_word' id='word_1_323' title='bbox 2180 3034 2380 3093; x_wconf 80' lang='lat' dir='ltr'><strong>relin-</strong></span> <span class='ocrx_word' id='word_1_324' title='bbox 2414 3035 2457 3099; x_wconf 92' lang='lat' dir='ltr'>C</span> <span class='ocrx_word' id='word_1_325' title='bbox 2488 3034 2749 3116; x_wconf 91' lang='lat' dir='ltr'><strong>quidam</strong></span> <span class='ocrx_word' id='word_1_326' title='bbox 2781 3033 3093 3116; x_wconf 83' lang='lat' dir='ltr'><strong>pastorale</strong></span> <span class='ocrx_word' id='word_1_327' title='bbox 3123 3031 3416 3096; x_wconf 74' lang='lat' dir='ltr'><strong>officium</strong></span> <span class='ocrx_word' id='word_1_328' title='bbox 3446 3034 3657 3097; x_wconf 86' lang='lat' dir='ltr'><strong>debite</strong></span> <span class='ocrx_word' id='word_1_329' title='bbox 3684 3035 3978 3117; x_wconf 84' lang='lat' dir='ltr'><strong>implent,</strong></span> 
     </span>
    </p>
   </div>
   <div class='ocr_carea' id='block_1_14' title="bbox 874 3128 2377 4191">
    <p class='ocr_par' dir='ltr' id='par_1_16' title="bbox 874 3128 2377 4191">
     <span class='ocr_line' id='line_1_54' title="bbox 879 3128 2377 3211; baseline 0.003 -23"><span class='ocrx_word' id='word_1_330' title='bbox 879 3137 1115 3207; x_wconf 78' lang='lat' dir='ltr'><strong>quetur</strong></span> <span class='ocrx_word' id='word_1_331' title='bbox 1142 3149 1165 3188; x_wconf 92' lang='lat'><strong>.·</strong></span> <span class='ocrx_word' id='word_1_332' title='bbox 1194 3128 1315 3191; x_wconf 89' lang='lat' dir='ltr'><strong>hoc</strong></span> <span class='ocrx_word' id='word_1_333' title='bbox 1363 3135 1480 3203; x_wconf 86' lang='lat' dir='ltr'><strong>est,</strong></span> <span class='ocrx_word' id='word_1_334' title='bbox 1528 3128 1682 3190; x_wconf 89' lang='lat' dir='ltr'><strong>hora</strong></span> <span class='ocrx_word' id='word_1_335' title='bbox 1725 3128 1977 3209; x_wconf 87' lang='lat' dir='ltr'><strong>judicii,</strong></span> <span class='ocrx_word' id='word_1_336' title='bbox 2025 3129 2217 3192; x_wconf 89' lang='lat' dir='ltr'><strong>etiam</strong></span> <span class='ocrx_word' id='word_1_337' title='bbox 2261 3131 2377 3211; x_wconf 91' lang='lat' dir='ltr'><strong>qui</strong></span> 
     </span>
     <span class='ocr_line' id='line_1_55' title="bbox 878 3225 2371 3309; baseline 0.003 -23"><span class='ocrx_word' id='word_1_338' title='bbox 878 3244 1052 3287; x_wconf 88' lang='lat' dir='ltr'><strong>nunc</strong></span> <span class='ocrx_word' id='word_1_339' title='bbox 1110 3226 1398 3307; x_wconf 87' lang='lat' dir='ltr'><strong>proxime</strong></span> <span class='ocrx_word' id='word_1_340' title='bbox 1453 3225 1573 3288; x_wconf 90' lang='lat' dir='ltr'><strong>sibi</strong></span> <span class='ocrx_word' id='word_1_341' title='bbox 1633 3225 1910 3288; x_wconf 83' lang='lat' dir='ltr'><strong>invicem</strong></span> <span class='ocrx_word' id='word_1_342' title='bbox 1968 3228 2371 3309; x_wconf 86' lang='lat' dir='ltr'><strong>copulantur,</strong></span> 
     </span>
     <span class='ocr_line' id='line_1_56' title="bbox 876 3323 2374 3407; baseline 0.003 -22"><span class='ocrx_word' id='word_1_343' title='bbox 876 3323 956 3386; x_wconf 88' lang='lat' dir='ltr'><strong>ab</strong></span> <span class='ocrx_word' id='word_1_344' title='bbox 1017 3324 1296 3386; x_wconf 88' lang='lat' dir='ltr'><strong>invicem</strong></span> <span class='ocrx_word' id='word_1_345' title='bbox 1354 3325 1723 3386; x_wconf 88' lang='lat' dir='ltr'><strong>dividentur</strong></span> <span class='ocrx_word' id='word_1_346' title='bbox 1774 3343 1788 3387; x_wconf 72' lang='grc' dir='ltr'><strong><em>ε</em></strong></span> <span class='ocrx_word' id='word_1_347' title='bbox 1843 3325 1928 3387; x_wconf 90' lang='lat' dir='ltr'><strong>ita</strong></span> <span class='ocrx_word' id='word_1_348' title='bbox 1984 3326 2159 3407; x_wconf 91' lang='lat' dir='ltr'><strong>quod</strong></span> <span class='ocrx_word' id='word_1_349' title='bbox 2208 3346 2374 3390; x_wconf 92' lang='lat' dir='ltr'><strong>unus</strong></span> 
     </span>
     <span class='ocr_line' id='line_1_57' title="bbox 876 3421 2377 3504; baseline 0.002 -21"><span class='ocrx_word' id='word_1_350' title='bbox 876 3421 999 3483; x_wconf 85' lang='lat' dir='ltr'><strong>erit</strong></span> <span class='ocrx_word' id='word_1_351' title='bbox 1026 3422 1287 3495; x_wconf 90' lang='lat' dir='ltr'><strong>electus,</strong></span> <span class='ocrx_word' id='word_1_352' title='bbox 1321 3430 1384 3484; x_wconf 90' lang='lat' dir='ltr'><strong>et</strong></span> <span class='ocrx_word' id='word_1_353' title='bbox 1413 3429 1674 3504; x_wconf 81' lang='lat' dir='ltr'><strong>propter</strong></span> <span class='ocrx_word' id='word_1_354' title='bbox 1713 3441 1858 3484; x_wconf 88' lang='lat' dir='ltr'><strong>suas</strong></span> <span class='ocrx_word' id='word_1_355' title='bbox 1898 3423 2168 3486; x_wconf 85' lang='lat' dir='ltr'><strong>virtutes</strong></span> <span class='ocrx_word' id='word_1_356' title='bbox 2199 3443 2377 3486; x_wconf 90' lang='lat' dir='ltr'><strong>assu-</strong></span> 
     </span>
     <span class='ocr_line' id='line_1_58' title="bbox 877 3519 2377 3594; baseline 0.002 -14"><span class='ocrx_word' id='word_1_357' title='bbox 877 3526 1089 3581; x_wconf 89' lang='lat' dir='ltr'><strong>metur</strong></span> <span class='ocrx_word' id='word_1_358' title='bbox 1128 3519 1205 3581; x_wconf 89' lang='lat' dir='ltr'><strong>ad</strong></span> <span class='ocrx_word' id='word_1_359' title='bbox 1256 3537 1596 3584; x_wconf 87' lang='lat' dir='ltr'><strong>numerum</strong></span> <span class='ocrx_word' id='word_1_360' title='bbox 1644 3519 2015 3594; x_wconf 90' lang='lat' dir='ltr'><strong>electorum,</strong></span> <span class='ocrx_word' id='word_1_361' title='bbox 2056 3530 2377 3584; x_wconf 89' lang='lat' dir='ltr'><strong>occurret·-</strong></span> 
     </span>
     <span class='ocr_line' id='line_1_59' title="bbox 876 3617 2373 3700; baseline 0.003 -22"><span class='ocrx_word' id='word_1_362' title='bbox 876 3635 1000 3700; x_wconf 91' lang='lat' dir='ltr'><strong>que</strong></span> <span class='ocrx_word' id='word_1_363' title='bbox 1048 3617 1295 3681; x_wconf 87' lang='lat' dir='ltr'><strong>Christo</strong></span> <span class='ocrx_word' id='word_1_364' title='bbox 1344 3617 1409 3679; x_wconf 92' lang='lat' dir='ltr'><strong>in</strong></span> <span class='ocrx_word' id='word_1_365' title='bbox 1467 3636 1612 3680; x_wconf 83' lang='lat' dir='ltr'><strong>aera</strong></span> <span class='ocrx_word' id='word_1_366' title='bbox 1656 3618 1853 3700; x_wconf 89' lang='lat' dir='ltr'><strong>(sicut</strong></span> <span class='ocrx_word' id='word_1_367' title='bbox 1895 3619 1984 3680; x_wconf 93' lang='lat' dir='ltr'><strong>ait</strong></span> <span class='ocrx_word' id='word_1_368' title='bbox 2032 3619 2098 3680; x_wconf 91' lang='lat' dir='ltr'><strong>in</strong></span> <span class='ocrx_word' id='word_1_369' title='bbox 2147 3620 2373 3683; x_wconf 90' lang='lat' dir='ltr'><strong>talium</strong></span> 
     </span>
     <span class='ocr_line' id='line_1_60' title="bbox 878 3715 2371 3800; baseline 0.002 -22"><span class='ocrx_word' id='word_1_370' title='bbox 878 3735 1148 3799; x_wconf 89' lang='lat' dir='ltr'><strong>persona</strong></span> <span class='ocrx_word' id='word_1_371' title='bbox 1183 3716 1522 3798; x_wconf 88' lang='lat' dir='ltr'><strong>Apostolus</strong></span> <span class='ocrx_word' id='word_1_372' title='bbox 1557 3734 1572 3778; x_wconf 72' lang='grc' dir='ltr'>ι</span> <span class='ocrx_word' id='word_1_373' title='bbox 1605 3715 1728 3780; x_wconf 90' lang='lat' dir='ltr'><strong>Nos</strong></span> <span class='ocrx_word' id='word_1_374' title='bbox 1766 3717 1882 3798; x_wconf 88' lang='lat' dir='ltr'><strong>qui</strong></span> <span class='ocrx_word' id='word_1_375' title='bbox 1921 3717 2225 3793; x_wconf 82' lang='lat' dir='ltr'><strong>vivimuS,</strong></span> <span class='ocrx_word' id='word_1_376' title='bbox 2259 3719 2371 3800; x_wconf 91' lang='lat' dir='ltr'><strong>qui</strong></span> 
     </span>
     <span class='ocr_line' id='line_1_61' title="bbox 877 3814 2372 3898; baseline 0.002 -22"><span class='ocrx_word' id='word_1_377' title='bbox 877 3815 1115 3878; x_wconf 90' lang='lat' dir='ltr'><strong>residui</strong></span> <span class='ocrx_word' id='word_1_378' title='bbox 1161 3835 1407 3888; x_wconf 83' lang='lat' dir='ltr'><strong>sumuS,</strong></span> <span class='ocrx_word' id='word_1_379' title='bbox 1451 3814 1644 3876; x_wconf 92' lang='lat' dir='ltr'><strong>simul</strong></span> <span class='ocrx_word' id='word_1_380' title='bbox 1695 3815 2019 3898; x_wconf 89' lang='lat' dir='ltr'><strong>rapiemur</strong></span> <span class='ocrx_word' id='word_1_381' title='bbox 2055 3836 2205 3879; x_wconf 89' lang='lat' dir='ltr'><strong>cum</strong></span> <span class='ocrx_word' id='word_1_382' title='bbox 2244 3817 2372 3880; x_wconf 87' lang='lat' dir='ltr'><strong>illis</strong></span> 
     </span>
     <span class='ocr_line' id='line_1_62' title="bbox 876 3912 2372 3995; baseline 0.001 -19"><span class='ocrx_word' id='word_1_383' title='bbox 876 3915 943 3976; x_wconf 91' lang='lat' dir='ltr'><strong>in</strong></span> <span class='ocrx_word' id='word_1_384' title='bbox 975 3913 1256 3976; x_wconf 88' lang='lat' dir='ltr'><strong>nubibus</strong></span> <span class='ocrx_word' id='word_1_385' title='bbox 1296 3912 1549 3976; x_wconf 90' lang='lat' dir='ltr'><strong>obviam</strong></span> <span class='ocrx_word' id='word_1_386' title='bbox 1580 3912 1828 3978; x_wconf 89' lang='lat' dir='ltr'><strong>Christo</strong></span> <span class='ocrx_word' id='word_1_387' title='bbox 1867 3914 1933 3975; x_wconf 90' lang='lat' dir='ltr'><strong>in</strong></span> <span class='ocrx_word' id='word_1_388' title='bbox 1969 3918 2176 3995; x_wconf 87' lang='lat' dir='ltr'><strong>aera);</strong></span> <span class='ocrx_word' id='word_1_389' title='bbox 2209 3916 2372 3978; x_wconf 86' lang='lat' dir='ltr'><strong>alius</strong></span> 
     </span>
     <span class='ocr_line' id='line_1_63' title="bbox 877 4011 2370 4093; baseline 0.003 -21"><span class='ocrx_word' id='word_1_390' title='bbox 877 4011 1186 4093; x_wconf 89' lang='lat' dir='ltr'><strong>reprobus</strong></span> <span class='ocrx_word' id='word_1_391' title='bbox 1236 4011 1378 4085; x_wconf 91' lang='lat' dir='ltr'><strong>erit,</strong></span> <span class='ocrx_word' id='word_1_392' title='bbox 1421 4019 1485 4073; x_wconf 90' lang='lat' dir='ltr'><strong>et</strong></span> <span class='ocrx_word' id='word_1_393' title='bbox 1530 4011 1611 4074; x_wconf 94' lang='lat' dir='ltr'><strong>ob</strong></span> <span class='ocrx_word' id='word_1_394' title='bbox 1661 4029 1775 4073; x_wconf 89' lang='lat' dir='ltr'><strong>sua</strong></span> <span class='ocrx_word' id='word_1_395' title='bbox 1822 4012 2130 4075; x_wconf 87' lang='lat' dir='ltr'><strong>demerita</strong></span> <span class='ocrx_word' id='word_1_396' title='bbox 2176 4014 2370 4076; x_wconf 90' lang='lat' dir='ltr'><strong>relin-</strong></span> 
     </span>
     <span class='ocr_line' id='line_1_64' title="bbox 874 4109 2374 4191; baseline 0.003 -21"><span class='ocrx_word' id='word_1_397' title='bbox 874 4116 1110 4191; x_wconf 90' lang='lat' dir='ltr'><strong>quetur</strong></span> <span class='ocrx_word' id='word_1_398' title='bbox 1140 4109 1306 4172; x_wconf 90' lang='lat' dir='ltr'><strong>inter</strong></span> <span class='ocrx_word' id='word_1_399' title='bbox 1337 4109 1726 4172; x_wconf 88' lang='lat' dir='ltr'><strong>damnandos</strong></span> <span class='ocrx_word' id='word_1_400' title='bbox 1759 4109 1824 4171; x_wconf 90' lang='lat' dir='ltr'><strong>in</strong></span> <span class='ocrx_word' id='word_1_401' title='bbox 1857 4117 2022 4172; x_wconf 87' lang='lat' dir='ltr'><strong>terra</strong></span> <span class='ocrx_word' id='word_1_402' title='bbox 2059 4130 2207 4174; x_wconf 88' lang='lat' dir='ltr'><strong>cum</strong></span> <span class='ocrx_word' id='word_1_403' title='bbox 2239 4131 2374 4176; x_wconf 90' lang='lat' dir='ltr'><strong>cor-</strong></span> 
     </span>
    </p>
   </div>
   <div class='ocr_carea' id='block_1_15' title="bbox 2485 3131 3983 3315">
    <p class='ocr_par' dir='ltr' id='par_1_17' title="bbox 2485 3131 3983 3315">
     <span class='ocr_line' id='line_1_65' title="bbox 2486 3131 3983 3215; baseline 0.003 -21"><span class='ocrx_word' id='word_1_404' title='bbox 2486 3140 2551 3194; x_wconf 91' lang='lat' dir='ltr'><strong>et</strong></span> <span class='ocrx_word' id='word_1_405' title='bbox 2595 3151 2740 3213; x_wconf 70' lang='lat' dir='ltr'><strong>quae</strong></span> <span class='ocrx_word' id='word_1_406' title='bbox 2788 3133 3017 3196; x_wconf 84' lang='lat' dir='ltr'><strong>docent</strong></span> <span class='ocrx_word' id='word_1_407' title='bbox 3053 3131 3353 3214; x_wconf 87' lang='lat' dir='ltr'><strong>operibus</strong></span> <span class='ocrx_word' id='word_1_408' title='bbox 3396 3142 3855 3215; x_wconf 86' lang='lat' dir='ltr'><strong>exsequuntur,</strong></span> <span class='ocrx_word' id='word_1_409' title='bbox 3890 3135 3983 3198; x_wconf 86' lang='lat' dir='ltr'><strong>id·—</strong></span> 
     </span>
     <span class='ocr_line' id='line_1_66' title="bbox 2485 3231 3979 3315; baseline 0.002 -22"><span class='ocrx_word' id='word_1_410' title='bbox 2485 3250 2560 3294; x_wconf 94' lang='lat' dir='ltr'><strong>eo</strong></span> <span class='ocrx_word' id='word_1_411' title='bbox 2602 3233 2683 3294; x_wconf 88' lang='lat' dir='ltr'><strong>ad</strong></span> <span class='ocrx_word' id='word_1_412' title='bbox 2727 3231 3187 3293; x_wconf 85' lang='lat' dir='ltr'><strong>beatitudinem</strong></span> <span class='ocrx_word' id='word_1_413' title='bbox 3235 3240 3661 3294; x_wconf 88' lang='lat' dir='ltr'><strong>assumentur.</strong></span> <span class='ocrx_word' id='word_1_414' title='bbox 3705 3233 3790 3296; x_wconf 90' lang='lat' dir='ltr'><strong>De</strong></span> <span class='ocrx_word' id='word_1_415' title='bbox 3836 3235 3979 3315; x_wconf 91' lang='lat' dir='ltr'><strong>qui-</strong></span> 
     </span>
    </p>
   </div>
   <div class='ocr_carea' id='block_1_16' title="bbox 2484 3327 4200 3412">
    <p class='ocr_par' dir='ltr' id='par_1_18' title="bbox 2484 3327 4200 3412">
     <span class='ocr_line' id='line_1_67' title="bbox 2484 3327 4200 3412; baseline 0.006 -22"><span class='ocrx_word' id='word_1_416' title='bbox 2484 3327 2605 3391; x_wconf 90' lang='lat' dir='ltr'><strong>bus</strong></span> <span class='ocrx_word' id='word_1_417' title='bbox 2644 3330 2723 3391; x_wconf 89' lang='lat' dir='ltr'><strong>ad</strong></span> <span class='ocrx_word' id='word_1_418' title='bbox 2754 3328 3157 3392; x_wconf 75' lang='lat' dir='ltr'><strong>Timotheum</strong></span> <span class='ocrx_word' id='word_1_419' title='bbox 3188 3328 3411 3391; x_wconf 89' lang='lat' dir='ltr'><strong>scribit</strong></span> <span class='ocrx_word' id='word_1_420' title='bbox 3437 3330 3773 3412; x_wconf 84' lang='lat' dir='ltr'><strong>Apostolus</strong></span> <span class='ocrx_word' id='word_1_421' title='bbox 3808 3350 3823 3394; x_wconf 91' lang='lat'>:</span> <span class='ocrx_word' id='word_1_422' title='bbox 3858 3332 3973 3405; x_wconf 85' lang='lat' dir='ltr'><strong>Qui</strong></span> <span class='ocrx_word' id='word_1_423' title='bbox 4048 3355 4200 3400; x_wconf 63' lang='lat' dir='ltr'><strong>inm.</strong></span> 
     </span>
    </p>
   </div>
   <div class='ocr_carea' id='block_1_17' title="bbox 2484 3421 4061 3902">
    <p class='ocr_par' dir='ltr' id='par_1_19' title="bbox 2484 3421 4061 3902">
     <span class='ocr_line' id='line_1_68' title="bbox 2486 3421 4061 3510; baseline 0.003 -21"><span class='ocrx_word' id='word_1_424' title='bbox 2486 3427 2648 3490; x_wconf 86' lang='lat' dir='ltr'><strong>bene</strong></span> <span class='ocrx_word' id='word_1_425' title='bbox 2698 3436 2981 3510; x_wconf 80' lang='lat' dir='ltr'><strong>praesunt</strong></span> <span class='ocrx_word' id='word_1_426' title='bbox 3028 3427 3405 3510; x_wconf 84' lang='lat' dir='ltr'><strong>presbyteri,</strong></span> <span class='ocrx_word' id='word_1_427' title='bbox 3446 3429 3689 3510; x_wconf 87' lang='lat' dir='ltr'><strong>duplici</strong></span> <span class='ocrx_word' id='word_1_428' title='bbox 3736 3430 3975 3494; x_wconf 87' lang='lat' dir='ltr'><strong>honore</strong></span> <span class='ocrx_word' id='word_1_429' title='bbox 4002 3421 4061 3462; x_wconf 92' lang='lat'><strong>¹⁷·</strong></span> 
     </span>
     <span class='ocr_line' id='line_1_69' title="bbox 2484 3526 3975 3607; baseline 0.002 -19"><span class='ocrx_word' id='word_1_430' title='bbox 2484 3526 2658 3607; x_wconf 80' lang='lat' dir='ltr'><strong>digni</strong></span> <span class='ocrx_word' id='word_1_431' title='bbox 2699 3526 3073 3600; x_wconf 86' lang='lat' dir='ltr'><strong>habeantur,</strong></span> <span class='ocrx_word' id='word_1_432' title='bbox 3117 3526 3392 3588; x_wconf 84' lang='lat' dir='ltr'><strong>maxime</strong></span> <span class='ocrx_word' id='word_1_433' title='bbox 3427 3527 3540 3607; x_wconf 91' lang='lat' dir='ltr'><strong>qui</strong></span> <span class='ocrx_word' id='word_1_434' title='bbox 3582 3527 3869 3590; x_wconf 87' lang='lat' dir='ltr'><strong>laborant</strong></span> <span class='ocrx_word' id='word_1_435' title='bbox 3912 3530 3975 3591; x_wconf 92' lang='lat' dir='ltr'><strong>in</strong></span> 
     </span>
     <span class='ocr_line' id='line_1_70' title="bbox 2486 3622 3978 3705; baseline 0.003 -19"><span class='ocrx_word' id='word_1_436' title='bbox 2486 3623 2682 3687; x_wconf 88' lang='lat' dir='ltr'><strong>verbo</strong></span> <span class='ocrx_word' id='word_1_437' title='bbox 2710 3630 2774 3685; x_wconf 88' lang='lat' dir='ltr'><strong>et</strong></span> <span class='ocrx_word' id='word_1_438' title='bbox 2802 3623 3108 3686; x_wconf 87' lang='lat' dir='ltr'><strong>doctrina.</strong></span> <span class='ocrx_word' id='word_1_439' title='bbox 3133 3623 3255 3685; x_wconf 90' lang='lat' dir='ltr'><strong>Alii</strong></span> <span class='ocrx_word' id='word_1_440' title='bbox 3286 3622 3681 3705; x_wconf 79' lang='lat' dir='ltr'><strong>negligenter</strong></span> <span class='ocrx_word' id='word_1_441' title='bbox 3708 3633 3773 3688; x_wconf 87' lang='lat' dir='ltr'><strong>et</strong></span> <span class='ocrx_word' id='word_1_442' title='bbox 3798 3645 3978 3690; x_wconf 87' lang='lat' dir='ltr'><strong>scan-</strong></span> 
     </span>
     <span class='ocr_line' id='line_1_71' title="bbox 2486 3720 3977 3803; baseline 0.003 -19"><span class='ocrx_word' id='word_1_443' title='bbox 2486 3722 2699 3786; x_wconf 88' lang='lat' dir='ltr'><strong>dalose</strong></span> <span class='ocrx_word' id='word_1_444' title='bbox 2746 3740 2815 3784; x_wconf 90' lang='lat' dir='ltr'><strong>se</strong></span> <span class='ocrx_word' id='word_1_445' title='bbox 2864 3720 3120 3796; x_wconf 84' lang='lat' dir='ltr'><strong>habent,</strong></span> <span class='ocrx_word' id='word_1_446' title='bbox 3162 3729 3225 3783; x_wconf 89' lang='lat' dir='ltr'><strong>et</strong></span> <span class='ocrx_word' id='word_1_447' title='bbox 3269 3723 3443 3803; x_wconf 90' lang='lat' dir='ltr'><strong>quod</strong></span> <span class='ocrx_word' id='word_1_448' title='bbox 3489 3722 3700 3786; x_wconf 85' lang='lat' dir='ltr'><strong>verbis</strong></span> <span class='ocrx_word' id='word_1_449' title='bbox 3748 3725 3977 3788; x_wconf 89' lang='lat' dir='ltr'><strong>docent</strong></span> 
     </span>
     <span class='ocr_line' id='line_1_72' title="bbox 2484 3820 3973 3902; baseline 0.003 -20"><span class='ocrx_word' id='word_1_450' title='bbox 2484 3838 2678 3902; x_wconf 91' lang='lat' dir='ltr'><strong>opere</strong></span> <span class='ocrx_word' id='word_1_451' title='bbox 2736 3820 3093 3894; x_wconf 90' lang='lat' dir='ltr'><strong>destruunt,</strong></span> <span class='ocrx_word' id='word_1_452' title='bbox 3154 3820 3298 3883; x_wconf 89' lang='lat' dir='ltr'><strong>ideo</strong></span> <span class='ocrx_word' id='word_1_453' title='bbox 3359 3820 3827 3902; x_wconf 87' lang='lat' dir='ltr'><strong>relinquentur.</strong></span> <span class='ocrx_word' id='word_1_454' title='bbox 3892 3824 3973 3886; x_wconf 89' lang='lat' dir='ltr'><strong>De</strong></span> 
     </span>
    </p>
   </div>
   <div class='ocr_carea' id='block_1_18' title="bbox 2487 3917 4201 4000">
    <p class='ocr_par' dir='ltr' id='par_1_20' title="bbox 2487 3917 4201 4000">
     <span class='ocr_line' id='line_1_73' title="bbox 2487 3917 4201 4000; baseline 0.002 -21"><span class='ocrx_word' id='word_1_455' title='bbox 2487 3918 2725 4000; x_wconf 91' lang='lat' dir='ltr'><strong>quibus</strong></span> <span class='ocrx_word' id='word_1_456' title='bbox 2773 3917 2838 3979; x_wconf 92' lang='lat' dir='ltr'><strong>in</strong></span> <span class='ocrx_word' id='word_1_457' title='bbox 2888 3917 3053 3981; x_wconf 91' lang='lat' dir='ltr'><strong>libro</strong></span> <span class='ocrx_word' id='word_1_458' title='bbox 3098 3917 3437 3998; x_wconf 79' lang='lat' dir='ltr'><strong>Sapientiae</strong></span> <span class='ocrx_word' id='word_1_459' title='bbox 3484 3918 3755 3982; x_wconf 88' lang='lat' dir='ltr'><strong>habetur</strong></span> <span class='ocrx_word' id='word_1_460' title='bbox 3806 3941 3819 3984; x_wconf 92' lang='lat'><strong>:</strong></span> <span class='ocrx_word' id='word_1_461' title='bbox 3871 3922 3975 3984; x_wconf 84' lang='lat' dir='ltr'><strong>Ju-</strong></span> <span class='ocrx_word' id='word_1_462' title='bbox 4024 3939 4201 3995; x_wconf 51' lang='lat' dir='ltr'><strong>sapas.</strong></span> 
     </span>
    </p>
   </div>
   <div class='ocr_carea' id='block_1_19' title="bbox 2484 4015 3969 4196">
    <p class='ocr_par' dir='ltr' id='par_1_21' title="bbox 2484 4015 3969 4196">
     <span class='ocr_line' id='line_1_74' title="bbox 2486 4015 3969 4100; baseline 0.003 -21"><span class='ocrx_word' id='word_1_463' title='bbox 2486 4017 2725 4079; x_wconf 91' lang='lat' dir='ltr'><strong>dicium</strong></span> <span class='ocrx_word' id='word_1_464' title='bbox 2777 4015 3193 4078; x_wconf 89' lang='lat' dir='ltr'><strong>durissimum</strong></span> <span class='ocrx_word' id='word_1_465' title='bbox 3242 4015 3308 4077; x_wconf 91' lang='lat' dir='ltr'><strong>in</strong></span> <span class='ocrx_word' id='word_1_466' title='bbox 3356 4015 3457 4078; x_wconf 93' lang='lat' dir='ltr'><strong>his</strong></span> <span class='ocrx_word' id='word_1_467' title='bbox 3502 4017 3617 4099; x_wconf 90' lang='lat' dir='ltr'><strong>qui</strong></span> <span class='ocrx_word' id='word_1_468' title='bbox 3666 4029 3969 4100; x_wconf 66' lang='lat' dir='ltr'><strong>praesunt,</strong></span> 
     </span>
     <span class='ocr_line' id='line_1_75' title="bbox 2484 4113 3969 4196; baseline 0.003 -20"><span class='ocrx_word' id='word_1_469' title='bbox 2484 4115 2619 4177; x_wconf 82' lang='lat' dir='ltr'><strong>fiet.</strong></span> <span class='ocrx_word' id='word_1_470' title='bbox 2654 4113 2832 4177; x_wconf 89' lang='lat' dir='ltr'><strong>Tales</strong></span> <span class='ocrx_word' id='word_1_471' title='bbox 2861 4113 3108 4196; x_wconf 90' lang='lat' dir='ltr'><strong>quippe</strong></span> <span class='ocrx_word' id='word_1_472' title='bbox 3143 4131 3365 4194; x_wconf 86' lang='lat' dir='ltr'><strong>agrum</strong></span> <span class='ocrx_word' id='word_1_473' title='bbox 3404 4115 3496 4177; x_wconf 88' lang='lat' dir='ltr'><strong>eis</strong></span> <span class='ocrx_word' id='word_1_474' title='bbox 3536 4117 3969 4194; x_wconf 87' lang='lat' dir='ltr'><strong>commissum,</strong></span> 
     </span>
    </p>
   </div>
   <div class='ocr_carea' id='block_1_20' title="bbox 876 4204 3973 4300">
    <p class='ocr_par' dir='ltr' id='par_1_22' title="bbox 876 4204 3973 4300">
     <span class='ocr_line' id='line_1_76' title="bbox 876 4204 3973 4300; baseline 0.003 -30"><span class='ocrx_word' id='word_1_475' title='bbox 876 4225 1029 4290; x_wconf 89' lang='lat' dir='ltr'><strong>pore</strong></span> <span class='ocrx_word' id='word_1_476' title='bbox 1064 4207 1266 4288; x_wconf 86' lang='lat' dir='ltr'><strong>gravi.</strong></span> <span class='ocrx_word' id='word_1_477' title='bbox 1309 4204 1719 4289; x_wconf 90' lang='lat' dir='ltr'><strong>Spiritualius</strong></span> <span class='ocrx_word' id='word_1_478' title='bbox 1763 4215 1978 4271; x_wconf 86' lang='lat' dir='ltr'><strong>autem</strong></span> <span class='ocrx_word' id='word_1_479' title='bbox 2027 4209 2368 4291; x_wconf 82' lang='lat' dir='ltr'><strong>loquendO,</strong></span> <span class='ocrx_word' id='word_1_480' title='bbox 2403 4219 2453 4281; x_wconf 94' lang='lat' dir='ltr'>D</span> <span class='ocrx_word' id='word_1_481' title='bbox 2484 4213 2605 4277; x_wconf 90' lang='lat' dir='ltr'><strong>hoc</strong></span> <span class='ocrx_word' id='word_1_482' title='bbox 2642 4220 2738 4275; x_wconf 92' lang='lat' dir='ltr'><strong>est</strong></span> <span class='ocrx_word' id='word_1_483' title='bbox 2776 4213 2965 4276; x_wconf 88' lang='lat' dir='ltr'><strong>corda</strong></span> <span class='ocrx_word' id='word_1_484' title='bbox 3011 4211 3413 4275; x_wconf 88' lang='lat' dir='ltr'><strong>subditorum</strong></span> <span class='ocrx_word' id='word_1_485' title='bbox 3456 4232 3740 4290; x_wconf 87' lang='lat' dir='ltr'><strong>suorum,</strong></span> <span class='ocrx_word' id='word_1_486' title='bbox 3772 4235 3809 4277; x_wconf 87' lang='lat' dir='ltr'><strong>a</strong></span> <span class='ocrx_word' id='word_1_487' title='bbox 3847 4217 3973 4300; x_wconf 90' lang='lat' dir='ltr'><strong>spi-</strong></span> 
     </span>
    </p>
   </div>
   <div class='ocr_carea' id='block_1_21' title="bbox 869 4305 2376 5375">
    <p class='ocr_par' dir='ltr' id='par_1_23' title="bbox 869 4305 2376 5375">
     <span class='ocr_line' id='line_1_77' title="bbox 874 4305 2374 4390; baseline 0.003 -24"><span class='ocrx_word' id='word_1_488' title='bbox 874 4323 990 4387; x_wconf 91' lang='lat' dir='ltr'><strong>per</strong></span> <span class='ocrx_word' id='word_1_489' title='bbox 1037 4305 1295 4379; x_wconf 91' lang='lat' dir='ltr'><strong>lectum,</strong></span> <span class='ocrx_word' id='word_1_490' title='bbox 1339 4305 1525 4386; x_wconf 90' lang='lat' dir='ltr'><strong>quies</strong></span> <span class='ocrx_word' id='word_1_491' title='bbox 1575 4323 1687 4366; x_wconf 91' lang='lat' dir='ltr'><strong>seu</strong></span> <span class='ocrx_word' id='word_1_492' title='bbox 1735 4313 1934 4367; x_wconf 87' lang='lat' dir='ltr'><strong>status</strong></span> <span class='ocrx_word' id='word_1_493' title='bbox 1984 4309 2374 4390; x_wconf 88' lang='lat' dir='ltr'><strong>contempla-</strong></span> 
     </span>
     <span class='ocr_line' id='line_1_78' title="bbox 870 4401 2371 4486; baseline 0.003 -21"><span class='ocrx_word' id='word_1_494' title='bbox 870 4403 1066 4467; x_wconf 88' lang='lat' dir='ltr'><strong>tionis</strong></span> <span class='ocrx_word' id='word_1_495' title='bbox 1129 4403 1461 4486; x_wconf 83' lang='lat' dir='ltr'><strong>accipitur.</strong></span> <span class='ocrx_word' id='word_1_496' title='bbox 1523 4401 1754 4484; x_wconf 89' lang='lat' dir='ltr'><strong>Sicque</strong></span> <span class='ocrx_word' id='word_1_497' title='bbox 1823 4421 1936 4486; x_wconf 91' lang='lat' dir='ltr'><strong>per</strong></span> <span class='ocrx_word' id='word_1_498' title='bbox 1994 4405 2153 4468; x_wconf 91' lang='lat' dir='ltr'><strong>duos</strong></span> <span class='ocrx_word' id='word_1_499' title='bbox 2219 4406 2371 4470; x_wconf 90' lang='lat' dir='ltr'><strong>istos</strong></span> 
     </span>
     <span class='ocr_line' id='line_1_79' title="bbox 875 4501 2376 4587; baseline 0.001 -22"><span class='ocrx_word' id='word_1_500' title='bbox 875 4501 1184 4583; x_wconf 88' lang='lat' dir='ltr'><strong>designati</strong></span> <span class='ocrx_word' id='word_1_501' title='bbox 1235 4509 1404 4576; x_wconf 89' lang='lat' dir='ltr'><strong>sunt,</strong></span> <span class='ocrx_word' id='word_1_502' title='bbox 1446 4501 1558 4582; x_wconf 92' lang='lat' dir='ltr'><strong>qui</strong></span> <span class='ocrx_word' id='word_1_503' title='bbox 1605 4501 1670 4563; x_wconf 89' lang='lat' dir='ltr'><strong>in</strong></span> <span class='ocrx_word' id='word_1_504' title='bbox 1723 4509 1886 4564; x_wconf 90' lang='lat' dir='ltr'><strong>statu</strong></span> <span class='ocrx_word' id='word_1_505' title='bbox 1935 4504 2376 4587; x_wconf 88' lang='lat' dir='ltr'><strong>contemplati-</strong></span> 
     </span>
     <span class='ocr_line' id='line_1_80' title="bbox 875 4598 2376 4683; baseline 0 -17"><span class='ocrx_word' id='word_1_506' title='bbox 875 4619 1103 4666; x_wconf 89' lang='lat' dir='ltr'><strong>vorum</strong></span> <span class='ocrx_word' id='word_1_507' title='bbox 1134 4607 1282 4663; x_wconf 90' lang='lat' dir='ltr'><strong>sunt</strong></span> <span class='ocrx_word' id='word_1_508' title='bbox 1314 4599 1526 4683; x_wconf 89' lang='lat' dir='ltr'><strong>positi.</strong></span> <span class='ocrx_word' id='word_1_509' title='bbox 1559 4598 1838 4672; x_wconf 88' lang='lat' dir='ltr'><strong>Quorum</strong></span> <span class='ocrx_word' id='word_1_510' title='bbox 1868 4601 2055 4663; x_wconf 91' lang='lat' dir='ltr'><strong>multi</strong></span> <span class='ocrx_word' id='word_1_511' title='bbox 2086 4609 2240 4666; x_wconf 89' lang='lat' dir='ltr'><strong>tunc</strong></span> <span class='ocrx_word' id='word_1_512' title='bbox 2270 4603 2376 4666; x_wconf 80' lang='lat' dir='ltr'><strong>fri-</strong></span> 
     </span>
     <span class='ocr_line' id='line_1_81' title="bbox 871 4699 2371 4782; baseline 0.001 -20"><span class='ocrx_word' id='word_1_513' title='bbox 871 4699 1004 4782; x_wconf 89' lang='lat' dir='ltr'><strong>gidi</strong></span> <span class='ocrx_word' id='word_1_514' title='bbox 1051 4706 1261 4772; x_wconf 90' lang='lat' dir='ltr'><strong>erunt,</strong></span> <span class='ocrx_word' id='word_1_515' title='bbox 1309 4700 1475 4760; x_wconf 89' lang='lat' dir='ltr'><strong>sicut</strong></span> <span class='ocrx_word' id='word_1_516' title='bbox 1521 4705 1584 4760; x_wconf 90' lang='lat' dir='ltr'><strong>et</strong></span> <span class='ocrx_word' id='word_1_517' title='bbox 1633 4716 1805 4760; x_wconf 90' lang='lat' dir='ltr'><strong>nunc</strong></span> <span class='ocrx_word' id='word_1_518' title='bbox 1853 4707 2002 4762; x_wconf 91' lang='lat' dir='ltr'><strong>sunt</strong></span> <span class='ocrx_word' id='word_1_519' title='bbox 2045 4717 2058 4762; x_wconf 91' lang='lat'><strong>:</strong></span> <span class='ocrx_word' id='word_1_520' title='bbox 2102 4702 2257 4782; x_wconf 90' lang='lat' dir='ltr'><strong>quia</strong></span> <span class='ocrx_word' id='word_1_521' title='bbox 2304 4703 2371 4764; x_wconf 90' lang='lat' dir='ltr'><strong>in</strong></span> 
     </span>
     <span class='ocr_line' id='line_1_82' title="bbox 874 4795 2369 4880; baseline 0.001 -19"><span class='ocrx_word' id='word_1_522' title='bbox 874 4797 1049 4862; x_wconf 90' lang='lat' dir='ltr'><strong>omni</strong></span> <span class='ocrx_word' id='word_1_523' title='bbox 1099 4805 1263 4858; x_wconf 90' lang='lat' dir='ltr'><strong>statu</strong></span> <span class='ocrx_word' id='word_1_524' title='bbox 1313 4802 1461 4858; x_wconf 91' lang='lat' dir='ltr'><strong>sunt</strong></span> <span class='ocrx_word' id='word_1_525' title='bbox 1518 4795 1669 4859; x_wconf 87' lang='lat' dir='ltr'><strong>boni</strong></span> <span class='ocrx_word' id='word_1_526' title='bbox 1729 4803 1793 4858; x_wconf 89' lang='lat' dir='ltr'><strong>et</strong></span> <span class='ocrx_word' id='word_1_527' title='bbox 1840 4797 2012 4873; x_wconf 89' lang='lat' dir='ltr'><strong>mali,</strong></span> <span class='ocrx_word' id='word_1_528' title='bbox 2063 4806 2256 4880; x_wconf 87' lang='lat' dir='ltr'><strong>atque</strong></span> <span class='ocrx_word' id='word_1_529' title='bbox 2303 4801 2369 4863; x_wconf 92' lang='lat' dir='ltr'><strong>in</strong></span> 
     </span>
     <span class='ocr_line' id='line_1_83' title="bbox 873 4893 2371 4978; baseline 0.001 -19"><span class='ocrx_word' id='word_1_530' title='bbox 873 4897 1049 4960; x_wconf 89' lang='lat' dir='ltr'><strong>omni</strong></span> <span class='ocrx_word' id='word_1_531' title='bbox 1081 4893 1442 4958; x_wconf 90' lang='lat' dir='ltr'><strong>conditione</strong></span> <span class='ocrx_word' id='word_1_532' title='bbox 1481 4902 1544 4956; x_wconf 88' lang='lat' dir='ltr'><strong>et</strong></span> <span class='ocrx_word' id='word_1_533' title='bbox 1578 4896 1778 4976; x_wconf 88' lang='lat' dir='ltr'><strong>gradu</strong></span> <span class='ocrx_word' id='word_1_534' title='bbox 1815 4895 2075 4978; x_wconf 89' lang='lat' dir='ltr'><strong>optimis</strong></span> <span class='ocrx_word' id='word_1_535' title='bbox 2104 4897 2371 4961; x_wconf 84' lang='lat' dir='ltr'><strong>admixti</strong></span> 
     </span>
     <span class='ocr_line' id='line_1_84' title="bbox 873 4993 2371 5079; baseline 0.003 -23"><span class='ocrx_word' id='word_1_536' title='bbox 873 5002 1026 5056; x_wconf 90' lang='lat' dir='ltr'><strong>sunt</strong></span> <span class='ocrx_word' id='word_1_537' title='bbox 1082 4993 1366 5076; x_wconf 90' lang='lat' dir='ltr'><strong>pessimi,</strong></span> <span class='ocrx_word' id='word_1_538' title='bbox 1421 5000 1490 5054; x_wconf 90' lang='lat' dir='ltr'><strong>ut</strong></span> <span class='ocrx_word' id='word_1_539' title='bbox 1543 4994 1768 5056; x_wconf 92' lang='lat' dir='ltr'><strong>asserit</strong></span> <span class='ocrx_word' id='word_1_540' title='bbox 1811 4995 2257 5079; x_wconf 82' lang='lat' dir='ltr'><strong>Augustinus3</strong></span> <span class='ocrx_word' id='word_1_541' title='bbox 2308 5007 2371 5061; x_wconf 89' lang='lat' dir='ltr'><strong>et</strong></span> 
     </span>
     <span class='ocr_line' id='line_1_85' title="bbox 869 5091 2372 5177; baseline 0.003 -23"><span class='ocrx_word' id='word_1_542' title='bbox 869 5091 1171 5173; x_wconf 89' lang='lat' dir='ltr'><strong>Gregorio</strong></span> <span class='ocrx_word' id='word_1_543' title='bbox 1217 5099 1560 5165; x_wconf 89' lang='lat' dir='ltr'><strong>asserente,</strong></span> <span class='ocrx_word' id='word_1_544' title='bbox 1603 5091 1845 5174; x_wconf 91' lang='lat' dir='ltr'><strong>ubique</strong></span> <span class='ocrx_word' id='word_1_545' title='bbox 1884 5094 2033 5157; x_wconf 87' lang='lat' dir='ltr'><strong>Cain</strong></span> <span class='ocrx_word' id='word_1_546' title='bbox 2077 5095 2372 5177; x_wconf 87' lang='lat' dir='ltr'><strong>adjungi-</strong></span> 
     </span>
     <span class='ocr_line' id='line_1_86' title="bbox 872 5190 2369 5275; baseline 0.004 -23"><span class='ocrx_word' id='word_1_547' title='bbox 872 5199 978 5253; x_wconf 88' lang='lat' dir='ltr'><strong>tur</strong></span> <span class='ocrx_word' id='word_1_548' title='bbox 1034 5190 1189 5252; x_wconf 88' lang='lat' dir='ltr'><strong>Abel</strong></span> <span class='ocrx_word' id='word_1_549' title='bbox 1247 5191 1325 5252; x_wconf 89' lang='lat' dir='ltr'><strong>ad</strong></span> <span class='ocrx_word' id='word_1_550' title='bbox 1382 5191 1918 5254; x_wconf 87' lang='lat' dir='ltr'><strong>exercitationem.</strong></span> <span class='ocrx_word' id='word_1_551' title='bbox 1982 5193 2161 5256; x_wconf 83' lang='lat' dir='ltr'><strong>Tales</strong></span> <span class='ocrx_word' id='word_1_552' title='bbox 2220 5211 2369 5275; x_wconf 90' lang='lat' dir='ltr'><strong>ergo</strong></span> 
     </span>
     <span class='ocr_line' id='line_1_87' title="bbox 873 5287 2371 5375; baseline 0.004 -25"><span class='ocrx_word' id='word_1_553' title='bbox 873 5288 1081 5370; x_wconf 88' lang='lat' dir='ltr'><strong>iniqui</strong></span> <span class='ocrx_word' id='word_1_554' title='bbox 1109 5295 1265 5351; x_wconf 91' lang='lat' dir='ltr'><strong>tunc</strong></span> <span class='ocrx_word' id='word_1_555' title='bbox 1293 5287 1749 5370; x_wconf 89' lang='lat' dir='ltr'><strong>relinquentur.</strong></span> <span class='ocrx_word' id='word_1_556' title='bbox 1781 5289 2004 5352; x_wconf 88' lang='lat' dir='ltr'><strong>Nullus</strong></span> <span class='ocrx_word' id='word_1_557' title='bbox 2033 5309 2183 5373; x_wconf 89' lang='lat' dir='ltr'><strong>ergo</strong></span> <span class='ocrx_word' id='word_1_558' title='bbox 2214 5311 2371 5375; x_wconf 80' lang='lat' dir='ltr'><strong>prae-</strong></span> 
     </span>
    </p>
   </div>
   <div class='ocr_carea' id='block_1_22' title="bbox 2483 4310 3973 4686">
    <p class='ocr_par' dir='ltr' id='par_1_24' title="bbox 2483 4310 3973 4686">
     <span class='ocr_line' id='line_1_88' title="bbox 2484 4310 3973 4397; baseline 0.002 -23"><span class='ocrx_word' id='word_1_559' title='bbox 2484 4313 2583 4374; x_wconf 91' lang='lat' dir='ltr'><strong>nis</strong></span> <span class='ocrx_word' id='word_1_560' title='bbox 2623 4319 2687 4374; x_wconf 87' lang='lat' dir='ltr'><strong>et</strong></span> <span class='ocrx_word' id='word_1_561' title='bbox 2724 4311 3003 4386; x_wconf 82' lang='lat' dir='ltr'><strong>tribulis,</strong></span> <span class='ocrx_word' id='word_1_562' title='bbox 3038 4310 3101 4372; x_wconf 91' lang='lat' dir='ltr'><strong>id</strong></span> <span class='ocrx_word' id='word_1_563' title='bbox 3145 4318 3240 4372; x_wconf 91' lang='lat' dir='ltr'><strong>est</strong></span> <span class='ocrx_word' id='word_1_564' title='bbox 3277 4311 3681 4392; x_wconf 90' lang='lat' dir='ltr'><strong>passionibus</strong></span> <span class='ocrx_word' id='word_1_565' title='bbox 3724 4321 3787 4376; x_wconf 91' lang='lat' dir='ltr'><strong>et</strong></span> <span class='ocrx_word' id='word_1_566' title='bbox 3830 4333 3973 4397; x_wconf 89' lang='lat' dir='ltr'><strong>pec-</strong></span> 
     </span>
     <span class='ocr_line' id='line_1_89' title="bbox 2484 4409 3970 4490; baseline 0.001 -17"><span class='ocrx_word' id='word_1_567' title='bbox 2484 4411 2663 4490; x_wconf 85' lang='lat' dir='ltr'><strong>catis,</strong></span> <span class='ocrx_word' id='word_1_568' title='bbox 2723 4427 2849 4472; x_wconf 89' lang='lat' dir='ltr'><strong>non</strong></span> <span class='ocrx_word' id='word_1_569' title='bbox 2910 4417 3203 4490; x_wconf 88' lang='lat' dir='ltr'><strong>purgant,</strong></span> <span class='ocrx_word' id='word_1_570' title='bbox 3256 4409 3564 4473; x_wconf 86' lang='lat' dir='ltr'><strong>virtutum</strong></span> <span class='ocrx_word' id='word_1_571' title='bbox 3618 4412 3970 4475; x_wconf 91' lang='lat' dir='ltr'><strong>seminibus</strong></span> 
     </span>
     <span class='ocr_line' id='line_1_90' title="bbox 2483 4507 3965 4591; baseline 0.001 -19"><span class='ocrx_word' id='word_1_572' title='bbox 2483 4527 2610 4572; x_wconf 93' lang='lat' dir='ltr'><strong>non</strong></span> <span class='ocrx_word' id='word_1_573' title='bbox 2644 4507 3027 4586; x_wconf 79' lang='lat' dir='ltr'><strong>fecundant3</strong></span> <span class='ocrx_word' id='word_1_574' title='bbox 3070 4507 3179 4568; x_wconf 91' lang='lat' dir='ltr'><strong>sed</strong></span> <span class='ocrx_word' id='word_1_575' title='bbox 3220 4507 3531 4569; x_wconf 88' lang='lat' dir='ltr'><strong>incultum</strong></span> <span class='ocrx_word' id='word_1_576' title='bbox 3574 4509 3965 4591; x_wconf 88' lang='lat' dir='ltr'><strong>relinquunt,</strong></span> 
     </span>
     <span class='ocr_line' id='line_1_91' title="bbox 2484 4603 3969 4686; baseline 0.002 -17"><span class='ocrx_word' id='word_1_577' title='bbox 2484 4608 2855 4669; x_wconf 89' lang='lat' dir='ltr'><strong>indecorum</strong></span> <span class='ocrx_word' id='word_1_578' title='bbox 2884 4613 2949 4668; x_wconf 88' lang='lat' dir='ltr'><strong>et</strong></span> <span class='ocrx_word' id='word_1_579' title='bbox 2975 4603 3437 4686; x_wconf 87' lang='lat' dir='ltr'><strong>aridum,juxta</strong></span> <span class='ocrx_word' id='word_1_580' title='bbox 3463 4607 3622 4669; x_wconf 92' lang='lat' dir='ltr'><strong>illud</strong></span> <span class='ocrx_word' id='word_1_581' title='bbox 3651 4606 3969 4672; x_wconf 89' lang='lat' dir='ltr'><strong>Proverbi-</strong></span> 
     </span>
    </p>
   </div>
   <div class='ocr_carea' id='block_1_23' title="bbox 2482 4703 4199 4830">
    <p class='ocr_par' dir='ltr' id='par_1_25' title="bbox 2482 4703 4199 4830">
     <span class='ocr_line' id='line_1_92' title="bbox 2482 4703 4199 4830; baseline -0.003 -61"><span class='ocrx_word' id='word_1_582' title='bbox 2482 4723 2664 4769; x_wconf 90' lang='lat' dir='ltr'><strong>orum</strong></span> <span class='ocrx_word' id='word_1_583' title='bbox 2702 4723 2715 4766; x_wconf 90' lang='lat'>:</span> <span class='ocrx_word' id='word_1_584' title='bbox 2752 4703 2865 4766; x_wconf 89' lang='lat' dir='ltr'><strong>Per</strong></span> <span class='ocrx_word' id='word_1_585' title='bbox 2903 4721 3124 4784; x_wconf 89' lang='lat' dir='ltr'><strong>agrum</strong></span> <span class='ocrx_word' id='word_1_586' title='bbox 3165 4703 3443 4767; x_wconf 91' lang='lat' dir='ltr'><strong>hominis</strong></span> <span class='ocrx_word' id='word_1_587' title='bbox 3482 4705 3644 4787; x_wconf 88' lang='lat' dir='ltr'><strong>pigri</strong></span> <span class='ocrx_word' id='word_1_588' title='bbox 3680 4708 3963 4782; x_wconf 87' lang='lat' dir='ltr'><strong>transivi,</strong></span> <span class='ocrx_word' id='word_1_589' title='bbox 3992 4725 4199 4830; x_wconf 44' lang='grc' dir='ltr'><strong>πω,</strong></span> 
     </span>
    </p>
   </div>
   <div class='ocr_carea' id='block_1_24' title="bbox 2480 4801 3967 5079">
    <p class='ocr_par' dir='ltr' id='par_1_26' title="bbox 2480 4801 3967 5079">
     <span class='ocr_line' id='line_1_93' title="bbox 2482 4801 3963 4885; baseline 0.002 -20"><span class='ocrx_word' id='word_1_590' title='bbox 2482 4811 2545 4865; x_wconf 90' lang='lat' dir='ltr'><strong>et</strong></span> <span class='ocrx_word' id='word_1_591' title='bbox 2590 4821 2705 4885; x_wconf 86' lang='lat' dir='ltr'><strong>per</strong></span> <span class='ocrx_word' id='word_1_592' title='bbox 2748 4802 3000 4864; x_wconf 89' lang='lat' dir='ltr'><strong>vineam</strong></span> <span class='ocrx_word' id='word_1_593' title='bbox 3040 4801 3160 4864; x_wconf 87' lang='lat' dir='ltr'><strong>viri</strong></span> <span class='ocrx_word' id='word_1_594' title='bbox 3211 4802 3432 4882; x_wconf 83' lang='lat' dir='ltr'><strong>stulti3</strong></span> <span class='ocrx_word' id='word_1_595' title='bbox 3474 4810 3538 4865; x_wconf 91' lang='lat' dir='ltr'><strong>et</strong></span> <span class='ocrx_word' id='word_1_596' title='bbox 3578 4821 3725 4867; x_wconf 88' lang='lat' dir='ltr'><strong>ecce</strong></span> <span class='ocrx_word' id='word_1_597' title='bbox 3765 4813 3963 4868; x_wconf 87' lang='lat' dir='ltr'><strong>totum</strong></span> 
     </span>
     <span class='ocr_line' id='line_1_94' title="bbox 2482 4899 3967 4984; baseline 0.003 -22"><span class='ocrx_word' id='word_1_598' title='bbox 2482 4900 2885 4982; x_wconf 87' lang='lat' dir='ltr'><strong>repleverant</strong></span> <span class='ocrx_word' id='word_1_599' title='bbox 2930 4899 3167 4974; x_wconf 86' lang='lat' dir='ltr'><strong>urticae,</strong></span> <span class='ocrx_word' id='word_1_600' title='bbox 3204 4909 3586 4982; x_wconf 89' lang='lat' dir='ltr'><strong>operuerant</strong></span> <span class='ocrx_word' id='word_1_601' title='bbox 3636 4903 3967 4984; x_wconf 78' lang='lat' dir='ltr'><strong>superfici-</strong></span> 
     </span>
     <span class='ocr_line' id='line_1_95' title="bbox 2480 4997 3033 5079; baseline -0.004 -19"><span class='ocrx_word' id='word_1_602' title='bbox 2480 5017 2580 5060; x_wconf 90' lang='lat' dir='ltr'><strong>em</strong></span> <span class='ocrx_word' id='word_1_603' title='bbox 2625 4997 2765 5076; x_wconf 86' lang='lat' dir='ltr'><strong>ejus</strong></span> <span class='ocrx_word' id='word_1_604' title='bbox 2810 4997 3033 5079; x_wconf 85' lang='lat' dir='ltr'><strong>spinae.</strong></span> 
     </span>
    </p>
   </div>
   <div class='ocr_carea' id='block_1_25' title="bbox 2560 5096 4136 5178">
    <p class='ocr_par' dir='ltr' id='par_1_27' title="bbox 2560 5096 4136 5178">
     <span class='ocr_line' id='line_1_96' title="bbox 2560 5096 4136 5178; baseline 0.004 -20"><span class='ocrx_word' id='word_1_605' title='bbox 2560 5099 3030 5173; x_wconf 75' lang='lat' dir='ltr'><strong>Respondentes</strong></span> <span class='ocrx_word' id='word_1_606' title='bbox 3058 5096 3379 5178; x_wconf 90' lang='lat' dir='ltr'><strong>discipuli,</strong></span> <span class='ocrx_word' id='word_1_607' title='bbox 3403 5099 3632 5159; x_wconf 78' lang='lat' dir='ltr'><strong>dicunt</strong></span> <span class='ocrx_word' id='word_1_608' title='bbox 3662 5101 3789 5160; x_wconf 77' lang='lat' dir='ltr'><strong>illi.</strong></span> <span class='ocrx_word' id='word_1_609' title='bbox 3812 5097 3967 5172; x_wconf 89' lang='lat' dir='ltr'><strong>Quo-</strong></span> <span class='ocrx_word' id='word_1_610' title='bbox 4080 5097 4136 5150; x_wconf 77' lang='lat'><strong>36</strong></span> 
     </span>
    </p>
   </div>
   <div class='ocr_carea' id='block_1_26' title="bbox 2479 5194 3966 5374">
    <p class='ocr_par' dir='ltr' id='par_1_28' title="bbox 2479 5194 3966 5374">
     <span class='ocr_line' id='line_1_97' title="bbox 2479 5194 3966 5280; baseline 0.002 -23"><span class='ocrx_word' id='word_1_611' title='bbox 2479 5195 2667 5258; x_wconf 89' lang='lat' dir='ltr'><strong>modo</strong></span> <span class='ocrx_word' id='word_1_612' title='bbox 2694 5195 2995 5256; x_wconf 89' lang='lat' dir='ltr'><strong>dicuntur</strong></span> <span class='ocrx_word' id='word_1_613' title='bbox 3022 5194 3323 5277; x_wconf 90' lang='lat' dir='ltr'><strong>discipuli</strong></span> <span class='ocrx_word' id='word_1_614' title='bbox 3350 5197 3966 5280; x_wconf 89' lang='lat' dir='ltr'><strong>respondisse,quum</strong></span> 
     </span>
     <span class='ocr_line' id='line_1_98' title="bbox 2480 5292 3965 5374; baseline 0.002 -17"><span class='ocrx_word' id='word_1_615' title='bbox 2480 5292 2847 5374; x_wconf 86' lang='lat' dir='ltr'><strong>interrogati</strong></span> <span class='ocrx_word' id='word_1_616' title='bbox 2906 5311 3033 5357; x_wconf 89' lang='lat' dir='ltr'><strong>non</strong></span> <span class='ocrx_word' id='word_1_617' title='bbox 3082 5293 3344 5370; x_wconf 87' lang='lat' dir='ltr'><strong>fuerint,</strong></span> <span class='ocrx_word' id='word_1_618' title='bbox 3394 5301 3461 5358; x_wconf 92' lang='lat' dir='ltr'><strong>et</strong></span> <span class='ocrx_word' id='word_1_619' title='bbox 3505 5295 3699 5360; x_wconf 84' lang='lat' dir='ltr'><strong>verba</strong></span> <span class='ocrx_word' id='word_1_620' title='bbox 3744 5315 3965 5361; x_wconf 89' lang='lat' dir='ltr'><strong>eorum</strong></span> 
     </span>
    </p>
   </div>
   <div class='ocr_carea' id='block_1_27' title="bbox 4189 4 4262 6208">
    <p class='ocr_par' dir='ltr' id='par_1_29' title="bbox 4189 4 4262 6208">
     <span class='ocr_line' id='line_1_99' title="bbox 4189 4 4262 6208; baseline 0 0"><span class='ocrx_word' id='word_1_621' title='bbox 4189 4 4262 6208; x_wconf 95' lang='lat' dir='ltr'><strong> </strong></span> 
     </span>
    </p>
   </div>
  </div>
 </body>
</html>
