4300 6259
842 477 959 542 144

1639 493 1990 541 ENARRATlo
2033 493 2096 538 IN
2137 492 2277 540 cAP.
2324 491 2475 538 xvm
2519 490 2706 538 LucAE.
2752 511 2833 521 —
2874 493 3016 538 ΛΒΤ.
3061 491 3160 538 xu

571 685 810 736 mma,
837 665 988 729 Sine
1046 665 1521 730 intermissione
1578 673 1772 729 orate.
1825 664 1901 726 Et
1961 663 2027 726 in
2076 661 2339 725 Actibus
2370 661 2417 722 A
2448 661 2731 743 itemque
2760 663 2839 724 de
2869 661 3109 744 iniquis
3142 661 3541 744 principibus
3574 667 3951 744 protestatur

547 750 613 790 ¹7.

541 814 642 854 Act.
659 811 809 862 x,¹,2.

837 764 1070 845 legitur
1124 784 1136 828 :

843 883 950 925 sus
992 871 1056 925 et
1097 865 1444 946 deprecans
1490 863 1685 925 Deum
1734 879 2009 943 semper.
2053 860 2341 940 Denique

837 961 1298 1043 aequivalenter
1329 978 1582 1043 semper
1611 967 1768 1036 orat,
1803 961 1918 1042 qui
1950 975 2205 1041 semper
2234 958 2341 1019 ali-

545 1077 810 1130 leovum.
841 1060 998 1140 quid
1036 1060 1188 1124 honi
1225 1060 1374 1142 agit,
1409 1078 1520 1122 seu
1559 1059 1876 1140 quidquid
1915 1057 2087 1132 facit,
2123 1057 2188 1118 in
2230 1055 2337 1118 Dei

835 1159 1103 1239 gloriam
1135 1159 1592 1242 propriamque
1627 1156 1821 1219 refert
1851 1156 2119 1218 salutem
2158 1173 2171 1218 :
2210 1154 2338 1218 imo

838 1258 958 1321 hoc
1007 1259 1193 1322 modo
1241 1277 1368 1322 non
1421 1258 1628 1320 solum
1679 1255 1972 1336 religiosa
2018 1254 2237 1334 vigilia
2276 1261 2339 1314 et

837 1354 1242 1432 abstinentia,
1303 1357 1433 1419 imo
1500 1375 1762 1418 somnus
1825 1361 2017 1434 atque
2074 1351 2337 1414 refectio

837 1455 1162 1517 meritoria
1217 1471 1356 1516 esse
1415 1460 1702 1536 possunt.
1765 1450 1974 1514 Oratio
2034 1465 2333 1531 namque,

837 1554 1189 1615 secundum
1221 1553 1699 1626 Damascenum,
1734 1557 1831 1612 est
1861 1549 2084 1632 petitio
2115 1549 2338 1610 decen-

837 1651 998 1713 tium
1057 1670 1094 1712 a
1141 1651 1286 1715 Deo.
1343 1651 1577 1712 Petitur
1633 1655 1846 1710 autem
1904 1647 2150 1728 aliquid
2209 1665 2334 1708 non

837 1747 1048 1810 verbis
1092 1749 1440 1822 dumtaxat,
1473 1747 1583 1808 sed
1633 1755 1696 1808 et
1743 1745 1941 1826 signis
1992 1763 2066 1806 ac
2114 1743 2331 1824 gestis.

1191 764 1520 828 Cornelius
1577 763 1886 836 centurio,
1943 762 2041 826 vir
2089 761 2343 841 religio-
2452 757 2687 821 ibidem
2734 778 2747 822 :
2792 759 2990 823 Causa
3036 760 3243 823 viduae
3292 779 3419 824 non
3466 759 3819 840 ingreditur
3866 759 3947 820 ad
4014 769 4207 818 aaz&

2450 874 2579 920 eos.
2614 861 2703 918 Et
2748 860 3043 920 veniebat
3090 862 3179 920 ad
3224 880 3397 929 eam,
3437 861 3655 919 dicens
3698 857 3951 940 suppli-

2451 955 2607 1017 citer
2640 973 2653 1017 :
2706 958 2981 1018 Vindica
3022 977 3143 1024 me,
3174 957 3526 1018 secundum
3578 974 3946 1037 processum

2448 1151 2577 1214 Hoc
2607 1169 2685 1214 ex
2722 1153 2856 1216 zelo
2882 1153 3146 1234 justitiae
3184 1153 3429 1215 licitum
3470 1161 3567 1215 est
3597 1154 3942 1236 postulare,

2450 1248 2642 1331 idque
2681 1268 2979 1332 peragere
3007 1252 3086 1313 ad
3113 1251 3395 1333 judicem
3430 1259 3691 1333 spectat,
3724 1270 3949 1314 secun-

2449 1348 2602 1410 dum
2648 1349 2807 1411 illud
2845 1350 2922 1411 ad
2962 1349 3273 1413 Romanos
3308 1367 3321 1412 :
3354 1349 3635 1412 Minister
3664 1349 3773 1412 Dei
3820 1357 3939 1423 est,
3971 1367 4231 1416 flou-ma.

2449 1446 2681 1508 vindex
2730 1447 2797 1509 in
2842 1447 3001 1509 iram
3040 1449 3099 1510 ei
3135 1447 3247 1529 qui
3288 1447 3527 1509 malum
3566 1449 3715 1530 agit.
3750 1447 3949 1510 Potis-

2448 1545 2683 1608 simum
2725 1564 2874 1609 vero
2920 1547 2999 1608 ad
3042 1545 3325 1626 judicem
3364 1553 3608 1630 spectat
3655 1547 3944 1628 personis

2448 1643 2923 1707 miserabilibus
2964 1652 3136 1708 recto
3174 1643 3518 1707 subvenire
3548 1645 3813 1726 judicio,
3846 1653 3947 1705 ut-

2449 1752 2596 1824 pote
2642 1743 2989 1825 oppressiS,
3025 1743 3257 1818 viduiS,
3293 1743 3579 1826 pupilliS,
3614 1743 3940 1824 orphaniS,

915 1847 1225 1928 Deinceps
1254 1845 1540 1910 Christus
1579 1845 1826 1907 inducit
1864 1842 2229 1925 parabolam
2258 1843 2337 1904 de
2372 1844 2420 1907 B
2450 1842 2767 1916 desolatiS,
2818 1841 3059 1922 egenis,
3114 1841 3393 1904 infirmis
3442 1849 3507 1903 et
3563 1841 3939 1924 peregrinis

839 1945 1050 2019 vidua,
1094 1964 1238 2026 quae
1281 1963 1397 2006 sua
1439 1943 1922 2026 importunitate
1970 1940 2336 2023 impetravit

835 2061 872 2104 a
906 2042 1122 2123 judice
1161 2043 1404 2105 crudeli
1443 2043 1613 2124 quod
1657 2041 1860 2123 petiit.
1896 2040 2010 2102 Per
2048 2039 2260 2102 locum
2298 2057 2337 2100 a

837 2140 1107 2222 fortiori,
1147 2140 1553 2222 acquiremus
1595 2159 1633 2201 a
1671 2139 1918 2202 Christo
1951 2137 2169 2220 judice
2208 2138 2337 2200 cle-

837 2240 1236 2302 mentissimo
1295 2257 1438 2321 quae
1495 2239 1806 2300 instanter
1864 2254 2222 2319 precamur,
2278 2236 2332 2298 si

539 2356 803 2405 Rectam..
836 2337 1181 2420 implemus
1229 2338 1390 2399 illud
1431 2335 1854 2398 Ecclesiastici
1901 2354 1914 2397 :
1957 2333 2093 2398 Non
2133 2334 2335 2416 impe-

542 2423 780 2526 2223023·
837 2436 1029 2498 diaris
1070 2454 1322 2518 semper
1363 2454 1583 2516 orare3
1627 2441 1688 2496 et
1721 2453 1736 2498 :
1781 2435 1941 2495 Ante
1981 2433 2333 2496 orationem

839 2553 1124 2617 praepara
1160 2535 1437 2596 animam
1477 2542 1694 2612 tuam3
1737 2540 1800 2594 et
1838 2531 1968 2594 noli
1999 2549 2138 2593 esse
2168 2532 2334 2592 sicut

657 2646 692 2700 2
838 2634 1028 2697 homo
1086 2633 1199 2715 qui
1257 2641 1458 2694 tentat
1515 2632 1737 2693 Deum.
1791 2629 2012 2694 Judeae
2057 2632 2330 2710 quidam

835 2742 976 2792 erac
1017 2734 1090 2793 in
1127 2735 1414 2812 quadam
1451 2732 1733 2799 civitate,
1775 2731 1893 2809 qui
1942 2733 2149 2789 Deum
2200 2749 2329 2790 non

834 2831 1122 2898 timebat,
1151 2840 1212 2891 ec
1245 2831 1570 2890 hominem
1603 2847 1732 2888 non
1769 2829 2201 2888 reverebatur.
2236 2826 2331 2887 ld-

831 2943 906 2991 eo
937 2929 1236 3008 indignus
1267 2926 1390 2990 fuit
1418 2925 1811 3001 auctoritate,
1845 2923 2088 2999 officio,
2123 2933 2187 2986 et
2219 2943 2331 2987 no—

835 3026 1008 3089 mine
1063 3027 1322 3108 judicis.
1374 3025 1572 3087 Judex
1630 3023 1804 3086 enim
1863 3023 2098 3085 dicitur
2143 3021 2326 3104 quasi
2366 3031 2410 3095 C
2440 3025 2581 3086 duae
2620 3028 2986 3105 exspectare
3026 3041 3152 3085 non
3196 3021 3340 3084 feci.
3374 3025 3527 3084 Post
3552 3025 3686 3083 lzoec
3720 3031 3937 3082 autem

827 3124 932 3204 jus
965 3125 1182 3187 dicens
1219 3142 1232 3187 :
1267 3123 1380 3205 qui
1421 3141 1498 3185 ex
1537 3123 1713 3186 omni
1757 3130 1935 3203 parte
1972 3120 2160 3183 dehet
2190 3139 2329 3183 esse

825 3223 1073 3306 justitia
1121 3225 1451 3286 decoratus
1501 3230 1564 3284 et
1606 3223 1961 3296 timoratuS,
2005 3238 2086 3281 ne
2127 3219 2327 3282 Deum

828 3321 1013 3404 cujus
1073 3322 1211 3403 ipse
1269 3320 1563 3382 minister
1620 3327 1736 3393 est,
1789 3318 1857 3380 in
1917 3335 2329 3399 quocumque

825 3420 1130 3484 offendat.
1175 3419 1333 3482 Hinc
1369 3418 1551 3500 juxta
1598 3416 2081 3497 Philosophum,
2129 3415 2327 3496 judex

827 3519 1015 3582 debet
1051 3536 1191 3581 esse
1235 3517 1420 3599 quasi
1461 3517 1604 3580 viva
1645 3517 1767 3585 lex,
1811 3523 1874 3576 et
1915 3515 2193 3576 animata
2227 3513 2331 3594 ju-

828 3618 1018 3680 stitia.
1054 3618 1196 3692 Sed,
1232 3617 1396 3679 heu!
1443 3615 1629 3677 multi
1665 3615 1853 3677 modo
1894 3621 2042 3676 sunt
2079 3613 2327 3702 judices

828 3717 978 3780 huic
1017 3715 1404 3790 consimiles,
1438 3714 1552 3796 qui
1592 3712 1941 3795 cupiditate
1985 3720 2324 3786 caecantur‚

828 3824 891 3877 et
938 3833 1204 3878 munera
1254 3814 1550 3894 diligunt,
1601 3810 2010 3874 affectionem
2070 3827 2330 3892 quoque

828 3914 1029 3995 magis
1059 3932 1254 3995 quam
1286 3913 1594 3974 rationem
1626 3917 2004 3991 sequuntur,
2035 3909 2328 3973 divinum

832 4012 958 4077 n'on
1017 4012 1430 4076 formidantes
1487 4009 1825 4090 judicium.
1878 4007 2117 4081 Quibus
2177 4008 2332 4070 dicit

553 4133 802 4188 sap.v1,2.
828 4111 1092 4194 Sapiens
1128 4129 1141 4172 :
1178 4109 1405 4171 Audite
1443 4115 1506 4170 et
1548 4106 1794 4182 discite,
1825 4105 2073 4185 judices
2118 4113 2325 4180 terrm,

830 4317 978 4382 staS,
1012 4307 1125 4390 qui
1173 4302 1586 4386 interrogabit
1623 4321 1817 4385 opera
1855 4310 2083 4378 vestra,
2127 4310 2191 4364 et
2228 4321 2331 4365 co—

825 4407 1161 4490 gitationes
1222 4413 1460 4467 vestras
1519 4401 1906 4464 scrutabitur
1956 4419 1969 4464 :
2022 4401 2327 4482 quoniam

827 4526 1030 4589 quum
1061 4503 1283 4567 essetis
1314 4501 1595 4564 ministri
1627 4500 1826 4574 illius,
1861 4518 1988 4563 non
2025 4507 2195 4561 recte
2231 4499 2328 4579 ju-

828 4604 1106 4677 dicastiS,
1140 4619 1351 4683 neque
1391 4598 1754 4663 custodistis
1794 4598 1998 4678 legem
2036 4598 2322 4678 justitiae.

829 4704 963 4768 Cito
1004 4710 1067 4765 et
1112 4701 1426 4765 horrende
1467 4695 1802 4780 apparebit
1844 4695 2046 4760 vobis.

651 4811 686 4867 3
927 4805 1142 4864 Vidua
1181 4809 1398 4861 autem
1437 4799 1736 4878 quoedam
1773 4805 1912 4856 erat
1952 4798 2025 4856 in
2063 4797 2329 4856 civitate

828 4904 972 4963 illa.
1006 4901 1152 4963 ldeo
1189 4898 1556 4980 exemplum
1599 4895 1778 4978 ponit
1817 4895 1894 4956 de
1925 4894 2137 4969 vidua,
2174 4895 2327 4976 quia

827 5009 923 5063 est
972 5017 1243 5082 persona
1290 4995 1489 5077 magis
1531 4993 1936 5066 miserabiliS,
1971 5012 2173 5074 quum
2220 4993 2327 5054 de-

827 5097 1046 5160 stituta
1083 5096 1166 5157 sit
1205 5093 1325 5157 viri
1366 5093 1589 5156 solatio
1623 5110 1637 5154 :
1673 5098 1934 5174 propter
1971 5091 2144 5170 quod
2186 5106 2328 5152 cru-

828 5196 1032 5259 delius
1064 5202 1161 5257 est
1188 5193 1246 5255 ei
1279 5211 1405 5256 non
1447 5190 1810 5254 subvenire.
1847 5189 2022 5251 Unde
2062 5206 2177 5270 per
2206 5188 2328 5250 lsa-

556 5319 620 5364 ιε.
641 5333 672 5372 ι,
697 5321 764 5364 1⁷.
827 5295 954 5360 iam
982 5293 1287 5358 Dominus
1316 5291 1601 5374 loquitur
1634 5307 1649 5353 ε
1683 5287 2012 5351 Defendite
2043 5287 2322 5350 viduam.

2448 1939 2704 2002 Talibus
2735 1940 2981 2022 quippe
3018 1939 3181 2002 Deus
3220 1939 3543 2022 praecipue
3581 1940 3939 2013 miseretur,

2447 2041 2800 2100 secundum
2850 2039 3021 2120 quod
3071 2039 3137 2100 in
3184 2037 3670 2102 Deuteronomio
3720 2037 3947 2100 scribi-

2446 2145 2548 2198 tur
2590 2155 2604 2199 :
2647 2137 2809 2199 Deus
2858 2155 3125 2218 magnus
3172 2147 3364 2218 atque
3413 2136 3739 2210 terribilis,
3791 2135 3943 2198 facit
3968 2150 4227 2199 mamm.

2440 2234 2759 2315 judicium
2810 2236 3057 2317 pupillo
3106 2241 3169 2296 et
3215 2235 3443 2310 viduae,
3488 2243 3786 2316 amatque
3832 2252 3943 2316 pe-
3970 2217 4041 2256 ¹⁸·

2445 2352 2793 2414 regrinum.

2542 2435 2630 2494 Ec
2687 2435 2938 2493 nolebat
2992 2451 3111 2510 per
3158 2435 3437 2492 multum
3505 2442 3749 2510 tempus
3798 2452 3822 2490 .·
3869 2431 3937 2492 in
4087 2441 4121 2494 4

2443 2549 2572 2612 quo
2619 2531 2759 2610 ejus
2807 2529 3041 2592 duritia
3088 2538 3150 2591 et
3191 2529 3504 2610 injustitia
3552 2537 3788 2613 patent.
3824 2529 3939 2592 Cui

2444 2627 2801 2692 conformes
2834 2636 3005 2703 sunt,
3037 2628 3151 2709 qui
3182 2647 3403 2690 causas
3443 2629 3820 2710 prolongant
3846 2627 3943 2688 di-

2444 2727 2787 2791 lationibus
2846 2726 3283 2801 frustratoriiS,
3334 2727 3654 2788 trahentes
3702 2726 3942 2807 iniqui·
3998 2744 4198 2790 taus.

2440 2834 2634 2888 tatem
2693 2826 2759 2888 in
2810 2824 3117 2887 funiculis
3166 2825 3483 2888 vanitatis.
3536 2824 3667 2898 Quo
3720 2832 3939 2888 contra

2442 2932 2695 2986 sanctus
2726 2923 2838 2988 Job
2870 2925 2947 2986 de
2986 2940 3054 2985 se
3093 2923 3231 3005 ipso
3269 2923 3505 2985 fatetur
3538 2941 3552 2985 :
3586 2921 3813 2986 Oculos
3842 2923 3939 2986 vi—
3966 2939 4095 3046 ,ἔοι
4125 2955 4229 2988 xm

2436 3124 2614 3184 dimit
2643 3123 2826 3182 intra
2850 3141 2937 3194 se,
2972 3139 3098 3184 non
3137 3128 3333 3195 extra,
3370 3139 3449 3182 ne
3489 3139 3603 3182 sua
3630 3119 3936 3201 iniquitas

2439 3221 2859 3284 innotesceret
2915 3220 3081 3294 aliis,
3132 3227 3197 3281 et
3252 3226 3322 3281 ut
3378 3237 3455 3280 ex
3505 3218 3751 3298 justitia
3798 3236 3939 3299 age—

2438 3333 2506 3377 re
2556 3316 2921 3377 crederetur
2965 3332 3111 3395 quae
3158 3321 3413 3376 acturus
3463 3312 3589 3375 fuit
3627 3331 3703 3375 ex
3748 3314 3937 3377 taedio

2438 3413 2793 3476 sustinendi
2852 3411 3207 3475 molestiam
3265 3413 3663 3494 deprecantis
3724 3430 3739 3474 ε
3790 3413 3937 3474 Etsi

2437 3515 2647 3574 Deum
2684 3532 2812 3574 non
2859 3513 3075 3581 timec,
3102 3531 3217 3572 nec
3255 3512 3581 3572 hominem
3618 3529 3933 3578 revereor,

2440 3611 2525 3673 ita
2573 3611 2744 3693 quod
2786 3629 2903 3673 nec
2956 3617 3215 3692 propter
3252 3610 3471 3684 Deum,
3508 3627 3625 3672 nec
3676 3618 3935 3691 propter

2439 3709 2732 3773 homines
2769 3708 3083 3788 justitiam
3122 3726 3326 3782 servo,
3362 3717 3570 3769 tamen
3605 3710 3763 3788 quia
3804 3727 3937 3768 mo-
4080 3718 4119 3771 5

2440 3813 2595 3870 lesca
2623 3817 2713 3868 esc
2741 3808 2911 3868 mihi
2936 3809 3069 3868 lzoec
3098 3807 3320 3875 vidua,
3344 3808 3684 3867 vindicabo
3714 3809 3930 3867 illam.

2438 3907 2659 3969 Victus
2698 3905 2871 3968 enim
2910 3904 3035 3966 fuit
3072 3923 3197 3968 non
3244 3904 3497 3986 pietate,
3530 3905 3639 3966 sed
3671 3922 3933 3986 precum

2440 4007 2648 4068 viduae
2676 4003 3176 4086 importunitate.
3208 4002 3541 4085 Improbus
3580 4003 3815 4065 etenim
3846 4003 3937 4064 la·

2438 4103 2555 4168 bor
2604 4104 2818 4167 omnia
2868 4103 3085 4165 vincit.
3130 4104 3231 4164 Ne
3276 4104 3349 4162 in
3394 4103 3767 4172 novissimo,
3812 4101 3935 4165 hoc

828 4211 1132 4292 quoniam
1182 4209 1325 4270 data
1368 4215 1464 4269 est
1512 4205 1696 4268 vobis
1747 4224 1783 4267 a
1831 4204 2098 4268 Domino
2146 4212 2327 4287 pote·
2357 4207 2410 4272 D
2438 4211 2535 4265 est
2581 4203 2660 4264 ad
2710 4202 3032 4276 ultimum,
3064 4201 3143 4262 ad
3183 4218 3288 4262 me
3318 4203 3600 4269 veniens,
3628 4202 3935 4278 suyqillec

2444 4321 2563 4371 me,
2604 4301 2725 4363 hoc
2771 4307 2887 4374 est,
2935 4298 3318 4381 importunis
3364 4298 3497 4360 suis
3548 4297 3933 4362 clamoribus

2440 4397 2791 4480 strangulet
2836 4404 2944 4459 aut
2994 4395 3286 4460 suffocet.
3321 4431 3397 4442 —
3426 4395 3711 4477 Denique
3758 4396 3937 4458 simi-

2440 4498 2641 4561 litudo
2672 4496 3023 4559 secundum
3056 4513 3144 4568 se,
3178 4502 3275 4557 est
3310 4513 3498 4556 causa
3526 4495 3755 4558 amoris
3791 4513 3805 4557 :
3840 4494 3935 4556 id·—

2439 4615 2513 4660 eo
2572 4596 2782 4658 simile
2838 4614 2953 4657 suo
3006 4594 3201 4656 simili
3250 4612 3317 4656 se
3364 4593 3696 4675 conjungit
3739 4601 3931 4674 atque

2437 4694 2789 4778 applaudit,
2826 4692 3157 4756 interiores
3206 4710 3463 4773 quoque
3501 4691 3751 4754 habitus
3794 4693 3934 4754 ani-

2439 4813 2559 4856 mae
2586 4811 2725 4855 eam
2755 4793 2832 4854 ad
2872 4799 3049 4853 actus
3080 4809 3226 4854 suos
3266 4790 3595 4852 inclinant.
3628 4789 3785 4853 Hinc
3812 4789 3935 4854 im-

2440 4893 2529 4974 pii
2575 4892 2845 4972 judiceS‚
2880 4890 3032 4971 quia
3071 4889 3461 4970 impietatem
3512 4907 3636 4952 non
3684 4889 3929 4965 odiunt,

2437 5009 2577 5053 eam
2626 4991 2873 5052 sincera
2919 4988 3272 5050 intentione
3315 5005 3441 5050 non
3486 4986 3929 5052 ulciscuntur:

2437 5097 2499 5151 et
2548 5089 2599 5150 si
2653 5087 3071 5161 ulciscuntur,
3120 5087 3240 5149 hoc
3286 5104 3363 5148 ex
3408 5085 3775 5148 crudelitate
3821 5095 3935 5148 aut

2438 5187 2805 5269 cupiditate,
2859 5205 2971 5248 seu
3022 5185 3216 5247 simili
3266 5185 3621 5248 inordinato
3665 5183 3927 5260 affectu,

2439 5287 2651 5370 potius
2701 5304 2897 5366 quam
2945 5301 3021 5346 ex
3064 5283 3378 5366 aequitatis
3426 5283 3559 5346 zelo
3606 5281 3929 5346 efficiunt.
