4300 6259
544 1881 807 1932 Extimuit,

544 1946 611 1987 23.

566 2168 583 2209 1
600 2166 704 2210 Cor.
722 2181 805 2220 xiv,

546 2233 613 2280 14,
634 2233 701 2274 15.

538 2669 804 2722 Prov.·v,2a.

550 4050 798 4103 1³.xxix‚¹3;

535 4113 689 4157 Marc.
727 4127 799 4164 vu,

535 4179 578 4228 6,
598 4175 638 4219 7.

585 4345 725 4389 Prov.

532 4421 677 4459 xum,
700 4410 741 4451 9.

619 4624 691 4679 25

552 5034 663 5078 Gen.
686 5048 777 5076 :ux

532 5099 601 5140 ¹0.

838 484 961 549 352
1652 504 2000 551 nmmum
2044 505 2107 550 m
2149 504 2286 550 car.
2333 503 2396 550 1v
2436 502 2714 554 somma.
2758 527 2839 538 --
2879 509 3023 556 An‘r.
3065 507 3131 556 ιι

840 673 904 735 in
966 674 1185 751 Deum,
1239 677 1739 740 transcendendo
1800 682 2033 739 cuncta
2087 683 2338 738 terrena
2365 673 2418 736 A
2446 674 2752 748 Quoniam
2792 696 2941 760 ergo
2973 679 3270 742 viderunt
3300 680 3428 761 jam
3469 699 3734 762 regnum
3775 701 3811 742 a
3849 699 3946 742 se-

838 791 1189 855 omncsque
1223 775 1683 850 distractioneS,
1718 784 1781 838 et
1818 793 1885 836 se
1926 775 2129 856 ipsam
2177 793 2337 856 pure

838 870 1143 936 elevando
1189 873 1256 934 in
1301 872 1678 936 Creatorem.
1722 873 1897 935 Unde
1938 873 2138 935 oratio
2183 872 2337 934 dici-

842 977 944 1031 tur
980 987 1279 1033 ascensus
1319 971 1550 1034 mentis
1591 972 1656 1034 in
1690 972 1907 1033 Deum.
1942 971 2127 1043 Quasi
2169 971 2337 1033 dicat

839 1067 1169 1132 Salvator:
1205 1069 1267 1132 Si
1319 1071 1481 1132 Deus
1533 1071 1773 1144 localiS,
1818 1070 2164 1152 corporalis
2209 1088 2335 1131 ma-

837 1168 1157 1232 terialisve
1196 1177 1363 1232 esset
1393 1171 1459 1232 in
1490 1169 1751 1252 propria
1792 1176 2035 1242 natura,
2068 1170 2336 1232 adoran-

838 1267 957 1328 dus
1003 1275 1169 1330 esset
1216 1269 1281 1330 in
1327 1269 1759 1331 determinatis
1809 1269 1964 1331 locis
2010 1269 2333 1330 dumtaxat

838 1372 902 1426 et
949 1366 1215 1429 rudibus
1266 1367 1636 1450 phantasiis.
1684 1366 1865 1429 Nunc
1914 1385 2085 1440 vero,
2128 1384 2332 1447 quum

838 1463 921 1525 sit
979 1465 1241 1546 spiritus
1309 1465 1848 1548 simplicissimus,
1912 1465 1976 1526 in
2044 1463 2330 1527 interiori

836 1563 1193 1627 adorandus
1230 1571 1326 1627 est
1363 1565 1625 1646 templo,
1661 1571 1731 1625 ut
1758 1564 1970 1626 anima
2008 1565 2222 1626 redeat
2253 1563 2332 1624 ad

838 1679 906 1723 se
944 1662 1171 1745 ipsam,
1206 1670 1267 1724 et
1304 1663 1567 1726 collecta
1608 1671 1800 1744 atque
1841 1663 1904 1724 in
1948 1663 2141 1724 Deum
2181 1659 2330 1724 forti

838 1761 1177 1824 stabilitate
1225 1771 1453 1836 erecta,
1502 1762 1753 1824 invocet
1802 1760 1999 1822 Deum
2048 1780 2061 1822 ε
2108 1779 2333 1842 quem-

2446 775 2619 836 mine
2665 775 2838 840 Judae
2894 778 3174 841 ablatum
3233 787 3425 861 atque
3457 779 3707 843 Herodi
3756 779 3946 842 Asca-

2444 871 2658 935 lonitae
2714 875 3088 957 alienigenae
3146 879 3384 952 datum,
3440 885 3727 960 poterant
3779 879 3944 940 scire

2444 973 2613 1052 quod
2655 980 2907 1055 tempus
2945 976 3252 1038 adventus
3279 975 3518 1039 Messiae
3553 976 3834 1039 instaret.
3871 975 3944 1038 Et

2444 1068 2564 1131 hoc
2603 1078 2735 1132 erat
2777 1077 2930 1134 tunc
2972 1073 3228 1155 publica
3265 1072 3432 1136 fama
3469 1075 3639 1156 apud
3670 1074 3935 1138 Judaeos.

2445 1167 2618 1231 Unde
2674 1171 2987 1234 miserunt
3047 1174 3125 1235 ad
3182 1173 3483 1236 Joannem
3548 1174 3940 1237 sciscitantes
3967 1193 4216 1246 son-nm,

2444 1286 2523 1329 an
2573 1277 2740 1331 esset
2786 1269 3094 1333 ChristuS.
3131 1275 3340 1341 Quum
3387 1293 3534 1351 erqo
3575 1275 3820 1334 venerit
3857 1275 3942 1332 il-

2447 1369 2524 1439 le,
2561 1369 2742 1427 nobis
2783 1349 3208 1431 annunciabit
3250 1373 3497 1441 omnia,
3540 1371 3604 1433 id
3653 1378 3770 1444 est,
3807 1389 3941 1433 cer-

2442 1462 2716 1526 tificabit
2756 1485 2868 1529 nos
2900 1468 2978 1529 de
3004 1467 3464 1547 quaestionibus
3507 1469 3842 1543 universiS,
3875 1476 3940 1530 et

2443 1565 2670 1625 ceteris
2729 1567 2806 1628 ad
2865 1567 3134 1629 salutem
3189 1568 3622 1648 spectantibus
3683 1587 3695 1630 :
3751 1568 3936 1649 quasi

2445 1661 2683 1724 diceret
2721 1664 2952 1726 mulier
2990 1665 3129 1740 ista,
3164 1665 3340 1727 'l'unc
3381 1666 3631 1748 plenius
3672 1666 3942 1728 instrue-

2445 1778 2589 1821 mur
2618 1762 2696 1823 de
2723 1763 3020 1825 omnibus
3052 1764 3210 1825 istis.
3245 1763 3474 1826 Omnes
3503 1773 3712 1827 autem
3739 1764 3940 1826 Judaei

837 1861 1180 1923 admodum
1238 1860 1304 1923 in
1362 1859 1801 1922 Ecclesiastico
1857 1859 2109 1940 legitur,
2171 1860 2332 1919 Ante
2370 1855 2506 1918 Bet
2555 1861 2748 1921 ceteri
2797 1861 2876 1923 de
2923 1861 3170 1926 Christo
3216 1861 3460 1944 aliquid
3509 1862 3685 1944 loqui
3734 1862 3945 1926 scien-

837 1959 1184 2021 orationem
1228 1977 1510 2041 praepara
1547 1958 1825 2020 animam
1864 1965 2061 2031 tuam,
2096 1963 2160 2018 et
2201 1955 2329 2020 noli

838 2075 976 2119 esse
1023 2057 1207 2138 quasi
1258 2057 1447 2121 homo
1494 2065 1741 2120 tentans
1779 2056 1999 2118 Deum.
2035 2055 2194 2117 Hinc
2238 2055 2333 2117 di-

839 2155 923 2218 cit
961 2156 1297 2237 Apostolus
1333 2174 1346 2218 :
1380 2154 1443 2228 Si
1482 2174 1657 2218 orem
1701 2155 1937 2236 lingua,
1972 2172 2153 2217 mens
2193 2171 2332 2215 mea

837 2254 975 2317 sine
1014 2255 1227 2317 fructu
1266 2262 1381 2316 est.
1413 2254 1573 2332 Quid
1608 2257 1802 2335 ergo?
1833 2253 2035 2316 Orabo
2072 2252 2326 2335 spiritu,

836 2353 1030 2417 orabo
1070 2359 1133 2415 et
1174 2361 1406 2415 mente.

914 2453 1129 2534 ltaque
1168 2470 1296 2515 non
1326 2470 1480 2532 vaga
1510 2460 1573 2514 et
1600 2452 1727 2514 huc
1769 2451 2050 2533 illucque
2089 2451 2333 2513 discur-

836 2558 1012 2614 rente
1068 2559 1302 2626 mentc,
1355 2551 1752 2632 imploranda
1799 2558 1894 2612 est
1946 2549 2147 2631 gratia
2196 2549 2327 2624 Dei,

835 2651 944 2712 sed
982 2649 1158 2713 omni
1198 2649 1483 2712 custodia
1522 2649 1834 2712 custodiat
1870 2666 2057 2710 orans
2090 2666 2198 2710 cor
2231 2667 2332 2708 su-

834 2767 965 2822 um,
1019 2747 1380 2812 occasiones
1439 2747 1877 2828 evagationum
1937 2745 2215 2819 vitando,
2267 2753 2332 2808 et

830 2865 977 2910 cum
1008 2847 1257 2910 fervore
1288 2845 1674 2927 incipiendo.
1707 2844 1884 2918 Quod
1913 2864 2040 2908 non
2073 2852 2169 2906 est
2197 2863 2330 2906 mo-

829 2945 969 3008 dice
1026 2945 1437 3018 laboriosum‚
1490 2945 1847 3006 secundum·
1900 2944 2072 3025 quod
2129 2943 2326 3005 abbas

2443 1963 2557 2028 teS,
2611 1959 3059 2041 exspectabant
3115 1979 3262 2022 eum
3318 1961 3500 2042 quasi
3553 1960 3946 2042 sapientissi-

2444 2074 2619 2116 mum
2653 2057 3038 2138 magistrum,
3059 2077 3512 2140 summumque
3540 2058 3935 2142 Prophetam.

2440 2156 2620 2215 Dicit
2654 2158 2718 2216 ei
2749 2157 2956 2226 Iesus,
2995 2156 3297 2220 Dominus
3343 2157 3802 2220 inaestimabilis
3841 2159 3943 2221 di·
4071 2165 4138 2218 26

2441 2253 2757 2331 gnationis
2792 2273 2806 2316 z
2841 2257 2978 2332 Eyo
3025 2275 3170 2316 sum
3219 2255 3506 2318 Christus
3545 2259 3664 2337 qui
3713 2261 3941 2337 loquor

2444 2357 2670 2412 tecum.
2728 2351 3032 2425 Quoniam
3091 2354 3262 2416 enim
3320 2354 3498 2417 Iesus
3556 2355 3714 2420 vidit
3769 2355 3938 2417 hanc

2441 2448 2746 2512 feminam
2796 2453 2873 2514 de
2923 2453 3282 2533 cognitione
3339 2453 3700 2516 divinorum
3759 2453 3940 2518 solli-

2441 2548 2653 2624 citam,
2701 2551 3005 2615 revelavit
3045 2551 3104 2613 ei
3149 2569 3217 2613 se
3259 2552 3491 2634 ipsum.

2523 2651 2608 2710 Et
2633 2651 2942 2710 continuo
2973 2661 3288 2711 venerunt
3317 2652 3628 2728 discipuli
3653 2652 3814 2728 qiua,
3845 2669 3943 2713 re—
4071 2659 4136 2712 27

2441 2746 2706 2808 deuntes
2757 2747 2835 2809 de
2883 2747 3137 2810 civitate
3184 2748 3422 2824 Sichar,
3479 2749 3545 2810 in
3591 2768 3719 2831 qua
3764 2767 3942 2811 eme—

2441 2852 2580 2906 rant
2611 2863 2807 2920 escaS,
2833 2853 2902 2908 ut
2933 2847 3280 2922 venienteS‚
3305 2848 3759 2910 manducarent
3786 2867 3938 2910 cum

2436 2942 2580 3005 Jesu
2629 2963 2823 3026 supra
2867 2952 3151 3027 puteum,
3198 2954 3267 3008 ut
3311 2945 3558 3028 opinor,
3604 2953 3790 3027 prout
3837 2965 3944 3009 so—

826 3043 1111 3125 Agathon
1162 3043 1320 3106 dixit
1354 3061 1368 3105 ε
1401 3042 1535 3107 Non
1587 3049 1683 3104 est
1720 3042 1897 3105 labor
1940 3041 2105 3104 sicut
2146 3059 2326 3105 orare
2365 3041 2408 3104 C
2437 3041 2570 3104 lent
2607 3061 2920 3125 pauperes
2959 3043 3212 3123 facere3
3243 3055 3304 3106 ec
3337 3047 3748 3106 mirabantur
3774 3047 3943 3126 quia

825 3143 1045 3206 Deum.

906 3241 1093 3304 Porro
1128 3239 1409 3304 Salvator
1441 3241 1729 3314 dicendo,
1763 3239 1907 3302 Veri
1941 3241 2321 3314 adoratoreS,

824 3347 971 3420 etc.‚
1016 3339 1229 3402 innuit
1276 3355 1414 3400 esse
1456 3339 1764 3420 quosdam
1806 3336 2165 3402 adoratores
2209 3337 2326 3399 fal-

825 3458 947 3513 soS‚
1002 3437 1319 3511 videlicet,
1373 3437 1483 3518 qui
1536 3437 1635 3499 vel
1695 3436 1857 3498 male
1916 3437 2199 3499 sentiunt
2247 3438 2324 3498 de

824 3537 969 3612 Deo,
1014 3537 1178 3599 sicut
1225 3536 1541 3614 haeretici3
1586 3535 1685 3599 vel
1737 3544 1996 3618 propter
2044 3536 2325 3598 humana

825 3636 1140 3718 praeconia
1178 3652 1290 3696 seu
1334 3634 1610 3698 carnalia
1648 3634 1979 3697 commoda
2017 3642 2127 3696 aut
2165 3642 2323 3696 tem-

825 3735 1065 3816 poralia
1107 3732 1283 3796 lucra
1330 3740 1533 3808 orant,
1576 3733 1742 3796 sicut
1787 3733 2176 3816 hypocritae3
2219 3733 2320 3797 vel

2435 3161 2582 3201 cum
2611 3144 2884 3202 muliere
2916 3144 3304 3222 loquebatur.
3337 3141 3507 3205 Nihil
3546 3143 3696 3205 mali
3737 3143 3942 3226 suspi-

2436 3239 2785 3320 cabantur3
2835 3241 2947 3302 sed
3005 3240 3421 3316 mirabantur,
3473 3241 3574 3304 vel
3619 3242 3942 3322 magnitu-

2435 3337 2652 3400 dinem
2696 3338 3082 3418 dignationis
3114 3338 3368 3414 Christi,
3401 3340 3570 3421 quod
3611 3358 3757 3402 cum
3793 3359 3938 3402 mu-

2436 3437 2590 3500 liere
2640 3436 2890 3500 infideli
2933 3446 3062 3500 tam
3107 3438 3504 3501 familiariter
3542 3438 3933 3514 conferebat,

2436 3535 2535 3598 vel
2599 3536 2751 3618 quia
2817 3537 3341 3600 consuetudinem
3409 3537 3710 3618 loquendi
3781 3557 3934 3600 cum

2434 3635 2813 3697 mulieribus
2843 3655 3126 3699 seorsum
3159 3655 3230 3699 ac
3261 3636 3557 3718 privatim
3587 3655 3716 3699 non
3746 3636 3938 3699 habe-

2434 3734 2562 3796 bat.
2598 3735 2798 3798 Nemo
2837 3745 3049 3796 tamen
3089 3753 3167 3797 ex
3196 3735 3528 3817 discipulis
3556 3738 3735 3797 dimit
3763 3734 3936 3798 Chri-

824 3833 1021 3895 Deum
1081 3851 1273 3914 quem
1332 3833 1569 3895 orando
1628 3831 1938 3896 honorare
1998 3833 2317 3907 videntur,
2396 3841 2530 3898 -.st0
2566 3852 2579 3895 :
2619 3835 2791 3901 Quid
2826 3835 3086 3914 quoeris,
3117 3843 3232 3894 aut
3273 3835 3438 3915 quid
3471 3835 3748 3914 loqueris
3779 3855 3930 3896 cum

827 3931 1121 4013 pessimis
1169 3929 1455 3993 moribus
1505 3931 1907 3993 inhonorant.
1950 3929 2035 3993 De
2082 3930 2320 4012 quibus
2432 3952 2528 3992 ea.
2555 3929 2814 4012 Propter
2843 3932 3260 3994 reverentiam
3290 3932 3462 3994 enim
3503 3932 3786 4014 magistri
3827 3933 3928 3994 sui

832 4028 989 4091 Deus
1038 4029 1127 4090 ait
1175 4047 1290 4110 per
1335 4029 1558 4090 lsaiam
1603 4047 1616 4091 ε
1660 4028 1937 4111 Populus
1985 4029 2091 4091 hic
2136 4026 2320 4092 labiis
2435 4029 2524 4091 nil
2567 4029 2692 4093 tale
2735 4029 3051 4103 dixerunt,
3086 4031 3240 4092 certi
3284 4031 3454 4113 quod
3494 4049 3618 4094 non
3661 4031 3799 4093 sine
3841 4050 3932 4093 ra-

829 4145 932 4189 me
973 4128 1258 4201 honorat,
1293 4145 1401 4189 cor
1438 4136 1647 4189 autem
1689 4144 1908 4190 eorum
1950 4127 2134 4209 longe
2164 4135 2258 4190 est
2287 4147 2323 4189 a

829 4243 963 4306 me;
1006 4232 1265 4308 propter
1312 4226 1481 4306 quod
1533 4225 1598 4287 in
1648 4244 1880 4288 vanum
1930 4227 2147 4288 colunt
2195 4245 2318 4289 me.
2356 4229 2403 4290 D

827 4326 933 4388 Isti
984 4346 1109 4390 non
1159 4325 1606 4388 exaudiuntur.
1657 4326 1770 4398 Qui
1824 4327 1995 4389 enim
2049 4325 2323 4389 declinat

824 4442 1043 4486 aurem
1086 4443 1267 4486 suam
1308 4441 1387 4485 ne
1425 4424 1637 4486 audiat
1675 4423 1896 4505 legem,
1940 4425 2138 4488 oratio
2181 4424 2321 4506 ejus

824 4523 947 4585 erit
987 4522 1415 4586 exsecrabilis.
1863 4605 1869 4614 ι

906 4624 1082 4684 Dicit
1117 4625 1180 4683 ei
1216 4623 1502 4683 mulier:
1533 4624 1681 4683 Scio
1732 4639 1807 4683 ex
1857 4621 2181 4684 communi
2231 4621 2324 4683 fa-

823 4740 927 4784 ma
978 4721 1076 4783 vel
1126 4720 1495 4784 auctoritate
1542 4719 1904 4802 Scripturae,
1951 4722 2108 4799 quia
2160 4723 2323 4782 Mes-

820 4822 953 4880 sias
990 4823 1190 4890 venit,
1234 4819 1297 4880 id
1343 4826 1459 4892 est,
1503 4837 1649 4880 mox
1696 4825 1999 4880 venturus
2051 4825 2167 4891 est,
2206 4822 2322 4898 qui

820 4919 1072 4979 dicitur
1111 4918 1420 4978 Christus,
1467 4914 1840 4977 Samaritani
1893 4933 2168 4996 namque
2213 4935 2322 4979 no-

781 5021 1045 5086 ,verant
1085 5022 1152 5076 ut
1197 5015 1262 5076 in
1303 5013 1527 5076 Genesi
1574 5014 1945 5096 praedictum
1992 5021 2084 5076 est
2129 5033 2142 5076 :
2186 5013 2318 5077 Non

822 5113 1145 5176 auferetur
1204 5120 1523 5194 sceptrum
1584 5113 1662 5175 de
1716 5112 1893 5185 Juda,
1945 5119 2008 5173 et
2066 5113 2194 5174 dux
2245 5114 2321 5174 de

822 5211 1175 5275 femoribus
1218 5210 1380 5291 ejuS‚
1417 5212 1616 5274 donec
1654 5210 1867 5274 veniat
1905 5210 2020 5291 qui
2066 5210 2323 5272 mitten-

823 5311 942 5373 dus
982 5316 1077 5372 est
1098 5329 1115 5390 3
1155 5309 1385 5391 etipse
1423 5309 1543 5371 erit
1580 5309 1965 5390 exspectatio
2000 5310 2314 5391 gentium.

2434 4129 2606 4191 tione
2661 4127 2891 4191 affatus
2941 4128 3064 4190 fuit
3111 4129 3274 4191 hanc
3314 4128 3641 4192 feminam.

2513 4229 2804 4306 Reliquit
2831 4246 2980 4304 erqo
3016 4229 3330 4305 hydriam
3362 4248 3550 4289 suam
3589 4230 3820 4288 mulier
3847 4229 3926 4290 ad
4061 4235 4124 4290 28

2433 4333 2714 4406 puteum.
2733 4323 2865 4388 Prae
2893 4325 3306 4388 admiratione
3335 4325 3509 4387 enim
3533 4342 3752 4388 eorum
3781 4343 3928 4406 quae

2430 4422 2694 4495 audivit,
2747 4431 2809 4484 et
2865 4423 3204 4486 dilectione
3258 4441 3451 4504 quam
3504 4423 3793 4505 concepit
3846 4425 3925 4486 ad

2432 4521 2774 4595 Christum,
2807 4521 2921 4602 qui
2961 4539 3100 4582 eam
3143 4529 3272 4583 tam
3310 4521 3642 4602 dignanter
3677 4540 3750 4584 ac
3785 4523 3929 4584 dul-

2432 4620 2589 4683 citer
2648 4618 2852 4681 fuerat
2915 4619 3248 4693 allocutus,
3310 4621 3480 4700 quod
3540 4619 3736 4682 Judaei
3797 4639 3923 4684 non

2431 4717 2754 4792 fecissent,
2819 4737 2950 4800 prae
3008 4718 3322 4781 desiderio
3381 4736 3639 4800 quoque
3703 4719 3926 4781 salutis

2435 4818 2655 4900 populi
2707 4817 2828 4893 sui,
2873 4818 3070 4881 oblita
3116 4825 3212 4880 est
3259 4836 3490 4899 aquam
3533 4819 3926 4901 corporalem

2433 4935 2649 4980 secum
2694 4915 2963 4990 deferre,
3004 4935 3168 4998 aqua
3217 4916 3542 4998 sapientiae
3581 4918 3920 4997 degustata.

2434 5019 2520 5077 Et
2548 5017 2713 5075 abiit
2751 5017 2822 5076 in
2853 5017 3181 5076 civitatem
3220 5013 3459 5090 Sichar,
3491 5025 3552 5074 et
3589 5017 3752 5076 dicit
3788 5018 3924 5077 illis

2433 5115 2801 5174 hominibus
2839 5113 2970 5174 suis
3018 5113 3390 5176 concivibus
3425 5116 3703 5182 :Venia
3733 5123 3792 5174 ec
3829 5116 3926 5175 vi-
4053 5125 4116 5180 29

2431 5215 2572 5272 dete
2599 5212 2922 5273 hominem
2957 5213 3073 5292 qui
3097 5213 3278 5272 dixit
3307 5212 3475 5274 mihi
3500 5215 3724 5274 omnia
3755 5233 3926 5292 φαε-

2431 5329 2702 5390 cumque
2747 5311 2902 5388 feci,
2951 5310 3071 5373 hoc
3125 5317 3221 5372 est
3266 5327 3461 5392 opera
3517 5327 3659 5372 mea
3703 5311 3925 5393 praeci-
