4300 6259
1122 504 1473 554 mxumo
1514 506 1579 553 m
1619 504 1757 555 CAP-
1800 504 1957 553 xxm
1999 506 2189 555 LUGAE.
2236 526 2316 539 -·-
2356 508 2500 555 ΛΒΤ.
2547 509 2692 555 xux

3339 492 3462 559 235

348 678 542 747 esset,
576 682 644 736 et
682 674 775 739 sic
812 676 1191 755 gravissime
1233 686 1577 760 peccasset,
1610 678 1721 742 Dei
1758 680 1857 741 Fi·
1882 676 1935 739 A
2044 678 2166 742 Sed
2215 689 2438 743 contra
2486 682 2606 745 hoe
2646 681 2897 745 videtur
2934 684 3104 764 quod
3147 682 3210 745 in
3261 682 3462 747 Marco

348 770 512 834 lium
564 772 777 835 taliter
824 773 1157 856 flagellari,
1210 779 1521 853 coronari,
1563 779 1745 842 illudi
1794 787 1856 843 et

350 871 603 951 percuti
646 870 959 937 faciendo.
993 873 1185 957 Magis
1224 895 1483 959 quoque
1520 896 1712 959 quam
1748 898 1857 941 an-

346 976 411 1031 te
452 969 673 1032 timuit
707 970 919 1035 Jesum
957 974 1269 1048 occidere,
1306 993 1385 1037 ne
1423 974 1587 1039 forte
1622 976 1853 1039 Filium

348 1066 461 1131 Dei
520 1069 887 1150 perimeret.
940 1070 1061 1135 Sed
1120 1074 1291 1135 unde
1350 1074 1601 1149 Pilatus,
1650 1095 1854 1158 quum

347 1174 517 1228 esset
544 1169 806 1248 gentilis
835 1178 1025 1251 atque
1064 1171 1414 1247 idololatra,
1449 1173 1720 1237 habebat
1751 1194 1856 1239 no-

346 1264 557 1327 titiam
590 1267 727 1329 veri
756 1266 896 1330 Dei?
916 1268 992 1331 Et
1022 1272 1737 1355 respondendum,quod
1768 1274 1855 1335 in·

346 1372 447 1426 ter
472 1364 721 1429 Judaeos
752 1366 1116 1443 habitando,
1149 1370 1394 1451 aliquid
1423 1371 1587 1435 forte
1616 1374 1693 1435 de
1723 1392 1856 1437 om-

348 1463 711 1545 nipotentia
749 1474 811 1528 et
846 1466 1177 1547 majestate
1214 1470 1449 1532 summi
1492 1470 1637 1545 Dei,
1660 1490 1853 1553 quem

344 1560 649 1626 Israelitae
697 1563 1009 1638 colebant,
1043 1566 1309 1630 audivit.
1344 1566 1651 1631 Omnibus
1700 1588 1855 1650 quo-

346 1678 499 1740 que,
542 1668 613 1723 ut
659 1662 946 1743 loquitur
996 1662 1439 1739 Damascenus‚
1482 1667 1855 1730 naturaliter

346 1758 591 1821 inserta
636 1776 749 1821 seu
800 1760 1001 1824 indita
1048 1770 1144 1824 est
1191 1764 1468 1844 cognitio
1507 1766 1852 1828 exsistendi

1963 777 2214 859 legitur,
2249 778 2396 842 Erat
2441 788 2653 842 autem
2701 780 2856 844 hora
2905 781 3108 855 tertia,
3149 788 3212 843 et
3257 782 3462 845 cruci-

1962 875 2245 940 fixerunt
2293 896 2440 941 eum
2486 898 2499 942 :
2541 898 2691 960 ergo
2738 888 2886 942 ante
2939 881 3190 942 tertiam
3239 882 3460 945 horam
3491 886 3516 901 ”

1963 975 2197 1039 Pilatus
2241 977 2403 1039 sedit
2451 996 2567 1059 pro
2615 977 2942 1053 tribunali,
2975 980 3278 1060 quoniam
3329 998 3464 1043 cer-

3515 796 3665 841 Harc.
3683 810 3753 848 xv,

1963 1084 2098 1137 tum
2146 1083 2245 1139 est
2288 1075 2501 1139 Iesum
2561 1077 2770 1159 primo
2825 1076 3027 1140 fuisse
3081 1078 3459 1159 judicatum,

1962 1193 2156 1256 quam
2206 1175 2379 1237 cruci
2429 1194 2808 1257 appensum.
2853 1176 3022 1238 lnfra
3069 1195 3326 1259 quoque
3376 1178 3465 1240 ait

1960 1275 2184 1349 LucaS,
2218 1276 2390 1356 quod
2440 1284 2574 1337 erat
2613 1276 2766 1339 hora
2809 1276 2993 1358 quasi
3035 1283 3230 1348 sexta,
3264 1295 3465 1357 quan·
3529 1287 3730 1329 vers-⁴⁴·

1964 1372 2043 1435 do
2085 1371 2546 1434 crucifixerunt
2594 1391 2762 1435 eum.
2799 1372 3120 1436 Matthaeus
3161 1392 3310 1437 vero
3349 1374 3458 1447 ait,

1962 1472 2133 1552 quod
2182 1470 2261 1533 ab
2307 1471 2460 1534 hora
2501 1479 2674 1534 sexta
2713 1490 2916 1553 usque
2965 1474 3044 1535 ad
3096 1492 3324 1536 nonam
3373 1480 3463 1535 te·
3543 1489 3713 1533 uana.

1966 1569 2179 1631 nebrae
2208 1567 2389 1632 factae
2419 1579 2564 1632 sunt
2592 1588 2780 1653 super
2810 1571 3170 1633 universam
3203 1578 3460 1634 terram:
3491 1567 3545 1597 ¹¹
3578 1567 3604 1595 ¹¹

1964 1674 2025 1730 et
2065 1676 2195 1731 toto
2234 1675 2521 1750 tempore
2571 1670 2681 1733 illo
2720 1670 3025 1751 pependit
3059 1669 3344 1733 Christus
3395 1670 3459 1732 in

1965 1766 2158 1846 ligno.
2193 1766 2566 1841 Dicendum,
2599 1768 2770 1849 quod
2812 1769 2966 1831 hora
3003 1776 3178 1831 sexta
3213 1768 3312 1831 vel
3356 1787 3465 1850 pa-

347 1856 553 1920 Deum
596 1876 611 1921 :
654 1860 766 1921 sed
816 1865 878 1921 et
924 1860 1108 1922 multi
1152 1862 1487 1942 gentilium
1539 1872 1855 1927 noverunt
1889 1859 1936 1921 B
1968 1884 2109 1927 rum
2155 1872 2324 1937 ante,
2359 1864 2705 1928 crucifixus
2755 1874 2851 1928 est
2894 1866 3097 1939 JesuS‚
3134 1874 3202 1927 ut
3238 1866 3465 1929 asserit

347 1972 491 2018 esse
536 1976 737 2019 unum
781 1956 979 2020 Deum
1020 1958 1427 2023 altissimum.

434 2054 507 2116 Et
547 2055 873 2135 ingressus
912 2064 1009 2119 est
1046 2056 1279 2120 iterum
1320 2058 1556 2122 Pilatus
1587 2060 1651 2122 in
1695 2080 1853 2142 prae·

346 2153 611 2227 torium,
654 2161 718 2216 et
767 2154 927 2216 dixit
974 2156 1049 2217 ad
1096 2155 1311 2219 Jesum
1348 2158 1572 2221 :Unde
1620 2176 1687 2221 es
1734 2162 1851 2220 tu?

342 2250 651 2324 Quamvis
690 2252 861 2315 enim
893 2254 1025 2334 jam
1066 2262 1213 2317 ante
1240 2256 1523 2320 audisset
1560 2258 1727 2338 quod
1759 2256 1854 2319 Je-

344 2370 457 2411 sus
507 2359 677 2413 esset
728 2352 807 2413 de
848 2350 1120 2427 Galilaea,
1158 2372 1330 2416 nunc
1378 2361 1587 2418 tamen
1638 2355 1854 2419 audito

342 2451 518 2529 quod
562 2450 830 2513 dixisset
864 2468 935 2513 se
970 2470 1111 2515 esse
1148 2452 1379 2515 Filium
1420 2454 1551 2528 Dei,
1586 2454 1855 2535 diligen-

342 2549 474 2611 tius
524 2550 757 2630 quaerit
796 2550 874 2613 de
914 2550 1052 2614 loco
1100 2560 1163 2613 et
1203 2552 1523 2634 principio
1568 2572 1698 2616 suae
1746 2573 1867 2616 na-.

342 2646 639 2727 tivitatis,
670 2667 749 2709 an
792 2648 1038 2711 scilicet
1068 2667 1217 2713 vere
1246 2651 1325 2713 de
1368 2650 1491 2714 Deo
1530 2650 1611 2713 sit
1642 2659 1848 2726 natus,

342 2765 422 2807 an
466 2764 546 2807 ex
578 2746 974 2809 hominibus.
1006 2746 1185 2809 Jesus
1225 2757 1437 2811 autem
1474 2767 1850 2832 responsum

344 2864 471 2909 non
534 2846 732 2919 dedit,
786 2847 955 2909 sicut
1011 2866 1125 2930 per
1170 2848 1393 2911 isaiam
1446 2848 1571 2911 fuit
1627 2850 1853 2932 praedi-

94 2956 297 3009 tamn-1.
345 2953 521 3007 ctum
560 2964 575 3007 ε
610 2944 797 3017 Quasi
838 2964 1038 3026 agnus
1070 2966 1277 3009 coram
1323 2949 1623 3010 tondente
1653 2966 1721 3011 se
1750 2949 1854 3013 ob-

82 2061 211 2105 lom·
214 2077 315 2111 ....

72 2126 123 2165 94
132 2128 167 2167 4.

1964 1963 2186 2025 Lucas.
2231 1963 2374 2027 Ideo
2415 1964 2567 2026 dicit
2603 1964 2896 2038 Joannes,
2930 1965 3100 2045 quod
3143 1974 3275 2027 erat
3312 1965 3466 2027 hora

1964 2062 2098 2125 fere
2128 2070 2319 2139 sexta,
2345 2064 2497 2145 quia
2527 2062 2647 2125 fuit
2675 2070 2820 2125 ante
2851 2070 3115 2125 sextam.
3145 2062 3262 2125 Sed
3293 2066 3464 2145 quod

1962 2161 2204 2225 Marcus
2254 2163 2343 2224 ait
2391 2162 2468 2224 de
2514 2162 2700 2223 tertia
2749 2162 2923 2235 hora,
2958 2162 3080 2226 hoc
3125 2162 3340 2224 retulit
3386 2164 3463 2225 ad

1963 2261 2250 2323 animum
2289 2260 2670 2334 Judaeorum,
2705 2260 2857 2341 quia
2895 2261 3005 2322 illa
3044 2260 3199 2324 hora
3242 2261 3465 2323 clama-

1966 2366 2197 2421 verunt
2252 2378 2267 2420 :
2320 2358 2514 2433 Tolle,
2569 2357 2874 2438 crucifige
2931 2376 3101 2419 eum.
3154 2358 3262 2420 Vel
3324 2359 3464 2421 ideo

1964 2456 2119 2519 dicit
2168 2456 2288 2519 hoc
2336 2455 2598 2531 MarcuS,
2631 2456 2784 2536 quia
2832 2454 3180 2518 crucifixus
3229 2464 3325 2517 est
3368 2456 3466 2517 Je-

1964 2574 2072 2617 sus
2112 2556 2280 2616 inter
2313 2554 2560 2616 tertiam
2601 2562 2664 2615 et
2701 2561 2942 2615 sextam
2979 2572 2992 2616 :
3033 2554 3313 2616 medium
3353 2574 3463 2615 au-

1961 2661 2090 2715 tem
2132 2670 2249 2735 per
2287 2661 2632 2733 utrumque
2672 2659 3100 2714 extremorum
3145 2651 3461 2732 significa-

1964 2758 2087 2824 tur,
2141 2752 2294 2832 quia
2341 2750 2584 2832 aliquid
2641 2750 2977 2832 participat
3025 2750 3102 2812 de
3163 2758 3454 2831 utroque.

2043 2849 2282 2912 Deinde
2321 2849 2544 2911 scribit
2570 2848 2839 2912 Joannes
2873 2865 2887 2911 :
2921 2847 2997 2909 Et
3034 2848 3194 2909 dixit
3223 2846 3458 2909 Pilatus
3486 2865 3751 2917 hennam,

1960 2946 2191 3010 Judaeis
2245 2966 2258 3009 :
2315 2946 2474 3010 Ecce
2535 2965 2644 3009 rex
2693 2955 2921 3009 vester.
2975 2946 3104 3010 Hoc
3153 2947 3233 3009 ad
3290 2946 3454 3008 deri·
3489 2929 3555 2977 ¹⁴‘
3580 2930 3645 2971 ¹⁵·

344 3053 685 3108 mutescet.
738 3045 907 3107 Dixit
963 3063 1113 3126 ergo
1161 3046 1396 3109 Pilatus
1450 3066 1463 3111 ε
1516 3047 1665 3110 Mihi
1726 3067 1851 3112 non
1882 3044 1925 3107 C
1962 3046 2205 3109 sionem
2268 3046 2520 3109 illorum
2581 3044 2762 3107 dixit.
2816 3045 2913 3105 llli
2962 3052 3171 3107 autem
3224 3045 3457 3107 clama-

342 3143 678 3225 loqueris?
728 3142 943 3207 Nescis
1001 3144 1155 3225 quia
1215 3152 1591 3226 potestatem
1651 3146 1854 3211 habeo

339 3240 728 3323 crucifigere
765 3250 849 3315 te,
884 3250 947 3304 et
986 3250 1359 3324 potestatem
1402 3243 1605 3309 habeo
1640 3246 1853 3308 dimit-

336 3348 473 3402 tere
520 3343 627 3402 te?
663 3340 843 3402 Jesus
887 3348 1097 3403 autem
1142 3342 1519 3423 respondit:
1560 3343 1693 3407 Non
1744 3344 1853 3405 ha·

336 3438 526 3501 beres
580 3446 953 3520 potestatem
1016 3440 1211 3501 ullam
1270 3447 1489 3503 contra
1548 3460 1672 3516 me,
1725 3442 1849 3504 nisi

338 3539 560 3600 datum
612 3537 728 3600 tibi
778 3544 946 3600 esset
992 3539 1289 3619 desuper,
1324 3538 1569 3601 scilicet
1615 3558 1652 3601 a
1702 3539 1846 3616 Deo,

72 3648 307 3703 aemma.
340 3636 441 3699 vel
493 3655 532 3698 a
580 3636 863 3701 Romano
913 3638 1203 3719 imperio.
1257 3637 1306 3698 A
1356 3638 1481 3701 Deo
1530 3639 1704 3701 enim
1755 3648 1851 3702 est

334 3737 551 3799 omnis
603 3742 916 3818 potestas3
950 3737 1058 3798 sed
1111 3736 1437 3817 potestatis
1484 3736 1707 3802 abusio
1756 3738 1852 3800 in-

334 3843 431 3897 est
471 3834 847 3898 hominibus
888 3852 964 3896 ex
1007 3852 1305 3916 perversa
1344 3843 1406 3897 et
1448 3835 1704 3916 propria
1743 3854 1851 3899 vo-

334 3933 605 3995 luntate.
660 3932 999 4014 Propterea
1057 3932 1169 4013 qui
1229 3949 1332 3994 me
1388 3932 1647 3995 tradidit
1704 3934 1843 4009 tibi,

332 4029 545 4111 majus
596 4037 928 4112 peccatum
972 4030 1183 4093 habet.
1218 4028 1292 4091 Et
1334 4031 1566 4093 exinde
1604 4050 1848 4112 quaere·

330 4128 437 4191 bat
467 4128 707 4191 Pilatus
740 4127 1061 4191 dimittere
1090 4146 1259 4203 eum,
1285 4129 1581 4192 videlicet
1608 4129 1840 4205 Iesum,

1960 3144 2114 3206 bant
2148 3162 2162 3207 :
2199 3144 2393 3217 Tolle,
2418 3144 2591 3216 tolle,
2627 3142 2935 3223 crucifige
2965 3161 3134 3205 eum.
3169 3142 3335 3205 Dixit
3365 3143 3456 3205 eis

1958 3241 2193 3306 Pilatus
2230 3262 2244 3305 :
2282 3242 2511 3324 Regem
2555 3250 2835 3304 vestrum
2876 3241 3293 3322 crucifigam?
3342 3241 3460 3304 Re-

1959 3342 2356 3423 sponderunt
2395 3339 2734 3423 pontifices
2778 3358 2792 3403 :
2841 3339 2973 3403 Non
3021 3340 3330 3402 habemus
3363 3358 3458 3401 re-

1955 3457 2099 3520 gem
2152 3438 2274 3502 nisi
2327 3438 2652 3501 Caesarem.
2697 3438 2893 3512 Tunc,
2940 3445 3010 3499 ut
3051 3438 3139 3499 ait
3185 3436 3459 3499 Matthae-

1960 3556 2057 3609 υς,
2111 3537 2334 3599 videns
2383 3536 2616 3599 Pilatus
2664 3536 2819 3618 quia
2875 3535 3036 3598 nihil
3093 3534 3450 3616 proficeret,
3550 3556 3722 3600 unuh.

1958 3637 2067 3698 sed
2126 3636 2326 3716 magis
2376 3634 2689 3697 tumultus
2739 3634 2945 3707 fieret,
2987 3642 3247 3715 accepta
3290 3652 3456 3715 aqua
3484 3620 3750 3669 '‘¹⁹¹¹’²⁴·²⁵·

1958 3734 2112 3796 lavit
2155 3753 2382 3795 manus
2431 3753 2575 3796 suas
2627 3751 2837 3797 coram
2889 3731 3148 3813 populo,
3182 3731 3400 3794 dicens
3437 3750 3450 3795 τ

1954 3833 2262 3896 Innocens
2295 3850 2410 3913 ego
2441 3851 2582 3893 sum
2613 3850 2649 3893 a
2688 3832 2994 3912 sanguine
3030 3830 3186 3910 justi
3219 3830 3452 3911 hujus;

1956 3948 2066 3993 vos
2125 3930 2434 4005 videritiS,
2494 3930 2613 3993 hoc
2671 3937 2786 4003 est,
2841 3948 2950 3991 vos
3010 3928 3134 4011 ipsi
3196 3938 3456 4011 pensate

1954 4028 2108 4109 quid
2160 4029 2366 4109 agitis,
2419 4028 2572 4109 quia
2621 4046 2747 4091 non
2797 4044 2932 4108 ege,
2987 4028 3094 4089 sed
3145 4045 3254 4090 vos
3303 4044 3452 4089 eum

1952 4126 2262 4189 occiditis.
2297 4125 2372 4188 Et
2424 4126 2814 4207 respondens
2864 4124 3202 4187 universus
3253 4144 3455 4207 popu-

328 4228 521 4291 etiam
556 4228 757 4308 magis
788 4246 981 4309 quam
1012 4233 1180 4289 ante.
1206 4226 1641 4292 Consideravit
1670 4230 1840 4292 enim
1874 4231 1923 4293 D
1954 4225 2053 4287 lus
2101 4224 2262 4287 dixit
2295 4242 2309 4287 :
2343 4223 2611 4305 Sanguis
2660 4223 2802 4303 ejus
2851 4242 3046 4305 super
3085 4242 3200 4287 nos
3241 4231 3304 4285 et
3349 4242 3454 4285 su-

330 4326 768 4389 inuocentiam
805 4332 1001 4407 atque
1038 4325 1412 4388 modestiam
1450 4326 1705 4389 Christi.
1737 4327 1841 4389 Ju-

328 4424 441 4487 daei
496 4430 713 4486 autem
764 4423 1119 4485 clamabant
1156 4422 1269 4486 :Si
1320 4424 1493 4487 hunc
1546 4424 1835 4498 dimittis,

328 4539 453 4586 non
506 4540 575 4583 es
625 4520 869 4583 amicus
920 4521 1201 4584 Caesaris.
1238 4521 1454 4584 Omnis
1504 4524 1677 4585 enim
1726 4524 1837 4605 qui

326 4638 395 4682 se
436 4638 653 4701 regem
703 4618 877 4693 facit,
911 4619 977 4681 id
1016 4626 1132 4693 est,
1170 4620 1428 4702 propria
1466 4622 1839 4685 auctoritate

326 4736 543 4800 regem
592 4736 662 4781 se
710 4717 958 4792 asserit,
1011 4719 1385 4782 contradicit
1434 4718 1681 4793 Caesari,
1722 4720 1834 4801 qui

328 4814 663 4897 prohibuit
702 4816 843 4879 hoc.
879 4815 1213 4896 Potestque
1257 4834 1369 4898 per
1398 4815 1702 4879 Caesarem
1744 4817 1839 4879 in-

327 4914 527 4995 telligi
560 4912 878 4987 TiberiuS,
910 4913 1033 4975 sub
1062 4932 1193 4995 quo
1231 4913 1581 4977 crucifixus
1620 4921 1716 4976 est
1741 4916 1836 4977 Je-

328 5032 457 5075 sus.
490 5012 730 5075 Pilatus
780 5030 931 5092 ergo
976 5030 1181 5092 quum
1220 5012 1501 5075 audisset
1540 5012 1654 5075 hos
1704 5031 1836 5075 ser-

329 5128 571 5184 mones,
606 5110 873 5172 adduxit
920 5108 1089 5171 foras
1125 5108 1365 5184 Jesum‚
1399 5118 1463 5171 et
1509 5109 1670 5171 sedit
1720 5131 1832 5192 pro

330 5207 659 5271 tribunali.
712 5206 861 5269 Erat
906 5214 1119 5269 autem
1168 5206 1509 5272 Parasceve
1556 5207 1827 5283 Paschae,

332 5305 483 5371 bora
519 5305 708 5391 quasi
746 5313 945 5369 sexta.

1954 4341 2067 4405 per
2105 4322 2278 4385 filios
2326 4330 2596 4396 nostroS,
2631 4322 2752 4385 hoc
2797 4328 2914 4395 est,
2951 4320 3136 4383 nobis
3185 4329 3245 4384 et
3294 4320 3450 4384 filiis

1951 4422 2186 4485 nostris
2235 4420 2586 4502 imputetur
2625 4418 2860 4483 effusio
2907 4418 3235 4500 sanguinis
3283 4418 3445 4498 ejus.

1950 4520 1996 4582 Ο
2026 4518 2605 4583 obtenebratissimi
2641 4517 3198 4599 crudelissimique
3224 4517 3442 4589 Judaei,

1950 4619 2061 4699 qui
2106 4637 2232 4681 non
2273 4618 2477 4681 solum
2513 4635 2623 4679 vos
2664 4616 2861 4697 ipSOS,
2895 4616 3005 4677 sed
3045 4623 3107 4677 et
3145 4614 3314 4677 filios
3347 4634 3448 4677 ve-

1949 4726 2113 4779 stros
2144 4723 2270 4778 tam
2303 4713 2786 4797 incomparabili
2819 4722 3008 4795 atque
3037 4714 3275 4777 enormi
3310 4731 3447 4794 pee-

1948 4822 2086 4878 cato
2128 4812 2476 4885 involvitis,
2512 4820 2575 4874 et
2615 4812 2934 4876 Christum
2976 4811 3154 4875 vobis
3195 4812 3260 4873 in
3305 4812 3444 4893 lege

1946 4932 2020 4976 ac
2066 4910 2396 4993 Prophetis
2452 4910 2861 4991 promissum,
2914 4918 3040 4973 tam
3091 4910 3440 4972 irreveren-

1946 5020 2043 5075 ter
2092 5010 2409 5073 tractatis!
2461 5009 2766 5090 Denique,
2809 5008 3101 5071 exaudita
3157 5017 3255 5070 est
3299 5028 3439 5071 ora-

1946 5111 2033 5174 tio
2082 5117 2312 5183 vestra,
2349 5116 2410 5170 et
2461 5108 2750 5189 pervenit
2799 5126 2992 5188 super
3031 5126 3140 5169 vos
3191 5106 3284 5167 ira
3332 5106 3436 5169 Dei
3481 5122 3738 5173 mma..

1946 5226 2149 5290 usque
2190 5208 2255 5270 in
2307 5206 2505 5269 finem
2543 5225 2557 5268 τ
2592 5206 2760 5268 sicut
2806 5213 2869 5268 et
2906 5204 3234 5267 Psalmista
3283 5224 3440 5287 prae-
3472 5188 3736 5307 '2'va

1942 5307 2123 5382 dixit,
2157 5305 2488 5390 alloquens
2519 5304 2718 5369 Deum
2753 5322 2766 5367 ε
2803 5302 3077 5367 Effunde
3109 5321 3302 5386 super
3331 5321 3438 5367 eos
3469 5322 3537 5363 2³.
