4300 6259
612 3197 726 3228 vers.
746 3187 811 3229 ¹9.

604 4864 685 4907 Pe.
707 4878 751 4914 x,
772 4867 813 4907 8.

854 499 975 566 374
1664 521 2016 570 mnu-no
2056 521 2122 568 m
2163 519 2302 568 mr.
2347 522 2387 565 v
2427 520 2704 568 somnus.
2753 539 2836 552 -
2876 518 3019 567 ur.
3065 520 3149 565 xv

1959 935 2611 1023 ARTICULUS
2694 937 2843 1020 XV

998 1211 1383 1258 ExPLANA‘rlo
1424 1211 1700 1259 RESIDUAE
1743 1211 1959 1258 PAn‘rls
2002 1209 2190 1258 nulus
2232 1209 2509 1256 currum
2551 1210 2756 1266 QmN‘rl
2799 1211 2814 1256 :
2859 1210 2983 1258 NON
3025 1211 3256 1258 Possm!
3299 1211 3413 1257 mo
3458 1210 3501 1256 A
3541 1211 3628 1255 ΠΕ
3671 1209 3802 1255 1Ρ80

2090 1307 2326 1355 FACERE
2377 1307 2713 1364 QUIDQUAn.

1011 1591 1166 1655 ODO
1198 1592 1397 1654 multa
1434 1590 1776 1672 magnifica
1814 1589 2142 1672 perhibuit
2173 1587 2352 1651 Chri-
2379 1587 2431 1648 A
2461 1589 2620 1651 lium
2659 1598 2853 1654 totam
2893 1589 3268 1672 sapientiam
3313 1608 3515 1662 suam,
3549 1588 3746 1651 Filius
3787 1588 3954 1651 videt

1043 1699 1177 1754 stus
1236 1692 1313 1753 de
1372 1691 1735 1772 semetipso,
1798 1688 2114 1762 videlicet,
2178 1687 2348 1768 quod

855 1789 1033 1852 Pater
1082 1809 1206 1852 non
1254 1789 1496 1870 judicat
1536 1806 1949 1871 quemquam,
1994 1787 2104 1848 sed
2157 1785 2350 1847 Filius

856 1907 1099 1963 omneS,
1142 1897 1207 1949 et
1252 1890 1423 1970 quod
1470 1906 1631 1970 quos
1678 1886 1835 1962 vult,
1872 1884 2179 1959 vivificat,
2220 1904 2354 1948 om-

857 2005 1101 2068 nesque
1150 1987 1215 2048 in
1270 1986 1581 2069 sepulcris
1640 1985 1946 2067 repositos
1994 1983 2348 2046 suscitabit.

855 2085 943 2148 Ne
981 2103 1131 2167 ergo
1170 2084 1459 2148 videatur
1499 2084 1771 2147 inaniter
1810 2083 2011 2165 loqui,
2045 2083 2147 2145 vel
2189 2081 2350 2144 Patri

856 2185 1176 2266 derogare,
1229 2184 1328 2246 vel
1378 2184 1727 2246 secundum
1788 2199 2202 2264 personarum
2252 2199 2354 2243 ac-

857 2283 1213 2365 ceptionem
1270 2289 1331 2343 et
1389 2281 1809 2345 inordinatam
1866 2280 2144 2361 aliquam
2197 2278 2353 2341 affe-

856 2381 1131 2444 ctionem
1170 2380 1477 2462 judicare‚
1517 2379 1709 2441 refert
1746 2396 1935 2442 omne
1969 2378 2212 2441 bonum
2251 2397 2355 2439 su-

856 2498 963 2541 um
1021 2479 1100 2541 ad
1158 2477 1355 2540 Deum
1420 2478 1682 2552 Patrem,
1736 2476 1917 2558 quasi
1974 2477 2051 2538 ad
2108 2473 2352 2539 fontem

855 2577 1271 2651 derivantem,
1333 2595 1459 2640 non
1519 2575 1896 2650 derivatum,
1958 2583 2021 2636 et
2075 2574 2231 2637 dicit
2287 2592 2354 2636 se

854 2676 1069 2741 omnia
1109 2693 1293 2756 agere
1340 2683 1530 2759 prout
1566 2694 1603 2736 a
1643 2674 1819 2736 Patre
1861 2674 2127 2755 accepit,
2168 2673 2352 2754 cujus

2461 1687 2702 1751 Patrem
2753 1696 2815 1752 et
2863 1707 3056 1771 opera
3103 1689 3284 1770 ejus;
3331 1688 3682 1770 audireque
3724 1687 3957 1750 dicitur

2459 1805 2496 1848 a
2527 1786 2649 1850 Deo
2682 1787 2876 1862 Patre,
2911 1806 3113 1869 quum
3144 1795 3356 1850 tamen
3386 1794 3586 1851 totum
3619 1787 3701 1848 sit
3731 1787 3820 1849 ibi
3851 1805 3956 1848 su—

2464 1886 3056 1969 persimplicissimo
3094 1895 3157 1949 et
3193 1885 3704 1970 superineffabili
3745 1887 3951 1949 modo.

2569 1985 2838 2048 Possunt
2895 2003 3156 2067 quoque
3220 1986 3342 2048 ista
3405 1987 3604 2066 magis
3674 1985 3951 2068 proprie,

2461 2084 2756 2166 quamvis
2795 2103 2919 2148 non
2961 2085 3160 2167 magis
3198 2085 3572 2160 litteraliter,
3606 2085 3838 2167 exponi
3879 2084 3958 2146 de

2462 2182 2620 2246 Filio
2663 2184 3015 2245 secundum
3060 2192 3349 2246 naturam
3393 2191 3808 2265 assumptam.
3853 2180 3958 2244 Sic

2462 2283 2634 2344 enim
2682 2282 2888 2364 palam
2939 2291 3058 2362 est,
3101 2283 3271 2363 quod
3324 2301 3448 2345 non
3499 2289 3704 2364 potest
3751 2280 3958 2343 facere

2461 2382 2812 2464 quidquam
2858 2401 2895 2442 a
2933 2399 3001 2443 se
3045 2381 3206 2462 ipso,
3250 2380 3414 2443 sicut
3457 2399 3574 2443 nec
3616 2381 3810 2443 ceteri
3849 2380 3960 2442 ho-

2463 2480 2689 2542 mines.
2725 2477 2870 2542 Sola
2909 2479 3208 2561 equidem
3248 2479 3448 2560 gratia
3486 2478 3708 2541 differt
3748 2478 3962 2540 huma-

2463 2579 2626 2641 nitas
2658 2578 2886 2642 Christi
2919 2580 2998 2641 ab
3028 2579 3193 2653 aliis,
3221 2580 3572 2641 secundum
3607 2579 3779 2660 quod
3808 2578 3962 2640 dicit

2462 2677 2854 2758 Augustinus
2897 2697 2909 2740 :
2954 2677 3126 2740 ‘l'olle
3168 2677 3458 2758 gratiam,
3501 2678 3658 2759 quid
3710 2684 3806 2739 est
3853 2677 3962 2738 ille

856 2777 923 2839 in
962 2774 1263 2839 omnibus
1301 2774 1529 2856 quaerit
1568 2773 1858 2854 gloriam,
1896 2780 2354 2854 promovetque
2387 2772 2430 2834 B
2465 2777 2677 2854 homo,
2730 2776 2852 2838 nisi
2901 2777 3072 2858 quod
3121 2778 3236 2838 tu?
3285 2775 3516 2858 Sicque
3558 2775 3803 2858 judicat
3851 2794 3964 2857 per

859 2875 1185 2938 honorem.

938 2973 1153 3054 ltaque
1201 2972 1291 3034 ait
1324 2989 1337 3034 :
1373 2973 1521 3034 Non
1554 2991 1809 3050 possum
1850 2990 1961 3049 eqo
2000 2992 2041 3032 a
2080 2989 2182 3030 me
2217 2972 2355 3047 ipso

858 3073 1072 3150 facere
1120 3070 1503 3150 quidquam.
1556 3068 1684 3131 Hoc
1730 3075 1826 3131 est
1886 3069 2057 3149 quod
2104 3067 2236 3149 jam
2287 3067 2352 3128 in

860 3168 981 3233 isto
1019 3167 1299 3250 capitulo
1338 3167 1528 3250 paulo
1566 3173 1711 3229 ante
1754 3167 2002 3229 locutus
2040 3174 2139 3229 est
2173 3185 2186 3228 ε
2221 3164 2353 3229 Non

859 3274 1066 3351 potest
1124 3265 1319 3328 Filius
1378 3284 1412 3326 a
1462 3283 1529 3327 se
1587 3264 1795 3327 facere
1852 3265 2228 3346 quidquam.
2284 3263 2355 3325 Et

859 3367 1031 3449 quod
1070 3383 1243 3427 nunc
1280 3363 1520 3445 adjicit,
1564 3362 1682 3425 Sed
1727 3363 1892 3426 sicut
1932 3363 2143 3435 audio,
2185 3362 2357 3442 judi-

859 3483 955 3539 co,
996 3464 1171 3527 aliud
1212 3461 1373 3525 nihil
1415 3470 1511 3524 est
1557 3481 1751 3545 quam
1792 3463 1962 3544 quod
2012 3462 2101 3524 ibi
2144 3461 2358 3543 subje-

861 3563 967 3637 cit,
1018 3562 1149 3625 Nisi
1201 3563 1371 3644 quod
1422 3560 1653 3624 viderit
1700 3559 1943 3623 Patrem
1992 3559 2351 3623 facientem.

860 3661 1007 3735 Quae
1046 3661 1238 3724 verba
1272 3660 1401 3740 jam
1441 3666 1586 3721 ante
1626 3659 1775 3721 satis
1818 3658 2061 3740 prolixe
2099 3666 2359 3721 tractata

861 3768 1031 3834 sunt,
1074 3767 1138 3822 et
1184 3778 1356 3821 nunc
1401 3758 1682 3821 breviter
1729 3758 2173 3839 perstringam.
2211 3759 2354 3820 Non

852 3877 1115 3935 possum
1162 3879 1201 3918 a
1253 3877 1353 3918 me
1400 3859 1537 3934 ipso
1595 3860 1810 3937 facere
1857 3857 2246 3935 quidquam,
2293 3855 2357 3918 id

2463 2874 2960 2949 exsecutionem,
3003 2875 3171 2936 sicut
3215 2873 3480 2946 audivit,
3526 2874 3590 2937 id
3637 2881 3754 2948 est,
3801 2874 3966 2936 sicut

2467 2991 2580 3055 per
2610 2973 2940 3035 scientiam
2973 2973 3250 3035 infusam
3293 2972 3578 3037 interiori
3617 2973 3840 3035 auditu
3870 2973 3965 3034 di-

2467 3072 2706 3135 vinitus
2751 3072 2994 3134 didicit.

2546 3170 2649 3230 Ait
2685 3188 2834 3251 ergo
2881 3189 2894 3232 :
2942 3169 3260 3232 Iudicium
3303 3187 3516 3231 meum
3553 3169 3802 3251 justum
3839 3177 3957 3249 est,

2465 3267 2766 3350 quoniam
2801 3269 2881 3330 do
2912 3267 3260 3349 unicuique
3291 3267 3455 3329 sicut
3484 3275 3776 3342 meretur,
3801 3271 3958 3347 quia
4025 3291 4200 3333 mm.
4257 3307 4259 3358 g

3985 3357 4047 3397 ιο.

2465 3386 2593 3428 non
2635 3387 2849 3445 quoero
2890 3369 3286 3427 voluntatem
3327 3386 3555 3434 meam,
3583 3369 3696 3426 sed
3737 3369 3958 3427 volun-

2470 3475 2660 3525 tatem
2687 3465 2828 3543 ejus
2857 3466 2973 3545 qui
3006 3466 3183 3525 misit
3217 3485 3330 3526 me.
3355 3463 3573 3527 Nonne
3600 3463 3780 3545 juxta
3811 3483 3962 3546 prae-

2468 3563 2745 3636 inducta,
2792 3562 2988 3625 Patris
3033 3571 3095 3624 et
3136 3562 3276 3624 Filii
3321 3570 3418 3624 est
3467 3581 3592 3624 una
3624 3562 3957 3626 voluntas?

2466 3660 2787 3734 Quomodo
2836 3679 2983 3742 ergo
3041 3660 3238 3723 Filius
3295 3660 3524 3742 quaerit
3571 3659 3957 3724 voluntatem

2467 3758 2685 3833 Patris,
2713 3777 2838 3822 non
2871 3761 3094 3821 suam?
3129 3757 3200 3820 Et
3231 3759 3764 3840 respondendum,
3789 3759 3958 3840 quod

2469 3857 2632 3919 sicut
2681 3858 2745 3919 in
2797 3857 3044 3920 Christo
3091 3865 3188 3918 est
3234 3857 3471 3939 duplex
3521 3863 3763 3932 natura,
3808 3865 3959 3939 puta

860 3963 976 4030 est,
1014 3955 1103 4017 nil
1144 3956 1321 4019 valeo
1360 3955 1595 4018 virtute
1639 3973 1763 4018 non
1812 3961 2090 4036 accepta,
2132 3972 2360 4017 secun·
2394 3954 2439 4019 C
2468 3955 2683 4018 divina
2744 3962 2806 4016 et
2864 3955 3164 4029 humana,
3226 3955 3318 4017 sic
3377 3955 3666 4018 voluntas
3724 3955 3956 4037 duplex

862 4055 1015 4116 dum
1062 4055 1232 4136 quod
1273 4060 1368 4114 est
1414 4053 1478 4115 in
1522 4071 1623 4114 me
1658 4071 1671 4115 ε
1706 4052 1861 4134 quia
1908 4070 2109 4133 quum
2161 4052 2285 4114 sim
2324 4071 2361 4113 a

863 4151 1061 4224 Patre,
1116 4171 1241 4215 non
1293 4151 1495 4214 habeo
1544 4156 1915 4232 potestatem
1968 4149 2088 4211 nisi
2140 4150 2220 4212 ab
2261 4168 2357 4224 ec,

864 4247 1006 4312 ideo
1048 4249 1208 4310 nihil
1251 4266 1510 4331 possum
1558 4248 1679 4310 nisi
1720 4247 1955 4310 virtute
2004 4246 2362 4310 communi-

865 4353 1001 4409 cata
1048 4366 1083 4409 a
1131 4346 1329 4408 Patre.
1362 4349 1492 4408 Sed
1536 4346 1703 4407 sicut
1746 4346 1970 4416 audiO,
1997 4346 2251 4422 J'udieo,
2298 4345 2360 4406 id

866 4453 981 4519 est,
1016 4446 1363 4508 secundum
1399 4444 1775 4526 sapientiam
1808 4442 2215 4505 infallibilem
2248 4443 2364 4504 mi-

866 4543 932 4606 hi
968 4563 1004 4605 a
1033 4543 1209 4606 Patre
1249 4561 1363 4625 per
1389 4543 1861 4624 generationem
1900 4548 2196 4604 aeternam
2238 4541 2364 4604 col-

868 4643 1071 4716 latam,
1096 4643 1163 4704 in
1191 4641 1534 4723 judicando
1558 4642 1851 4723 procedo,
1888 4640 2123 4703 idcirco
2154 4659 2364 4702 errare

870 4760 997 4805 non
1049 4741 1247 4805 valeo.
1288 4740 1463 4802 Unde
1510 4738 1923 4821 subjungitur
1966 4758 1979 4800 :
2022 4748 2083 4798 et
2114 4739 2366 4816 judici-

871 4860 985 4901 um
1032 4860 1242 4902 meum
1280 4841 1541 4917 justum
1589 4847 1699 4898 esc.
1747 4837 1961 4899 Justus
2018 4837 2191 4898 enim
2251 4837 2366 4900 Do-

872 4940 1105 5014 minuS,
1134 4947 1197 5002 et
1221 4939 1496 5019 justitias
1528 4937 1779 5018 dilexit3
1814 4937 2174 5019 aequitatem
2208 4937 2368 5000 vidit

872 5039 1086 5102 vultus
1134 5038 1296 5120 ejus,
1349 5037 1565 5119 ltaque
1613 5036 1771 5100 Filio
1829 5035 1958 5109 Dei,
2011 5037 2364 5098 secundum

2469 4054 2532 4116 in
2572 4071 2648 4116 eo
2679 4053 2985 4116 consistit.
3019 4053 3193 4126 Quod
3223 4071 3374 4135 ergo
3414 4071 3582 4115 nunc
3619 4053 3844 4116 asserit
3881 4055 3960 4116 de

2468 4152 2792 4216 voluntate
2847 4170 2982 4226 sua,
3035 4151 3516 4233 intelligendum
3577 4159 3672 4214 est
3727 4154 3806 4214 de
3853 4171 3961 4216 vo-

2467 4251 2708 4312 luntate
2737 4268 2850 4312 sua
2879 4243 3176 4312 hum'ana.
3203 4249 3277 4314 Et
3304 4250 3456 4332 quia
3486 4250 3762 4312 humana
3789 4258 3960 4312 natu-

2469 4367 2538 4410 ra
2573 4355 2815 4411 constat
2844 4365 2920 4409 ex
2953 4348 3341 4411 intellectivo
3379 4367 3452 4410 ac
3489 4349 3812 4424 sensitivo,
3847 4367 3956 4410 seu

2467 4447 2680 4508 anima
2739 4445 3030 4508 rationali
3087 4429 3150 4508 et
3211 4453 3386 4527 parte
3443 4446 3765 4521 sensitiva,
3817 4466 3960 4530 pro-

2470 4552 2685 4627 pterea
2725 4543 2982 4625 ponitur
3021 4544 3256 4626 duplex
3297 4543 3585 4607 voluntas
3630 4544 3906 4607 hominis
3941 4564 3954 4608 :

2468 4643 2601 4706 Una
2648 4642 2959 4724 superior,
3004 4650 3223 4724 utpote
3263 4643 3580 4724 appetitus
3631 4643 3961 4706 intellecti-

2470 4759 2610 4814 vua,
2653 4740 2764 4822 qui
2817 4741 3074 4822 proprie
3121 4740 3482 4823 appellatur
3529 4741 3819 4804 voluntas
3853 4761 3866 4805 :
3899 4749 3958 4803 et

2472 4838 2548 4899 de
2599 4838 2714 4900 hac
2765 4837 3030 4918 intelligi
3094 4845 3320 4920 potest,
3372 4839 3542 4919 quod
3589 4836 3786 4901 Filius
3836 4858 3956 4902 non

2471 4935 2700 5016 quaerit
2743 4935 3132 4999 voluntatem
3183 4955 3383 5010 suam,
3427 4935 3728 5017 quoniam
3777 4937 3956 5000 istam

2473 5034 2860 5096 voluntatem
2919 5033 3331 5097 immobiliter
3375 5054 3412 5097 a
3461 5034 3780 5117 principio
3833 5055 3958 5098 suae

870 5145 1159 5199 naturam
1208 5135 1511 5210 divinam,
1556 5135 1724 5196 idem
1769 5142 1863 5196 est
1907 5133 2122 5196 videre
2172 5137 2443 5215 operaD
2473 5131 2807 5194 creationis
2873 5131 3148 5212 subjecit
3212 5132 3517 5195 voluntati
3586 5133 3839 5205 divinia,
3899 5142 3959 5195 et

870 5234 1088 5309 PatriS‚
1140 5242 1203 5296 et
1248 5234 1469 5296 audire
1515 5252 1552 5295 a
1599 5232 1797 5295 Patre.
1851 5232 1965 5294 Per
2020 5233 2140 5296 hoc
2189 5233 2360 5294 enim

869 5333 1041 5414 quod
1086 5330 1264 5394 Pater
1307 5331 1667 5412 generando
1714 5329 2103 5392 transfundit
2153 5331 2216 5392 in
2265 5329 2363 5390 Fi-

2471 5230 2772 5311 quoniam
2812 5229 3128 5292 ordinavit
3160 5247 3298 5292 eam
3329 5247 3712 5312 omnemque
3751 5241 3958 5294 actum

2470 5327 2632 5408 ejuS,
2674 5328 2752 5389 ad
2792 5328 3183 5390 voluntatem
3228 5327 3507 5391 divinam
3553 5335 3616 5390 et
3663 5329 3804 5410 ejus
3851 5330 3958 5393 ho-
