4300 6259
1178 525 1529 573 ENARRATlo
1572 523 1638 570 m
1678 522 1816 571 cAP.
1862 522 2011 569 xxlv
2051 520 2240 570 LUGAE.
2286 542 2366 552 —
2407 523 2550 569 Aur.
2595 522 2630 567 1.

3337 504 3458 570 253

84 722 319 765 mmmm
346 701 639 763 cundum
677 698 1107 773 Ambrosium,
1140 696 1265 760 fuit
1293 697 1529 759 Amaus
1553 694 1597 756 *.
1630 694 1857 775 Grego-
1882 692 1935 755 A
1968 692 2178 774 primo
2226 693 2354 774 egit
2397 694 2566 775 quod
2613 692 3016 774 postmodum
3066 691 3452 774 praedicavit.

344 798 485 860 rius
540 817 693 863 vero
749 798 814 860 in
876 797 1137 880 prologo
1196 814 1390 878 super
1445 794 1698 857 Moralia
1742 792 1855 855 Job

345 897 525 971 dicit,
546 898 720 978 quod
751 896 1034 959 creditur
1062 894 1090 956 f
1094 895 1263 957 uisse
1290 893 1491 956 Lucas
1523 894 1641 954 iste
1670 909 1859 954 evan-

340 995 597 1076 gelista,
630 996 718 1058 ita
755 996 928 1077 quod
963 1012 1039 1057 ex
1080 993 1439 1056 humilitate
1479 1011 1667 1054 suum
1694 988 1857 1052 'sub-

342 1094 537 1157 ticuit
578 1112 835 1157 nomen.
871 1095 1063 1156 Discit
1093 1114 1115 1152 .·
1152 1096 1247 1154 Tu
1276 1096 1447 1153 solus
1470 1091 1855 1170 pereyrinas

342 1214 410 1253 es
456 1195 535 1253 in
582 1196 973 1262 Jerusalem,
1021 1201 1083 1252 et
1133 1210 1261 1251 non
1312 1189 1669 1267 coynovisti
1716 1208 1858 1267 quae

343 1292 528 1370 faeta
566 1301 721 1353 sunt
758 1293 831 1353 in
871 1293 995 1351 illa
1035 1291 1139 1349 his
1167 1290 1393 1349 diebus
1416 1290 1445 1348 ἵ
1484 1285 1611 1349 Hoc
1652 1292 1852 1349 totum

346 1408 479 1453 non
538 1388 869 1464 assertive,
920 1388 1033 1450 sed
1091 1385 1540 1466 interrogative
1594 1382 1859 1466 protulit

346 1487 686 1570 CleophaS,
730 1487 913 1569 quasi
954 1486 1193 1549 diceret
1237 1502 1249 1546 :
1298 1482 1537 1545 Venisti
1578 1490 1643 1543 tu
1682 1481 1855 1544 solus

347 1585 417 1648 in
465 1586 818 1649 Jerusalem
880 1586 945 1647 in
1004 1585 1125 1648 hoc
1180 1582 1435 1656 Pascha,
1491 1589 1559 1642 111
1606 1580 1857 1661 ignores

346 1704 498 1767 quae
528 1684 594 1746 in
626 1702 699 1746 ea
727 1683 1130 1764 contigerunt
1160 1700 1289 1745 uno
1319 1680 1551 1743 horum
1583 1679 1853 1753 dierum,

350 1782 473 1847 hoc
513 1790 634 1858 est,
669 1782 737 1844 in
776 1782 881 1844 die
916 1781 1313 1853 ParasceveS,
1356 1785 1419 1840 et
1458 1778 1647 1840 etiam
1691 1783 1855 1851 ante,

1964 791 2084 854 Sed
2139 792 2268 872 jam
2330 792 2514 853 multi
2584 798 2734 853 sunt
2800 791 2982 873 quasi
3042 799 3328 873 potentes
3391 790 3458 852 in

1965 907 2278 965 sermone,
2323 890 2562 953 debiles
2612 908 2762 955 vero
2812 890 2878 952 in
2928 908 3119 972 opere
3164 908 3178 952 :
3220 889 3334 971 qui
3385 890 3464 952 de

1964 989 2344 1064 humilitate,
2390 990 2715 1071 patientia,
2759 989 3268 1062 mansuetudine,
3307 996 3468 1050 tem-

1966 1087 2272 1169 perantia,
2305 1088 2571 1167 justitia,
2607 1088 2884 1163 caritate,
2928 1088 3183 1170 copiose
3232 1105 3468 1151 sermo-

1966 1186 2281 1262 cinantur,
2313 1194 2376 1249 et
2403 1196 2615 1250 tamen
2647 1185 2920 1249 faciliter
2948 1206 2985 1248 a
3014 1186 3292 1268 propriis
3334 1205 3469 1269 pas-

1965 1284 2256 1347 sionibus
2289 1293 2696 1367 superantur,
2723 1284 3226 1367 inquinamentis
3258 1284 3467 1347 carnis

1966 1390 2027 1445 et
2082 1384 2312 1447 animae
2371 1384 2582 1447 viliter
2641 1384 3114 1466 infeliciterque
3175 1402 3469 1446 succum—

1965 1480 2146 1544 bunt.
2196 1482 2432 1563 Itaque,
2482 1483 2660 1545 Jesus
2709 1483 2834 1545 fuit
2883 1490 3108 1565 potens
3159 1482 3224 1545 in
3274 1500 3468 1564 opere

1964 1587 2027 1642 et
2070 1598 2385 1657 sermone,
2419 1602 2636 1644 coram
2665 1586 2818 1651 Deo,
2852 1582 2916 1645 id
2953 1590 3049 1644 est
3089 1600 3236 1645 vere
3276 1590 3340 1644 et
3372 1582 3469 1643 in-

1963 1677 2341 1763 fallibiliter,
2376 1681 2676 1755 virtuose,
2711 1690 2774 1743 et
2811 1680 3137 1744 meritorie
3175 1680 3299 1742 sibi
3342 1679 3464 1762 ipsi

1964 1786 2278 1859 quantum
2306 1779 2381 1840 ad
2416 1778 2750 1860 praemium
2786 1778 3194 1855 accidentale,
3229 1785 3290 1840 et
3319 1778 3463 1841 aliis

348 1882 611 1964 quando
652 1882 717 1943 in
763 1880 865 1943 die
902 1879 1261 1941 Palmarum
1301 1884 1365 1939 61
1402 1884 1617 1958 postea
1657 1874 1857 1937 multa
1890 1879 1938 1941 B
1964 1876 2274 1953 absolute,
2306 1887 2366 1938 et
2393 1880 2576 1939 omni
2597 1882 2859 1956 populo,
2891 1878 2955 1940 id
2985 1886 3079 1940 est
3109 1878 3460 1961 secundum

348 1979 644 2063 prodigia
680 1978 835 2042 fecit
864 1978 931 2040 in
959 1976 1305 2040 Jerusalem
1338 1974 1669 2038 Christus?
1700 1972 1855 2035 Nam

348 2079 437 2140 ita
468 2084 535 2139 te
569 2077 765 2140 habes
806 2094 921 2139 nos
962 2074 1429 2155 interrogando,
1461 2071 1646 2153 quasi
1684 2071 1855 2133 solus

349 2176 733 2259 peregrinus
783 2175 890 2238 hic
936 2173 1161 2247 fueriS,
1203 2180 1266 2235 et
1311 2171 1549 2234 idcirco
1596 2170 1675 2232 ab
1714 2169 1855 2231 aliis

350 2274 715 2358 peregrinis
773 2272 935 2336 nihil
986 2271 1263 2334 audieris
1317 2289 1329 2333 :
1382 2287 1587 2350 quum
1645 2276 1855 2331 tamen

350 2381 604 2435 eertum
654 2372 757 2447 sit,
807 2371 977 2453 quod
1018 2368 1119 2431 his
1156 2367 1382 2431 diebus
1426 2365 1861 2429 innumerabi-

352 2472 445 2533 les
484 2468 731 2533 fuerint
771 2468 837 2531 in
874 2467 1226 2531 Jerusalem
1267 2465 1609 2548 peregrini,
1643 2484 1679 2526 a
1718 2463 1860 2546 qui·

352 2570 477 2631 bus
530 2568 760 2631 merito
817 2566 1213 2649 percepisses
1270 2583 1417 2647 quae
1473 2564 1540 2626 in
1589 2582 1663 2627 ea
1711 2570 1859 2625 sunt

351 2668 544 2743 facta,
598 2666 904 2749 quoniam
955 2663 1275 2746 peregrini
1322 2662 1597 2725 libenter
1648 2662 1860 2743 inqui-

354 2774 511 2829 runt
547 2774 741 2847 atque
783 2763 1151 2846 percipiunt
1190 2781 1373 2827 nova.

155 2873 221 2927 19
440 2866 691 2935 Quibus
737 2866 852 2924 ille
896 2864 1077 2924 dimit
1105 2882 1128 2921 .·
1162 2862 1367 2930 Quoe?
1406 2859 1469 2921 id
1518 2866 1634 2934 est,
1688 2877 1860 2940 quae—

353 2982 507 3026 nam
556 2969 709 3025 sunt
751 2960 861 3024 illa
901 2980 1047 3043 quae
1090 2960 1156 3021 in
1191 2959 1539 3021 Jerusalem
1580 2957 1679 3019 his
1728 2957 1861 3019 die-

1964 1975 2254 2039 omnium
2303 1976 2656 2057 praesertim
2704 1976 3062 2057 vulgarium
3123 1976 3464 2059 reputatio-

1964 2091 2109 2135 nem
2166 2092 2180 2135 :
2234 2074 2347 2155 qui
2405 2074 2724 2149 dixerunt,
2775 2074 3115 2156 Nunquam
3165 2074 3462 2158 apparuit
3506 2099 3754 2153 nattam,

1968 2171 2059 2233 sic
2096 2172 2166 2233 in
2203 2171 2391 2234 Israel
2422 2192 2439 2252 3
2474 2180 2558 2247 et,
2593 2172 2904 2254 Propheta
2944 2192 3209 2254 magnus
3253 2192 3462 2237 surre-
3489 2164 3666 2271 'Zeu'
3689 2228 3738 2269 Μ

1970 2270 2062 2331 xit
2100 2270 2165 2331 in
2205 2270 2409 2333 nobis,
2443 2270 2654 2351 Porro,
2688 2270 2949 2353 quidam
2989 2279 3137 2334 sunt
3172 2279 3460 2353 potentes
3671 2259 3681 2277 '
3743 2258 3754 2270 ¹

1969 2366 2035 2430 in
2094 2386 2288 2451 opere
2345 2375 2408 2430 et
2465 2386 2758 2432 sermone
2801 2388 3013 2433 coram
3065 2368 3457 2445 hominibus,

1968 2467 2079 2528 sed
2116 2486 2242 2530 non
2285 2486 2497 2531 coram
2535 2467 2682 2542 Deo,
2722 2467 2889 2529 sicut
2928 2467 3296 2551 hypocritae.

2048 2569 2133 2627 Ec
2170 2569 2507 2646 quomode,
2539 2566 2603 2628 id
2649 2573 2747 2628 est
2791 2584 2985 2647 quam
3036 2566 3294 2647 injuste,
3333 2576 3466 2628 cra·
3597 2586 3670 2642 20

1966 2668 2280 2726 diderunt
2323 2686 2473 2726 eum
2520 2668 2762 2726 summi
2795 2668 3146 2727 sacerdotes
3183 2675 3242 2726 et
3270 2668 3466 2743 prin-

1966 2765 2133 2842 cipes
2163 2766 2392 2831 nostri,
2425 2762 2723 2827 videlicet
2762 2764 3100 2845 pontifices
3150 2770 3212 2826 et
3259 2764 3465 2827 senio-

1969 2879 2090 2935 res,
2125 2863 2199 2922 in
2229 2864 2716 2923 damnationem
2745 2865 2995 2933 mortis,
3017 2861 3080 2925 id
3109 2869 3225 2937 est,
3260 2869 3464 2924 morte

1968 2959 2232 3040 dignum
2283 2978 2430 3021 eum
2469 2959 2940 3041 judicaverunt,
2973 2959 3254 3023 dicentes
3292 2979 3305 3023 :
3339 2960 3463 3023 Nos
3488 2987 3756 3039 avenam,

349 3061 477 3123 bus
536 3070 690 3123 sunt
744 3058 957 3122 facta?
1006 3062 1093 3121 Ει
1138 3060 1455 3119 disserant
1503 3078 1526 3117 .·
1568 3060 1663 3119 De
1706 3060 1854 3119 lesu
1895 3063 1938 3126 C
1968 3058 2173 3138 legem
2222 3058 2552 3133 habemuS,
2590 3066 2653 3120 et
2701 3059 3054 3121 secundum
3103 3059 3308 3139 legem
3357 3060 3465 3121 de·
3493 3054 3533 3094 ⁷·

347 3162 733 3228 Nazareno,
764 3159 830 3220 id
868 3164 988 3233 est,
1020 3156 1233 3219 Jesum
1265 3154 1655 3217 Nazarenum
1693 3153 1859 3217 facta

346 3258 471 3321 ista
520 3264 940 3332 concernunt,
980 3262 1043 3317 et
1090 3255 1168 3317 de
1216 3271 1291 3317 eo
1336 3272 1411 3316 ac
1457 3253 1522 3315 in
1572 3270 1647 3317 eo
1692 3252 1859 3316 facta

345 3364 527 3433 sunt,
558 3358 679 3437 qui
712 3358 849 3435 fuit
888 3357 995 3416 vir
1024 3372 1180 3416 sexu
1230 3360 1292 3414 et
1338 3352 1514 3416 omni
1564 3352 1860 3434 perfecti-

344 3475 473 3522 one
514 3456 851 3529 virtutum‚
876 3455 1193 3532 propheta
1224 3469 1532 3526 summus,
1568 3450 1856 3514 omnium

346 3554 663 3640 praescius
705 3552 1072 3616 futurorum
1109 3569 1123 3614 :
1159 3550 1245 3613 ita
1273 3551 1446 3631 quod
1481 3549 1681 3631 gratia
1714 3568 1859 3631 pro-

348 3656 593 3739 phetiae
621 3652 749 3716 fuit
779 3653 845 3715 in
876 3669 951 3715 eo
982 3669 1095 3733 per
1125 3650 1384 3713 modum
1418 3647 1673 3711 habitus
1702 3647 1855 3723 fixe,

351 3754 487 3819 imo
528 3769 784 3833 semper
815 3750 882 3812 in
922 3756 1066 3811 actu
1097 3756 1159 3810 et
1188 3764 1369 3829 aeque
1410 3745 1690 3828 perfecte
1708 3765 1725 3827 ;
1751 3766 1861 3824 po-

354 3862 495 3913 tens
528 3854 602 3912 in
632 3846 844 3929 opere,
872 3848 939 3910 id
978 3854 1073 3909 est
1115 3846 1182 3908 in
1225 3843 1400 3909 omni
1442 3852 1587 3907 actu
1629 3844 1860 3909 virtuo-

354 3970 450 4025 50,
488 3947 797 4033 perfecto,
830 3954 895 4009 et
942 3945 1007 4007 in
1059 3943 1280 4025 signiS,
1318 3944 1623 4025 prodigiis
1669 3952 1861 4025 atque

117 4068 261 4111 ,rm
281 4082 325 4120 v,
356 4047 716 4113 miraculis.
751 4045 927 4107 Unde
974 4049 1037 4105 et
1084 4041 1244 4105 dixit
1278 4061 1292 4104 :
1326 4040 1529 4123 Opera
1566 4060 1709 4123 quae
1758 4042 1862 4103 de-

90 4131 144 4173 36·
356 4149 453 4211 dit
498 4145 662 4209 mihi
700 4143 900 4218 Pater,
931 4140 1371 4204 testimonium
1412 4140 1752 4221 perhibent
1784 4140 1861 4201 de

1966 3155 2075 3218 bet
2121 3157 2306 3233 mori,
2358 3155 2510 3238 quia
2557 3155 2788 3218 Filium
2837 3156 2943 3218 Dei
2995 3175 3062 3219 se
3121 3157 3292 3220 fecit.
3344 3156 3466 3219 Im-

1968 3262 2241 3337 portune
2277 3272 2536 3336 quoque
2580 3254 3081 3336 impetraverunt
3119 3274 3156 3317 a
3195 3256 3466 3337 praeside

1966 3353 2346 3416 sententiam
2377 3353 2922 3418 condemnationis
2953 3355 3032 3417 ad
3063 3362 3332 3417 mortem
3363 3355 3465 3416 ad-

1968 3470 2191 3514 versus
2249 3451 2590 3514 Christum.
2641 3456 2730 3515 Ec
2774 3455 3245 3531 crucifioeerunt
3289 3475 3460 3527 eum,

1968 3550 2120 3632 quia
2163 3550 2303 3629 ejus
2345 3550 2830 3613 crucifixionem
2875 3560 3399 3634 procuraverunt.

2050 3650 2182 3710 Nos
2210 3659 2426 3710 autem
2455 3650 2891 3725 sperabamus,
2920 3657 3066 3712 ante
3102 3651 3462 3731 passionem
3597 3662 3664 3717 21

1970 3746 2194 3828 ipsiUS,
2228 3748 2387 3827 quia
2418 3748 2552 3826 ipse
2577 3758 2731 3808 esset
2759 3750 3210 3825 redempturus
3237 3752 3464 3819 Israel,

1968 3846 2088 3907 hoc
2118 3852 2217 3906 est
2253 3844 2634 3907 liberaturus
2667 3845 3084 3908 Israeliticum
3126 3848 3460 3929 populum,

1969 3951 2272 4025 tanquam
2315 3961 2500 4007 verus
2536 3942 2788 4006 Messias
2820 3944 2886 4007 in
2925 3944 3062 4026 lege
3101 3954 3165 4007 et
3192 3946 3467 4028 Prophe-

1970 4042 2051 4104 tis
2103 4041 2477 4123 promissus,
2518 4042 2597 4104 ab
2645 4042 2937 4123 originali
2987 4051 3050 4105 et
3095 4044 3267 4107 omni
3318 4063 3466 4128 pec-

1971 4148 2129 4215 6610,
2181 4147 2243 4202 61
2299 4139 2662 4222 captivitate
2720 4140 2976 4215 diaboli,
3039 4151 3101 4204 et
3159 4144 3464 4207 servitute

91 4262 329 4315 mansi.
356 4264 503 4327 me;
556 4245 863 4323 itemque,
915 4239 978 4302 Si
1028 4258 1225 4321 opera
1270 4257 1397 4302 non
1448 4237 1745 4300 fecissem
1795 4237 1860 4299 in
1893 4246 1942 4309 D
1972 4240 2237 4321 peccati.
2269 4238 2456 4311 Quasi
2493 4238 2778 4301 dicerent
2810 4257 2824 4301 :
2859 4238 2988 4302 Hoc
3027 4239 3460 4321 sperabamus,

354 4347 475 4419 eiS‚
513 4361 661 4425 quae
709 4358 896 4403 nemo
944 4338 1109 4400 alius
1156 4337 1329 4413 fecit,
1365 4343 1695 4419 peccatum
1736 4355 1861 4399 non

355 4444 697 4507 haberent.
733 4442 815 4503 Ec
842 4456 1131 4499 sermone
1161 4458 1183 4496 .·
1212 4436 1365 4517 quia
1403 4436 1469 4497 in
1513 4434 1724 4499 verbis
1767 4454 1864 4497 sa-

357 4540 809 4627 pientissimus
838 4556 913 4599 ac
941 4534 1505 4617 eloquentissimus
1542 4532 1685 4607 fuit,
1718 4533 1864 4614 jux-

92 4656 271 4708 rum.
288 4661 327 4702 1.
360 4652 421 4705 ta
458 4639 630 4704 illud
663 4656 677 4701 ε
711 4635 958 4699 Diffusa
994 4642 1092 4697 est
1134 4634 1335 4716 gratia
1378 4633 1443 4695 in
1483 4632 1667 4695 labiis
1707 4633 1858 4695 tuis.

96 4754 329 4809 Lucana.
354 4739 754 4804 Mirabantur
800 4752 1021 4799 omnes
1073 4734 1138 4796 in
1190 4732 1398 4798 verbis
1454 4732 1672 4813 gratiae·
1718 4750 1863 4813 quae

355 4836 795 4923 procedebant
834 4835 913 4897 de
949 4850 1059 4896 ore
1100 4830 1263 4911 ejus.
1295 4830 1656 4894 Adversarii
1706 4849 1864 4912 quo-

104 4950 243 4995 am.
262 4966 329 5003 m.
355 4958 489 5021 que
552 4936 693 5017 ejus
742 4933 941 4997 coacti
998 4938 1149 4993 sunt
1194 4930 1406 4993 dicere
1458 4948 1471 4993 ε
1522 4929 1862 5011 Nunquam

96 5016 152 5056 ’δ’
356 5040 452 5101 sic
484 5038 742 5099 locutus
788 5040 884 5095 est
932 5032 1144 5106 homo,
1187 5030 1353 5092 sicut
1398 5029 1504 5091 hic
1551 5028 1857 5110 loquitur.

356 5138 436 5200 Et
484 5142 659 5198 recte
710 5151 881 5195 1111116
930 5130 1185 5205 dicitur,
1237 5130 1409 5211 quod
1455 5126 1582 5189 fuit
1639 5134 1861 5209 potens

358 5237 425 5299 in
457 5251 659 5317 opere
687 5240 753 5294 et
780 5246 1093 5304 sermone,
1130 5226 1591 5310 praemittendo,
1624 5226 1692 5287 111
1723 5244 1865 5308 ope-

120 5354 207 5399 ια.
223 5359 307 5409 ι,1.
360 5352 431 5399 1·6
466 5354 482 5398 :
518 5332 719 5416 coepit
746 5331 919 5393 enim
957 5327 1167 5390 facere
1196 5334 1261 5389 et
1288 5327 1535 5401 docere,
1568 5325 1657 5387 ita
1690 5326 1863 5406 quod

1972 4338 2081 4399 sed
2128 4338 2316 4400 modo
2365 4356 2492 4401 non
2541 4355 2892 4419 speramus.
2927 4341 3012 4400 Et
3050 4359 3228 4400 nunc
3271 4360 3465 4419 super

1971 4440 2103 4498 laceo
2129 4438 2377 4507 omnia,
2409 4436 2474 4498 id
2523 4443 2618 4498 est
2660 4437 2824 4498 ultra
2861 4455 2933 4499 ea
2971 4456 3114 4518 quae
3152 4438 3307 4517 dixi,
3344 4448 3464 4499 ter-

1975 4537 2069 4596 cia
2097 4535 2235 4595 dies
2263 4544 2353 4595 esc
2381 4537 2592 4609 hodie,
2623 4537 2800 4616 quo*,
2834 4534 2897 4597 id
2936 4543 3033 4597 est
3067 4554 3104 4597 a
3142 4536 3246 4597 die
3283 4535 3464 4598 Para-
3491 4558 3756 4615 κῶμαι

1972 4650 2189 4696 seeves
2221 4632 2287 4695 111
2323 4651 2454 4715 quo
2481 4634 2658 4711 facta
2685 4642 2839 4694 sunt
2867 4634 3016 4705 ista,
3048 4652 3176 4715 quo
3219 4633 3462 4697 scilicet

1969 4732 2146 4794 Jesus
2189 4731 2376 4794 morti
2414 4731 2810 4811 adjudicatus
2848 4738 2912 4792 et
2951 4729 3298 4794 crucifixus
3338 4741 3454 4795 est.

1969 4833 2101 4893 Sed
2147 4838 2206 4889 ec
2261 4830 2562 4890 mulieres
2608 4832 2906 4908 quaedam
2951 4824 3048 4889 em*
3083 4832 3342 4900 nost-ris,
3396 4832 3461 4894 id
3593 4838 3667 4893 22

1970 4935 2066 4990 est
2094 4927 2172 4989 ad
2203 4917 2565 4989 societatem
2597 4933 2874 4989 nostram
2905 4934 3284 5008 spectanteS‚
3307 4929 3462 5010 quia

1972 5026 2308 5091 nobiscum
2363 5024 2702 5087 Dominum
2756 5024 2968 5088 Jesum
3031 5027 3463 5107 sequebantur

1973 5128 2219 5199 devote,
2256 5133 2627 5185 terruerunt
2665 5144 2778 5185 reos
2808 5146 2830 5184 .·
2859 5146 3002 5205 quae
3039 5136 3190 5187 ante
3228 5131 3462 5198 lucem,

1972 5226 2037 5287 id
2084 5231 2180 5285 est
2224 5221 2406 5285 valde
2454 5221 2757 5297 diluculo,
2788 5223 3064 5300 fuerunt
3102 5226 3190 5284 ad
3235 5244 3464 5286 monu-

1972 5332 2286 5392 mentum,
2309 5332 2370 5383 et
2397 5340 2528 5384 non
2557 5322 2816 5383 invento
2845 5341 3102 5402 corpore
3129 5324 3290 5401 ejus,
3309 5323 3463 5406 quia
3596 5332 3668 5391 23
