4300 6259
628 4158 798 4202 natm.

576 4235 695 4273 xviu.
728 4224 841 4264 6-10.

859 499 976 566 134

1670 515 2020 563 mammo
2062 515 2126 562 m
2169 515 2307 562 cAP.
2354 513 2483 560 xvn
2525 513 2713 562 LUGAE.
2757 533 2840 544 —
2880 513 3025 560 Aur.
3071 514 3148 560 11.

858 689 1103 755 malitia
1144 688 1565 762 scandalizati,
1614 695 1685 749 ut
1730 687 1808 749 de
1849 684 2178 748 Pharisaeis
2218 684 2350 765 jam
2382 681 2431 743 A
2461 685 2742 766 scipulos
2790 687 2867 749 de
2917 704 3044 748 non
3104 683 3602 756 scandalizando,
3652 681 3945 761 quoniam

860 791 1103 852 dictum
1144 796 1260 850 est.
1294 787 1471 850 Unde
1513 804 1715 868 quum
1756 784 1955 867 aliqui
1994 783 2353 867 spiritualia
2461 784 2736 866 figuram
2773 784 3078 866 gerebant
3121 790 3247 845 tam
3296 782 3721 864 praelatorum,
3761 800 3944 862 quam

861 888 1027 951 bona
1074 885 1386 968 impedire
1434 891 1763 958 conantur,
1806 883 2099 945 scandala
2145 881 2356 944 conci-

862 987 1075 1060 tando,
1110 1003 1235 1047 non
1277 990 1426 1046 sunt
1465 989 1725 1065 propter
1762 981 1881 1044 hoc
1920 981 2087 1044 bona
2130 979 2358 1060 hujus-

864 1085 1036 1148 modi
1103 1081 1473 1146 omittenda.
1544 1080 1866 1142 Interdum
1936 1096 2087 1141 vero
2154 1076 2357 1140 oritur

864 1183 1233 1246 scandalum
1282 1181 1361 1242 de
1408 1177 1848 1261 spiritualibus
1897 1177 2084 1240 honis
2133 1194 2212 1237 ex
2261 1175 2360 1237 in-

864 1280 1170 1343 firmitate
1196 1279 1583 1360 aliquorum,
1616 1277 1786 1359 quod
1816 1283 1911 1338 est
1942 1275 2354 1357 pusillorum:

865 1390 927 1444 et
966 1388 1118 1442 tunc
1156 1384 1415 1460 propter
1452 1376 1777 1439 caritatem
1817 1382 1966 1436 sunt
2003 1373 2361 1456 spiritualia

865 1481 1034 1542 bona
1070 1475 1444 1540 occultanda
1479 1474 1577 1538 vel
1619 1471 1997 1546 differenda,
2033 1473 2234 1535 donec
2265 1490 2363 1532 ra-

864 1579 1039 1642 tione
1080 1574 1325 1638 reddita
1362 1578 1565 1635 cesset
1604 1571 1970 1634 scandalum
2006 1570 2152 1632 tale.
2186 1568 2361 1642 Quod

862 1676 917 1739 si
969 1682 1111 1758 post
1160 1673 1468 1735 rationem
1528 1671 1838 1733 redditam
1888 1687 2015 1732 non
2064 1674 2358 1741 cessaret,

862 1783 1018 1837 tunc
1049 1773 1395 1856 pertineret
1422 1771 1499 1832 ad
1530 1769 2166 1849 malitiam,essetque
2195 1785 2366 1828 scan-

2464 885 2907 967 religiosorum
2946 903 3018 946 ac
3057 883 3542 965 praedicatorum
3581 881 3718 943 sive
3755 881 3948 944 docto-

2465 1003 2631 1058 rum,
2693 1001 2967 1065 quorum
3027 981 3397 1043 scandalum
3454 979 3735 1042 activum
3795 979 3951 1060 peri-

2466 1083 2746 1146 culosius
2783 1081 3171 1162 graviusque
3209 1078 3518 1154 consistit,
3551 1078 3705 1160 quia
3741 1097 3952 1141 eorum

2467 1182 2662 1245 verba
2691 1188 2754 1243 et
2781 1179 2946 1243 facta
2976 1179 3176 1260 magis
3204 1180 3542 1241 trahuntur
3564 1177 3630 1240 in
3655 1177 3952 1258 exempla.

2547 1281 2625 1344 Et
2653 1279 2957 1362 quoniam
2993 1280 3262 1342 aliorum
3305 1276 3600 1340 scandalo
3629 1275 3785 1350 laesi,
3819 1284 3960 1338 sunt

2473 1379 2576 1462 pie
2615 1377 3058 1460 recuperandi,
3102 1375 3318 1438 subdit
3359 1374 3642 1438 Salvator
3675 1391 3688 1438 :
3721 1375 3804 1436 Si
3833 1394 3960 1451 pec-

2469 1479 2714 1539 caverit
2751 1479 2826 1538 in
2866 1487 2947 1548 te,
2979 1475 3042 1538 id
3085 1483 3181 1538 est
3221 1483 3282 1536 te
3318 1473 3580 1547 sciente,
3613 1473 3957 1534 secundum

2471 1575 2946 1657 Augustinum;
2983 1573 3108 1647 vel,
3149 1573 3218 1634 In
3257 1581 3340 1647 te,
3385 1571 3447 1634 id
3493 1578 3590 1633 est
3631 1577 3850 1634 eontra
3873 1578 3953 1646 te,

2472 1675 2589 1739 tibi
2630 1673 3083 1747 forefaciendo,
3115 1674 3346 1750 frater,
3377 1670 3443 1732 id
3481 1678 3579 1732 est
3615 1669 3956 1751 proximus,

2477 1785 2627 1836 tuus
2673 1773 3091 1856 quicumque,
3145 1771 3282 1834 sive
3339 1769 3439 1833 vir
3493 1769 3630 1831 sive
3686 1767 3959 1848 femina3

865 1873 1081 1935 dalum
1135 1870 1615 1941 Pharisaeorum,
1659 1875 1722 1929 et
1771 1885 1896 1930 non
1943 1873 2155 1928 esse-nt
2197 1865 2363 1928 bona
2401 1874 2446 1936 Β
2473 1875 2742 1952 increpa
2771 1873 2992 1941 illum,
3024 1871 3090 1932 id
3119 1877 3235 1944 est,
3271 1868 3597 1932 caritative
3639 1869 3960 1948 redargue,

866 1971 1236 2037 omittenda.
1289 1968 1499 2042 Porro,
1552 1967 1721 2048 quod
1780 1966 1868 2028 ait
1914 1965 2357 2047 Hieronymus,

868 2069 1323 2132 Dimittendum
1368 2073 1463 2128 est
1503 2071 1762 2146 propter
1798 2063 2191 2136 scandalum,
2229 2082 2363 2126 om-

870 2187 949 2231 ne
988 2167 1159 2250 quod
1200 2172 1407 2248 potest
1445 2163 1863 2246 praetermitti,
1906 2162 2080 2224 salva
2119 2162 2360 2243 triplici

870 2268 1153 2340 veritate,
1206 2263 1450 2326 scilicet
1496 2262 1662 2337 vitm,
1704 2261 1968 2343 justitiae
2015 2269 2078 2322 et
2134 2261 2363 2324 doctri-

870 2384 1006 2438 nae;
1048 2365 1127 2427 de
1163 2361 1457 2425 scandalo
1495 2360 1875 2443 pusillorum
1912 2359 2248 2441 accipitur.

947 2464 1185 2545 ltaque,
1219 2458 1512 2541 quamvis
1545 2476 1659 2541 per
1688 2459 1859 2522 viros
1899 2457 2215 2520 virtuosos
2246 2477 2362 2520 sae-

868 2581 950 2646 pe
996 2559 1289 2624 scandala
1336 2557 1623 2631 veniunt,
1666 2556 1832 2619 sicut
1880 2573 1995 2638 per
2037 2555 2356 2619 Christum

867 2667 1202 2733 venerunt,
1237 2676 1364 2721 non
1396 2664 1605 2719 tamen
1639 2674 1733 2719 vae
1762 2655 1853 2716 eis
1885 2654 2173 2731 debetur,
2207 2656 2360 2736 quia

868 2780 995 2824 non
1034 2758 1265 2823 accidit
1302 2757 1423 2820 hoc
1461 2774 1537 2818 ex
1578 2755 1766 2837 culpa
1806 2773 2051 2828 eorum,
2095 2773 2214 2818 nec
2257 2775 2360 2818 ve—

867 2861 1056 2923 niunt
1085 2877 1197 2940 per
1226 2875 1333 2921 eos
1363 2854 1718 2928 causaliter,
1744 2855 1854 2916 sed
1883 2855 2362 2918 occasionaliter

867 2966 930 3020 et
977 2957 1305 3030 indirecte,
1358 2960 1578 3035 utpote
1625 2953 1955 3015 occasione
2008 2961 2357 3035 assumpta,

2474 1973 2684 2054 primo
2714 1973 2780 2034 in
2813 1977 3078 2044 secreto,
3111 1976 3261 2051 apto
3290 1969 3428 2031 loco
3467 1975 3529 2029 et
3565 1974 3873 2048 tempore,
3905 1974 3965 2028 et

2471 2070 2524 2132 si
2565 2070 2648 2133 sit
2686 2087 2831 2152 spes
2864 2067 3213 2151 probabilis
3242 2067 3322 2129 de
3349 2065 3790 2129 emendatione
3819 2065 3968 2145 ipsi·

2471 2189 2568 2232 us.
2604 2169 2813 2232 Primo
2843 2168 3061 2249 itaque
3099 2172 3340 2229 secrete
3381 2172 3478 2227 est
3517 2164 3960 2246 increpanduS,

2469 2286 2551 2331 ne
2600 2267 2964 2349 increpator
3002 2284 3130 2328 non
3171 2264 3254 2327 sit
3293 2263 3440 2346 pius
3479 2271 3825 2343 correptor,
3859 2262 3962 2323 sed

2468 2366 2731 2429 fraterni
2777 2364 3066 2428 criminis
3117 2362 3422 2446 proditor,
3469 2369 3532 2423 et
3575 2361 3684 2423 ille
3725 2361 3966 2442 pudore

2467 2465 2704 2528 amisso
2753 2465 2817 2526 in
2869 2463 3042 2526 vitiis
3093 2467 3476 2544 perseveret.
3529 2459 3966 2524 Conservanda

2470 2571 2566 2626 est
2614 2562 2914 2645 equidem
2965 2560 3241 2644 proximi
3291 2558 3485 2621 fama.
3527 2561 3614 2620 E't
3658 2559 3720 2618 si
3759 2559 3966 2636 ρωπί-

2473 2663 2742 2724 tentiam
2775 2661 2996 2736 eqerit,
3034 2658 3099 2721 id
3140 2666 3255 2734 est,
3290 2657 3506 2721 dolere
3537 2663 3599 2718 et
3631 2657 3966 2718 emendare

2469 2760 2636 2822 velle
2669 2777 2736 2822 se
2767 2759 2935 2821 dicat
2965 2775 3078 2820 seu
3109 2758 3276 2820 facto
3308 2757 3720 2828 demonstret,
3751 2755 3968 2815 dimit-

2472 2868 2528 2919 te
2571 2860 2705 2928 illi,
2746 2855 3061 2920 offensam
3113 2856 3179 2918 in
3222 2862 3285 2916 te
3327 2853 3756 2916 commissam.
3798 2851 3968 2914 Sem-

2471 2975 2586 3038 per
2615 2955 2788 3019 enim
2830 2955 3207 3018 dimittenda
3245 2960 3341 3015 est
3382 2951 3621 3033 injuria
3656 2958 3964 3033 quantum

867 3074 995 3119 non
1036 3056 1199 3117 data.
1235 3052 1397 3115 Dicit
1434 3069 1693 3133 quoque
1728 3051 2150 3133 Hieronymus
2186 3070 2200 3114 ε
2243 3050 2356 3124 Qui
2397 3055 2440 3119 C
2471 3055 2549 3117 ad
2599 3055 2879 3138 culpam,
2933 3061 3005 3116 ut
3053 3052 3300 3115 scilicet
3347 3051 3460 3133 qui
3509 3050 3796 3114 offendat
3841 3069 3965 3112 non

868 3152 1347 3227 scandalizatur,
1374 3149 1679 3232 parvulus
1709 3158 1805 3211 est
1837 3167 1851 3212 :
1882 3149 2154 3230 majores
2186 3151 2357 3212 enim

866 3251 1162 3314 scandala
1208 3267 1335 3311 non
1379 3247 1718 3330 recipiunt.
1768 3247 2031 3311 Perfecti
2082 3269 2360 3332 namque

865 3349 991 3413 Deo
1039 3347 1315 3411 firmiter
1362 3347 1701 3420 cohaerent,
1749 3354 1814 3408 et
1858 3346 1924 3409 in
1973 3346 2161 3410 bonis
2210 3357 2360 3411 sunt

866 3447 1147 3522 stabileS,
1188 3445 1402 3508 omnia
1438 3445 1725 3508 ordinate
1762 3453 2018 3524 agentes
2061 3464 2075 3508 ε
2120 3446 2357 3511 idcirco

865 3565 943 3609 ex
994 3543 1370 3609 inordinatis
1428 3543 1697 3606 aliorum
1750 3543 1960 3605 verbis
2017 3552 2127 3606 aut
2173 3543 2356 3608 factis

866 3664 996 3708 non
1045 3643 1519 3717 concutiuntur,
1561 3649 1671 3703 aut
1717 3650 2056 3704 moventur
2102 3643 2182 3705 ad
2231 3645 2358 3707 cul-

868 3763 1037 3827 pam,
1090 3744 1199 3806 sed
1249 3741 1460 3824 potius
1509 3741 1586 3803 ad
1635 3740 2025 3803 caritativam
2075 3748 2137 3803 et
2187 3742 2358 3824 piam

866 3840 1397 3924 compassionem,
1456 3839 1808 3903 orationem
1874 3846 1936 3900 et
1993 3838 2363 3905 subventio-

866 3959 1037 4014 nem,
1069 3939 1147 4002 ad
1187 3939 1539 4021 pleniorem
1578 3955 1837 4018 quoque
1877 3937 2119 4019 proprii
2152 3940 2360 4002 cordis

870 4038 1221 4101 custodiam
1250 4044 1314 4099 et
1343 4036 1673 4098 cautelam.
1707 4035 1794 4098 De
1823 4036 1942 4098 hac
1972 4037 2234 4100 materia
2273 4039 2363 4103 lo-

870 4137 1089 4219 quitur
1133 4135 1417 4199 Christus
1456 4133 1759 4196 diffusius
1802 4134 1868 4196 in
1906 4133 2212 4211 Matthaeo,
2249 4137 2360 4201 ubi

869 4243 933 4298 et
973 4235 1175 4298 multa
1216 4235 1294 4296 de
1334 4251 1407 4296 ea
1448 4251 1518 4296 re
1560 4241 1710 4295 sunt
1748 4233 1937 4296 dicta.

951 4333 1264 4405 Praeterea,
1284 4331 1338 4392 si
1370 4338 1496 4393 tam
1525 4348 1715 4411 grave
1744 4339 1840 4392 est
1868 4331 2131 4408 crimen,
2159 4352 2358 4397 unum

870 4430 1291 4494 scandalizare
1321 4428 1651 4511 pusillum,
1675 4428 1831 4510 quid
1860 4427 1977 4491 fiet
2006 4430 2083 4491 de
2113 4431 2214 4493 his
2245 4433 2356 4514 qui

866 4536 1061 4592 totam
1124 4526 1550 4589 scandalizant
1605 4527 2146 4603 communitatem,
2211 4548 2361 4592 con-

865 4626 1318 4709 gregationem,
1352 4624 1487 4688 sive
1524 4623 1912 4687 Ecclesiam?
1953 4623 2127 4697 Quod
2168 4628 2359 4691 etiam

869 4725 935 4788 in
986 4723 1281 4807 praelatiS,
1335 4722 1697 4786 doctoribus
1747 4731 1810 4786 et
1856 4723 2166 4805 religiosis
2221 4745 2360 4808 gra-

871 4823 1012 4887 vius
1054 4831 1151 4885 est
1190 4827 1544 4904 peccatum.
1577 4820 1721 4884 Ideo
1759 4821 2055 4884 subditur
2088 4841 2102 4886 :
2134 4827 2361 4886 Atten-

867 4923 1003 4983 dite
1048 4921 1245 4988 vobis,
1296 4919 1360 4982 id
1417 4924 1532 4992 est,
1594 4918 1930 4999 diligenter
1986 4929 2224 4996 cavete,
2278 4941 2359 4984 ne

867 5019 1235 5103 quempiam
1265 5017 1717 5081 scandalizetis,
1744 5017 2033 5081 Proximo
2062 5019 2232 5082 enim
2266 5022 2362 5082 de-

867 5118 1093 5180 bemus
1142 5117 1377 5179 famam
1419 5116 1649 5179 bonam
1692 5135 1805 5178 seu
1844 5114 2356 5193 aedificationem,

866 5214 993 5279 Deo
1022 5216 1327 5279 honorem
1358 5222 1419 5277 et
1446 5214 1735 5296 gloriam,
1754 5215 1939 5279 nobis
1970 5215 2127 5298 ipsis
2161 5217 2359 5280 debiti

868 5313 1407 5396 adimpletionem.
1442 5311 1813 5396 Specialiter
1844 5331 1993 5378 vero
2021 5322 2238 5378 monet
2267 5316 2360 5378 di-

2469 3153 2740 3228 odiatur,
2777 3152 2886 3215 sed
2919 3152 3259 3232 diligatur3
3304 3157 3367 3212 et
3394 3156 3634 3231 quanto
3663 3147 3964 3227 maiorem

2471 3252 2915 3334 poenitentiam
2961 3256 3290 3324 monstrat,
3336 3247 3720 3329 veniamque
3761 3247 3969 3308 humi-

2469 3351 2595 3413 lius
2638 3349 2818 3432 petit,
2851 3356 3027 3411 tanto
3067 3347 3212 3430 plus
3255 3346 3710 3428 ignoscendum
3749 3351 3847 3407 est
3885 3345 3964 3417 ei,

2470 3469 2598 3512 non
2650 3447 2857 3511 solum
2918 3447 3174 3529 culpam
3225 3464 3350 3508 non
3411 3444 3807 3526 imputando,
3859 3445 3966 3506 sed

2469 3548 2658 3610 etiam
2702 3565 2957 3630 poenam
2999 3563 3110 3608 seu
3153 3543 3645 3607 satisfactionem
3690 3542 3968 3604 relaxan-

2468 3648 2570 3716 do,
2605 3645 2671 3708 in
2713 3652 2892 3728 parte
2932 3643 3031 3706 vel
3073 3649 3225 3715 tote,
3261 3641 3383 3704 nisi
3427 3640 3729 3704 relaxatio
3767 3659 3969 3722 poenae

2472 3751 2758 3825 vergeret
2801 3744 2866 3805 in
2912 3743 3366 3805 detrimentum
3408 3740 3500 3802 rei
3542 3738 3821 3822 publicae
3857 3757 3966 3801 seu

2468 3843 2619 3907 boni
2669 3850 2732 3904 et
2783 3841 2956 3924 pacis
3006 3839 3390 3914 communiS‚
3438 3846 3548 3900 aut
3594 3838 3660 3900 in
3711 3839 3968 3919 deroga-

2467 3940 2709 4005 tionem
2758 3938 3221 4004 observationis
3262 3937 3546 4019 justitiae‚
3590 3943 3698 3999 aut
3745 3936 3812 3998 in
3853 3955 3962 3999 no-

2470 4047 2838 4102 cumentum
2889 4037 3250 4111 offensoriS,
3296 4045 3364 4099 ut
3411 4035 3465 4098 si
3509 4053 3588 4097 ex
3628 4035 3740 4097 tali
3785 4035 3962 4116 igno-

2469 4139 2730 4212 scentia,
2752 4137 3012 4220 pronior
3041 4144 3104 4200 et
3132 4135 3567 4217 impudentior
3597 4134 3962 4195 redderetur

2394 4235 2443 4296 D
2467 4237 2546 4299 ad
2590 4236 3084 4319 perpetrandum
3125 4234 3368 4316 iniqua.
3413 4235 3496 4295 Ec
3529 4234 3591 4292 si
3623 4233 3852 4311 sepcies
3889 4234 3960 4292 in
4081 4238 4110 4293 4

2469 4337 2578 4396 die
2597 4337 2957 4413 peccaverit
2987 4335 3062 4395 in
3095 4343 3172 4404 te,
3203 4342 3264 4393 et
3297 4332 3525 4409 sepcies
3563 4331 3637 4392 in
3675 4331 3786 4390 die
3821 4349 3965 4391 con-

2471 4453 2690 4494 versus
2736 4434 2944 4510 fuerit
2991 4435 3080 4493 ad
3131 4441 3206 4504 ce,
3241 4432 3484 4498 dicens,
3513 4429 3796 4491 Poem’tet
3843 4447 3964 4498 me,

2469 4533 2729 4592 dimitte
2755 4532 2884 4590 illi.
2929 4527 3300 4612 Septenario
3344 4543 3612 4589 numero
3653 4524 3964 4587 universi—

2472 4636 2565 4690 tas
2595 4628 2918 4692 multoties
2960 4627 3346 4708 designatur,
3380 4625 3684 4707 quoniam
3721 4631 3962 4705 septem

2470 4726 2696 4789 diebus
2739 4744 2927 4790 omne
2965 4732 3220 4807 tempus
3261 4725 3381 4788 hoc
3418 4722 3717 4787 volvitur.
3750 4719 3826 4783 Et
3855 4720 3965 4783 To-

2469 4826 2591 4889 biae
2629 4825 2905 4907 Raphael
2946 4825 3208 4906 angelus
3249 4825 3336 4885 ait
3375 4841 3388 4885 :
3431 4821 3560 4902 Ego
3607 4840 3751 4883 sum
3795 4839 3960 4882 unus
3989 4840 4187 4890 fuimis.

2470 4926 2548 4987 de
2586 4930 2831 5006 septem
2872 4923 2983 5005 qui
3027 4924 3347 4985 adstamus
3394 4929 3541 4982 ante
3583 4919 3805 4980 Deum.
3845 4919 3960 4981 lta-

2469 5041 2596 5105 que
2644 5041 2868 5085 sensus
2927 5029 3023 5084 est
3074 5040 3087 5084 :
3137 5020 3670 5099 Quotiescumque
3725 5017 3958 5098 aliquis

2472 5128 2689 5203 peccet
2737 5119 2802 5182 in
2855 5128 2937 5193 te,
2991 5119 3240 5181 dimitte
3287 5117 3380 5179 illi
3431 5115 3960 5198 quotiescumque

2470 5219 2591 5282 hoc
2619 5219 2834 5301 ipsum
2866 5217 3140 5300 petierit.
3176 5217 3431 5290 Tamen,
3469 5221 3537 5275 ut
3570 5220 3806 5274 tactum
3837 5220 3955 5284 est,

2470 5316 2661 5380 etiam
2693 5336 2818 5380 non
2859 5314 3193 5399 poenitenti
3233 5320 3297 5376 et
3337 5330 3462 5376 non
3495 5309 3736 5393 roganti
3779 5309 3958 5391 igno—
