4300 6259
140 2761 285 2804 Dent.

110 2857 365 2937 Act-'usa

90 3266 171 3308 1³⁸.
188 3277 391 3314 xuvm.

124 3463 211 3505 Pa.
230 3473 394 3511 ουτω,

96 3529 195 3568 ¹⁴0.

102 3661 209 3703 ler.
228 3673 309 3708 ιι,
326 3661 377 3700 ⁹.

1217 511 1570 559 numano
1612 509 1676 556 m
1717 510 1856 557 CAP-
1902 509 1990 556 111
2031 509 2222 556 LUCAE.
2267 527 2348 540 -
2388 511 2530 558 Am.
2578 511 2770 558 mlv

3453 489 3534 554 73

420 677 891 744 incarnationis
926 681 1325 764 mysterium,
1362 689 1431 743 ut
1460 679 1659 744 divini
1702 679 1935 742 amoris
1963 677 2014 739 A
2046 679 2324 760 intingar
2353 681 2418 742 in
2452 699 2640 742 cruce
2671 700 2785 762 pro
2815 681 3006 745 totius
3038 681 3258 743 mundi
3291 682 3537 743 redem-

418 778 727 841 ardorem
786 780 849 841 in
910 780 1209 843 cordibus
1274 780 1609 843 hominum
1671 780 1935 843 colloca-

422 892 593 936 rem.
648 879 738 936 Et
786 880 949 957 quid
998 882 1161 949 volo,
1212 881 1349 938 nisi
1396 888 1470 939 ut
1518 881 1927 948 accendatur,

419 973 553 1036 hoc
600 982 721 1054 est,
764 983 1074 1051 actuetur,
1116 983 1181 1038 et
1226 975 1501 1058 Spiritus
1549 975 1759 1039 Sancti
1804 995 1935 1039 mo-

420 1073 605 1135 tione
646 1073 1111 1148 inflammetur,
1152 1083 1345 1157 atque
1392 1075 1459 1138 in
1498 1095 1659 1158 opus
1700 1075 1934 1138 virtuo-

416 1190 571 1232 sum
605 1175 934 1253 erumpat?
964 1172 1155 1236 Porro
1186 1193 1293 1236 cor
1322 1174 1698 1248 humanum,
1735 1173 1932 1235 instar

417 1277 638 1342 terrm,
672 1287 789 1351 per
818 1270 1242 1352 ignorantiam
1272 1270 1397 1333 fuit
1425 1271 1791 1345 obscurum,
1820 1289 1933 1353 per

418 1369 1016 1450 concupiscentiam
1073 1369 1288 1444 molle,
1339 1377 1403 1432 et
1463 1388 1577 1452 per
1623 1370 1929 1432 malitiam

418 1465 736 1546 frigidum
774 1485 787 1529 :
823 1467 965 1530 ideo
995 1468 1169 1548 eguit
1199 1468 1345 1548 igne
1374 1468 1495 1532 hoc
1534 1467 1810 1530 caritatis
1842 1469 1933 1529 in-

418 1563 803 1627 flammante
842 1573 1061 1628 contra
1095 1564 1531 1646 frigiditatem,
1568 1566 1934 1628 illuminan-

418 1671 487 1724 te
521 1669 740 1725 contra
770 1663 1687 1738 obscuritatem,consolidante
1718 1672 1931 1728 contra

420 1760 791 1823 mollitiem.
836 1761 1025 1824 Recte
1074 1779 1221 1842 ergo
1271 1763 1496 1824 caritas
1548 1762 1711 1844 ignis
1750 1781 1930 1825 voca-

418 1867 554 1934 tur,
588 1860 745 1940 quia
782 1879 898 1942 per
934 1879 1074 1922 eam
1116 1862 1356 1943 peccati
1396 1862 1570 1924 labes
1609 1862 1931 1925 consumi-
1965 1865 2011 1927 B
2042 1866 2141 1948 pis
2182 1883 2254 1928 ea
2291 1882 2435 1946 quae
2473 1863 2582 1925 Dei
2623 1871 2792 1925 sunt.
2826 1863 3065 1945 ltaque,
3111 1863 3400 1926 Goarctor
3428 1883 3533 1922 us-

418 1966 554 2033 tur,
588 1957 861 2020 affectus
900 1959 1293 2034 accenditur,
1327 1960 1590 2042 spiritus
1635 1961 1701 2021 in
1742 1961 1929 2024 coele-

421 2057 551 2119 stia
601 2057 908 2120 elevatur.
961 2057 1169 2120 Potest
1226 2077 1484 2140 quoque
1543 2075 1657 2141 per
1714 2058 1927 2139 ignem

420 2155 699 2236 intelligi
741 2154 1109 2236 evangelica
1150 2155 1381 2217 Christi
1433 2157 1739 2230 doctrina,
1783 2175 1927 2237 quae

418 2261 709 2316 mentem
749 2273 785 2315 a
826 2253 999 2317 vitiis
1044 2261 1270 2336 purgat
1309 2261 1501 2335 atque
1544 2253 1924 2335 inflammat,

418 2353 969 2434 quemadmodum
1009 2371 1235 2413 aurum
1279 2371 1395 2434 per
1438 2353 1650 2433 ignem
1700 2370 1928 2434 purga-

420 2459 531 2513 tur
578 2459 642 2514 et
690 2450 1039 2514 incalescit.
1091 2449 1419 2528 Similiter,
1465 2451 1565 2512 lex
1613 2450 1759 2514 novi
1813 2451 1927 2512 Te-

422 2549 747 2624 stamenti,
783 2569 927 2630 quae
977 2556 1073 2611 est
1118 2549 1219 2611 lex
1270 2549 1546 2611 caritatis
1586 2556 1648 2611 et
1684 2549 1921 2630 gratiae,

423 2649 593 2730 ignis
646 2649 765 2712 rite
814 2647 1142 2722 asseritur,
1191 2647 1374 2728 juxta
1422 2647 1579 2710 illud
1631 2648 1928 2711 Deutero-

424 2748 625 2812 nomii
661 2767 675 2810 ε
710 2747 779 2809 ln
815 2748 1073 2808 dextera
1106 2747 1246 2827 ejus
1285 2746 1468 2827 ignea
1501 2747 1625 2808 lex.
1658 2745 1833 2808 Unde
1866 2754 1930 2809 et

422 2847 703 2930 Spiritus
734 2845 1001 2908 Sanctus
1033 2846 1096 2907 in
1132 2845 1346 2927 specie
1378 2845 1560 2926 igniS,
1580 2863 1691 2907 seu
1724 2845 1926 2925 igneis

422 2946 663 3028 linguis
710 2945 1031 3026 Apostolis
1091 2943 1326 3005 missus
1386 2951 1501 3017 est,
1556 2949 1625 3003 ut
1679 2942 1927 3023 igneam

2043 779 2298 860 ptione;
2330 788 2390 839 et
2419 783 2729 858 quomodo
2759 790 3064 852 coarctor,
3100 779 3162 841 id
3193 787 3290 842 est
3320 798 3536 842 secun-

2042 879 2196 941 dum
2225 876 2539 957 judicium
2573 877 2832 940 rationis
2872 879 2950 940 ad
2983 877 3341 960 passionem
3372 878 3538 940 hanc

2042 977 2453 1039 vehementer
2481 975 2753 1052 afficior,
2787 984 2923 1038 tum
2956 995 3033 1038 ex
3073 994 3286 1039 amore
3318 976 3538 1039 divino

2039 1094 2170 1157 quo
2200 1075 2396 1137 Patris
2429 1075 2733 1138 honorem
2767 1075 3103 1138 instaurari
3147 1082 3430 1156 peroptO,
3468 1081 3536 1136 ut

2040 1175 2182 1254 ejus
2211 1174 2466 1238 coeleste
2497 1192 2763 1255 regnum
2802 1173 3247 1255 adimpleatur,
3281 1181 3417 1234 tum
3457 1191 3535 1234 ex

2039 1291 2253 1336 amore
2293 1273 2648 1345 hominum,
2683 1290 2812 1353 quo
2851 1291 3071 1336 eorum
3117 1272 3384 1333 salutem
3429 1289 3534 1333 ex-

2040 1381 2210 1455 opto,
2257 1371 2414 1434 Hinc
2460 1371 2744 1434 Christus
2791 1371 2856 1433 in
2902 1369 3248 1433 novissima
3291 1369 3531 1452 profes-

2041 1491 2148 1533 sus
2199 1479 2295 1533 est
2342 1470 2532 1534 Coena
2578 1488 2591 1532 :
2641 1469 2960 1533 Desiderio
3009 1469 3362 1531 desideravi
3409 1468 3530 1532 hoc
3597 1489 3824 1542 Luam.

2043 1570 2276 1652 pascha
2345 1569 2726 1632 manducare
2792 1568 3118 1630 vobiscum
3189 1575 3530 1648 antequam
3560 1554 3628 1595 ¹⁵·

2042 1668 2264 1750 patiar.
2330 1667 2399 1728 Et
2456 1665 2636 1729 Petro
2696 1667 3054 1748 passionem
3114 1665 3526 1740 dissuadenti,

2041 1767 2202 1831 dixit
2237 1766 2441 1829 :Vade
2474 1773 2641 1829 retro
2669 1783 2792 1839 me,
2827 1771 3061 1839 satana,
3097 1764 3248 1845 quia
3279 1783 3403 1827 non
3437 1783 3531 1825 sa·
3561 1777 3823 1882 afar-eam,

2037 1986 2162 2045 que
2207 1966 2370 2024 dum
2411 1963 2821 2040 perficiatur,
2861 1961 2982 2024 hoc
3031 1969 3146 2035 est,
3194 1978 3530 2042 quousque

2040 2080 2179 2124 mea
2223 2061 2432 2144 passio
2477 2066 2957 2123 consummetur
2997 2066 3059 2121 et
3101 2061 3329 2134 dicam,
3374 2059 3531 2122 Con·
3557 2074 3821 2124 numm,

2039 2168 2427 2222 summatum
2459 2166 2575 2221 est.
2607 2157 2894 2222 Christus
2933 2158 3104 2219 enim
3143 2156 3532 2220 incessabili·
3560 2140 3627 2180 ³⁰·

2037 2266 2134 2321 ter
2176 2258 2298 2319 fuit
2341 2258 2405 2319 in
2450 2265 2592 2319 actu
2639 2257 2924 2320 interiori
2969 2256 3348 2320 dilectionis

2120 2357 2406 2437 Denique
2436 2356 2915 2438 chrysostomus
2946 2355 3127 2436 ponit
3153 2373 3264 2416 sex
3299 2372 3533 2435 genera

2038 2455 2526 2537 baptismorum.
2568 2453 2847 2526 Quorum
2899 2453 3144 2534 primus
3191 2453 3269 2514 sit
3311 2453 3525 2526 verbo,

2038 2552 2576 2634 quemadmodum
2626 2551 2692 2613 in
2737 2550 2976 2613 Joanne
3024 2551 3308 2632 loquitur
3355 2549 3530 2613 Chri-

2038 2659 2173 2713 stus
2205 2649 2540 2732 discipulis
2577 2668 2590 2711 :
2621 2649 2756 2712 Jam
2796 2667 2906 2713 vos
2947 2649 3170 2710 mundi
3200 2649 3352 2711 estis
3384 2667 3529 2731 pro—
3555 2669 3818 2720 maana.

2038 2757 2182 2831 pter
2237 2765 2596 2810 sermonem
2653 2765 2847 2829 quem
2904 2746 3152 2810 locutus
3213 2765 3356 2809 sum
3415 2765 3526 2810 vo-

2039 2848 2160 2910 bis.
2193 2845 2521 2909 Secundus
2569 2845 2648 2907 fit
2681 2864 2846 2926 aqua
2891 2852 3161 2918 tantum,
3205 2845 3369 2907 sicut
3406 2844 3530 2906 fuit

2036 2944 2395 3027 baptismus
2444 2942 2724 3006 Joannis.
2778 2942 3047 3016 TertiuS,
3097 2941 3338 3024 Spiritu
3395 2951 3532 3006 tan-
3559 2963 3822 3015 Mannum.

421 3046 629 3127 legem
660 3042 1171 3125 evangelizarent
1199 3060 1493 3105 sermone
1524 3041 1819 3104 ferventi.
1844 3041 1931 3103 De
1966 3041 2009 3106 C
2037 3052 2173 3106 tum
2215 3063 2228 3106 ε
2271 3044 2348 3106 de
2386 3061 2515 3125 quo
2556 3041 2621 3104 in
2661 3041 2922 3103 Actibus
2960 3041 3404 3123 Apostolorum
3444 3043 3532 3103 ait

424 3143 731 3226 praedicto
780 3140 1140 3204 dilectionis
1192 3141 1339 3220 igne
1393 3141 1484 3202 ait
1530 3139 1859 3202 Psalmista
1912 3158 1925 3202 ε

424 3241 757 3306 Concaluit
806 3259 915 3302 cor
958 3258 1174 3302 meum
1216 3240 1383 3301 intra
1424 3256 1547 3312 me,
1590 3245 1652 3300 et
1690 3239 1757 3300 in
1799 3256 1931 3300 me-

426 3339 734 3403 ditatione
783 3356 925 3400 mea
980 3338 1349 3400 exardescet
1404 3337 1593 3417 ignis.
1647 3336 1733 3398 De
1784 3336 1929 3416 igne

424 3446 641 3501 autem
691 3435 895 3500 divini
948 3435 1261 3499 sermonis
1310 3435 1545 3497 fatetur
1593 3453 1606 3497 ε
1652 3434 1926 3516 Ignitum

422 3537 758 3618 eloquium
790 3542 973 3597 tuum
1005 3535 1431 3598 vehementer.
1450 3533 1750 3596 Jeremias
1781 3552 1929 3614 quo-

422 3656 553 3719 que
598 3633 815 3717 inquit
856 3653 871 3697 :
912 3633 1137 3695 Factus
1181 3640 1277 3694 est
1316 3650 1525 3695 sermo
1566 3631 1816 3694 Domini
1860 3631 1925 3692 in

420 3736 615 3800 corde
672 3751 818 3795 meo
875 3731 1057 3813 quasi
1120 3731 1283 3811 ignis
1347 3737 1726 3792 exaestuans.
1787 3729 1923 3792 Non

416 3852 571 3915 ergo
630 3832 815 3914 pigro
864 3838 927 3891 et
973 3828 1207 3910 frigido
1265 3829 1452 3892 corde
1512 3827 1634 3890 Deo
1697 3827 1927 3889 altissi-

417 3951 527 3996 mo
582 3931 1041 4011 obsequamur,
1090 3927 1201 3988 sed
1260 3927 1451 3989 corde
1506 3925 1779 3987 ferventi
1837 3931 1927 3986 at-

415 4049 547 4113 que
587 4026 1074 4112 promptissimo
1110 4045 1123 4087 ε
1169 4042 1421 4106 nempe,
1466 4043 1595 4105 quo
1636 4042 1798 4105 opus
1848 4041 1923 4084 ex

415 4127 800 4214 promptiori
832 4123 1337 4204 ferventiorique
1384 4123 1571 4185 corde
1612 4121 1919 4204 procedit,

416 4247 495 4292 eo
538 4227 687 4311 plus
732 4224 1087 4307 complacet
1130 4222 1275 4284 Deo.

478 4326 723 4389 Deinde
754 4323 1039 4387 Christus
1073 4321 1361 4404 praedicit
1391 4341 1457 4383 se
1487 4329 1758 4384 mortem
1790 4339 1923 4382 cru-

416 4427 511 4490 cis
559 4442 900 4507 passurum
943 4429 1285 4502 antequam
1328 4438 1528 4500 genus
1567 4420 1918 4481 humanum

424 4524 729 4608 praedicto
759 4521 1038 4584 caritatis
1072 4518 1217 4600 igne
1256 4518 1713 4581 inflammetur.
1747 4517 1923 4580 Chri-

422 4631 557 4686 stus
601 4620 777 4684 enim
816 4639 929 4681 sua
968 4617 1395 4681 sacratissima
1438 4617 1752 4698 passione,
1787 4623 1922 4678 tan-

422 4729 549 4784 tam
577 4718 849 4802 gratiam
879 4717 1163 4778 humano
1194 4715 1546 4797 promeruit
1572 4714 1813 4794 generi,
1839 4721 1922 4776 at-

2039 3141 2375 3224 discipulis
2427 3141 2712 3204 Christus
2760 3158 2772 3202 :
2813 3139 3082 3202 Joanne-s
3119 3140 3380 3221 quidem
3422 3140 3533 3202 ba-
3584 3150 3801 3203 Αοε.ι,5.

2039 3239 2300 3322 ptizavit
2357 3257 2542 3319 aqua,
2606 3257 2718 3300 vos
2777 3245 2991 3299 autem
3049 3237 3529 3319 baptizabimini

2036 3338 2279 3420 Spiritu
2311 3336 2562 3399 Sancto.
2605 3334 2875 3408 Quartus
2916 3334 2994 3397 fit
3029 3355 3196 3417 aqua
3233 3343 3297 3398 et
3332 3334 3531 3418 Spiri-

2036 3443 2127 3510 tu,
2161 3436 2342 3517 juxta
2379 3435 2541 3496 illud
2577 3433 2834 3497 Ioannis
2869 3452 2882 3496 :
2916 3432 3048 3495 Nisi
3081 3433 3228 3515 quis
3274 3442 3528 3498 renatus
3557 3445 3819 3499 leam-¹15.

2034 3534 2231 3596 fuerit
2271 3552 2347 3595 ex
2386 3551 2553 3614 aqua
2593 3539 2657 3593 et
2693 3531 2934 3613 Spiritu
2973 3530 3221 3607 Sancto,
3255 3551 3382 3595 non
3422 3552 3531 3615 po-

2034 3639 2159 3694 test
2207 3630 2470 3693 introire
2520 3628 2584 3690 in
2639 3646 2905 3708 regnum
2954 3627 3085 3690 Dei.
3138 3628 3403 3701 Quintus
3450 3630 3531 3693 fit

2035 3729 2182 3810 igne
2233 3725 2664 3791 tribulationis
2722 3734 2786 3787 et
2843 3726 3251 3806 poenitentiae,
3303 3745 3529 3791 secun-

2033 3832 2187 3893 dum
2220 3829 2380 3893 illud
2409 3827 2582 3890 lsaiae
2617 3845 2630 3889 :
2665 3825 2727 3888 Si
2767 3825 3042 3887 abluerit
3071 3825 3373 3889 Dominus
3403 3845 3529 3889 sor·
3589 3849 3649 3893 18.
3673 3852 3791 3901 m*-

2034 3929 2143 3990 des
2193 3927 2474 3988 filiarum
2525 3923 2676 3988 Sion
2726 3923 2956 4006 spiritu
2997 3923 3260 3986 ardoris.
3302 3922 3526 3986 Sextus

2032 4026 2110 4087 fit
2161 4043 2274 4107 per
2317 4023 2714 4105 martyrium,
2760 4023 2837 4083 de
2877 4040 3006 4102 quo
3047 4041 3217 4084 nunc
3256 4040 3464 4085 sermo
3507 4041 3521 4085 ε

2034 4126 2111 4187 de
2161 4141 2289 4204 quo
2347 4121 2536 4184 etiam
2587 4119 2871 4182 Christus
2921 4119 3169 4182 locutus
3217 4127 3315 4182 est
3371 4119 3524 4182 filiis

1956 4226 2004 4286 D
2033 4221 2339 4296 Zebedaei,
2377 4218 2642 4284 Potestis
2686 4218 2992 4300 baptizari
3038 4217 3356 4300 baptismo
3395 4237 3524 4300 quo
3551 4241 3816 4290 Marcam.

2032 4337 2146 4400 ego
2179 4319 2506 4401 baptizor?
2546 4316 2980 4380 communiter
3015 4323 3228 4379 autem
3265 4318 3524 4398 ponitur

2031 4417 2267 4499 triplex
2305 4416 2684 4498 baptismuS,
2718 4415 3013 4478 videlicet
3061 4414 3374 4492 fluminis,
3412 4415 3526 4478 fla-

2033 4515 2226 4578 minis
2270 4534 2342 4576 ac
2385 4513 2735 4594 sanguinis.

2111 4613 2350 4675 Deinde
2399 4613 2658 4694 ponitur
2706 4613 2931 4675 modus
2983 4612 3396 4694 perveniendi
3443 4616 3522 4676 ad

2031 4711 2232 4777 divini
2274 4709 2731 4791 perfectionem
2773 4711 3028 4773 amoris.
3061 4714 3324 4773 Putatis
3361 4715 3519 4792 quia
3655 4725 3723 4782 51

421 4837 547 4903 que
596 4837 675 4880 ex
717 4834 847 4879 suae
891 4813 1206 4896 passionis
1252 4813 1559 4876 memoria
1602 4811 1921 4893 praecipue
2022 4831 2248 4890 pacem
2279 4812 2431 4870 veni
2461 4813 2620 4870 dare
2649 4811 2722 4869 in
2757 4812 3048 4870 terram?
3078 4811 3261 4889 quasi
3302 4809 3467 4873 dicat
3501 4831 3514 4874 :

422 4918 862 4982 accenduntur
908 4914 1097 4976 corda
1144 4911 1385 4974 fidelia.
1426 4912 1762 4988 Baptismo
1801 4931 1921 4971 au-

426 5029 543 5080 tem
574 5018 775 5079 habeo
805 5013 1158 5092 baptizari,
1191 5011 1312 5074 hoc
1342 5017 1457 5082 est,
1491 5008 1649 5071 mihi
1682 5008 1922 5071 incum-

2028 4909 2235 4973 Nolite
2277 4915 2500 4990 putare
2538 4908 2712 4988 quod
2740 4909 2818 4969 ad
2848 4907 2968 4970 hoc
2999 4908 3283 4969 venerim
3316 4917 3382 4971 ut
3413 4930 3523 4992 pa-

2030 5026 2170 5070 cem
2202 5005 2540 5079 carnalem,
2577 5006 2959 5067 mundanam
3003 5013 3064 5067 et
3099 5005 3520 5070 inordinatam

424 5115 517 5179 bit
552 5122 616 5179 et
653 5119 850 5176 restat
885 5129 961 5173 ex
1004 5107 1531 5192 praeordinatione
1571 5105 1805 5180 divina,
1851 5116 1922 5169 ut
2030 5113 2325 5188 praes'tem
2357 5102 2747 5177 hominibuS,
2775 5121 2888 5185 per
2918 5122 3107 5183 quam
3142 5105 3524 5168 concordent

424 5214 738 5298 baptismo
777 5209 1128 5290 sanguiniS,
1172 5207 1417 5270 scilicet
1456 5204 1700 5288 proprii
1740 5224 1919 5268 cruo-

2028 5205 2094 5266 in
2146 5203 2341 5278 vitiis,
2394 5210 2457 5263 et
2512 5201 2994 5283 prosperitatem
3053 5211 3522 5284 consequantur

428 5315 509 5377 ris
536 5311 857 5376 effusione
889 5309 1089 5370 instar
1114 5325 1318 5389 aquae,
1348 5304 1697 5387 perfundar
1724 5310 1915 5386 atque
2025 5310 2367 5364 terrenam.
2407 5301 2584 5371 Non,
2619 5301 2764 5360 dico
2805 5301 3002 5370 vobis,
3048 5298 3112 5362 id
3161 5309 3276 5376 est,
3327 5300 3519 5364 talem
