4300 6259
83 811 99 851 1
119 811 251 854 Petr.

82 1115 277 1158 Meam.
293 1129 343 1166 n,

83 1311 116 1352 ΙΙ
139 1312 260 1354 Tim.
279 1325 346 1362 ιιι,

95 1377 116 1400 0

1131 527 1481 576 mannum
1523 529 1588 575 IN
1630 529 1769 576 GAP.
1814 529 1902 576 ΧΠ
1943 529 2221 578 scamus.
2266 549 2346 562 -·
2387 531 2530 578 ΛΒΤ.
2577 533 2727 580 XXX!

3354 517 3474 583 503

375 708 639 784 propter
676 708 1012 764 tormenta.
1047 701 1224 764 Unde
1265 703 1562 764 admonet
1606 700 1821 763 Petrus
1857 719 1870 764 :
1905 701 1954 762 Α
2069 705 2265 765 Nune
2291 707 2517 766 anima
2549 725 2687 766 mea
2721 709 2979 768 turbata
3008 718 3117 779 est,
3154 707 3219 769 id
3248 715 3344 770 est
3374 727 3478 771 ve-

281 824 334 862 ιι,
374 800 664 863 Christus
716 818 941 881 passus
989 808 1087 863 est
1137 819 1250 882 pro
1299 800 1506 874 nobiS,
1554 799 1734 863 vobis
1783 818 1878 862 re-

375 901 678 982 linquens
729 900 1122 983 exemplum,
1157 909 1228 962 ut
1275 900 1634 983 sequamini
1685 900 1878 965 vesti-

374 1001 479 1082 gia
536 999 699 1080 ejus.
753 999 880 1064 Hoc
938 1006 1034 1061 est
1089 1001 1265 1080 quod
1309 1000 1578 1063 Joannes
1637 999 1702 1060 in
1763 1019 1876 1061 sua

377 1101 563 1163 docet
619 1099 888 1182 epistola
941 1117 955 1160 :
1006 1096 1124 1170 Qui
1175 1117 1244 1160 se
1291 1099 1448 1160 dicit
1504 1115 1761 1160 manere
1809 1099 1874 1160 in

378 1199 649 1272 Christo,
683 1197 873 1260 dehet
900 1197 1067 1258 sicut
1096 1197 1206 1258 ille
1241 1197 1612 1270 ambulavit,
1645 1205 1708 1258 et
1739 1197 1877 1279 ipse

375 1296 728 1359 ambulare.
764 1295 992 1357 Paulus
1021 1313 1282 1376 quoque
1316 1314 1330 1358 ε
1363 1294 1614 1370 OmneS,
1639 1295 1872 1377 inquit,

375 1396 490 1477 qui
543 1395 768 1458 volunt
816 1395 922 1476 pie
971 1393 1188 1456 vivere
1233 1394 1299 1456 in
1349 1393 1617 1468 Christo,
1665 1413 1879 1475 perse-

378 1493 706 1556 cutionem
765 1491 1108 1574 patientur.
1161 1490 1322 1564 Quid
1379 1491 1553 1553 enim
1600 1497 1727 1554 tam
1775 1491 1878 1573 ju-

375 1599 572 1666 stum,
607 1593 840 1654 decens
881 1598 946 1653 et
992 1598 1304 1665 sanctum,
1338 1609 1531 1671 quam
1584 1597 1654 1651 ut
1695 1590 1880 1653 disci-

375 1690 516 1773 puli
548 1689 882 1752 imitentur
909 1687 1300 1769 magistrum,
1335 1687 1502 1750 servi
1532 1688 1873 1765 dominum,

375 1788 670 1851 membra
718 1804 979 1869 quoque
1025 1789 1260 1869 caput?
1293 1789 1376 1848 Et
1421 1788 1534 1846 ubi
1573 1808 1719 1848 sum
1766 1808 1876 1865 eqo

1988 801 2319 864 hementer
2356 811 2545 878 mota,
2580 823 2707 866 non
2748 812 2957 866 tamen
2998 806 3353 868 inordinate
3387 807 3480 869 af-

1987 898 2173 961 fecta.
2209 899 2507 964 Turbatio
2546 902 2665 963 ista
2703 902 2825 964 fuit
2864 903 2929 965 in
2970 904 3181 966 anima
3220 904 3475 981 Christi,

1987 1004 2297 1079 quantum
2355 1000 2435 1061 ad
2493 999 2858 1064 inferiorem
2918 1002 3058 1082 ejus
3118 1009 3360 1084 partem
3418 1012 3482 1066 et

1987 1097 2359 1178 appetitum,
2392 1098 2793 1173 sensitivam,
2846 1118 2971 1163 non
3022 1119 3099 1162 ex
3145 1100 3482 1164 infirmita-

1987 1201 2070 1269 te,
2107 1197 2214 1257 sed
2253 1196 2487 1277 praevia
2528 1197 2789 1260 rationis
2830 1199 3305 1274 deliberatione,
3338 1201 3481 1263 abs-

1987 1311 2114 1374 que
2154 1294 2500 1375 superioris
2536 1296 2731 1377 partis
2762 1297 2989 1360 animae
3018 1297 3475 1379 inquietudine.

1987 1391 2164 1452 Unde
2223 1392 2482 1455 nomine
2538 1394 3034 1476 perturbationis
3087 1396 3260 1457 aliud
3319 1396 3479 1459 nihil

1990 1489 2375 1570 designatur,
2412 1491 2533 1553 nisi
2587 1491 2813 1573 ingens
2856 1493 3195 1557 commotio
3235 1495 3482 1577 appeti-

1988 1597 2090 1650 tus
2140 1589 2453 1664 sensitivi,
2502 1589 2840 1653 instantem
2895 1591 3254 1672 passionem
3302 1600 3483 1655 natu-

1988 1687 2205 1750 raliter
2231 1687 2629 1750 abhorrentis
2662 1707 2737 1750 ex
2771 1689 3004 1771 praevia
3034 1689 3483 1771 imaginatione

1988 1785 2185 1861 illius,
2234 1786 2371 1867 ipsa
2421 1787 2662 1851 ratione
2710 1787 2899 1850 talem
2950 1789 3310 1870 passionem
3363 1789 3485 1852 im-

375 1885 862 1960 inviolabiliter,
925 1886 1277 1948 secundum
1341 1885 1623 1948 divinam
1693 1893 1876 1948 natu·
1915 1887 2271 1967 Bperante,
2332 1885 2409 1946 ad
2466 1884 2920 1948 insinuandum
2981 1887 3309 1950 veritatem
3368 1888 3486 1950 hu-

375 2005 538 2062 ram,
591 2002 848 2067 semper
899 2001 1159 2065 quoque
1217 1991 1358 2064 post
1413 1983 1873 2060 ascensionem,

377 2085 442 2146 id
492 2090 592 2146 est
638 2083 704 2145 in
756 2101 953 2164 regno
1002 2081 1332 2155 coelorum,
1367 2081 1432 2143 in
1486 2082 1688 2163 patria
1733 2082 1880 2144 Bea-

375 2191 615 2257 torum,
670 2183 815 2242 illic
861 2191 922 2242 et
969 2181 1268 2241 minister
1314 2199 1492 2240 meus
1537 2181 1681 2252 erit,
1737 2189 1880 2263 post

377 2283 527 2346 vitae
569 2279 903 2364 praesentis
941 2296 1259 2351 occasum,
1291 2285 1354 2340 et
1397 2279 1653 2361 plenam
1701 2281 1880 2342 satis·

377 2380 723 2443 factionem
777 2377 884 2440 hic
933 2377 1033 2440 vel
1091 2377 1157 2438 in
1209 2377 1570 2458 purgatorio
1622 2377 1874 2440 factam.

377 2480 558 2543 Unde
589 2479 654 2540 in
689 2475 1068 2559 Apocalypsi
1097 2475 1385 2556 loquitur
1413 2475 1698 2539 Christus
1725 2475 1877 2549 :Qui

379 2576 630 2652 vicerit,
666 2575 830 2639 dabo
860 2573 953 2636 illi
995 2574 1216 2636 sedere
1253 2592 1502 2636 mecum
1547 2573 1612 2635 in
1653 2574 1880 2640 throno

376 2694 545 2750 meo,
582 2675 752 2737 sicut
787 2680 852 2735 et
895 2689 1009 2753 ego
1051 2671 1198 2745 vici,
1231 2679 1295 2734 et
1333 2672 1465 2734 sedi
1510 2691 1656 2734 cum
1701 2672 1879 2735 Patre

381 2793 526 2837 meo
565 2772 633 2835 in
674 2771 904 2834 throno
947 2769 1109 2850 ejus.
1143 2769 1220 2831 Et
1256 2769 1594 2852 Apostolus
1630 2789 1643 2834 ε
1679 2771 1880 2854 Cupio

375 2873 522 2956 (ait)
569 2869 857 2944 dissolvi,
907 2877 970 2931 et
1017 2887 1156 2930 esse
1215 2887 1361 2930 cum
1401 2869 1670 2932 Christo.
1721 2869 1899 2964 Hinc—

378 2973 616 3036 iterum
663 2969 819 3032 dicit
854 2969 932 3030 ad
972 2967 1373 3031 Timotheum
1409 2985 1422 3030 :
1457 2967 1520 3030 Si
1573 2987 1882 3033 commor-

1987 2001 2192 2044 manae
2251 1989 2492 2046 naturae
2548 1983 2611 2046 in
2676 1983 2941 2048 Christo.
3004 1984 3168 2046 Talis
3224 2004 3484 2068 quoque

1986 2080 2266 2144 turbatio
2309 2079 2433 2143 fuit
2476 2081 2802 2145 meritoria
2840 2082 3046 2158 nobiS,
3081 2084 3245 2146 sicut
3282 2091 3344 2146 et
3383 2103 3486 2146 ce-

1987 2187 2139 2241 terae
2182 2178 2565 2243 afflictiones
2617 2181 3072 2263 passionesque
3118 2181 3386 2262 Christi3
3423 2191 3487 2244 et

1991 2278 2144 2340 item
2191 2278 2630 2354 consolatoria,
2668 2285 2884 2361 utpote
2928 2297 3008 2341 ne
3047 2281 3487 2363 desperatione

1991 2377 2091 2441 vel
2154 2379 2675 2459 pusillanimitate
2735 2377 3123 2460 frangamur,
3176 2381 3328 2443 dum
3378 2399 3489 2443 ne-

1993 2476 2283 2539 cessitate
2320 2477 2420 2539 vel
2462 2476 2833 2539 infirmitate
2877 2477 3230 2540 turbamur.
3264 2479 3331 2541 ln
3377 2498 3489 2542 no-

1990 2575 2089 2637 bis
2138 2583 2347 2638 tamen
2392 2575 2667 2639 turbatio
2710 2577 2869 2639 solet
2912 2577 3142 2639 mentis
3186 2579 3492 2660 tranquil-

1994 2674 2235 2736 litatem
2292 2672 2563 2736 aul'erre.
2629 2674 2931 2756 Denique,
2983 2677 3155 2756 quod
3214 2676 3488 2741 turbatio

1994 2791 2122 2835 non
2162 2790 2416 2854 semper
2448 2779 2629 2835 sonet
2667 2773 2731 2834 in
2763 2772 3013 2852 vitium,
3047 2774 3155 2835 sed
3197 2793 3486 2855 magnam

1995 2870 2337 2934 motionem
2399 2869 2740 2951 significet,
2795 2878 2965 2953 patet
3022 2891 3099 2933 ex
3146 2871 3266 2935 hoc
3317 2874 3489 2954 quod

1993 2969 2358 3031 inanimatis
2408 2986 2667 3051 quoque
2714 2969 2873 3033 solet
2900 2968 3173 3032 adscribi
3215 2989 3229 3033 ε
3266 2989 3491 3053 quem-

3610 711 3681 767 27

379 3070 473 3134 tui
523 3087 771 3142 sumuS,
825 3075 886 3129 et
933 3065 1388 3147 convivemus;
1437 3066 1488 3128 si
1540 3067 1882 3130 sustinebi-
1920 3065 2334 3131 Cadmodum
2394 3068 2632 3129 dictum
2687 3075 2782 3129 est
2831 3087 3045 3150 supra,
3095 3067 3297 3142 Quum
3358 3076 3492 3132 tur-
3516 3096 3781 3147 ,romam

378 3187 548 3242 muS,
597 3174 660 3229 et
704 3164 1258 3246 conregnabimus

461 3269 542 3329 Si
571 3266 721 3345 quis
757 3265 926 3326 mihi
964 3264 1440 3324 ministraverit
1479 3281 1882 3345 perseveran-

377 3375 476 3428 ter
526 3381 736 3444 usque
783 3362 849 3423 in
898 3361 1122 3434 finem,
1158 3361 1536 3424 declinando
1574 3361 1653 3423 ab
1703 3363 1877 3426 omni

379 3471 644 3546 peccato
703 3460 978 3534 mortali,
1025 3459 1208 3539 juxta
1265 3459 1424 3521 illud
1483 3459 1548 3521 in
1606 3459 1873 3538 Psalmo,

165 3587 262 3624 m,
309 3605 322 3618 .
375 3559 732 3624 Ambulans
790 3559 855 3620 in
916 3557 1020 3620 via
1078 3557 1501 3633 immaculata,
1555 3557 1660 3620 hic
1716 3559 1877 3621 mihi

91 4662 340 4707 Pamxvm

95 4729 154 4768 17.

103 5223 164 5262 ,4.

376 3658 823 3736 ministrabat3
855 3658 1308 3734 honorificabit
1336 3677 1506 3724 eum,
1542 3656 1606 3718 id
1635 3665 1751 3732 est,
1777 3658 1882 3722 ho-

377 3757 736 3822 norabilem
781 3773 930 3816 eum
972 3753 1184 3824 faciet,
1218 3771 1642 3836 magnamque
1685 3755 1744 3817 ei
1785 3774 1882 3817 re-

379 3855 732 3920 verentiam
781 3851 1133 3927 exhibebit,
1165 3851 1370 3914 Pater
1411 3873 1588 3913 meus
1629 3857 1746 3933 qui
1791 3864 1882 3915 est

375 3959 450 4016 in
481 3957 658 4018 caetis
689 3975 712 4014 .·
744 3953 810 4016 id
848 3959 964 4025 est,
1000 3952 1066 4014 in
1108 3952 1349 4015 coelesti
1392 3952 1645 4034 palatio,
1681 3953 1746 4014 in
1777 3973 1883 4015 an-

375 4054 670 4136 gelorum
701 4051 1036 4122 consortio,
1071 4050 1136 4112 in
1169 4050 1444 4113 coelestis
1478 4052 1749 4132 paradisi
1784 4053 1884 4114 de-

381 4152 548 4216 liciis
598 4150 943 4215 constituet
998 4167 1144 4210 eum
1198 4148 1377 4211 Pater
1425 4156 1719 4224 aeternuS,
1773 4152 1882 4213 sed

1993 3167 2138 3228 bata
2177 3166 2371 3228 fuerit
2408 3185 2593 3248 aqua,
2640 3166 2848 3228 mittat
2888 3185 2989 3228 me
3030 3165 3095 3228 in
3138 3167 3486 3250 piscinam3

1993 3273 2057 3327 et
2108 3265 2173 3327 in
2227 3264 2489 3338 Psalm0,
2542 3263 2656 3336 Qui
2708 3263 3048 3327 conturbas
3098 3264 3489 3347 profundum
3517 3283 3779 3334 Pauus.

1993 3365 2209 3426 maris.
2270 3361 2547 3436 Qualiter
2604 3381 2754 3427 vero
2816 3362 3091 3426 turbatio
3149 3372 3212 3426 et
3265 3373 3490 3429 ceterae

1993 3463 2320 3550 passiones
2378 3460 2618 3523 fuerint
2669 3461 2734 3522 in
2786 3460 3052 3536 Christo,
3105 3461 3345 3524 dictum
3394 3469 3490 3524 est

1995 3561 2247 3643 plenius
2292 3560 2357 3621 in
2403 3559 2782 3640 praecedenti
2828 3559 3129 3640 capitulo.

2075 3662 2159 3720 Et
2205 3659 2371 3737 quid
2415 3659 2685 3718 dicam?
2724 3656 2788 3718 id
2836 3664 2951 3730 est,
3006 3675 3082 3718 ex
3131 3657 3490 3727 turbatione

1996 3756 2295 3839 praedicta
2342 3755 2546 3817 sentio
2595 3754 2663 3816 in
2712 3773 2814 3817 me
2863 3754 3145 3817 diversos
3192 3754 3486 3831 affectus,

1994 3873 2068 3917 ex
2108 3853 2345 3936 quibus
2388 3853 2652 3915 diversae
2692 3869 2912 3934 preces
2959 3853 3299 3934 procedere
3350 3873 3491 3935 pos-

1993 3960 2143 4016 sunt
2177 3971 2190 4014 :
2226 3951 2367 4014 ideo
2398 3969 2634 4032 quaere,
2668 3949 2827 4023 Quid
2868 3951 3119 4012 dicam?
3150 3970 3277 4015 non
3318 3954 3490 4034 quod

1992 4053 2279 4133 ignorem
2327 4050 2484 4131 quid
2534 4049 2657 4111 dici
2709 4049 3023 4130 expediat,
3059 4050 3158 4113 vel
3211 4070 3340 4132 prae
3381 4070 3492 4113 an-

1989 4150 2199 4232 gustia
2247 4147 2511 4230 spiritus
2560 4147 2739 4228 loqui
2788 4167 2911 4210 non
2954 4148 3231 4228 valeam3
3268 4150 3377 4212 sed
3422 4157 3492 4211 ut

381 4259 447 4314 et
475 4249 712 4313 divinae
751 4245 1042 4309 essentiae
1081 4246 1258 4308 uniet
1294 4247 1573 4309 animam
1616 4247 1777 4328 ejuS,
1815 4255 1883 4310 ut
1909 4249 1962 4313 D
1993 4248 2367 4311 arduitatem
2435 4265 2639 4308 causae
2696 4245 2831 4308 sive
2895 4246 3129 4326 negotii
3193 4248 3485 4329 pandam,

145 4379 232 4409 aaa
267 4380 352 4418 an.
383 4349 597 4412 videat
627 4346 823 4408 Deum
859 4343 1048 4406 sicuti
1078 4351 1194 4418 est,
1228 4342 1396 4406 clare
1433 4363 1546 4427 per
1575 4346 1876 4427 speciem.

383 4447 565 4530 Saepe
603 4445 869 4526 insuper
899 4442 1060 4504 Deus
1100 4443 1330 4505 exaltat
1369 4461 1584 4507 servos
1623 4463 1769 4507 suos
1809 4444 1884 4507 fi-

383 4545 560 4608 deles
619 4544 684 4605 in
735 4541 865 4605 vita
916 4539 1209 4622 praesenti
1269 4547 1330 4602 et
1389 4549 1530 4623 post
1588 4549 1877 4605 mortem.

345 4643 648 4725 ,Propter
685 4640 857 4722 quod
897 4638 1051 4701 dicit
1089 4637 1398 4721 Propheta
1433 4659 1446 4702 :
1482 4638 1627 4701 Mihi
1668 4648 1879 4703 autem

385 4741 580 4804 nimis
629 4737 918 4801 honorati
962 4744 1112 4798 sunt
1151 4738 1342 4799 amici
1383 4738 1499 4812 tui,
1544 4738 1729 4800 DeuS.
1763 4737 1884 4800 Ma-

379 4859 508 4922 gna
574 4835 1020 4900 honorificatio
1085 4834 1371 4898 filiorum
1437 4837 1880 4919 adoptivorum

384 4947 502 5014 est,
555 4954 697 5000 esse
754 4953 902 4998 cum
961 4933 1120 4996 Filio
1169 4935 1463 5010 naturali,
1515 4935 1884 4999 coheredes-

385 5055 516 5119 que
555 5033 812 5099 Christi.
845 5032 930 5094 De
971 5051 1102 5114 quo
1150 5032 1389 5097 honore
1431 5033 1519 5095 ait
1563 5033 1832 5096 inferius
1867 5053 1880 5097 ε

107 5157 360 5204 Joamxm.
390 5135 591 5209 Pater,
625 5151 788 5214 quos
828 5131 1057 5193 dedisti
1099 5131 1282 5205 mihi,
1319 5131 1460 5195 volo
1500 5139 1567 5193 ut
1602 5132 1712 5194 ubi
1743 5151 1883 5194 sum

389 5253 528 5316 ego,
582 5239 646 5293 et
693 5229 786 5293 illi
839 5230 969 5292 siut
1016 5249 1292 5306 mecum,
1345 5239 1415 5294 ut
1465 5231 1718 5294 videant
1766 5231 1889 5294 cla-

393 5333 646 5396 ritatem
690 5345 920 5392 meam.

1991 4347 2146 4429 quia
2184 4345 2535 4407 secundum
2578 4343 2933 4425 appetitum
2978 4344 3353 4407 sensitivum
3395 4365 3491 4407 re-

1991 4446 2169 4526 fugio
2206 4451 2498 4517 mortem,
2535 4443 2643 4504 sed
2684 4442 3034 4504 secundum
3080 4443 3389 4506 rationem
3428 4451 3491 4506 et

1993 4545 2383 4608 voluntatem
2425 4541 2712 4603 desidero
2752 4539 2909 4602 mori
2954 4558 3069 4621 pro
3097 4541 3491 4604 beatitudine

1994 4641 2228 4704 mundi.
2252 4640 2695 4701 Verumtamen
2727 4637 3040 4718 appetitus
3070 4637 3297 4701 animae
3322 4638 3492 4701 Chri-

1995 4741 2073 4804 sti
2126 4758 2252 4802 non
2304 4738 2564 4799 fuerunt
2622 4735 2744 4798 sibi
2806 4735 3078 4798 invicem
3135 4737 3491 4800 inordinate

1998 4844 2435 4920 repugnanteS,
2457 4851 2661 4916 neque
2693 4833 3001 4896 contrarii.
3028 4833 3293 4898 Inferior
3320 4836 3492 4898 enim

1997 4934 2481 5020 permittebatur
2528 4931 2899 4995 naturaliter
2940 4949 3123 5012 agere
3171 4934 3343 5014 quod
3388 4953 3494 4996 su-

1997 5055 2102 5097 um
2150 5040 2284 5095 erat
2326 5031 2447 5094 sub
2492 5029 2921 5093 moderamine
2966 5029 3247 5092 rationis.

2075 5135 2299 5203 Pater,
2348 5131 2643 5206 salvifica
2696 5147 2793 5188 me
2836 5147 2919 5186 em
2964 5129 3085 5187 Izac
3130 5129 3312 5189 hora.
3364 5128 3493 5192 Hoc

1997 5229 2230 5312 exponi
2292 5233 2495 5310 potest
2543 5225 2883 5306 dupliciter
2936 5243 2949 5287 :
3004 5225 3231 5302 Primo,
3288 5236 3355 5290 ut
3413 5230 3497 5292 sit

1998 5327 2201 5393 oratio
2234 5324 2597 5390 deliberatae
2626 5321 2911 5399 rationiS,
2938 5343 3081 5406 quae
3112 5343 3365 5409 semper
3391 5347 3497 5390 ex·

3558 3480 3605 3523 Ιιι
3616 3479 3780 3542 joann.

3519 3557 3576 3593 xi,
3594 3545 3660 3585 ³3.
