4300 6259
584 1183 738 1226 Joemn
752 1185 850 1234 nas.

584 1967 663 2010 Pe.
683 1981 758 2010 mxx

587 2032 630 2072 Η
641 2061 653 2073 .

581 3252 619 3297 ll
640 3252 745 3296 Cor.
763 3267 793 3302 ι,
807 3257 847 3296 8.

598 3447 801 3503 Philipp.
819 3461 848 3496 ι,

585 3514 608 3538 0

584 3643 662 3687 Pe.
680 3658 788 3694 cxix,
807 3649 846 3688 5.

600 3840 679 3884 Ps.
693 3854 775 3892 ιω,
793 3845 832 3886 2.

670 4511 742 4566 23

886 482 1005 550 140
1695 506 2045 556 mammo
2086 506 2150 553 m
2192 505 2332 552 ω.
2377 503 2507 552 xvu
2546 503 2734 552 tucn.
2780 523 2861 534 -—
2902 506 3046 552 aar.
3092 506 3171 551 ιι

881 673 1014 748 Vel,
1041 675 1324 757 Regnum
1359 677 1464 740 Dei
1497 677 1662 740 intra
1692 696 1804 740 vos
1835 685 1950 752 est,
1975 678 2096 740 hoc
2124 684 2240 752 est,
2272 695 2383 758 ego
2412 674 2465 738 A
2496 676 2630 739 haec
2660 674 2841 750 dixit,
2875 683 3021 738 ante
3051 675 3280 739 horum
3319 675 3755 758 impletionem
3785 683 3980 738 trans-

881 771 1168 837 Christus
1210 775 1338 838 Rex
1377 777 1707 851 coelorum,
1743 795 1858 858 per
1895 795 2088 858 quem
2129 776 2385 839 venitur
2493 774 2601 836 lati
2640 773 2902 836 fuerunt
2938 775 3016 837 ad
3056 774 3348 857 patriam.
3372 777 3587 837 Nolite
3612 778 3865 836 eredere
3894 784 3981 837 ta·

879 872 959 933 ad
1010 891 1275 954 regnum
1326 875 1506 948 illud,
1549 875 1662 956 qui
1713 893 1908 957 regno
1951 876 2017 936 in
2058 874 2383 937 mentibus

881 967 1250 1045 electorum,
1313 970 1480 1033 inter
1535 989 1646 1034 vos
1705 990 1870 1046 sum,
1932 971 2245 1052 vobisque
2299 970 2385 1034 lo-

881 1085 1065 1148 quor,
1099 1069 1211 1149 qui
1243 1070 1498 1132 mentiri
1533 1088 1657 1132 non
1693 1070 1892 1133 valeo.
1927 1071 2014 1132 De
2043 1089 2173 1152 quo
2212 1070 2381 1152 apud

878 1166 1181 1228 loannem
1230 1168 1318 1228 ait
1363 1167 1638 1250 Baptista
1681 1187 1694 1231 ε
1737 1168 1976 1231 Medius
2021 1175 2234 1231 autem
2280 1186 2384 1230 ve-

883 1272 1085 1327 strum
1128 1273 1268 1340 stat,
1303 1285 1496 1348 quem
1542 1285 1652 1330 vos
1695 1267 1976 1330 nescitis.

963 1367 1047 1426 Et
1085 1367 1182 1425 ait
1219 1368 1306 1426 ad
1335 1367 1686 1443 discipulos
1721 1387 1868 1427 suos
1897 1388 1920 1426 .·
1950 1368 2215 1428 Venient
2245 1367 2381 1426 dies

878 1466 1141 1542 quando
1169 1464 1570 1534 desideretis,
1602 1464 1721 1527 hoc
1751 1471 1867 1539 est,
1904 1465 1970 1527 in
2002 1465 2241 1547 quibus
2271 1483 2383 1546 op-

879 1561 1116 1636 tabitis,
1153 1564 1372 1622 videre
1412 1584 1620 1624 unum
1658 1566 1830 1624 diem
1867 1566 2034 1625 Filii
2071 1565 2379 1632 hominis,

878 1659 941 1721 id
981 1667 1075 1721 θεῖ
1114 1659 1429 1723 famosum
1461 1669 1522 1723 et
1553 1662 1950 1743 praecipuum
1991 1662 2177 1724 illum
2207 1660 2383 1725 Chri·

879 1759 957 1820 sti
991 1758 1183 1834 diem,
1217 1779 1346 1841 quo
1377 1760 1517 1842 ipse
1547 1761 1614 1822 in
1646 1761 1808 1824 coelo
1837 1769 1932 1823 est
1961 1768 2375 1842 regnaturus:

2492 872 2651 935 lium
2696 872 3042 946 erroribus,
3088 893 3294 954 neque
3338 875 3670 936 sectemini
3713 891 3819 936 eos
3868 891 3981 955 per

2492 971 2638 1036 vitae
2676 971 3207 1034 conformitatem.
3242 973 3415 1036 Nam
3444 975 3609 1032 sicut
3638 974 3860 1051 fulyur
3886 993 3981 1033 eo-
4084 979 4139 1032 2⁴

2490 1089 2760 1130 rus-cans
2798 1073 2877 1130 de
2913 1072 3030 1130 sub
3066 1073 3243 1140 coele,
3281 1070 3344 1131 id
3386 1078 3483 1132 est
3515 1089 3554 1131 a
3592 1068 3871 1132 nubibus
3914 1071 3977 1132 in

2488 1167 2727 1248 quibus
2754 1175 3115 1249 generatur,
3148 1186 3291 1248 quae
3321 1175 3471 1230 sunt
3499 1166 3619 1230 sub
3648 1167 3809 1232 coelo
3838 1169 3981 1231 stel-

2490 1265 2637 1340 lato,
2688 1274 2751 1328 et
2799 1266 2918 1328 sub
2973 1266 3260 1348 qualibet
3306 1266 3555 1348 sphaera
3600 1266 3863 1340 coelesti,
3908 1270 3977 1328 in

2488 1385 2561 1426 ea
2592 1385 2737 1444 quae
2762 1367 2880 1425 sub
2908 1369 3060 1426 coelo
3088 1374 3264 1437 sunt,
3299 1365 3363 1427 id
3394 1373 3491 1428 est
3528 1383 3721 1448 super
3748 1373 3977 1428 terram

2488 1470 2679 1544 atque
2712 1463 2775 1525 in
2807 1481 2971 1538 aere,
3005 1464 3213 1542 fulyet
3248 1464 3414 1527 clare
3443 1483 3516 1527 ac
3553 1464 3977 1542 sensibiliter;

2490 1563 2584 1622 ita
2624 1564 2748 1623 erit
2777 1565 2996 1624 Filius
3030 1564 3313 1624 hominis
3346 1565 3420 1624 in
3446 1564 3555 1624 die
3584 1584 3729 1636 sua,
3761 1561 3825 1626 id
3864 1571 3977 1638 est,

2488 1667 2617 1722 tam
2662 1661 3039 1722 manifestus
3077 1661 3199 1722 erit
3237 1660 3377 1741 ejus
3421 1663 3730 1725 adventus
3768 1664 3847 1725 ad
3886 1661 3984 1744 ju-

2489 1759 2752 1834 dicium,
2805 1760 2909 1822 die
2954 1761 3033 1822 ad
3082 1759 3203 1822 hoc
3250 1759 3557 1823 divinitus
3606 1761 3985 1843 praeordina-

879 1856 989 1938 qui
1037 1865 1134 1918 est
1175 1857 1310 1919 dies
1353 1859 1721 1921 aeternitatis
1765 1867 1828 1921 et
1866 1859 2104 1940 gloriae,
2134 1860 2213 1921 de
2251 1878 2380 1941 quo
2416 1857 2463 1919 B
2492 1866 2575 1934 ta,
2627 1857 2712 1921 ita
2760 1859 2933 1939 quod
2984 1857 3143 1920 nulli
3185 1859 3263 1920 de
3312 1858 3432 1922 hoc
3478 1859 3749 1921 dubium
3796 1860 3983 1922 relin-

763 1981 848 2020 κω,
881 1955 1175 2037 praedixit
1225 1955 1550 2019 Psalmista
1597 1977 1610 2020 :
1661 1957 1879 2021 Melior
1925 1966 2021 2020 est
2069 1958 2204 2021 dies
2256 1977 2381 2020 una

881 2054 946 2116 in
990 2054 1168 2116 atriis
1211 2055 1338 2117 tuis
1384 2075 1578 2138 super
1619 2056 1842 2118 millia.
1885 2056 2008 2119 Alii
2051 2064 2383 2138 exponunt

880 2155 958 2216 de
998 2154 1101 2216 die
1135 2154 1449 2234 generalis
1491 2155 1740 2236 judicii,
1773 2155 1886 2236 qui
1927 2155 2049 2218 erit
2097 2175 2285 2230 nune,
2319 2163 2382 2217 et

879 2252 1316 2316 desiderabilis
1360 2261 1455 2315 est
1495 2254 1735 2329 θΙθοῖίε,
1778 2254 1844 2316 in
1887 2262 2201 2336 quantum
2250 2254 2383 2336 ple-

880 2370 1024 2413 nam
1095 2351 1550 2414 beatitudinem
1616 2361 2090 2435 consequentur
2149 2353 2217 2414 in
2280 2371 2377 2416 eo.

879 2448 1144 2522 Quidam
1175 2467 1326 2513 vero
1357 2450 1442 2512 ita
1473 2458 1802 2534 exponunt
1835 2470 1849 2514 ε
1885 2451 2262 2514 Desideretis
2294 2451 2383 2515 vi-

880 2549 1028 2610 dere
1087 2567 1288 2610 unum
1337 2549 1506 2612 diem
1565 2549 1706 2612 Filii
1765 2550 2065 2625 hominiS,
2118 2550 2240 2613 hoc
2287 2558 2383 2612 est

878 2645 1220 2722 Christum,
1274 2665 1467 2729 quem
1524 2667 1696 2710 nunc
1751 2648 2038 2729 quotidie
2095 2649 2377 2724 cernitiS,

879 2745 1099 2807 saltem
1133 2763 1260 2808 uno
1291 2745 1394 2808 die
1422 2745 1656 2808 habere
1689 2746 2101 2828 corporaliter
2133 2765 2248 2828 pro
2279 2765 2383 2810 ve-

879 2851 1008 2906 stra
1037 2843 1465 2907 consolatione
1496 2853 1896 2927 praesentem.
1931 2844 2046 2907 Per
2075 2845 2211 2908 haec
2242 2864 2383 2907 ver-

880 2943 961 3004 ba
1018 2941 1300 3006 Salvator
1361 2943 1712 3007 insinuavit
1771 2944 2118 3026 discipulos
2181 2945 2381 3006 multa

2489 1964 2743 2038 quetur.
2791 1955 3055 2028 Quidam
3104 1975 3271 2038 saepe
3318 1958 3754 2026 auctoritatem
3801 1958 3982 2021 istam

2488 2055 2761 2136 allegant
2788 2056 2866 2117 ad
2909 2055 3329 2137 probandum,
3362 2057 3533 2138 quod
3569 2056 3884 2136 judicium
3916 2057 3985 2120 il-

2490 2153 2601 2216 lud
2629 2153 2825 2216 finale
2856 2153 3187 2216 celerrime
3217 2153 3331 2216 siet
3357 2172 3431 2216 ac
3458 2153 3744 2230 finietur,
3769 2173 3985 2236 quem·

2490 2253 2830 2316 admodum
2869 2253 3050 2335 quasi
3092 2261 3531 2317 momentanea
3568 2262 3665 2316 est
3700 2255 3985 2318 emicatio

2490 2350 2763 2432 fulguris
2818 2369 2831 2415 ε
2886 2369 3001 2433 per
3062 2352 3182 2415 hoc
3239 2353 3647 2433 reprobantes
3704 2371 3982 2416 errorem

2490 2447 2817 2522 Lactantii,
2873 2449 3213 2512 asserentis
3262 2451 3434 2530 quod
3479 2451 3775 2530 generale
3820 2451 3987 2532 judi-

2492 2546 2665 2608 cium
2716 2564 2830 2628 per
2877 2553 3162 2628 tempora
3206 2547 3391 2629 longa
3438 2547 3711 2610 durabit.
3756 2547 3987 2630 Sicque

2494 2644 2764 2707 Thomas
2808 2643 2978 2706 istud
3022 2645 3344 2708 interdum
3388 2645 3635 2726 allegat.

2573 2746 2883 2805 Primum
2910 2753 3151 2810 autem,
3183 2744 3303 2807 hoc
3332 2751 3448 2819 est,
3484 2743 3857 2826 priusquam
3894 2763 3987 2806 se-
4100 2748 4153 2801 25

2493 2843 2740 2904 cundus
2778 2841 2918 2921 ejus
2958 2841 3350 2924 compleatur
3386 2844 3717 2917 adventus,
3749 2852 3989 2934 oportet

2494 2942 2867 3004 necessitate
2914 2941 3359 3018 conditionata,
3410 2951 3473 3004 et
3526 2941 3680 3004 utile
3726 2951 3827 3004 est
3876 2963 3989 3026 pro

880 3059 1198 3124 passurOS,
1219 3049 1280 3103 et
1311 3041 1375 3104 in
1410 3042 1963 3125 persecutionibus
1997 3043 2257 3125 positOS,
2278 3062 2384 3124 op-
2418 3040 2461 3103 C
2489 3041 2742 3123 generis
2786 3041 2987 3102 salute
3029 3039 3317 3112 humani,
3352 3043 3545 3102 illu-m
3582 3045 3786 3102 multa
3814 3044 3987 3120 pati,

878 3147 1012 3202 tare
1043 3139 1272 3202 debere
1303 3141 1468 3203 diem
1503 3142 1876 3223 praedictum
1915 3159 1927 3203 :
1962 3141 2115 3222 quia
2144 3149 2208 3203 et
2236 3140 2383 3203 Pau-

878 3238 980 3300 lus
1041 3245 1325 3313 testatur,
1385 3238 1589 3321 Supra
1648 3241 1908 3303 modum
1967 3240 2212 3320 gravati
2273 3260 2380 3302 su-

881 3354 1045 3410 muS,
1080 3337 1167 3398 ita
1212 3344 1278 3398 ut
1318 3338 1575 3400 taederet
1617 3356 1731 3400 nos
1771 3338 2028 3419 vivere3
2071 3338 2378 3420 itemque,

880 3433 1079 3516 Cupio
1125 3435 1383 3498 dissolvi
1427 3444 1490 3497 et
1538 3454 1676 3498 esse
1724 3455 1870 3498 cum
1922 3436 2191 3500 Christo.
2236 3436 2381 3499 Tale

879 3550 1140 3613 quoque
1170 3532 1554 3595 desiderium
1593 3551 1762 3616 saepe
1792 3534 1994 3596 oritur
2023 3551 2099 3596 ex
2130 3533 2383 3597 ferven—

2492 3139 2792 3202 videlicet
2834 3138 3083 3202 diversa
3124 3156 3356 3220 genera
3402 3147 3889 3214 tormentorum,
3932 3148 3990 3202 et

2493 3237 2805 3320 plurimos
2843 3237 3417 3319 acerbissimosque
3455 3237 3703 3300 dolores
3742 3237 3807 3300 in
3856 3258 3991 3302 cor-

2494 3354 2647 3418 pore
2686 3343 2749 3398 et
2792 3336 2857 3397 in
2898 3335 3131 3410 anima,
3176 3335 3243 3397 in
3282 3335 3582 3398 omnibus
3620 3336 3867 3399 viribus
3904 3345 3993 3398 at-

2492 3452 2620 3517 que
2665 3433 2997 3508 membriS,
3038 3443 3097 3494 et
3135 3435 3491 3513 reprobari,
3532 3433 3597 3496 id
3642 3442 3757 3508 est,
3800 3435 3986 3498 morti

2492 3533 2867 3614 adjudicari,
2911 3532 3256 3606 contemni,
3298 3532 3662 3614 opprobriis
3706 3531 3910 3608 affici,
3952 3555 3991 3594 a

879 3631 925 3692 ti
969 3649 1204 3705 amore,
1240 3631 1407 3693 sicut
1451 3631 1539 3694 ait
1577 3631 1905 3695 Psalmista
1939 3651 1952 3694 ε
1987 3632 2121 3694 Heu
2166 3633 2327 3695 mihi
2362 3640 2375 3694 ἱ
2485 3633 2901 3710 generatione
2938 3633 3081 3698 hac,
3125 3630 3246 3693 hoc
3293 3639 3387 3692 est
3428 3649 3465 3692 a
3511 3629 3839 3694 Pharisaeis
3892 3649 3990 3693 me

879 3729 1030 3810 quia
1061 3729 1372 3793 incolatus
1403 3749 1583 3792 meus
1621 3731 2029 3812 prolongatus
2060 3739 2177 3804 est,
2212 3740 2331 3793 etc.
2362 3751 2378 3810 3

879 3836 961 3900 et,
1024 3826 1565 3900 Quemadmodum
1633 3828 1949 3891 desiderat
2015 3847 2242 3891 cervus
2301 3830 2380 3891 ad

2494 3750 2667 3793 nunc
2709 3728 3173 3802 deridentibuS,
3220 3729 3576 3811 ceterisque
3615 3729 3869 3793 Judaeis.

2574 3829 3047 3910 Consequenter
3077 3825 3361 3890 Christus
3401 3845 3515 3909 per
3546 3828 3673 3891 duo
3700 3829 3991 3911 exempla

876 3925 1085 3988 fontes
1129 3944 1461 4006 aquarum,
1507 3926 1592 3988 ita
1635 3926 1949 3989 desiderat
1989 3927 2204 3989 anima
2242 3947 2382 3990 mea
2492 3927 2787 4000 ostendit,
2820 3925 3029 4007 qualis
3068 3924 3191 3987 erit
3230 3927 3543 3988 secundus
3583 3926 3723 4006 ejus
3761 3927 3991 3990 adven-

877 4024 953 4085 ad
999 4031 1081 4098 te,
1118 4023 1301 4086 Deus.
1335 4027 1420 4085 Et
1470 4044 1600 4086 non
1651 4027 1954 4086 videbitis
2002 4025 2173 4087 diem
2226 4044 2384 4107 prae-
2492 4033 2595 4088 tus
2643 4025 2723 4088 ad
2768 4023 3207 4104 judicandum,
3252 4029 3470 4106 utpote
3518 4023 3891 4086 celerrimus
3930 4032 3990 4086 et

877 4121 1102 4196 fatum,
1127 4122 1336 4184 statim
1370 4123 1448 4184 ad
1481 4122 1732 4185 libitum
1769 4131 2068 4198 vestrum,
2091 4125 2202 4186 sed
2230 4131 2383 4186 tem·
2492 4124 2794 4198 incertuS,
2838 4129 3148 4203 quantum
3198 4122 3276 4184 ad
3326 4121 3786 4203 praescientiam
3833 4131 3990 4186 tem—

879 4237 1032 4302 pore
1089 4219 1397 4282 divinitus
1457 4220 1831 4302 praestituto.
1893 4221 2008 4284 Per
2066 4223 2380 4286 visionem
2416 4223 2461 4285 D
2494 4222 2667 4304 poris
2716 4240 2729 4285 :
2778 4226 3038 4304 propter
3078 4219 3249 4300 quod
3300 4219 3649 4283 intimorati
3688 4239 3847 4283 vana
3894 4239 3989 4283 se-

876 4325 1087 4379 autem
1133 4318 1282 4394 diei,
1327 4318 1704 4399 intelligitur
1745 4337 1844 4381 res
1882 4328 2094 4402 optata
2133 4321 2201 4383 in
2242 4321 2382 4403 ipso
2492 4319 2758 4382 curitate
2814 4317 3139 4392 fallentur,
3201 4325 3265 4379 et
3319 4317 3431 4399 qui
3492 4335 3559 4379 se
3617 4319 3803 4382 modo
3861 4337 3985 4382 non

878 4416 1165 4478 videnda.

969 4517 1049 4576 Et
1104 4517 1320 4574 dicent
1380 4517 1554 4576 vobis
1614 4516 2207 4599 pseudoprophetas,
2267 4518 2378 4598 qui

875 4620 1022 4674 ante
1073 4613 1423 4676 secundum
1466 4612 1695 4675 Christi
1746 4614 2092 4677 adventum
2146 4616 2380 4679 multos

877 4711 1198 4793 decipient
1234 4729 1248 4773 ε
1285 4715 1443 4772 Ecce
1474 4713 1602 4782 hic,
1635 4721 1693 4770 et
1723 4732 1858 4772 ecce
1887 4715 2032 4773 illic
2059 4734 2082 4773 .·
2116 4713 2237 4777 hoc
2266 4722 2379 4804 est,

877 4828 1044 4872 unus
1087 4810 1256 4872 dicet
1285 4808 1604 4872 Christum
1647 4809 1752 4872 hic
1781 4829 1940 4884 esse,
1977 4830 2088 4873 seu
2120 4813 2198 4874 de
2240 4831 2383 4894 pro-

877 4909 1049 4972 ximo
1087 4925 1430 4990 apparere:
1463 4907 1628 4969 alius
1659 4907 1846 4982 dicet,
1877 4910 2048 4990 quod
2087 4909 2241 4972 alibi
2274 4911 2377 4984 sit,

877 5015 938 5068 θῖ
980 5007 1190 5069 adhuc
1234 5006 1419 5086 longe
1464 5005 1653 5068 distet
1696 5006 1836 5086 ejus
1885 5009 2218 5071 adventus.
2262 5009 2385 5071 lsta

877 5104 1037 5167 dixit
1086 5103 1372 5167 Christus
1422 5103 1757 5186 discipulis
1807 5104 1940 5167 suis
1991 5106 2056 5168 in
2113 5125 2385 5189 persona

877 5200 1172 5264 fidelium
1207 5202 1320 5284 qui
1355 5203 1755 5283 postmodum
1789 5211 1970 5266 erant
1995 5203 2215 5267 futuri.
2236 5205 2387 5268 Con-

881 5306 1003 5361 stat
1051 5299 1223 5362 enim
1280 5300 1448 5382 quod
1510 5299 1808 5384 discipuli
1859 5301 2089 5365 Christi
2147 5303 2387 5386 quibus

2493 4424 2868 4500 praeparant,
2913 4416 3104 4480 etiam
3154 4423 3307 4478 tunc
3356 4417 3647 4498 imparati
3698 4425 3887 4480 erunt
3924 4425 3985 4479 et

2491 4515 2915 4598 disperibunt.
2950 4519 3037 4578 Et
3074 4517 3241 4576 sicut
3269 4516 3519 4592 factum
3544 4525 3635 4576 est
3662 4517 3735 4576 in
3764 4517 3985 4576 diebus
4100 4517 4155 4572 26

2492 4617 2653 4685 Noe,
2697 4615 2819 4678 hoc
2869 4621 2963 4676 est
3004 4621 3293 4696 tempore
3343 4632 3474 4695 quo
3522 4613 3701 4689 vixit,
3754 4622 3815 4677 et
3862 4615 3983 4678 Deo
4044 4627 4187 4671 omn.

2488 4712 2754 4793 jubente
2784 4731 2993 4774 arcam
3025 4711 3390 4787 construxit,
3422 4711 3865 4794 diluviumque
3894 4713 3985 4776 su·

2490 4819 2707 4874 turum
2744 4809 3068 4892 proedixit3
3104 4811 3201 4870 ita
3228 4813 3353 4873 erit
3380 4820 3442 4872 et
3469 4811 3541 4871 in
3570 4811 3793 4871 diebus
3820 4813 3986 4873 Filii

2490 4911 2793 4978 hominis,
2851 4908 2914 4970 id
2970 4915 3067 4970 est
3124 4906 3291 4970 circa
3346 4909 3699 4970 secundum
3758 4907 3984 4972 Christi

2491 5009 2858 5082 adventum,
2901 5006 2965 5068 in
3010 5024 3139 5088 quo
3187 5025 3364 5068 suam
3414 5007 3761 5089 potentiam
3803 5007 3988 5070 mira-

2492 5106 2708 5168 biliter
2738 5105 3084 5168 declarabit
3112 5123 3126 5167 :
3162 5112 3423 5187 propter
3450 5106 3622 5186 quod
3651 5104 3809 5168 illud
3838 5115 3989 5169 tem-

2496 5224 2617 5287 pus
2662 5203 2897 5267 dicitur
2941 5203 3301 5287 specialiter
3340 5219 3479 5264 esse
3520 5202 3747 5285 ipsius,
3789 5221 3987 5284 quum

2498 5310 2711 5365 tamen
2757 5302 2895 5385 ipse
2936 5301 3019 5364 sit
3056 5300 3359 5366 Dominus
3397 5301 3705 5383 temporis
3744 5301 3991 5363 univer-
