4300 6259
88 1167 107 1210 1
132 1169 263 1211 Cor.
288 1182 375 1220 xta,

62 1233 130 1272 Η.

53 1562 373 1617 Ερήειι,1ί,

64 2164 146 2206 Pe.
164 2177 223 2206 u
232 2177 369 2214 xxiv,

48 2648 181 2692 0⁸oe
200 2661 257 2698 n,
286 2649 368 2690 u.

1198 499 1555 549 muuu'rlo
1594 503 1659 548 IN
1699 503 1839 550 cAP.
1886 503 1954 550 111
1994 504 2274 551 mamae.
2319 525 2400 536 —-
2442 506 2584 554 ΛΒΤ.
2627 508 2736 555 vm

3399 487 3518 552 327

494 665 763 750 Insuper
805 669 1089 733 Christus
1131 673 1409 734 ostendit
1447 673 1736 736 ordinem
1787 673 1916 755 spi·
1945 671 1998 734 A
2107 677 2224 736 Sic
2249 686 2340 737 esc
2373 679 2583 739 omnis
2621 682 2739 758 qui
2767 689 2960 740 natus
2988 689 3077 741 est
3104 700 3188 740 em
3222 678 3467 756 spiritu
3495 695 3520 736 .·

412 762 665 827 ritualis
714 767 1209 847 regenerationis
1258 787 1373 850 per
1420 769 1651 832 simile.
1698 772 1919 848 Spiri-

412 871 541 935 tus,
600 871 671 926 ut
729 873 883 947 puta
939 865 1217 948 Spiritus
1274 867 1561 942 SanctuS,
1615 871 1729 929 ubi
1777 873 1917 930 vult

406 963 646 1039 spirae,
693 963 759 1027 id
808 973 925 1040 est,
978 967 1355 1047 potestative
1403 985 1476 1029 ac
1523 966 1723 1029 libere
1779 985 1918 1048 gra-

406 1059 571 1122 tiam
623 1070 879 1143 praestat
926 1064 1029 1126 cui
1087 1064 1419 1146 placuerit,
1473 1065 1640 1128 sicut
1685 1064 1917 1127 fatetur

405 1157 755 1240 Apostolus
808 1179 823 1224 :
876 1159 1101 1224 Omnia
1148 1171 1449 1245 operatur
1504 1183 1673 1226 unus
1724 1171 1915 1245 atque

406 1255 585 1320 idem
614 1257 909 1340 Spiritus,
926 1259 1218 1323 dividens
1250 1261 1516 1342 singulis
1548 1269 1737 1344 prout
1767 1262 1919 1325 vult.

404 1353 579 1418 Deus
630 1375 907 1440 namque
952 1367 1255 1441 operatur
1303 1359 1368 1421 in
1419 1361 1749 1436 creaturis„
1786 1379 1913 1424 non

402 1455 789 1518 necessitate
837 1463 1098 1532 naturae,
1149 1459 1259 1520 sed
1318 1458 1645 1521 liberrima
1692 1460 1917 1522 volun-

405 1560 560 1628 tate,
597 1561 790 1636 prout
814 1555 893 1618 ad
923 1539 1230 1638 Ephesios
1260 1557 1349 1620 ait
1375 1557 1715 1640 Apostolus
1749 1576 1763 1621 ε
1796 1556 1912 1631 Qui

401 1651 630 1716 omnia
656 1661 959 1736 operatur
994 1645 1347 1718 secundum
1378 1656 1777 1739 propositum
1806 1675 1916 1721 vo-

402 1751 679 1814 luntatis
718 1772 870 1816 suaa.
904 1756 993 1816 Et
1030 1773 1245 1816 vocem
1280 1756 1421 1833 ejus
1459 1757 1681 1826 audis,
1708 1756 1775 1817 id
1820 1763 1915 1819 est

2028 772 2092 835 id
2131 781 2250 848 est,
2287 775 2351 836 in
2398 776 2656 839 homine
2695 777 3111 860 spiritualiter
3155 784 3391 850 renato,
3425 781 3524 837 est

2026 871 2269 952 aliquid
2329 873 2558 936 scitum
2615 893 2688 938 ac
2741 874 3173 948 manifestum,
3227 873 3523 938 videlicet

2029 969 2166 1051 ipsa
2197 989 2468 1052 persona
2497 974 2846 1036 secundum
2877 991 2966 1048 se,
2991 981 3054 1036 et
3080 971 3325 1054 aliquid
3354 972 3525 1052 igno-

2026 1075 2186 1143 tum,
2212 1070 2365 1150 quia
2395 1070 2566 1132 intus
2599 1071 3009 1134 invisibiliter
3040 1070 3429 1142 reformatur,
3459 1078 3524 1133 et

2026 1167 2106 1228 de
2148 1167 2386 1229 carnali
2429 1187 2502 1231 ac
2545 1170 2811 1251 perdito,
2845 1168 3197 1252 spiritualis
3237 1176 3301 1231 et
3341 1168 3520 1230 filius

2024 1264 2361 1346 adoptivus
2417 1265 2702 1328 efficitur
2757 1265 3250 1349 imperceptibili
3305 1266 3522 1347 gratiae

2023 1359 2370 1424 infusione.
2405 1361 2580 1434 Quod
2621 1363 2795 1424 enirn
2831 1363 3064 1444 aliquis
3105 1362 3171 1424 in
3201 1361 3521 1444 Baptismo

2025 1459 2119 1521 sic
2148 1459 2537 1535 melioratur,
2571 1461 2704 1524 sola
2731 1459 2863 1524 fide
2893 1469 3204 1523 tenemus.
3231 1459 3342 1522 Vel
3373 1459 3465 1522 sic
3501 1477 3515 1522 ε

2024 1556 2127 1619 Sic
2172 1564 2269 1619 est
2310 1558 2516 1621 omnis
2565 1559 2677 1640 qui
2727 1567 2912 1621 natus
2961 1566 3057 1620 est
3099 1577 3178 1621 ex
3225 1557 3457 1641 spiritu
3499 1575 3514 1620 ε

2024 1655 2088 1718 id
2133 1663 2250 1730 est,
2284 1656 2351 1718 in
2396 1659 2867 1737 regeneratione
2904 1656 3184 1720 hominis
3223 1656 3390 1730 talis,
3425 1663 3521 1719 est

2022 1753 2267 1835 aliquid
2325 1755 2609 1830 evidens;
2671 1755 2916 1818 scilicet
2974 1773 3142 1836 aqua
3197 1762 3261 1817 et
3314 1754 3524 1818 forma

402 1849 611 1912 verba
648 1868 843 1914 sacrae
868 1849 1213 1935 Scripturae
1250 1853 1559 1917 divinitus
1598 1854 1908 1917 revelatae.
1950 1857 1996 1918 B
2026 1851 2408 1932 verborum3
2455 1859 2520 1914 et
2547 1853 2791 1934 aliquid
2821 1853 3129 1928 abditum,
3165 1860 3319 1935 puta
3347 1851 3522 1934 prin-

402 1946 545 2021 Vel,
582 1947 816 2011 Vocem
860 1949 1025 2030 ejus,
1065 1949 1132 2013 id
1170 1959 1267 2013 est
1313 1951 1631 2015 internam
1679 1952 1916 2016 allocu-

400 2044 677 2119 tionem,
708 2043 891 2108 audis
926 2064 941 2109 z
975 2064 1051 2110 eo
1098 2048 1286 2110 modo
1325 2066 1457 2129 quo
1504 2048 1594 2110 ait
1640 2047 1915 2112 Psalmo-

398 2142 717 2224 graphuS,
775 2142 1046 2206 Audiam
1109 2143 1267 2226 quid
1328 2145 1621 2228 loquatur
1682 2145 1747 2208 in
1809 2164 1913 2208 me

402 2240 719 2304 Dominus
756 2240 943 2304 Deus.
980 2240 1090 2304 Est
1118 2242 1291 2304 enim
1330 2244 1584 2306 auditus
1622 2244 1907 2322 interior,

400 2358 540 2421 quo
598 2339 860 2403 divinus
918 2339 1259 2404 instinctus
1319 2342 1694 2424 percipitur,
1758 2344 1910 2406 dum

401 2438 605 2500 sentit
646 2456 718 2500 se
763 2439 957 2502 homo
999 2438 1269 2502 interius
1314 2441 1510 2522 tangi,
1545 2441 1779 2519 doceri,
1813 2461 1914 2504 ac-

400 2536 617 2611 cendi,
653 2537 815 2619 rapi,
850 2537 1081 2600 resolvi
1120 2545 1187 2600 et
1218 2538 1568 2602 absorberi.
1602 2539 1779 2602 Unde
1824 2540 1915 2603 ait

402 2635 715 2698 Dominus
764 2653 881 2718 per
928 2634 1083 2698 Osee
1127 2654 1141 2699 :
1183 2636 1417 2700 Ducam
1467 2655 1605 2700 eam
1649 2638 1715 2700 in
1766 2639 1913 2702 soli-

400 2733 723 2809 tudinem,
756 2743 821 2796 et
858 2735 1084 2816 loquar
1117 2736 1197 2798 ad
1234 2754 1345 2799 cor
1374 2736 1537 2817 ejus.
1570 2735 1911 2818 Nunquam

396 2831 789 2896 Nicodamus
837 2833 1181 2896 salubriter
1223 2834 1504 2897 venisset
1549 2836 1627 2898 ad
1669 2835 1906 2910 Jesum,

396 2931 531 2994 nisi
573 2931 740 2993 hanc
769 2948 991 2994 vocem
1030 2930 1305 3014 Spiritus
1343 2931 1555 2996 Sancti
1595 2934 1908 2996 internam

2022 1949 2264 2032 cipium
2297 1949 2666 2014 effectivum
2699 1951 3394 2033 regenerationiS,quod
3423 1957 3521 2012 est

2021 2046 2298 2131 Spiritus
2339 2048 2647 2130 Sanctus;
2689 2057 2753 2113 et
2789 2050 2940 2112 item
2983 2048 3140 2112 finis
3179 2048 3342 2130 ejuS,
3375 2065 3522 2131 quae

2021 2157 2117 2211 est
2159 2147 2484 2213 beatitudo
2527 2156 2779 2212 aeterna.

2098 2247 2238 2310 Istae
2284 2245 2710 2329 expositiones
2769 2248 3120 2329 procedunt
3167 2246 3516 2310 secundum

2021 2345 2443 2408 intentionem
2472 2345 2828 2426 Augustini.
2851 2346 3329 2428 chrysostomus
3370 2362 3520 2408 vero

2022 2441 2284 2524 exponit
2312 2444 2390 2504 de
2420 2449 2626 2518 vento,
2650 2443 2736 2504 ita
2764 2444 2939 2524 quod
2967 2443 3320 2505 secundum
3350 2459 3514 2518 eum,

2023 2541 2307 2605 Christus
2368 2540 2613 2602 inducit
2663 2540 3032 2622 exemplum
3090 2539 3392 2602 sensibile
3439 2541 3520 2602 ad

2022 2638 2506 2719 intelligentiam
2566 2638 3036 2720 praedictorum.
3085 2639 3402 2716 Spiritus,
3452 2639 3518 2701 id

2020 2745 2117 2800 est
2157 2743 2384 2800 ventus
2411 2737 2520 2816 (de
2557 2754 2687 2818 quo
2725 2735 2792 2798 in
2824 2734 3071 2799 Psalmo
3104 2754 3118 2799 ε
3152 2735 3355 2798 Flabit
3393 2735 3520 2818 spi·
3545 2758 3804 2863 gamunu.

3541 2883 3806 2934 Pe.c=1,2⁵.

2021 2835 2182 2897 ritus
2231 2834 2392 2915 ejuS,
2435 2841 2498 2896 et
2535 2833 2743 2896 fluent
2783 2852 3006 2915 aquae3
3060 2840 3124 2895 et
3165 2852 3408 2908 rursuS,
3440 2833 3517 2896 Et

2019 2933 2194 2997 stetit
2243 2931 2506 3014 spiritus
2556 2931 2896 3015 procellae),
2947 2933 3057 2992 ubi
3095 2935 3253 3005 vult,
3287 2931 3353 2995 id
3393 2939 3510 3008 est,

394 3029 709 3092 audisset.
759 3031 897 3092 Sed
938 3049 1069 3090 non
1110 3031 1235 3092 scis
1284 3035 1459 3093 unde
1505 3033 1727 3093 veniat
1772 3029 1913 3114 Spi-
1945 3029 2085 3094 Cin
2126 3050 2257 3113 quo
2305 3031 2671 3105 inclinatur,
2717 3033 2945 3111 spirat,
2984 3029 3050 3092 id
3098 3037 3212 3107 est,
3251 3029 3405 3108 flat;
3453 3041 3516 3092 et

398 3128 568 3192 ritus
616 3127 907 3204 Sanctus,
960 3127 1024 3190 id
1084 3135 1199 3204 est,
1250 3131 1573 3211 quomodo
1631 3137 1909 3193 mentem

396 3227 545 3309 ejus
605 3225 722 3288 ubi
776 3227 979 3309 spirat
1034 3234 1097 3289 et
1151 3228 1437 3310 loquitur
1492 3229 1904 3310 ingrediatur,

396 3344 533 3390 non
582 3324 886 3408 percipis,
919 3336 1037 3388 aut
1074 3346 1199 3404 quo
1237 3329 1460 3399 vadat,
1492 3327 1559 3390 id
1600 3335 1716 3402 est,
1749 3347 1909 3409 qua-

395 3423 553 3486 liter
612 3423 865 3486 recedat
916 3423 1189 3505 ignoraS.
1240 3423 1417 3487 Unde
1475 3443 1591 3508 per
1634 3424 1749 3490 Job
1808 3425 1909 3488 in-

2018 3151 2256 3199 vocem,
2289 3130 2352 3192 id
2393 3137 2490 3192 est
2537 3147 2789 3205 sonum,
2820 3129 2963 3206 ejus
3000 3129 3220 3199 audiS,
3245 3131 3356 3189 sed
3383 3149 3514 3190 non.

2017 3231 2145 3291 scis
2189 3232 2362 3290 unde
2403 3231 2648 3298 veniat,
2687 3238 2802 3289 aut
2845 3247 2967 3307 quo
3017 3228 3214 3287 vadat
3259 3234 3510 3302 ventuS,

2020 3327 2085 3391 id
2122 3334 2221 3389 est
2249 3333 2492 3389 certum
2525 3325 2736 3388 locum
2768 3324 2878 3387 ubi
2907 3323 3068 3386 flare
3097 3323 3378 3405 incipiat,
3413 3325 3512 3387 vel

2019 3426 2299 3489 desistat.
2341 3423 2487 3487 Haec
2532 3423 2844 3505 expositio
2892 3442 3020 3486 non
3060 3422 3308 3486 videtur
3348 3423 3516 3485 mul-

66 3543 367 3592 10011.u.
398 3521 665 3585 ducitur
716 3539 733 3584 ε
785 3518 849 3582 Si
900 3520 1151 3584 venerit
1195 3521 1275 3584 ad
1324 3539 1449 3596 me,
1501 3541 1629 3584 non
1679 3522 1909 3586 videbo
2019 3533 2153 3587 tum
2199 3522 2584 3586 conveniens
2627 3521 2769 3583 aliis
2805 3519 3062 3584 :Primo
3104 3527 3167 3581 et
3213 3519 3508 3598 maxime,

394 3639 595 3700 eum3
648 3627 713 3681 et
758 3619 813 3681 si
862 3620 1201 3682 recesserit
1244 3640 1283 3682 a
1328 3638 1453 3694 me,
1501 3639 1627 3683 non
1675 3620 1909 3683 intelli-

388 3737 567 3802 gam.
586 3718 721 3782 Imo
752 3718 970 3781 nullus
1002 3719 1205 3783 viator
1232 3719 1352 3782 scit
1381 3719 1909 3782 certitudinaliter

390 3817 649 3899 absque
706 3817 1117 3892 revelatione,
1167 3836 1249 3879 an
1308 3815 1583 3899 Spiritus
1640 3816 1905 3880 Sanctus

390 3915 580 3980 sitin
620 3917 765 3997 ipso
803 3933 918 3996 per
944 3915 1214 3996 gratiam
1250 3923 1502 3995 gratum
1538 3913 1900 3991 facientem,

388 4015 557 4098 quia
603 4021 757 4076 tunc
804 4013 997 4076 sciret
1044 4031 1113 4074 se
1161 4013 1426 4095 dignum
1472 4031 1708 4077 amore.
1760 4015 1905 4079 Ideo

380 4115 523 4178 hoc
568 4112 757 4175 modo
797 4109 1073 4193 Spiritus
1116 4109 1383 4173 Sanctus
1426 4111 1905 4195 imperceptibi-

2015 3621 2320 3703 quoniam
2352 3619 2636 3682 Christus
2675 3619 2796 3683 hoc
2825 3618 2962 3682 loco
3000 3617 3369 3699 frequenter
3399 3637 3514 3702 per

2017 3719 2338 3801 spiritum,
2375 3717 2688 3780 intellexit
2718 3715 3026 3799 Spiritum
3057 3715 3378 3792 Sanctum,
3411 3718 3512 3780 vel

2016 3816 2412 3900 spiritualem
2465 3815 2828 3878 essentiam.
2867 3814 3043 3877 Unde
3089 3832 3218 3878 non
3265 3821 3362 3878 est
3408 3834 3514 3879 ve-

2014 3915 2284 3978 risimile
2322 3914 2493 3995 quod
2537 3931 2708 3974 nunc
2745 3911 2814 3974 in
2853 3913 3076 3975 eodem
3118 3911 3276 3988 loce,
3311 3913 3514 3976 nomi-

2013 4034 2095 4078 ne
2135 4014 2423 4097 spirituS,
2459 4011 2746 4093 designet
2784 4029 2916 4073 rem
2953 4010 3364 4086 materialem,
3397 4029 3511 4074 seu

2016 4120 2292 4177 ventum.
2311 4111 2614 4184 Secundo,
2641 4109 2944 4191 quoniam
2975 4115 3166 4172 vento
3194 4126 3322 4171 non
3351 4127 3515 4173 com-

379 4212 547 4275 liter
604 4207 803 4283 venit,
856 4206 1585 4291 imperceptibiliterque
1641 4209 1898 4271 recedit.
1935 4211 1984 4272 D
2015 4209 2176 4291 petit
2237 4207 2494 4290 proprie
2552 4208 2864 4271 voluntas.
2918 4205 3148 4280 Tertio,
3209 4206 3514 4288 quoniam

378 4307 511 4372 Vel
562 4306 657 4369 sic
690 4324 705 4370 :
738 4305 973 4370 Vocem
1016 4307 1157 4388 ejus
1205 4306 1408 4382 audiS,
1452 4307 1563 4370 sed
1611 4325 1739 4370 non
1780 4308 1903 4370 scis

382 4407 573 4470 unde
612 4405 829 4470 veniat
866 4423 987 4469 vox
1029 4405 1170 4481 ista,
1202 4413 1313 4468 aut
1349 4424 1479 4488 quo
1518 4405 1703 4468 vadat
1740 4406 1899 4488 ipsa,

382 4506 467 4570 id
528 4511 647 4580 est,
708 4503 775 4567 id
830 4523 869 4566 a
922 4522 1053 4586 quo
1117 4503 1425 4587 inspirata
1482 4510 1597 4580 est,
1661 4503 1905 4567 scilicet

386 4601 805 4688 principium
851 4600 1015 4682 ejus,
1068 4603 1241 4683 quod
1288 4609 1386 4664 est
1430 4599 1705 4682 Spiritus
1754 4600 1906 4664 San-

382 4710 569 4776 ctuS,
605 4701 671 4764 id
718 4717 979 4782 quoque
1016 4701 1094 4762 ad
1137 4700 1311 4781 quod
1352 4700 1576 4775 tendit,
1611 4700 1907 4764 videlicet

380 4807 641 4867 aterna
692 4797 989 4873 felicitas,
1040 4816 1185 4881 quae
1241 4806 1338 4860 est
1380 4797 1536 4861 finis
1586 4799 1654 4862 in
1710 4816 1901 4881 quem

380 4897 610 4965 tendit
658 4915 773 4960 seu
820 4895 1153 4961 ordinatur
1199 4895 1545 4979 Scriptura,
1590 4906 1741 4960 sunt
1787 4897 1905 4961 tibi

384 5001 641 5081 ignota,
694 4995 999 5078 quoniam
1052 4995 1187 5059 sola
1231 4994 1364 5059 fide
1420 5003 1739 5071 tenentur,
1789 5015 1907 5060 nec

386 5103 679 5182 possunt
726 5094 795 5156 in
838 5094 959 5156 hac
999 5093 1127 5157 vita
1172 5094 1520 5157 secundum
1568 5095 1907 5158 essentiam

386 5193 582 5266 sciri,
642 5211 849 5274 quum
899 5199 1114 5256 tamen
1166 5211 1288 5256 vox
1345 5193 1465 5256 ista
1520 5193 1909 5257 sensibiliter

390 5290 827 5380 percipiatur.

2018 4312 2210 4370 vento
2251 4305 2508 4388 proprie
2539 4323 2665 4367 non
2696 4304 2995 4368 convenit
3023 4323 3166 4377 vox,
3200 4322 3401 4385 quum
3431 4305 3516 4368 sit

2014 4424 2113 4468 res
2166 4403 2530 4476 inanimata,
2574 4403 2684 4465 sed
2734 4421 2950 4466 sonus.
2990 4401 3242 4478 Quarto,
3283 4403 3514 4485 quoni-

2011 4523 2115 4566 am
2165 4502 2402 4565 scimus
2450 4501 2621 4583 quod
2662 4507 2888 4564 ventus
2929 4501 3106 4563 venit
3150 4500 3230 4563 ab
3269 4501 3514 4582 aquilo-

2014 4621 2115 4675 ne,
2153 4601 2252 4664 vel
2293 4607 2528 4670 austro,
2561 4605 2624 4660 et
2659 4606 2828 4661 recte
2858 4599 3176 4681 procedat,
3210 4617 3337 4662 non
3376 4606 3514 4662 ten-

2013 4703 2169 4764 dens
2219 4699 2286 4760 in
2337 4705 2580 4780 partem
2635 4697 3014 4780 oppositam.
3064 4697 3508 4760 Verumtamen

2014 4798 2135 4861 ista
2189 4796 2311 4859 tria
2363 4803 2736 4876 argumenta
2799 4795 2959 4859 solvi
3020 4803 3300 4878 possent,
3360 4797 3514 4879 quia

2012 4896 2342 4977 Scriptura
2377 4893 2749 4975 frequenter
2787 4894 3091 4956 adscribit
3122 4894 3510 4958 voluntatem

2016 4995 2208 5058 rebus
2249 4992 2634 5066 inanimatis,
2680 4999 2751 5054 ut
2788 5011 2990 5074 quum
3036 4991 3271 5056 dicitur
3309 4993 3377 5055 in
3412 4992 3512 5057 Jo-

2016 5111 2130 5157 sue
2165 5111 2178 5156 :
2213 5092 2372 5165 Quid
2415 5090 2538 5153 sibi
2583 5090 2810 5154 volunt
2850 5090 3091 5174 lapides
3132 5090 3283 5154 istit
3326 5089 3514 5155 Simi-
3539 5117 3806 5170 smum.

2016 5193 2163 5255 liter
2204 5207 2446 5266 vocem,
2482 5196 2551 5250 ut
2593 5207 2796 5271 quum
2837 5189 2916 5251 ad
2959 5188 3314 5254 Corinthios
3358 5190 3512 5256 dicit

2016 5289 2356 5372 Apostolus
2399 5306 2414 5351 :
2456 5287 2606 5361 Quae
2653 5286 2792 5350 sine
2839 5287 3053 5350 anima
3099 5295 3248 5352 sunt
3292 5308 3512 5356 vocem
3540 5325 3584 5368 7,

3561 5259 3699 5304 lCor.
3717 5273 3806 5312 nv,
