4300 6259
109 1572 344 1616 Ιο-ευιη.
373 1586 409 1615 x

82 2078 248 2123 leid.

215 2868 322 2924 35

1326 506 1674 555 ENARRATIO
1717 507 1780 553 m
1821 505 1961 554 cAP.
2003 506 2088 552 vn
2127 506 2405 553 JOANNIS.
2452 527 2533 539 —-
2572 508 2716 554 Aur.
2762 509 2845 555 XX

3512 466 3635 558 4'19

505 694 657 737 non
717 676 1106 741 invenerunt
1161 698 1310 741 eum
1369 680 1807 762 spiritualiter,
1871 698 2028 761 quo·
2058 678 2107 739 A
2139 679 2310 741 niam
2356 698 2469 761 per
2513 680 2780 743 verbum
2820 682 2898 743 de
2938 681 3233 762 praesenti
3273 681 3433 744 dixit
3466 700 3479 743 :
3514 680 3631 744 Ubi

503 773 702 837 niam
736 777 1242 857 magnitudinem
1283 779 1380 840 sui
1421 779 1661 862 peccati
1693 798 1822 861 quo
1855 778 2031 841 Chri-

505 878 701 933 stum
731 875 1125 951 occiderunt,
1161 886 1522 960 pensanteS,
1557 897 1683 941 non
1719 895 1864 940 vere
1895 895 2029 959 poe-

507 970 885 1047 nituerunt,
951 976 1061 1037 sed
1127 975 1499 1037 barathrum
1567 976 2026 1057 desperationis

505 1067 916 1133 inciderunt.
969 1108 1050 1118 —
1093 1072 1356 1136 Videtur
1403 1083 1616 1137 autem
1665 1074 1754 1136 sic
1801 1092 2030 1137 conve-

505 1166 784 1230 nienter
823 1188 1008 1251 posse
1047 1172 1280 1253 exponi
1318 1190 1333 1235 t
1368 1176 1677 1243 Quoeretis
1720 1194 1844 1242 me,
1885 1179 2028 1233 ante

509 1266 918 1347 passionem,
958 1278 1022 1331 et
1067 1278 1209 1352 post
1255 1272 1418 1333 hanc
1461 1268 1690 1345 vicem,
1731 1272 1809 1333 ad
1859 1270 2031 1353 capi-

507 1365 814 1447 endum3
859 1376 918 1426 ec
961 1389 1090 1429 non
1141 1370 1484 1431 invenietis
1533 1388 1634 1433 me
1689 1370 2032 1452 corporali-

511 1470 654 1538 ter,
699 1484 900 1546 usque
946 1468 1024 1528 ad
1069 1474 1342 1551 tempus.
1384 1468 1462 1531 Ut
1502 1469 1676 1531 enim
1717 1467 1886 1531 infra
1926 1468 2031 1530 ha·

415 1586 464 1623 ι,
511 1560 724 1624 betur
756 1582 770 1625 :
806 1562 1129 1648 Principes
1173 1568 1484 1630 dederunt
1524 1574 1935 1650 praeceptum,
1963 1575 2032 1629 ut

511 1662 579 1722 si
617 1661 766 1743 quis
795 1663 987 1725 sciret
1013 1664 1273 1727 ubinam
1305 1675 1472 1730 esset
1496 1666 1687 1738 JesuS‚
1709 1666 2025 1729 indicaret.

507 1759 620 1822 Ex
672 1780 801 1842 quo
852 1762 1128 1838 elicitur,
1180 1766 1353 1845 quod
1412 1784 1578 1848 saepe
1634 1766 2031 1847 quaesierunt

2137 796 2253 858 ego
2284 797 2449 853 sum,
2485 797 2595 841 vos
2636 797 2763 841 non
2806 778 3067 861 potestis
3109 779 3347 842 venire.
3385 780 3634 859 Ignora-

2137 876 2290 937 bant
2336 875 2549 957 itaque
2592 877 2748 957 quid
2793 877 3035 940 notavit
3076 896 3190 959 per
3233 877 3371 939 hoc.

2218 977 2301 1035 In
2331 977 2677 1036 novissimo
2709 986 2923 1037 autem
2953 978 3064 1036 die
3094 995 3352 1053 mamm,
3384 975 3504 1038 hoc
3536 983 3634 1038 est
3766 982 3837 1038 37

2141 1073 2415 1134 multum
2463 1073 2723 1147 celebri,
2758 1075 3137 1151 festivitatis
3176 1072 3635 1137 Tabernaculo-

2141 1191 2283 1233 rum
2334 1172 2620 1234 durantis
2671 1180 2915 1253 septem
2963 1171 3211 1245 diebuS,
3269 1180 3337 1233 ut
3393 1172 3633 1235 dictum
3688 1195 3924 1245 team...

2140 1277 2253 1330 est.
2307 1269 2553 1333 Primus
2603 1272 2774 1335 enim
2833 1278 2895 1333 et
2944 1270 3206 1332 ultimus
3255 1270 3391 1333 dies
3442 1270 3635 1351 hujus
3662 1261 3803 1365 “ibid
3846 1323 3925 1363 39,

2139 1367 2286 1429 festi
2352 1368 2604 1431 fuerant
2672 1370 3076 1434 celebriores,
3144 1373 3372 1432 Stabat
3426 1374 3632 1440 Iesus,
3663 1352 3927 1436 Numsmx}

2141 1475 2443 1549 tanquam
2484 1467 2901 1532 confirmatus
2944 1470 3010 1532 in
3056 1469 3243 1545 bono,
3276 1477 3523 1532 erectus
3569 1469 3634 1531 in
3668 1449 3819 1499 '²¹³⁵‘

2141 1566 2315 1627 omni
2362 1568 2616 1641 virtute,
2659 1574 2723 1629 et
2764 1576 3019 1649 paratus
3066 1567 3235 1629 ferre
3276 1567 3634 1629 subsidium

2142 1666 2388 1727 cunctis
2436 1668 2512 1728 ad
2563 1668 2775 1748 ipsum
2824 1666 3363 1747 confugientibuS.
3408 1666 3641 1729 Potest-

2142 1783 2269 1845 que
2299 1783 2414 1847 per
2444 1785 2624 1828 suam
2654 1766 3011 1838 stationem,
3046 1766 3395 1829 divinitatis
3435 1765 3638 1847 ipsius

508 1876 682 1921 eum
727 1861 805 1922 ad
852 1862 1260 1945 capiendum,
1296 1864 1404 1926 sed
1449 1884 1578 1927 non
1617 1865 2025 1929 invenerunt.
2067 1862 2114 1925 B
2144 1864 2602 1927 invariabilitas
2651 1865 2989 1946 designari.
3026 1868 3112 1927 Et
3159 1867 3502 1936 clamabat,
3542 1863 3638 1925 af-

610 1960 700 2019 Ec
739 1962 855 2021 ubi
897 1981 1010 2040 eqo
1056 1982 1204 2023 sum
1249 1981 1422 2025 nunc
1471 1965 1823 2026 secundum
1873 1963 2034 2027 divi-

515 2155 773 2235 Patris3
824 2159 948 2233 vel,
1001 2158 1119 2221 Ubi
1168 2179 1333 2236 sum,
1387 2160 1507 2225 hoc
1555 2169 1670 2235 est,
1726 2162 1836 2224 ubi
1892 2169 2035 2245 post

523 2254 896 2338 passionem
945 2276 1094 2321 mox
1150 2258 1258 2322 ibo
1315 2269 1380 2323 et
1425 2278 1554 2335 ero,
1611 2260 1908 2324 videlicet
1955 2260 2034 2322 ad

519 2356 860 2418 dexteram
918 2357 1072 2435 Dei;
1125 2379 1232 2419 vos
1286 2380 1413 2421 non
1466 2362 1730 2437 potestis
1789 2363 2030 2432 venire,

523 2462 798 2537 propter
854 2464 1112 2539 peccata
1170 2465 1398 2533 vestra,
1451 2458 1550 2521 vel
1610 2458 1868 2540 propria
1925 2478 2038 2541 po-

524 2562 794 2633 testate;
836 2562 1048 2617 tamen
1091 2574 1206 2637 per
1239 2556 1506 2638 gratiam
1547 2576 1777 2632 meam,
1812 2558 1865 2619 si
1912 2576 2038 2639 poe-

525 2652 872 2714 nitentiam
904 2672 1118 2716 veram
1149 2655 1426 2736 egeritis,
1460 2656 1729 2718 venietis
1765 2656 1940 2731 illuc,
1975 2662 2038 2717 et

530 2750 719 2813 eritis
763 2769 1036 2815 mecum.

621 2853 950 2912 Dia-erunt
986 2872 1135 2929 erqo
1162 2855 1406 2923 Judaei,
1445 2853 1565 2917 hoc
1616 2862 1712 2915 est
1759 2853 2035 2916 ministri

533 2946 851 3030 praedicti,
893 2956 956 3010 et
997 2949 1105 3010 alii
1145 2947 1308 3013 forte
1347 2950 1460 3032 qui
1502 2952 1784 3027 aderant,
1818 2956 1907 3012 ad
1947 2974 2040 3013 se-

2143 1962 2447 2039 t'ectuose‚
2499 1963 3023 2045 eloquentissime
3081 1982 3153 2025 ac
3212 1980 3433 2025 secure
3482 1980 3641 2045 prae-

283 2092 330 2129 ι,
363 2080 462 2121 na.
511 2057 816 2133 nitatem,
851 2059 1150 2123 videlicet
1179 2061 1246 2123 in
1279 2079 1532 2125 summo
1567 2063 1750 2138 coelo,
1786 2064 1852 2126 in
1885 2063 2030 2125 sinu
2144 2062 2433 2137 dicand0,
2484 2065 2703 2125 dicens
2747 2084 2772 2123 .·
2815 2064 2895 2125 Si
2942 2064 3087 2142 quis
3132 2062 3297 2134 sicit,
3350 2061 3471 2125 hoc
3518 2068 3635 2136 est,

2144 2160 2503 2241 spiritualia
2546 2161 2714 2224 bona
2754 2160 3088 2235 desiderat,
3119 2159 3386 2241 gratiam
3436 2159 3635 2242 cupit,

2141 2257 2387 2323 fluenta
2414 2260 2729 2335 doctrinae,
2750 2277 2983 2340 aquam
3014 2258 3343 2341 sapientiae
3369 2257 3635 2340 appetit.

2144 2358 2231 2420 De
2261 2378 2387 2439 qua
2424 2358 2530 2420 siti
2570 2358 2881 2441 scriptum
2922 2366 3018 2420 est
3048 2358 3115 2419 in
3149 2356 3587 2419 Ecclesiastico
3620 2374 3635 2420 τ

2146 2458 2391 2520 Animae
2434 2466 2659 2522 vestrae
2705 2458 2929 2519 sitiunt
2980 2457 3408 2519 vehementer.
3456 2456 3640 2538 Apud
3708 2479 3927 2529 gazzi...

2146 2557 2367 2619 isaiam
2397 2574 2657 2639 quoque
2684 2557 2773 2618 ait
2806 2575 2819 2619 ε
2854 2556 3084 2619 Omnes
3116 2554 3415 2631 sitienteS,
3430 2555 3642 2618 venite
3668 2546 3758 2649 ἦ.
3779 2618 3845 2657 μ’
3870 2608 3908 2649 ¹·

2147 2656 2227 2718 ad
2282 2675 2500 2737 aquas.
2545 2657 2770 2718 Veniat
2816 2658 2905 2716 ad
2955 2674 3053 2715 me
3098 2675 3121 2714 .·
3172 2672 3297 2717 non
3358 2653 3641 2736 corporis

2147 2772 2369 2835 gressu
2428 2756 2775 2829 dumtaxat,
2834 2754 2941 2815 sed
3002 2760 3065 2815 et
3119 2752 3353 2814 mentis
3413 2750 3640 2814 humili

2152 2854 2632 2936 praeparatione,
2685 2852 2977 2915 faciendo
3036 2853 3209 2933 quod
3266 2850 3330 2913 in
3390 2868 3458 2914 se
3506 2858 3641 2932 est3

2148 2952 2279 3015 fide
2336 2970 2595 3035 quoque
2662 2970 2787 3015 non
2848 2950 3183 3024 haesitanti,
3244 2957 3307 3012 et
3362 2949 3646 3013 oratione

531 3049 858 3124 metipso-3,
903 3047 966 3109 id
1015 3056 1113 3109 est
1159 3068 1325 3111 unus
1373 3051 1450 3112 ad
1497 3050 1719 3126 alium,
1766 3070 1890 3114 non
1941 3052 2040 3113 in-
2075 3054 2120 3118 C
2150 3051 2483 3114 constanti.
2528 3051 2703 3113 Unde
2752 3049 3065 3131 scriptum
3114 3057 3209 3112 est
3253 3049 3317 3110 in
3355 3048 3583 3112 Jacobo
3626 3066 3639 3111 ε

529 3144 898 3225 telligentes
957 3146 1152 3209 verba
1210 3148 1530 3228 praedicta,
1583 3151 1692 3212 sed
1751 3150 1916 3211 inter
1971 3168 2038 3211 se

529 3244 990 3325 conquirentes
1038 3248 1356 3326 quomodo
1413 3255 1626 3309 essent
1681 3248 2040 3329 intelligen-

530 3344 620 3405 da
664 3362 678 3405 ε
724 3345 860 3412 Quo
907 3344 1016 3403 hic
1061 3346 1280 3406 iturus
1325 3354 1432 3415 est,
1473 3348 1634 3427 quia
1679 3368 1808 3408 non
1859 3350 2039 3408 inve-

527 3444 796 3505 niemus
830 3444 1026 3503 eum?
1064 3443 1350 3506 Christus
1395 3452 1611 3526 aperte
1655 3445 1835 3520 dixit,
1867 3445 2038 3509 Vado

529 3542 618 3603 ad
660 3559 806 3602 eum
850 3540 963 3622 qui
1009 3558 1111 3603 me
1153 3541 1378 3606 misit:
1413 3551 1476 3605 et
1512 3550 1724 3606 tamen
1770 3564 1895 3608 non
1941 3545 2041 3606 in-

533 3639 925 3702 tellexerunt
982 3640 1154 3721 quod
1211 3641 1504 3722 praedixit
1553 3661 1621 3704 se
1672 3642 1910 3706 iturum
1958 3645 2036 3705 ad

532 3738 786 3801 Patrem
847 3737 1194 3801 coelestem.
1256 3742 1600 3819 Numquid
1660 3744 1734 3802 in
1789 3744 2040 3819 disper-

529 3840 781 3899 sionem
838 3839 1135 3916 yentium
1193 3840 1412 3900 iturus
1467 3849 1580 3907 est,
1635 3840 1753 3903 hoe
1810 3850 1906 3904 est
1961 3842 2039 3903 ad

529 3944 760 4019 gentes
805 3936 1048 4017 ubique
1091 3936 1430 4019 dispersaS,
1473 3945 1536 3999 et
1577 3956 1688 4020 per
1726 3948 1925 4003 sectas
1967 3959 2039 4002 ac

532 4036 682 4099 loca
736 4034 1025 4096 divisas?
1084 4034 1186 4096 Sic
1244 4034 1417 4097 enim
1477 4037 2042 4118 contemptibiliter

533 4133 971 4214 loquebantur
1018 4134 1097 4195 de
1140 4134 1512 4214 gentilibuS,
1553 4155 1713 4217 quos
1764 4138 2038 4200 multum

2149 3149 2211 3212 Si
2268 3150 2413 3231 quis
2454 3157 2734 3212 vestrum
2782 3148 3024 3227 indiget
3067 3148 3396 3230 sapientia,
3432 3155 3647 3228 postu·
3669 3166 3937 3217 :aeva-,sa

2147 3250 2234 3311 let
2276 3268 2313 3311 a
2356 3248 2501 3322 Dec,
2541 3247 2653 3329 qui
2700 3248 2806 3310 dat
2845 3246 3144 3309 omnibus
3186 3245 3550 3320 affluenter,
3582 3253 3647 3307 et

2149 3348 2404 3411 dabitur
2442 3347 2544 3427 ei3
2588 3346 2865 3428 postulet
2912 3353 3124 3408 autem
3176 3344 3242 3408 in
3286 3344 3438 3420 fide,
3482 3344 3643 3407 nihil

2148 3448 2467 3511 haesitans.
2501 3446 2645 3509 ideo
2676 3445 2973 3507 subditur
3008 3463 3021 3507 :
3054 3454 3114 3505 et
3144 3445 3342 3513 bibat,
3375 3444 3494 3507 hoc
3524 3450 3640 3519 est,

2149 3545 2563 3609 desideratam
2607 3542 2873 3624 gratiam
2919 3542 3188 3617 hauriat,
3229 3542 3647 3625 spiritualiter

2149 3652 2470 3707 recreetur
2536 3650 2600 3704 et
2666 3641 3077 3721 refrigeretur
3140 3660 3177 3703 a
3241 3658 3365 3703 me.
3427 3639 3644 3703 Omnis
3689 3654 3936 3706 nattam,

2148 3745 2393 3827 quippe
2449 3742 2558 3824 qui
2620 3740 2799 3823 petit,
2850 3740 3104 3823 accipit.
3156 3740 3415 3822 Propter
3471 3740 3644 3821 quod
3672 3720 3713 3761 ⁸·

2150 3846 2216 3907 in
2262 3840 2639 3926 Apocalypsi
2690 3840 2924 3902 dicitur
2966 3859 2980 3902 :
3025 3838 3141 3912 Qui
3192 3839 3344 3912 sitit,
3388 3839 3642 3918 veniat3
3694 3853 3938 3908 Apoe.xm‚

2150 3951 2213 4005 et
2264 3942 2377 4023 qui
2429 3941 2583 4015 vult,
2634 3938 2903 4021 accipiat
2950 3956 3182 4019 aquam
3230 3937 3375 3999 vitae
3422 3938 3640 4017 gratis,
3681 3916 3743 3957 ¹⁷·

2149 4040 2547 4120 Quicumque
2577 4056 2726 4119 ergo
2755 4036 3201 4100 moestificatus
3236 4036 3472 4117 indiget
3500 4053 3650 4099 con-

2152 4140 2479 4211 solatione,
2531 4138 2643 4219 qui
2693 4136 2991 4217 fatigatus
3044 4136 3285 4217 indiget
3342 4134 3651 4198 conforta-

535 4232 953 4315 spernebant‚
987 4242 1248 4316 propter
1281 4241 1538 4315 peccata
1575 4252 1818 4304 eorum,
1843 4244 1905 4297 et
1941 4237 2043 4298 de-
2074 4244 2123 4305 D
2153 4238 2346 4311 tione,
2380 4237 2492 4318 qui
2535 4235 2877 4298 tribulatus
2926 4234 3168 4315 indiget
3204 4234 3647 4307 subventione,

535 4330 886 4394 lectionem
943 4350 1122 4394 suam
1180 4350 1254 4394 ac
1314 4340 1568 4415 patrum
1619 4353 1903 4397 suorum.
1959 4338 2044 4397 Ee

537 4433 854 4492 docturus
883 4439 1128 4509 yentes,
1159 4431 1459 4494 videlicet
1494 4433 1904 4515 corporaliter
1947 4452 2048 4495 re-

539 4546 846 4593 cessurus
887 4547 926 4590 a
969 4528 1201 4605 Judaea,
1243 4538 1306 4591 et
1348 4540 1839 4611 congregaturus
1884 4533 2048 4594 mul-

540 4636 648 4693 tos
694 4627 1046 4709 discipulos
1093 4646 1171 4691 ex
1215 4629 1536 4710 gentibus.
1579 4632 1738 4700 Quis
1773 4640 1888 4702 est,
1928 4632 2048 4695 hoc

539 4734 666 4801 est,
716 4728 1038 4808 quomodo
1096 4727 1548 4809 intelligendus
1603 4736 1718 4803 est,
1771 4732 1877 4791 hic
1921 4752 2050 4791 ser-

537 4845 651 4887 mo
698 4846 889 4905 quem
941 4828 1120 4889 dia-it
1169 4848 1193 4887 .·
1247 4830 1558 4895 Quaeretis
1615 4849 1738 4900 me,
1795 4839 1855 4890 et
1917 4850 2049 4891 reon

535 4926 898 4987 invenietis
915 4948 944 4997 ,⁰
979 4936 1038 4986 et
1086 4927 1201 4986 ubi
1245 4947 1392 4987 sum
1436 4946 1565 5003 eqo,
1608 4946 1715 4987 vos
1762 4948 1886 4989 non
1935 4949 2051 5006 po-

539 5025 723 5086 testis
754 5025 1026 5085 venire?
1064 5023 1190 5087 Hoc
1235 5024 1496 5088 forsitan
1544 5025 1936 5107 repetebant,
1971 5028 2048 5089 ad

537 5121 950 5187 innuendum
1001 5122 1173 5204 quod
1221 5123 1574 5185 secundum
1622 5141 1844 5187 eorum
1888 5126 2052 5189 aesti-

539 5220 920 5296 mationem,
954 5220 1150 5285 verba
1190 5221 1422 5284 Christi
1466 5239 1592 5286 non
1639 5231 1820 5285 erant
1865 5224 2053 5286 intel-

539 5320 807 5402 ligenda
853 5320 934 5382 de
983 5336 1235 5383 recessu
1285 5320 1426 5402 ejus
1473 5322 1553 5384 ad
1599 5328 1842 5403 genteS‚
1892 5341 2051 5404 quo-

2158 4343 2439 4399 recurrat
2476 4335 2720 4415 integra
2767 4332 2897 4396 fide
2940 4352 3012 4395 ac
3052 4332 3279 4394 humili
3322 4339 3531 4393 mente
3572 4331 3652 4393 ad

2157 4434 2499 4507 Christum,
2536 4452 2660 4495 non
2711 4449 2964 4494 cessans
3013 4449 3268 4514 sperare
3323 4430 3387 4491 in
3438 4448 3534 4506 eo,
3590 4436 3655 4492 et

2160 4532 2381 4616 procul
2414 4531 2610 4594 dubio
2638 4529 2951 4591 auxilium
2982 4529 3292 4591 sortietur.
3317 4528 3456 4611 lpse
3485 4527 3655 4590 enim

2161 4632 2491 4695 verissime
2519 4631 2644 4693 ait:
2679 4628 2901 4690 Venite
2930 4628 3006 4689 ad
3039 4646 3161 4701 me,
3182 4644 3403 4691 omnes
3432 4626 3544 4708 qui
3576 4626 3655 4688 la·
3704 4634 3947 4685 mamm.

2160 4730 2396 4794 boratis
2426 4737 2488 4791 et
2517 4727 2754 4792 onerati
2788 4726 2956 4800 estiS,
2972 4733 3036 4787 et
3061 4744 3176 4807 ego
3208 4723 3492 4787 reficiam
3523 4744 3649 4788 vos·
3683 4701 3751 4743 ²⁸·

2242 4830 2370 4899 Qui
2396 4830 2601 4888 credit
2630 4828 2704 4886 in
2740 4846 2835 4887 me
2873 4823 3002 4887 fide
3034 4820 3300 4887 formata
3337 4841 3409 4884 ac
3442 4822 3652 4903 plena.
3788 4824 3861 4881 38

2159 4927 2469 5009 Loquitur
2515 4932 2728 4987 autem
2778 4923 3064 4987 Christus
3117 4923 3193 4984 ad
3253 4921 3529 4983 litteram
3582 4921 3659 4982 de

2163 5027 2261 5089 his
2309 5026 2421 5107 qui
2468 5044 2583 5087 suo
2627 5021 2989 5104 magisterio
3032 5020 3344 5083 stabiliter
3385 5020 3661 5083 adhaere-

2162 5126 2316 5189 bant
2354 5142 2559 5205 usque
2606 5123 2680 5183 ad
2729 5120 3085 5204 passionem
3126 5127 3186 5180 et
3223 5118 3657 5192 Pentecosten,

2162 5224 2329 5287 sicut
2387 5220 2645 5303 patebit.
2706 5220 2896 5281 Sicut
2950 5219 3113 5277 dicit
3168 5218 3541 5293 Scriptura,
3594 5214 3661 5277 in
3711 5274 3719 5279 .

2162 5318 2533 5398 Proverbiis
2554 5324 2866 5400 quantum
2894 5316 2973 5379 ad
3002 5332 3279 5390 sensum,
3308 5332 3433 5378 non
3466 5332 3664 5395 quan·
3690 5334 3953 5388 emaus.
