4300 6259
876 479 996 544 320

1691 490 2040 540 ENARRA'rlo
2082 489 2145 535 IN
2187 488 2328 536 cAP.
2375 487 2420 534 ΙΙ
2460 487 2736 534 ΙΟΔΝΝΙΒ.
2777 506 2858 516 -
2899 488 3042 535 ΛΒΤ.
3088 486 3173 533 vn

878 671 1187 744 templum
1234 670 1371 739 hoc,
1421 667 1487 730 id
1534 673 1650 740 est,
1702 672 1972 728 mortem
2024 661 2368 725 violentam
2397 658 2450 721 A
2477 676 2674 738 gnum
2710 677 2725 722 :
2759 657 2919 722 Ecce
2959 658 3136 740 virgo
3183 657 3500 740 concipiet
3536 663 3599 718 et
3645 655 3848 738 pariet
3891 653 3968 716 ri-

872 765 1033 826 mihi
1083 764 1435 838 inferendo,
1484 763 1763 838 solvetiS,
1815 761 2137 833 occidetis,
2188 757 2372 820 dissi-

872 863 1128 945 pabitis,
1183 870 1245 926 et
1291 882 1328 925 a
1376 862 1772 925 naturalibus
1820 858 2139 941 juncturis
2191 874 2372 938 sepa-

872 962 1093 1024 rabitis
1139 981 1370 1045 corpus
1416 979 1652 1034 meum,
1696 959 1866 1041 quod
1910 965 2005 1019 est
2054 955 2368 1037 templum

874 1061 1059 1123 Verbi
1106 1063 1170 1123 in
1215 1079 1290 1124 eo
1332 1060 1698 1123 habitantis.
1740 1059 1809 1120 ln
1855 1056 2147 1140 passione
2197 1054 2370 1116 enim

875 1161 1155 1223 solutum
1186 1168 1283 1222 est
1312 1178 1541 1242 corpus
1574 1157 1803 1222 Christi
1835 1156 1913 1218 ab
1954 1155 2168 1217 anima
2204 1152 2366 1233 ejus,

874 1265 937 1320 et
967 1259 1221 1339 sanguis
1251 1278 1289 1320 a
1316 1275 1596 1340 corpore,
1616 1256 2037 1335 universaque
2064 1251 2373 1315 membro-

877 1377 1018 1419 rum
1060 1375 1364 1439 compago
1408 1375 1537 1438 prae
1578 1353 1775 1417 nimia
1813 1352 2095 1435 corporis
2136 1352 2374 1413 disten-

880 1456 1051 1520 tione
1087 1456 1293 1518 soluta
1329 1463 1445 1517 est.
1479 1454 1738 1536 Propter
1774 1452 1945 1533 quod
1986 1451 2071 1514 ait
2110 1451 2177 1512 in
2213 1449 2374 1511 Psal-

589 1581 848 1630 Pe.m.¹⁵.
882 1573 986 1617 mo
1021 1574 1033 1617 :
1066 1553 1241 1617 Sicut
1278 1573 1445 1636 aqua
1482 1552 1728 1614 effusus
1772 1570 1938 1625 sum,
1982 1556 2045 1611 et
2088 1549 2373 1631 dispersa

617 1681 824 1726 mans.
883 1661 1033 1716 sunt
1078 1653 1291 1717 omnia
1347 1671 1485 1715 ossa
1544 1669 1724 1730 mea3
1775 1657 1839 1712 et
1887 1668 2128 1724 rursuS,
2182 1647 2375 1710 Dinu-

882 1760 1289 1814 meraverunt
1330 1750 1545 1815 omnia
1587 1768 1728 1812 ossa
1766 1767 1925 1810 mea.
1960 1747 2170 1820 Porro,
2203 1748 2372 1827 quod

2480 756 2660 818 lium.
4244 813 4245 818 ,

2557 857 2888 917 Βίωθναηι
2928 876 3076 934 erqo
3113 857 3330 917 Judaei
3379 854 3714 917 irridentes
3760 860 3822 914 et
3867 871 3967 914 re·
4089 852 4153 906 2⁰
4244 841 4245 888 3

2482 955 2788 1034 darguere
2855 955 3186 1037 cupientes
3256 953 3448 1016 verba
3514 951 3768 1025 Christi,
3827 969 3970 1032 quae

2481 1052 2816 1114 carnaliter
2855 1053 3308 1115 intellexerunt
3343 1053 3421 1114 de
3459 1050 3700 1132 templo
3737 1049 3846 1112 illo
3884 1049 3972 1111 la-

2481 1151 2688 1232 pideo,
2732 1151 3078 1214 inanimato
3125 1159 3188 1213 et
3229 1148 3590 1212 manufacto
3625 1168 3639 1212 :
3677 1151 3972 1218 Quadra·

2473 1251 2663 1326 qima
2711 1259 2770 1309 et
2821 1269 2934 1310 sex
2989 1251 3186 1310 annis
3232 1251 3632 1326 aedificatum
3679 1257 3770 1307 est
3823 1257 3972 1306 tem-

2471 1351 2663 1425 plum
2720 1349 2834 1408 hoc
2890 1348 3265 1422 secundum,
3327 1366 3364 1409 a
3419 1346 3722 1408 Nehemia
3780 1351 3972 1425 atque
4023 1362 4245 1406 issam*

2484 1445 2845 1520 Zorobabel,
2899 1446 3427 1529 prophetantibus
3483 1445 3709 1526 Aggaeo
3756 1451 3817 1505 et
3864 1443 3973 1504 Za-
3999 1426 4218 1535 ξδζῖᾖ

2483 1544 2717 1606 charia.
2755 1545 3088 1626 Templum
3121 1563 3270 1608 vero
3310 1544 3590 1626 primum
3623 1563 3662 1605 a
3697 1542 3974 1606 Salomo—

2484 1661 2564 1705 ne
2611 1651 3068 1716 constructum,
3111 1644 3276 1705 intra
3323 1650 3566 1724 septem
3603 1660 3803 1705 annos
3850 1640 3976 1702 fuit
4015 1659 4245 1714 maan„

2482 1742 2891 1825 completum.
2927 1742 3130 1804 Verba
3159 1760 3308 1805 vero
3341 1748 3633 1824 praetacta
3671 1760 3796 1804 non
3827 1748 3976 1802 sunt
4003 1725 4066 1764 ³⁸·

881 1851 969 1913 ait
997 1850 1304 1930 Salvator,
1333 1848 1591 1923 Solvite,
1624 1867 1750 1911 non
1792 1846 1947 1909 dicit
1982 1846 2373 1908 exhortando
2409 1849 2455 1910 B
2485 1841 2576 1903 sic
2624 1840 3055 1922 intelligenda,
3098 1842 3268 1922 quod
3315 1840 3510 1903 Judaei
3561 1840 3978 1921 quadraginta

882 1958 946 2012 et
984 1948 1367 2011 licentiando
1406 1946 1589 2028 quasi
1634 1963 1769 2007 rem
1807 1944 2040 2008 bonam
2079 1961 2156 2005 ex
2197 1951 2375 2026 parte

881 2047 1276 2121 facientium,
1335 2045 1487 2127 quia
1554 2044 1904 2106 maximum
1962 2051 2096 2104 erat
2158 2059 2374 2125 peeca-

881 2155 1061 2227 tum3
1113 2146 1223 2208 sed
1282 2143 1787 2228 praenuntiando,
1838 2142 2158 2223 quomodo
2213 2141 2375 2203 dixit

605 2269 759 2314 ,ταωνι
773 2280 853 2317 xm,
881 2246 959 2308 ad
985 2245 1207 2307 Judam
1248 2243 1314 2305 in
1356 2243 1565 2316 Coena,
1597 2240 1770 2313 Quod
1814 2238 1991 2314 saciS,
2023 2238 2123 2302 fac
2160 2239 2370 2302 citius.

590 2335 658 2377 ²⁷·
884 2342 1124 2404 Dicitur
1183 2349 1393 2403 autem
1457 2358 1689 2420 eorpus
1748 2337 1979 2401 Christi
2042 2345 2107 2399 et
2162 2337 2376 2399 anima

881 2441 1043 2522 ejus,
1098 2459 1211 2502 seu
1268 2446 1395 2502 tota
1453 2457 1568 2499 sua
1624 2436 2007 2511 humanitaS,
2059 2436 2372 2517 templum

880 2539 1065 2602 Verbi
1110 2546 1172 2600 θῖ
1212 2538 1404 2600 unitae
1437 2535 1695 2598 Deitatis
1738 2554 1751 2598 :
1794 2534 2024 2609 Primo,
2067 2534 2372 2615 quoniam

884 2637 1155 2700 Verbum
1201 2636 1325 2698 suit
1368 2635 1433 2697 in
1478 2635 1569 2696 eis
1615 2652 1727 2716 per
1770 2633 2199 2695 immediatam
2241 2651 2375 2714 per-

863 2725 1291 2816 sonalemque
1348 2734 1650 2797 unionem
1714 2750 1728 2794 ε
1792 2732 1962 2794 unde
2019 2731 2371 2793 secundum

591 2853 851 2906 eotenus.
879 2835 1274 2918 Apostolum,
1308 2833 1374 2894 in
1421 2832 1667 2896 Christo
1708 2831 1948 2893 habitat
1990 2830 2198 2894 omnis
2241 2830 2376 2911 ple-

883 2934 1104 2996 nitudo
1159 2932 1515 2996 Divinitatis
1574 2929 2003 3011 corporaliter.
2056 2929 2368 3002 Secundo,

2482 1947 2544 2002 et
2593 1958 2702 2002 sex
2749 1940 2934 2002 annis
2984 1940 3284 2002 continue
3329 1939 3802 2002 fabricaverunt
3859 1939 3978 2001 hoc

2481 2038 2817 2120 templum,
2871 2040 2978 2101 sed
3037 2039 3188 2120 quia
3237 2057 3274 2100 a
3331 2045 3614 2120 tempore
3671 2056 3800 2119 quo
3853 2055 3982 2099 θω-

2485 2145 2737 2219 perum,
2801 2154 3003 2218 usque
3060 2137 3140 2199 ad
3201 2137 3424 2219 templi
3485 2136 3980 2200 consummatio-

2484 2255 2646 2309 nem,
2679 2235 3009 2297 fluxerunt
3047 2243 3137 2298 tot
3171 2235 3345 2297 anni.
3380 2235 3502 2298 Sed
3550 2235 3806 2297 interim
3853 2233 3982 2295 fre-

2482 2341 2752 2416 quenter
2795 2334 3294 2408 retardabantur,
3337 2342 3400 2396 et
3437 2352 3604 2416 saepe
3645 2333 3980 2396 cessabant

2481 2433 2558 2495 ad
2611 2440 2863 2514 tempus
2913 2432 2992 2494 ab
3045 2431 3464 2496 aedil'icatione
3513 2432 3785 2514 incepta,
3832 2451 3980 2513 pro-

2484 2540 2622 2613 pter
2661 2531 2930 2612 gentiles
2962 2531 3202 2594 vicinos
3243 2539 3306 2593 θῖ
3343 2530 3840 2613 prohibitionem
3885 2547 3982 2591 re-
4019 2547 4222 2592 imm.

2480 2630 2599 2711 giS,
2623 2637 2690 2691 ut
2721 2637 2890 2710 patet
2920 2630 2984 2691 in
3017 2629 3182 2692 libro
3209 2628 3443 2692 Esdrae.
3463 2629 3512 2690 A
3544 2628 3982 2711 primo'siqui-
4009 2647 4220 2692 totam-2.

2483 2729 2626 2791 dem
2669 2747 2833 2790 anno
2875 2728 3015 2810 Cyri
3063 2728 3226 2809 regis
3271 2727 3616 2800 Persarum,
3650 2727 3758 2809 qui
3804 2727 3981 2790 dedit

2478 2827 2708 2890 Judaeis
2766 2827 3086 2890 licentiam
3136 2846 3173 2888 a
3218 2826 3557 2910 Babylonia
3618 2826 3979 2890 revertendi

2482 2932 2545 2988 et
2585 2925 2898 3007 templum
2937 2924 3320 3005 aedisicandi,
3365 2943 3568 3006 usque
3603 2925 3683 2987 ad
3723 2935 3976 2986 sextum
4007 2945 4220 2989 mmm-2

879 3033 1183 3114 quoniam
1225 3029 1533 3093 habitavit
1574 3029 1641 3091 in
1687 3029 1777 3090 eis
1821 3047 1936 3111 per
1976 3027 2375 3090 excellentis·
2409 3028 2452 3090 C
2479 3043 2721 3086 annum
2761 3023 2926 3086 Darii
2961 3025 3146 3105 regis,
3180 3025 3434 3105 quando
3464 3033 3980 3087 consummatum

878 3132 1103 3194 simam
1134 3130 1422 3212 gratiam.
1458 3128 1686 3201 Tertio,
1720 3127 2025 3208 quoniam
2063 3126 2373 3188 habitavit

880 3230 944 3291 in
992 3229 1205 3291 anima
1262 3226 1493 3291 Christi
1553 3243 1667 3308 per
1714 3224 2086 3288 fruitionem
2135 3225 2371 3287 claram

875 3347 948 3390 ac
990 3325 1374 3389 beatificam.
1416 3324 1666 3398 Quarto,
1708 3323 1861 3404 quia
1904 3323 2069 3386 sicut
2108 3323 2173 3384 in
2217 3331 2373 3384 tem-

878 3426 985 3508 plo
1044 3423 1351 3487 materiali
1408 3423 1724 3486 orationes
1771 3421 2037 3485 Domino
2088 3420 2372 3484 offerun-

874 3532 1001 3598 tur,
1047 3531 1110 3585 et
1147 3522 1225 3584 ab
1276 3522 1416 3604 ipso
1465 3520 1943 3599 exaudiuntur3
1996 3519 2090 3581 sic
2149 3537 2369 3599 preces

876 3621 1171 3684 Ecclesiae
1230 3621 1642 3704 porriguntur
1699 3619 1822 3680 Deo
1880 3618 1945 3679 in
2006 3617 2252 3681 Christo
2309 3625 2372 3680 et

877 3739 991 3802 per
1048 3720 1389 3794 Christum,
1444 3737 1556 3800 per
1612 3735 1805 3798 quem
1865 3717 2053 3779 etiam
2112 3717 2372 3779 exaudi-

876 3827 1093 3882 untur.
1142 3823 1227 3880 Ec
1274 3822 1347 3880 in
1397 3819 1603 3879 tribus
1647 3818 1899 3886 diebm,
1950 3815 2012 3877 id
2061 3822 2156 3877 est
2205 3816 2370 3878 intra

873 3925 1003 3980 tres
1060 3918 1194 3980 dies
1252 3916 1591 3990 naturaleS‚
1645 3914 1941 3978 videlieet
1999 3913 2184 3976 tertia
2242 3914 2365 3988 die,

877 4024 1137 4099 repente
1176 4017 1483 4086 θωσίεαὸο,
1528 4015 1589 4076 id
1634 4021 1749 4087 est,
1791 4032 1828 4074 a
1868 4021 2071 4075 morte
2114 4012 2372 4074 suseita-

876 4115 981 4190 bo,
1016 4117 1213 4184 illud,
1252 4115 1530 4177 animam
1560 4112 1618 4175 ei
1656 4112 2026 4175 reuniendo.
2060 4111 2369 4174 Divinitas

2481 3130 2575 3184 est
2621 3122 2955 3203 templum,
3010 3122 3306 3202 leguntur
3362 3122 3512 3184 anni
3561 3123 3982 3203 quadraginta

2480 3239 2588 3284 sex
2627 3220 2908 3283 fluxisse.
2946 3220 3021 3282 Et
3059 3229 3268 3284 tamen
3311 3241 3436 3284 non
3477 3229 3574 3283 est
3609 3239 3840 3302 magna
3885 3221 3981 3283 vis

2481 3319 2856 3383 verificandi
2887 3320 3021 3382 haec
3053 3319 3244 3384 verba
3271 3320 3640 3395 Judaeorum,
3675 3321 3786 3402 qui
3817 3321 3984 3382 mul-

2480 3425 2542 3480 ta
2590 3417 2748 3481 salsa
2801 3418 3100 3481 dixerunt
3150 3420 3470 3499 arguendo
3525 3426 3741 3482 eontra
3795 3419 3982 3481 Chri·

2481 3523 2672 3578 stum.
2699 3520 2782 3578 Et
2818 3527 2888 3578 tu
2927 3519 3000 3578 in
3043 3519 3247 3578 tribus
3288 3519 3512 3578 diebus
3549 3519 3884 3585 mombis,
3916 3518 3982 3579 id

2480 3623 2596 3688 est,
2631 3616 2910 3680 solutum
2951 3634 3064 3678 seu
3102 3615 3478 3697 dissipatum
3522 3615 3872 3698 reparabis,
3909 3619 3984 3676 il-

2481 3716 2640 3775 lud?
2668 3713 2850 3796 quasi
2882 3714 3094 3776 dicant
3118 3733 3132 3777 ε
3157 3713 3283 3777 Hoc
3315 3714 3429 3776 tibi
3464 3714 3864 3796 impossibile
3893 3733 3984 3777 es-

2480 3821 2594 3888 set,
2646 3832 2847 3893 quum
2900 3813 3124 3875 domus
3169 3813 3302 3876 haec
3339 3813 3422 3874 sit
3469 3820 3641 3875 tanto
3691 3821 3982 3895 tempore

2477 3910 2854 3973 fabrisieata.
2890 3910 3143 3974 Certum
3183 3919 3299 3984 est,
3343 3911 3395 3972 si
3435 3910 3721 3974 Christus
3757 3921 3982 3994 aperte

2478 4009 2760 4084 dixisset,
2813 4009 2879 4071 In
2930 4009 3135 4071 tribus
3179 4009 3404 4072 diebus
3453 4027 3800 4091 resurgam,
3854 4013 3977 4086 vel,

2477 4108 2886 4171 Resuscitabo
2929 4126 3160 4190 eorpus
3201 4125 3435 4182 meum,
3468 4109 3639 4189 quod
3679 4127 3806 4172 non
3845 4129 3981 4172 cre-

877 4212 1047 4274 enim
1079 4212 1312 4274 mansit
1342 4230 1595 4293 semper
1629 4210 1805 4272 unita
1844 4209 2094 4292 corpori
2134 4203 2198 4272 et
2233 4210 2372 4272 ani·
2399 4212 2449 4274 D
2480 4207 2806 4280 didissent‚
2854 4207 2964 4269 sed
3007 4206 3397 4269 derisissent.

878 4330 999 4374 mae
1041 4311 1294 4374 Christi.

983 4408 1089 4471 His
1147 4409 1358 4472 verbis
1418 4407 1696 4471 ostendit
1757 4425 1825 4469 se
1882 4406 2170 4469 Christus
2231 4425 2370 4470 esse

878 4507 1073 4570 Deum
1130 4507 1652 4589 omnipotentem,
1714 4505 1819 4567 eui
1877 4505 2091 4567 omnia
2126 4504 2365 4566 licent.

875 4604 1029 4668 Nam
1077 4624 1144 4668 se
1193 4605 1403 4688 ipsum
1462 4605 1835 4666 resuscitare
1883 4622 1918 4664 a
1966 4611 2190 4678 morte,
2243 4623 2368 4666 non

876 4705 1180 4786 competit
1221 4703 1344 4766 nisi
1388 4703 1513 4766 Deo
1561 4703 1809 4765 mortali
1855 4708 2077 4763 natura
2120 4701 2366 4766 induto.

874 4800 1090 4864 Merito
1136 4810 1349 4864 autem
1408 4800 1747 4883 perversis,
1801 4799 2109 4861 induratis
2171 4798 2374 4861 incre-

876 4900 1172 4981 dulisque
1198 4899 1451 4972 Judaeis,
1486 4901 1671 4961 datur
1708 4898 1963 4978 signum
2001 4897 2368 4972 obscurum,

877 4998 1429 5061 rememorativum
1498 4996 1821 5078 praeteriti,
1885 4996 2051 5059 sicut
2110 5003 2172 5057 et
2240 4996 2373 5076 regi

877 5094 1081 5158 Aehaz
1130 5095 1398 5176 ejusque
1438 5094 1675 5177 populo
1725 5095 1940 5156 datum
1983 5101 2077 5154 est
2118 5093 2373 5174 signum

878 5193 1109 5257 futurae
1146 5193 1619 5268 incarnationiS,
1658 5201 1727 5255 ut
1762 5192 1824 5255 in
1856 5191 2013 5254 lsaia
2050 5191 2322 5254 habetur
2355 5209 2368 5254 ε

597 5310 663 5356 ιε.
688 5313 848 5364 mu.
880 5291 1137 5374 Propter
1177 5293 1296 5356 hoc
1336 5292 1511 5355 dabit
1547 5291 1850 5356 Dominus
1890 5291 2028 5374 ipse
2071 5290 2250 5355 vobis
2291 5290 2376 5352 si-

2558 4309 2682 4366 Ille
2727 4313 2944 4365 autem
2989 4306 3262 4378 dicebat,
3317 4305 3380 4366 id
3427 4310 3544 4376 est,
3587 4304 3766 4367 Jesus
3821 4325 3982 4388 prae-
4099 4312 4154 4366 21

2480 4404 2648 4466 dicta
2689 4402 2878 4466 verba
2929 4402 3262 4476 intellexit,
3305 4405 3384 4464 de
3425 4407 3655 4480 templo
3692 4407 3981 4482 corporis

2477 4505 2608 4570 sui,
2653 4502 2716 4564 id
2755 4509 2849 4563 est
2888 4502 2964 4563 de
3009 4518 3271 4583 corpore
3320 4501 3600 4584 proprio,
3643 4503 3818 4583 quod
3859 4503 3981 4565 fuit

2485 4600 2794 4681 templum
2824 4599 3203 4663 Divinitatis.
3236 4598 3411 4671 Quod
3440 4599 3636 4681 igitur
3662 4601 3753 4662 ait
3783 4600 3984 4666 Evan-

2478 4699 2724 4781 gelista,
2753 4698 2835 4760 De
2863 4698 3102 4780 templo
3131 4698 3413 4780 eorporis
3446 4698 3566 4774 sui,
3595 4701 3978 4762 sumendum

2481 4805 2577 4860 est
2625 4796 3045 4871 intransitive,
3100 4797 3264 4858 sicut
3309 4798 3386 4859 ad
3437 4796 3840 4860 Colossenses
3888 4799 3980 4860 di-

2481 4896 2568 4959 cit
2624 4895 2983 4976 ApostoluS,
3045 4894 3114 4957 ln
3177 4894 3634 4976 exspoliatione
3691 4897 3978 4978 corporis
4033 4912 4214 4956 cama.

2482 4993 2712 5068 carniS,
2748 4994 2867 5055 hoe
2905 5001 3001 5055 est
3039 4993 3322 5075 corporis
3356 4995 3529 5074 quod
3563 5001 3661 5056 est
3697 5013 3866 5058 earo.
3903 5030 3976 5040 —
4005 4979 4063 5018 ¹¹·

2482 5091 2625 5156 Haee
2665 5091 2857 5156 verba
2900 5091 3151 5154 Domini
3187 5091 3356 5166 Jesu,
3399 5099 3741 5154 tenuerunt
3778 5093 3976 5155 Judaei

2485 5190 2871 5265 memoriter,
2922 5197 3226 5271 tanquam
3283 5189 3442 5251 falsa
3490 5190 3752 5272 prolata.
3805 5191 3982 5254 Unde

2484 5297 2546 5351 et
2585 5290 2650 5351 in
2692 5297 2875 5353 noete
2913 5288 3248 5371 passioniS,
3291 5295 3617 5370 surgentes
3668 5289 3798 5353 duo
3835 5289 3980 5352 falsi
