4300 6259
167 973 236 1027 32

97 1081 210 1123 1022
223 1096 279 1129 ιιι,
297 1084 338 1123 3.
373 1069 531 1131 nive
562 1071 818 1135 civitate
856 1091 1086 1153 magna
1123 1073 1350 1135 itinere
1380 1074 1630 1136 dierum
1660 1074 1879 1148 trium,

1211 508 1559 554 mannum
1601 506 1666 552 m
1707 506 1845 554 cn.
1892 506 1957 553 x1
1996 506 2187 553 tuum.
2232 526 2313 537 -
2353 507 2495 555 Aur.
2542 509 2668 555 xxx
3407 488 3481 552 41

371 681 503 748 ata,
556 674 750 738 etiam
797 677 1086 760 angelica
1128 685 1322 760 atque
1371 677 1712 760 Seraphica
1759 696 1774 740 ε
1821 685 1885 739 et
1912 676 1965 739 A
1995 679 2192 753 deret,
2246 680 2357 741 sed
2408 689 2478 741 ut
2524 698 2803 761 congruo
2848 689 3135 761 tempore
3185 698 3300 761 per
3347 697 3485 741 eam

375 779 594 835 tamen
625 793 662 835 a
693 775 875 838 vobis
905 784 1279 841 contemnor
1306 796 1378 839 ac
1411 777 1737 859 reprobor,
1761 778 1886 839 dae-

373 872 846 956 moniacusque
887 875 1198 958 appellor.

480 972 626 1031 Viri
653 973 1004 1045 Ninivitoe,
1035 975 1148 1056 qui
1191 974 1640 1037 habitaverunt
1677 974 1741 1036 in
1780 973 1886 1036 Ni-

374 1176 447 1229 ut
506 1169 814 1232 scribitur
860 1172 924 1233 in
976 1172 1150 1247 Jona,
1191 1182 1460 1251 suryent
1510 1174 1582 1234 in
1617 1173 1881 1250 judicio

369 1288 528 1327 cum
551 1272 968 1345 yeneratione
997 1272 1144 1341 hac,
1173 1280 1232 1331 et
1260 1273 1776 1331 condemnabunt
1807 1273 1884 1329 il·

370 1370 538 1437 lam,
574 1384 650 1430 eo
682 1369 869 1431 modo
908 1388 1037 1450 quo
1077 1369 1154 1431 de
1195 1370 1414 1449 regina
1453 1368 1650 1430 austri
1690 1386 1882 1449 expo-

370 1464 576 1526 situm
627 1473 744 1540 est,
795 1467 955 1545 quia
990 1469 1450 1544 paenitentiam
1487 1476 1758 1544 eyerunt
1794 1470 1883 1527 ad

363 1566 914 1641 praedicationem
961 1568 1160 1627 Jonoe.
1213 1566 1419 1638 Quum
1477 1566 1647 1628 enim
1696 1566 1880 1629 Jonas

89 1678 341 1794 giam
371 1662 442 1723 in
488 1662 722 1725 Ninive
767 1663 1159 1745 praedicaret,
1200 1665 1424 1727 Adhuc
1465 1664 1882 1746 quadraginta

371 1761 540 1839 dies,
573 1769 638 1823 et
663 1760 894 1824 Ninive
923 1763 1349 1838 subvertetur,
1377 1782 1487 1825 rex
1513 1771 1574 1825 et
1605 1764 1880 1845 populus

1991 778 2148 842 alios
2194 778 2560 854 illustraret,
2597 780 2855 861 publice
2898 779 3318 861 praedicando.
3352 798 3377 821 ·

2091 877 2309 959 Itaque
2369 878 2628 941 lucerna
2684 886 2780 940 est
2834 878 3066 941 Christi
3125 877 3485 940 humanitas

1993 974 2134 1038 luce
2192 977 2520 1059 sapientiae
2578 977 3063 1059 praeclarissime
3110 976 3421 1039 illustrata
3466 995 3479 1039 :

1991 1094 2182 1155 quam
2240 1076 2398 1137 Deus
2442 1076 2648 1139 noluit
2689 1077 2754 1138 in
2804 1075 3175 1139 abscondito
3224 1092 3481 1157 ponere,

1992 1174 2112 1236 hoc
2142 1182 2259 1248 est,
2294 1175 2413 1236 sub
2456 1174 2679 1235 umbra
2717 1174 2873 1255 legis
2913 1174 3118 1236 noluit
3156 1192 3294 1236 cam
3334 1173 3487 1235 late-

1992 1290 2081 1344 re,
2117 1273 2227 1333 sed
2260 1290 2373 1354 per
2400 1273 2618 1353 gratiae
2646 1271 2962 1353 fulgorem
2996 1280 3187 1355 atque
3218 1290 3486 1353 evange-

1992 1369 2129 1431 licae
2160 1370 2443 1432 veritatis
2495 1370 3007 1452 praedicationem
3048 1370 3481 1449 manifestari3

1993 1486 2201 1549 neque
2252 1469 2370 1530 sub
2421 1469 2653 1543 modio,
2702 1469 2768 1531 id
2815 1477 2911 1531 est
2960 1468 3079 1531 sub
3123 1469 3483 1531 Judaeorum

1991 1566 2245 1628 climate
2308 1566 2513 1630 noluit
2570 1586 2709 1629 eam
2778 1576 3041 1641 arctare,
3108 1568 3217 1629 sed
3282 1574 3481 1630 totum

1991 1667 2303 1727 mundum
2352 1684 2465 1747 per
2502 1666 2706 1747 ipsam
2747 1665 3132 1728 illuminare.
3167 1666 3327 1727 Hinc
3370 1683 3484 1747 per

1989 1764 2209 1826 Isaiam
2252 1763 2431 1826 Pater
2471 1765 2755 1845 loquitur
2795 1766 3041 1829 Christo
3076 1784 3089 1827 ε
3125 1764 3349 1826 Parum
3390 1772 3485 1826 est
3510 1785 3707 1835 Jamx,
3733 1788 3773 1827 e.

369 1862 442 1923 in
495 1860 726 1924 Ninive
787 1880 1079 1942 magnam
1140 1862 1580 1944 poenitentiam
1637 1881 1881 1924 assum-
1916 1866 1963 1928 B
1991 1869 2062 1923 ut
2090 1863 2177 1923 sis
2206 1862 2367 1924 mihi
2406 1864 2483 1925 ad
2524 1864 2915 1926 suscitandas
2944 1863 3151 1925 tribus
3179 1863 3389 1937 Jacob,
3424 1871 3486 1925 et

371 1968 669 2042 pserunt,
705 1960 1042 2023 induentes
1075 1979 1142 2023 se
1173 1961 1372 2024 saccis
1401 1970 1464 2023 et
1490 1961 1873 2042 jejunantes,

365 2059 708 2141 Deumque
737 2059 946 2123 valide
975 2060 1366 2133 invocantes,
1388 2067 1458 2121 ut
1483 2060 1700 2122 alona
1729 2060 1877 2121 scri-

361 2158 568 2220 bitur.
618 2162 706 2221 Et
747 2179 883 2218 ecce
912 2162 1068 2235 plus
1112 2178 1310 2237 quam
1352 2162 1550 2219 Jonas
1591 2159 1717 2219 hic.
1765 2157 1875 2220 Ille

359 2256 542 2318 enim
575 2254 701 2317 suit
731 2256 1066 2337 propheta,
1101 2254 1388 2317 Christus
1427 2261 1641 2316 autem
1673 2273 1780 2316 rex
1813 2264 1875 2318 et

359 2355 676 2419 Dominus
715 2354 1218 2435 Prophe'tarum3
1261 2354 1371 2416 ille
1410 2361 1718 2427 creatura,
1754 2354 1874 2415 iste

357 2453 622 2516 Creator
661 2460 725 2515 et
764 2452 930 2514 Deus
966 2471 979 2514 :
1015 2460 1078 2514 et
1118 2460 1329 2515 tamen
1369 2453 1446 2514 ad
1482 2452 1874 2533 praedicatio-

355 2570 510 2613 nem
544 2552 740 2626 Jonae,
777 2552 997 2633 paucis
1030 2550 1258 2613 diebus
1289 2550 1353 2611 in
1385 2550 1612 2613 Ninive
1639 2550 1733 2631 (id
1777 2559 1873 2611 est

353 2650 806 2733 quadraginta,
831 2650 1186 2711 secundum
1215 2648 1504 2729 Gorram)
1533 2648 1873 2730 praedican-

354 2750 464 2823 tis,
511 2766 634 2811 nec
681 2748 940 2828 aliquod
987 2747 1076 2809 ibi
1122 2747 1506 2809 miraculum
1549 2746 1865 2821 facientiS,

357 2846 663 2910 conversi
725 2853 876 2908 sunt
931 2844 1230 2908 Ninivitae
1271 2865 1287 2921 3
1352 2844 1599 2908 Christo
1656 2852 1870 2907 autem

355 2946 569 3009 multo
600 2944 845 3007 diutius
883 2944 1253 3025 praedicanti
1293 2950 1355 3005 et
1389 2943 1592 3005 multa
1629 2962 1701 3005 ac
1740 2962 1872 3005 ma-

1990 1957 2175 2022 faeces
2225 1959 2413 2023 Israel
2462 1963 2958 2040 convertendas3
3002 1961 3146 2024 dedi
3187 1970 3247 2023 te
3286 1962 3350 2022 in
3392 1962 3487 2022 lu-

1990 2075 2128 2119 cem
2172 2060 2483 2140 gentium,
2529 2068 2600 2121 ut
2646 2060 2733 2121 sis
2779 2059 2947 2121 salus
2986 2078 3127 2121 mea
3166 2078 3369 2141 usque
3408 2060 3486 2120 ad

1987 2164 2341 2219 extremum
2385 2166 2591 2221 terrae.
2627 2158 2841 2222 Posuit
2890 2178 3037 2239 ergo
3076 2158 3239 2221 Deus
3283 2158 3489 2220 lucer-

1987 2275 2133 2318 nam
2176 2256 2339 2318 hanc
2380 2275 2572 2339 super
2618 2258 3091 2331 candelabrum,
3127 2258 3190 2320 id
3230 2264 3325 2320 est
3359 2258 3487 2319 ele-

1986 2360 2102 2415 ctae
2149 2352 2509 2435 Synagogae‚
2543 2354 2839 2417 videlicet
2882 2354 3223 2436 primitivae
3271 2352 3485 2415 Eccle-

1985 2451 2114 2525 siae,
2140 2469 2353 2513 arcem
2388 2472 2401 2515 :
2441 2453 2569 2515 imo
2601 2462 2664 2514 et
2695 2453 2806 2516 toti
2838 2452 3135 2515 Ecclesiae
3160 2452 3481 2515 Christum

1986 2548 2293 2630 praefecit,
2344 2552 2696 2613 secundum
2746 2551 2917 2631 quod
2966 2550 3055 2611 ait
3100 2551 3166 2611 in
3211 2548 3475 2624 Psalm0,

1983 2646 2112 2727 Ego
2140 2655 2353 2710 autem
2394 2649 2773 2712 constitutus
2814 2668 2956 2711 sum
2999 2667 3107 2710 rex
3149 2648 3227 2710 ab
3266 2666 3342 2712 eo
3382 2668 3481 2709 su·
3532 2666 3613 2709 1²2.
3634 2679 3677 2716 u,
3700 2668 3743 2707 σ.

1984 2764 2100 2828 per
2128 2744 2277 2809 Sion
2309 2755 2591 2810 montem
2621 2757 2909 2811 sanctum
2942 2748 3103 2828 ejuS‚
3131 2748 3479 2830 praedicans

1983 2853 2373 2927 praeceptum
2416 2846 2578 2926 ejuS.
2612 2846 2699 2909 De
2732 2865 2861 2927 quo
2899 2846 3303 2921 candelabro,
3338 2864 3481 2927 sep-

1982 2943 2267 3024 templici
2318 2944 2483 3007 dono
2528 2944 2738 3007 Sancti
2778 2944 3051 3027 Spiritus
3102 2944 3476 3025 refulgente,

350 3064 482 3125 gna
511 3042 809 3126 operanti
839 3042 1167 3115 miracula,
1203 3041 1442 3104 Scribae
1479 3050 1541 3103 et
1570 3041 1878 3132 Pharisaeil
1908 3040 1951 3103 C
1983 3041 2325 3122 exponitur
2356 3041 2515 3103 illud
2546 3042 2857 3105 Zachariae
2893 3062 2907 3105 :
2942 3043 3017 3106 Et
3048 3044 3200 3119 vidi,
3234 3050 3293 3105 et
3336 3060 3482 3105 ecce
3509 3059 3771 3113 laeana.

353 3144 622 3207 credere
651 3148 1196 3223 contempserunt,
1223 3159 1341 3203 ncc
1371 3140 1661 3204 conversi
1693 3149 1863 3216 sunt,

353 3241 484 3304 nisi
529 3240 862 3324 perpauci.

437 3341 682 3402 Deinde
731 3339 1020 3401 Christus
1065 3340 1457 3401 demonstrat
1499 3356 1567 3400 se
1609 3346 1868 3420 propter

349 3439 718 3501 Judaeorum
749 3438 1013 3500 istorum
1041 3436 1712 3500 inconvertibilitatem
1745 3456 1866 3499 non

351 3537 662 3600 debuisse
692 3555 731 3597 a
759 3534 1092 3617 sapientiae
1121 3554 1252 3597 suae
1292 3535 1869 3599 communicatione

353 3655 472 3699 seu
515 3634 968 3717 praedicatione
1013 3651 1259 3696 cessare
1293 3652 1306 3697 :
1342 3634 1496 3715 quia
1523 3641 1586 3695 et
1617 3653 1744 3696 una
1773 3654 1871 3695 ra—

355 3736 447 3798 tio
479 3735 562 3799 ob
593 3752 793 3816 quam
821 3734 1050 3795 animae
1080 3752 1212 3795 suae
1241 3734 1383 3795 data
1412 3732 1532 3794 fuit
1561 3734 1872 3815 sapientia

358 3840 560 3907 tanta,
595 3838 750 3905 erat,
787 3838 858 3893 ut
897 3848 1012 3912 per
1051 3830 1429 3912 sapientiam
1471 3850 1652 3892 suam
1683 3830 1868 3893 malis

361 3940 426 3993 et
466 3930 659 3994 bonis
700 3929 969 3993 verbum
1010 3928 1117 3990 Dei
1162 3930 1590 4003 annuntiaret,
1625 3948 1874 3992 omnes-

363 4047 498 4111 que
525 4034 842 4110 quantum
872 4027 938 4089 in
973 4027 1112 4109 ipso
1141 4025 1264 4088 fuit
1294 4026 1662 4104 illustraret,
1694 4027 1874 4108 juxta

362 4129 528 4192 illud
569 4127 746 4190 lsaiae
786 4128 864 4189 de
903 4126 1152 4189 Christo
1190 4125 1588 4208 praedictum‚
1623 4126 1873 4188 dicente

1983 3138 2439 3201 candelabrum
2488 3159 2776 3215 aureum,
2823 3142 2886 3203 id
2936 3149 3031 3203 est
3066 3142 3349 3205 Ecclesia
3395 3142 3484 3203 di-

1985 3237 2134 3299 vino
2177 3256 2392 3301 amore
2430 3245 2670 3314 ornata,
2705 3248 2769 3301 et
2808 3238 3049 3321 lampas
3093 3241 3255 3320 ejuS‚
3300 3247 3483 3320 utpo-

1981 3344 2044 3397 te
2089 3334 2375 3399 Christus
2425 3354 2563 3398 eam
2610 3337 3002 3412 illuminanS,
3051 3356 3245 3419 super
3292 3345 3482 3419 caput

1983 3434 2124 3515 ejus
2150 3455 2167 3515 3
2202 3442 2264 3496 et
2293 3443 2539 3517 septem
2572 3435 2903 3511 infusoria,
2939 3438 3004 3498 id
3041 3444 3138 3498 est
3173 3436 3484 3498 universi-

1984 3540 2076 3595 tas
2108 3534 2462 3608 doctorum,
2496 3534 2775 3596 lucernis
2807 3542 3007 3596 erant.
3033 3534 3193 3597 Hinc
3224 3535 3288 3597 in
3320 3535 3480 3616 Apo-

1985 3633 2224 3715 calypsi
2266 3640 2511 3714 septem
2540 3631 2837 3695 Ecclesiae
2874 3632 3037 3695 Asiae
3076 3652 3189 3715 per
3233 3640 3477 3715 septem
3506 3657 3769 3711 Apuanis,

1985 3731 2365 3793 candelabra
2421 3748 2614 3792 aurea
2678 3731 3108 3811 designantur.
3170 3730 3479 3803 Quemad-
3504 3721 3573 3763 ²⁰·

1985 3831 2246 3892 modum
2296 3830 2467 3892 enim
2520 3837 2615 3891 est
2662 3848 2789 3891 una
2839 3829 3216 3893 universalis
3264 3830 3481 3892 Eccle—

1985 3928 2099 4002 sia,
2154 3936 2216 3989 et
2278 3928 2494 3991 multae
2552 3926 2849 3991 Ecclesiae
2908 3929 3341 4011 particulareS,
3392 3929 3481 3990 ita

1986 4026 2222 4089 dicitur
2260 4046 2461 4088 unum
2500 4026 2953 4089 candelabrum
2994 4035 3057 4089 et
3092 4028 3293 4089 multa
3335 4047 3480 4089 can-

1987 4125 2264 4187 delabra.
2299 4125 2515 4205 Igitur,
2552 4143 2747 4207 super
2775 4126 3251 4201 candelabrum,
3287 4125 3351 4187 id
3384 4133 3479 4188 est

321 4274 332 4292 .
361 4228 549 4291 Patre
579 4228 659 4289 ad
689 4225 922 4287 Filium
959 4244 972 4287 ε
1007 4224 1159 4287 Dedi
1191 4233 1254 4287 te
1284 4224 1348 4286 in
1381 4224 1590 4288 foedus
1623 4225 1868 4307 populi,
1905 4228 1951 4289 D
1985 4222 2353 4299 Ecclesiam,
2390 4224 2674 4287 Christus
2716 4232 2812 4286 est
2849 4225 3115 4306 positus,
3153 4232 3221 4285 ut
3257 4243 3477 4287 omncs

364 4326 432 4389 in
475 4326 692 4387 lucem
727 4322 1040 4405 gentium,
1077 4331 1146 4385 ut
1183 4323 1464 4405 aperires
1501 4323 1719 4386 oculos
1760 4342 1875 4386 cae-

363 4442 616 4498 corum,
667 4432 732 4484 et
789 4423 1091 4484 educeres
1141 4422 1219 4482 de
1278 4421 1687 4484 conclusione
1735 4421 1874 4484 vin-

362 4531 568 4586 ctum.
612 4521 832 4602 Itaque
881 4538 995 4602 per
1045 4518 1534 4581 similitudinem
1585 4519 1869 4582 Christus

364 4620 703 4683 declarans
751 4617 1176 4700 propositum,
1229 4616 1318 4678 ait
1355 4635 1369 4679 ε
1414 4620 1617 4682 Nemo
1667 4622 1871 4679 lucer-

361 4742 522 4783 nam
553 4719 875 4785 accendit,
895 4726 957 4777 ec
985 4720 1060 4778 in
1091 4718 1458 4777 abscondito
1479 4718 1671 4793 ponit
1702 4736 1862 4793 eam,

358 4838 572 4899 neque
598 4818 718 4878 sub
746 4817 985 4886 modio,
1009 4817 1119 4875 sed
1145 4834 1344 4891 supra
1377 4817 1863 4889 candelabrum,

360 4928 437 4979 ut
475 4918 598 4997 qui
635 4915 1110 4991 inyrediuntur
1141 4913 1398 4974 domum
1443 4917 1662 4973 lumen
1691 4915 1868 4975 vide-

359 5026 500 5077 ant.
533 5013 665 5076 Hoc
707 5011 932 5093 utique
971 5011 1035 5073 in
1077 5010 1502 5074 exterioribus
1541 5010 1865 5075 observari

357 5113 452 5175 sic
485 5110 822 5175 consuevit
857 5128 870 5171 :
905 5128 1034 5191 quo
1065 5108 1351 5171 Christus
1384 5108 1676 5183 intendit,
1694 5113 1862 5191 quod

357 5210 526 5273 Deus
563 5208 843 5271 Trinitas
882 5207 1113 5269 animae
1151 5224 1283 5269 suae
1330 5214 1568 5269 tantam
1617 5207 1866 5289 sapien-

361 5308 512 5371 tiam
545 5326 674 5371 non
716 5304 978 5379 infudit,
1011 5311 1082 5365 ut
1121 5322 1258 5366 eam
1302 5323 1564 5390 prorsus
1601 5305 1865 5369 abscon-

1984 4322 2096 4403 qui
2147 4321 2593 4402 ingrediuntur
2649 4322 3141 4383 ecclesiasticam
3191 4322 3473 4398 domum,

1983 4422 2381 4503 conspiciant
2411 4422 2627 4482 lumen
2660 4420 2914 4496 Christi,
2948 4421 3069 4485 hoc
3096 4428 3212 4496 est,
3248 4421 3478 4485 doctri-

1983 4539 2064 4581 na
2111 4519 2477 4599 evangelica
2526 4518 2961 4581 clarificentur
3006 4526 3198 4600 atque
3254 4538 3475 4601 regan-

1980 4626 2106 4679 tur.
2152 4618 2361 4692 Porro,
2399 4619 2571 4699 quod
2612 4609 2858 4695 Christo
2896 4619 3245 4680 secundum
3291 4638 3471 4680 suam

1980 4715 2437 4778 humanitatem
2471 4716 2775 4798 competit
2798 4734 2937 4779 esse
2967 4716 3473 4793 lucernam‚con-

1979 4822 2100 4877 stat
2130 4834 2207 4876 ex
2237 4833 2312 4878 eo
2342 4816 2513 4896 quod
2545 4815 2610 4875 in
2636 4815 3014 4898 Apocalypsi
3046 4816 3344 4878 habetur:
3366 4816 3474 4879 Do-
3538 4836 3656 4879 ιωα.
3676 4848 3763 4887 m,

1977 4914 2192 4974 minus
2230 4913 2395 4975 Deus
2434 4913 2837 4995 omnipotens
2877 4913 3265 4976 illuminabit
3306 4932 3467 4989 eam,
3500 4900 3657 4950 ²²·23·

1978 5012 2277 5075 videlicet
2334 5011 2655 5074 civitatem
2723 5012 2828 5073 Dei
2892 5019 3171 5074 sanctam
3226 5012 3472 5074 Jerusa-

1975 5109 2124 5185 lem,
2168 5117 2232 5171 et
2272 5108 2531 5171 lucerna
2562 5110 2700 5189 ejus
2730 5118 2825 5171 est
2853 5109 3089 5190 Agnus.
3123 5110 3209 5172 De
3238 5129 3366 5191 qua
3406 5118 3471 5172 et

1975 5209 2134 5271 illud
2165 5208 2653 5271 Proverbiorum
2703 5208 2977 5271 sumitur
3011 5228 3024 5272 :
3057 5208 3193 5272 Non
3232 5209 3470 5271 exstin-
3494 5229 3761 5281 prmum,

1971 5314 2205 5389 guetur
2235 5306 2303 5369 in
2334 5314 2519 5369 nocte
2554 5304 2814 5367 lucerna
2851 5307 3014 5387 ejus,
3049 5314 3203 5389 puta
3240 5307 3467 5371 mulie-
3496 5294 3562 5335 ¹⁸·
