4300 6259
1207 507 1557 554 mannum
1599 506 1664 553 m
1709 505 1847 553 car.
1895 504 1960 551 xi
2003 504 2192 552 Luem.
2239 524 2322 535 —
2360 506 2503 551 aar.
2550 505 2699 553 xxix
3413 487 3494 551 29

377 686 599 741 autem
631 679 1137 744 consolationum
1169 697 1241 740 ac
1272 676 1760 740 delectationum
1800 674 1894 737 di-
1920 676 1971 738 A
2079 676 2317 740 Deinde
2356 679 2633 759 tangitur
2672 677 2829 740 ratio
2866 677 3157 758 quaedam
3198 676 3496 759 impetra-

381 778 817 861 vinorumque
859 785 1162 859 gustuum
1209 775 1574 849 refectione,
1609 773 1891 856 Sponsus
2001 774 2128 837 tiva
2158 774 2427 838 effectus
2460 778 2651 857 hujus
2685 775 3031 858 petitioniS,
3067 775 3363 837 videlicet
3392 793 3495 837 ve-

379 876 662 939 coelestis
701 877 790 938 ait
835 877 899 938 in
940 876 1212 939 canticis
1248 893 1262 937 :
1299 873 1640 948 comedite,
1673 872 1886 946 amici,
2001 873 2143 936 niae.
2195 877 2537 954 Siquidem
2584 886 2643 935 et
2693 878 2823 954 ipsi
2869 876 3269 935 dimittimus
3316 876 3496 933 omni

378 984 444 1037 et
494 974 740 1055 bibite;
789 983 852 1038 et
910 973 1343 1048 inebriamini,
1395 972 1728 1035 carissimi.
1781 971 1888 1033 His
1997 975 2253 1033 debenti
2291 975 2493 1045 nobis,
2529 974 2648 1036 hoc
2691 981 2807 1046 est,
2842 973 3142 1035 omnibus
3184 971 3498 1052 injurian-

378 1074 600 1156 itaque
630 1074 794 1136 cibis
833 1092 1088 1138 oremus
1120 1072 1407 1155 quotidie
1435 1072 1519 1133 ali
1559 1070 1885 1144 divinitus,
1997 1070 2171 1132 tibus
2212 1072 2395 1133 nobis
2436 1072 2540 1153 pie
2572 1071 2977 1153 ignoscimus,
3012 1072 3089 1133 ad
3123 1071 3333 1133 minus
3364 1070 3499 1132 cul-

379 1190 463 1233 ne
527 1172 796 1255 spiritus
859 1180 1072 1236 noster
1128 1171 1521 1245 debilitetur,
1587 1170 1890 1250 vitiisque
2002 1187 2142 1250 pam
2196 1188 2309 1232 seu
2359 1170 2659 1250 injuriam
2710 1170 3087 1233 dimittendo
3137 1190 3150 1232 :
3200 1171 3495 1251 quamvis

84 894 211 938 Cant.
235 908 280 944 v,
305 897 344 937 1.

378 1271 785 1334 succumbat.
831 1306 912 1317 --
952 1270 1184 1345 Tertio,
1237 1268 1581 1351 exponitur
1629 1269 1706 1330 de
1755 1286 1891 1331 cor-

378 1370 584 1453 porali
625 1370 952 1445 alimento,
989 1379 1058 1432 ut
1097 1369 1179 1431 sit
1207 1387 1432 1431 sensus
1467 1386 1480 1431 ε
1516 1368 1744 1429 Panem
1787 1386 1892 1430 no-

375 1477 586 1530 strum
616 1468 1076 1550 quotidianum,
1097 1467 1218 1531 hoc
1247 1474 1344 1529 est
1374 1465 1724 1529 necessaria
1747 1466 1892 1527 vitae

376 1566 620 1647 quibus
658 1566 948 1649 quotidie
986 1566 1369 1646 indigemuS‚
1404 1567 1482 1627 da
1522 1564 1726 1627 nobiS.
1751 1562 1892 1636 Qui-

377 1664 503 1726 bus
551 1665 766 1728 verbis
815 1663 1178 1727 excluditur
1225 1663 1510 1736 avaritia,
1553 1682 1698 1744 quae
1745 1680 1892 1725 con-

377 1771 602 1843 gregat
648 1762 720 1825 in
770 1762 1190 1844 longinquum
1235 1769 1300 1823 et
1347 1762 1508 1822 ultra
1559 1759 1894 1823 necessita-

1999 1268 2320 1331 interdum
2360 1268 2573 1330 debita
2602 1287 2789 1351 poena
2820 1287 2931 1331 scu
2972 1270 3330 1332 emendatio
3362 1287 3499 1351 poe-

2001 1366 2161 1429 nalis
2204 1374 2267 1428 et
2309 1366 2724 1429 satisfactoria
2766 1368 2931 1447 exigi
2983 1368 3183 1449 possit
3219 1386 3296 1429 ex
3340 1368 3497 1430 cari-

1998 1473 2144 1540 tate,
2181 1467 2531 1528 secundum
2570 1465 2837 1529 formam
2876 1466 3039 1546 juris
3079 1466 3497 1547 ordinemque

1997 1564 2280 1646 justitiae,
2331 1566 2681 1646 praesertim
2732 1573 2991 1647 propter
3041 1565 3280 1627 bonum
3326 1584 3499 1627 com-

2002 1680 2217 1737 mune,
2251 1671 2314 1725 et
2344 1681 2425 1725 ne
2465 1671 2817 1745 peccanteS,
2852 1682 2928 1725 ex
2962 1663 3263 1726 facilitate
3295 1664 3497 1726 veniae

2001 1760 2163 1823 fiant
2209 1762 2285 1823 ad
2334 1760 2769 1841 injuriandum
2819 1780 2891 1824 ac
2940 1762 3093 1824 vitia
3142 1762 3491 1844 proniores.

383 1868 527 1933 tem,
551 1880 628 1923 ac
658 1860 1021 1924 sollicitudo
1051 1860 1466 1923 immoderata
1493 1860 1570 1921 de
1600 1858 1888 1921 crastino.
1929 1860 1975 1923 B
2001 1858 2219 1941 Itaque
2259 1860 2369 1942 qui
2411 1860 2591 1922 alteri
2634 1879 2757 1924 non
2800 1860 3090 1940 ignoscit,
3124 1859 3290 1924 bona
3326 1860 3498 1923 frou·-

103 1976 322 2031 ·cffium
381 1959 566 2021 circa
603 1961 776 2041 quod
819 1958 909 2021 ait
945 1958 1384 2041 Theophilus*
1419 1976 1433 2020 :
1468 1957 1558 2020 Ex
1601 1976 1676 2021 eo
1719 1959 1890 2039 quod
2004 1964 2064 2021 te
2112 1976 2293 2022 orare
2340 1978 2465 2021 non
2509 1959 2672 2023 valet
2718 1960 2881 2021 hanc
2932 1958 3323 2037 clausulam3
3368 1959 3497 2022 imo

379 2056 670 2119 christus
715 2056 908 2138 jussit
953 2074 1240 2138 quaerere
1283 2055 1729 2138 quotidianum
1777 2056 1890 2117 ali-

375 2164 692 2229 mentum,
737 2154 989 2218 videtur
1031 2156 1206 2237 quod
1255 2173 1403 2218 suos
1452 2152 1680 2216 fideles
1725 2152 1884 2215 nihil

375 2254 686 2317 concedat
723 2253 980 2327 habere,
1023 2254 1136 2314 sed
1173 2253 1376 2333 magis
1416 2251 1746 2317 honestam
1789 2270 1890 2315 co—

375 2352 510 2414 lere
568 2360 1032 2434 paupertatem.
1087 2349 1226 2413 Non
1281 2350 1454 2413 enim
1511 2349 1887 2412 habentium

378 2469 636 2533 panem,
661 2450 772 2512 sed
801 2468 1256 2531 oppressorum
1289 2448 1578 2531 penuria,
1597 2457 1694 2511 est
1722 2467 1890 2529 quae-

377 2568 521 2611 rere
567 2566 801 2631 panem
845 2548 1290 2629 quotidianum
1338 2566 1456 2630 pro
1497 2547 1708 2611 hodie.
1744 2547 1890 2610 Pro-

378 2655 522 2730 pter
549 2647 727 2730 quod
757 2647 914 2709 dicit
943 2646 1427 2729 chrysostomus
1461 2664 1476 2708 z
1510 2645 1889 2708 Postulanda

377 2754 531 2808 sunt
568 2745 880 2809 divinitus
920 2744 1277 2809 necessaria
1315 2744 1480 2819 vitae,
1515 2762 1640 2806 non
1681 2743 1888 2806 diver-

375 2844 598 2906 sitates
641 2844 960 2917 ciborum,
994 2848 1056 2904 et
1099 2840 1416 2905 odorifera
1460 2841 1628 2915 vina,
1670 2860 1744 2903 ac
1786 2858 1889 2903 ce-

375 2954 514 3006 tera
556 2961 704 3024 quae
741 2943 1060 3005 delectant
1094 2947 1336 3022 guttur,
1368 2948 1634 3004 onerant
1674 2948 1884 3002 autem

2000 2075 2192 2138 quam
2244 2056 2441 2138 impie
2487 2065 2641 2137 agat,
2689 2057 2754 2120 in
2804 2056 3245 2119 Ecclesiastico
3292 2057 3499 2138 aperi-

1998 2163 2124 2229 tur,
2187 2174 2315 2236 quo
2372 2154 2604 2235 legitur
2656 2174 2669 2217 :
2725 2155 2925 2218 Homo
2984 2155 3227 2217 homini
3288 2162 3499 2218 servat

1999 2253 2177 2330 iram,
2195 2258 2256 2314 et
2286 2272 2323 2315 a
2352 2252 2473 2315 Deo
2502 2254 2730 2335 quaerit
2758 2253 3102 2315 medelam?
3124 2253 3265 2335 Ipse
3295 2272 3495 2334 quum

1999 2369 2142 2413 caro
2184 2351 2286 2422 sit,
2322 2352 2387 2413 in
2429 2350 2552 2412 sibi
2593 2350 2868 2413 similem
2910 2370 3037 2415 non
3077 2351 3270 2414 habet
3310 2351 3501 2413 mise-

2001 2450 2357 2526 ricordiam,
2399 2457 2463 2511 et
2509 2458 2717 2511 tamen
2768 2451 2847 2511 de
2895 2451 3170 2532 peccatis
3214 2450 3345 2511 suis
3398 2451 3499 2511 de-

2001 2558 2295 2630 precatur
2350 2548 2802 2610 Altissimum?
2852 2547 3001 2620 Quis
3051 2548 3337 2611 exorabit
3384 2568 3499 2630 pro

2002 2647 2275 2729 peccatis
2326 2646 2545 2708 illius?
2595 2649 2835 2729 Itaque,
2884 2647 3051 2709 sicut
3096 2655 3387 2729 optamus
3438 2654 3501 2709 et

2001 2764 2334 2809 exoramus
2366 2752 2435 2806 ut
2464 2745 2873 2828 peccantibus
2916 2745 3099 2809 nobis
3130 2746 3291 2808 Deus
3329 2746 3501 2826 juste

2001 2844 2187 2907 nobis
2232 2862 2357 2907 non
2404 2844 2709 2906 irascatur
2744 2852 2854 2905 aut
2894 2844 3192 2919 vindicet,
3237 2845 3343 2905 sed
3395 2844 3499 2925 pie

1999 2951 2231 3005 nostrae
2278 2942 2540 3004 caecitati
2581 2960 2653 3004 ac
2691 2941 3014 3021 fragilitati
3065 2942 3395 3005 condoleat
3436 2949 3498 3004 et

379 3048 672 3105 ventrem
703 3048 768 3102 et
797 3046 1077 3102 mentem
1109 3038 1520 3121 perturbant;
1555 3041 1665 3102 sed
1705 3038 1888 3121 panis
1926 3048 1968 3111 C
1999 3040 2324 3121 ignoscat;
2375 3040 2464 3102 ita
2510 3047 2573 3102 et
2631 3058 2745 3102 nos
2804 3040 3250 3120 injuriantium
3311 3039 3495 3103 nobis

383 3140 698 3222 petendus
743 3146 839 3200 est
881 3137 994 3220 qui
1040 3144 1246 3220 potest
1289 3136 1708 3199 substantiam
1755 3156 1891 3201 cor-

387 3238 562 3320 poris
599 3244 978 3311 sustentare‚
1003 3245 1066 3298 et
1094 3236 1204 3298 ille
1231 3236 1344 3317 qui
1380 3235 1564 3299 nobis
1603 3235 1890 3317 quotidie

109 3359 352 3410 nazian,
383 3336 829 3400 tantummodo
877 3333 1142 3410 sufficit,
1195 3342 1265 3395 ut
1314 3335 1392 3396 de
1439 3334 1714 3397 crastino
1763 3352 1890 3397 non

91 3424 154 3466 ³⁴.

386 3434 764 3517 cogitemus.

468 3536 556 3596 Et
584 3535 846 3594 dimitte
872 3534 1054 3593 nobis
1077 3539 1340 3608 peccata
1369 3539 1614 3598 nostra,
1637 3530 1893 3612 culpam

385 3632 648 3714 penitus
685 3630 1056 3705 auferend0‚
1090 3638 1154 3691 et
1183 3647 1402 3711 poenas
1431 3647 1590 3709 quas
1632 3645 1896 3710 peccan-

385 3732 470 3793 do
523 3729 901 3803 meruimus,
949 3728 1310 3801 relaxando,
1358 3728 1459 3790 vel
1511 3726 1764 3809 partim,
1812 3726 1895 3788 si-

387 3848 466 3892 vo
513 3827 811 3892 totaliter.
845 3826 1057 3900 Porro,
1101 3835 1358 3908 peccata
1401 3824 1690 3888 mortalia
1733 3824 1894 3907 pari-

385 3936 484 3991 ter
522 3926 958 3998 dimittuntur,
999 3924 1087 3986 ita
1127 3924 1300 4005 quod
1345 3941 1545 3985 unum
1590 3923 1728 3985 sine
1768 3924 1894 3986 alio

383 4044 518 4089 non
560 4023 928 4097 dimittitur,
972 4029 1285 4104 quantum
1333 4022 1414 4083 ad
1457 4020 1748 4102 culpam;
1783 4022 1894 4083 sed

385 4130 564 4185 tanto
608 4121 754 4203 plus
794 4119 1140 4182 dimittitur
1184 4117 1367 4182 nobis
1403 4118 1482 4179 de
1520 4135 1729 4199 poena,
1764 4137 1892 4200 quo

1997 3138 2323 3219 fragilitati
2353 3145 2415 3199 et
2444 3137 2707 3199 caecitati
2739 3138 3200 3220 compatiamur
3227 3145 3289 3200 et
3320 3138 3497 3219 igno·
3521 3156 3720 3262 “uffa
3742 3172 3783 3209 v,
3815 3211 3820 3218 ‚

2000 3256 2273 3311 scamuS,
2317 3237 2508 3299 simul
2552 3243 2801 3300 orantes
2845 3256 2960 3318 pro
3000 3236 3149 3311 illis,
3184 3244 3255 3298 ut
3293 3236 3493 3299 simus

2001 3336 2124 3399 filii
2175 3334 2369 3397 Patris
2417 3334 2691 3397 coelestis
2740 3334 2853 3415 qui
2913 3334 3057 3415 pius
3106 3342 3169 3396 et
3215 3335 3493 3398 clemens

2002 3441 2098 3497 est
2144 3452 2337 3516 super
2386 3432 2587 3496 bonos
2635 3440 2699 3495 et
2743 3432 2965 3495 malos.
3008 3431 3179 3495 Istud
3222 3451 3371 3495 vero
3418 3435 3496 3496 ad

2003 3532 2293 3615 praelatos
2323 3538 2386 3593 et
2422 3538 2632 3612 patres
2671 3530 3034 3612 spirituales
3070 3536 3133 3591 et
3172 3530 3499 3611 religiosos

2002 3630 2325 3713 praecipue
2374 3628 2670 3710 pertinet,
2723 3628 2831 3709 qui
2890 3627 2955 3689 in
3006 3628 3293 3691 omnium
3344 3628 3504 3690 cari-

2003 3735 2128 3791 tate
2176 3745 2249 3789 ac
2298 3726 2531 3809 pietate
2582 3726 2809 3788 ceteris
2859 3724 3239 3807 praefulgere
3285 3733 3505 3788 tenen-

2004 3837 2128 3902 tur,
2172 3845 2446 3909 quorum
2497 3824 2798 3888 interiora
2840 3824 2905 3885 in
2947 3824 3159 3905 ipsum
3204 3824 3504 3888 bonitatis

2002 3946 2075 3989 ac
2114 3924 2391 3988 caritatis
2434 3921 2737 3985 affectum
2779 3922 3012 3985 debent
3059 3923 3363 3997 converti,
3397 3931 3506 3985 aut

2003 4042 2142 4087 esse
2191 4041 2495 4088 conversa
2538 4039 2551 4083 :
2596 4040 2967 4103 quanquam
3015 4039 3092 4083 ex
3143 4022 3400 4084 caritate
3442 4030 3505 4085 et

2003 4122 2299 4205 aequitate
2353 4120 2589 4201 justam
2636 4138 2806 4202 saepe
2868 4119 3139 4182 debeant
3187 4121 3507 4202 peccanti-

385 4222 596 4302 major
628 4221 696 4281 in
731 4218 916 4282 nobis
947 4226 1044 4279 est
1075 4218 1279 4300 pudor
1307 4236 1381 4279 ac
1411 4217 1674 4279 intimus
1715 4218 1895 4281 dolor
1925 4226 1974 4287 D
2002 4221 2122 4283 bus
2162 4217 2453 4299 infligere
2494 4235 2771 4299 pomam,
2806 4226 2876 4279 ut
2916 4236 3030 4299 per
3058 4236 3197 4279 eam
3227 4237 3264 4279 a
3295 4219 3503 4299 poenis

383 4322 470 4383 (le
509 4318 814 4403 peccatiS,
855 4317 922 4378 in
971 4324 1283 4398 quantum
1335 4323 1484 4377 sunt
1533 4324 1750 4379 contra
1794 4315 1896 4398 ju-

384 4419 650 4494 stitiam,
675 4416 922 4497 Deique
949 4414 1288 4488 offensiva,
1311 4420 1374 4475 et
1402 4432 1532 4495 quo
1561 4414 1764 4495 major
1793 4432 1896 4477 no-

381 4517 492 4580 bis
531 4516 704 4578 inest
737 4513 954 4577 fervor
984 4511 1262 4575 caritatis
1301 4513 1378 4573 ad
1414 4511 1612 4574 Deum
1647 4531 1720 4574 ac
1751 4531 1894 4595 pro—

385 4616 664 4688 ximum,
697 4631 828 4694 quo
859 4612 1014 4673 item
1043 4609 1408 4673 efficaciora
1448 4608 1894 4675 satisfactionis

385 4714 642 4796 agimus
699 4728 914 4793 opera.
971 4709 1294 4783 Praeterea,
1349 4708 1488 4769 sine
1538 4708 1896 4772 venialibus

387 4810 672 4897 peccatis
704 4810 900 4873 vitam
931 4808 1094 4870 hanc
1135 4824 1253 4869 nec
1282 4807 1598 4881 ducimus,
1634 4825 1752 4869 nec
1784 4809 1900 4870 du—

387 4930 538 4977 cere
577 4910 690 4974 diu
731 4907 1038 4979 valemus,
1085 4907 1240 4987 quia
1283 4906 1402 4967 etsi
1447 4906 1718 4986 singula,
1769 4925 1896 4969 non

387 5022 610 5075 tamen
657 5006 876 5074 omnia
925 5006 1186 5087 quimus
1237 5005 1456 5068 vitare.
1508 5003 1628 5066 Sed
1682 5013 1900 5068 contra

389 5128 488 5185 ea,
543 5106 802 5191 provisa
857 5112 921 5167 et
975 5105 1118 5166 data
1176 5111 1326 5164 sunt
1384 5101 1567 5167 nobis
1626 5102 1901 5185 desuper

391 5207 599 5271 multa
635 5203 939 5278 remedia,
970 5220 1247 5285 quorum
1291 5218 1488 5263 unum
1527 5208 1642 5275 est,
1677 5219 1904 5264 secun-

393 5310 554 5371 dum
596 5302 1048 5386 Augustinum,
1082 5299 1290 5364 Oratio
1331 5300 1452 5362 ista
1493 5300 1832 5364 dominica.

2003 4318 2357 4400 eripiantur
2396 4315 2654 4390 futuris,
2698 4322 2761 4377 et
2802 4316 3068 4396 gratiam
3114 4333 3507 4396 consequan-

2003 4426 2107 4479 tur
2137 4415 2466 4496 majorem,
2504 4414 2855 4495 praesertim
2888 4420 2959 4475 ut
2990 4413 3111 4476 Deo
3140 4414 3505 4495 aliqualiter

2003 4513 2293 4577 satisfiat.
2348 4546 2425 4557 —-
2476 4511 2814 4586 PostremO,
2866 4511 3035 4573 circa
3090 4511 3225 4573 haec
3284 4512 3507 4575 scribit

2005 4614 2486 4697 chrysostomus
2521 4629 2534 4673 :
2568 4610 2711 4673 Haec
2742 4611 3338 4686 animadvertenteS,
3371 4628 3505 4691 gra-

2003 4712 2120 4773 tias
2179 4728 2365 4791 agere
2422 4708 2727 4772 debemus
2787 4708 3181 4770 debitoribus
3244 4708 3499 4771 nostris.

2004 4810 2193 4872 Fiunt
2221 4809 2393 4870 enim
2426 4806 2632 4881 nobis,
2660 4807 2711 4868 si
2745 4807 3051 4888 sapimuS,
3077 4825 3265 4867 causa
3296 4807 3506 4868 indul-

2005 4908 2234 4989 gentiae
2271 4905 2595 4985 maximae3
2638 4912 2699 4967 et
2739 4924 2939 4987 pauca
2977 4904 3351 4966 exhibentes
3392 4923 3505 4967 seu

2008 5005 2257 5068 modica
2298 5003 2711 5077 dimittenteS,
2759 5002 3040 5084 plurima
3087 5002 3505 5084 reperiemus.

2007 5103 2159 5165 Nam
2194 5110 2257 5164 et
2286 5120 2399 5165 nos
2433 5100 2634 5164 multa
2672 5101 2978 5163 debemus
3022 5108 3084 5163 et
3122 5100 3337 5163 debita
3374 5119 3507 5163 ma-

2008 5220 2132 5283 gna
2166 5200 2453 5275 Domino,
2488 5218 2762 5281 quorum
2803 5200 2856 5261 si
2889 5199 3222 5261 minimam
3258 5206 3501 5281 partem

2011 5320 2048 5363 a
2087 5299 2272 5364 nobis
2312 5299 2503 5363 vellet
2540 5298 2812 5379 exigere,
2844 5298 2973 5379 jam
3017 5297 3428 5380 perissemus

3582 2168 3725 2212 Eecli.

3526 2244 3664 2283 xxviii,
3682 2234 3766 2275 3-5.
