4300 6259
95 1106 222 1149 Marc.
231 1120 310 1155 ιη,

81 1170 139 1210 20.

103 1788 208 1829 Rea.
225 1801 250 1831 ι

103 1984 134 2027 ΙΙ
154 1984 238 2027 Cor.
257 2000 310 2036 vi,

161 2960 220 3015 10

161 3156 218 3211 11

97 3362 191 3408 Lae.
205 3372 307 3419 ms.

1166 521 1520 570 manna-rio
1561 520 1626 567 ut
1667 520 1806 567 car.
1852 521 1894 565 x
1936 518 2124 566 tucn.
2170 540 2251 551 —
2293 520 2434 567 Am.
2481 520 2629 567 xxv1
3403 500 3443 564 5

339 693 672 777 possibilia
709 694 1138 757 ostendissent
1187 714 1302 758 sua
1341 693 1536 757 verba
1577 710 1716 755 esse
1753 692 1846 755 di·
1875 689 1924 751 A
1955 694 2140 756 detur
2186 694 2357 775 quod
2416 694 2662 757 minora
2718 692 2980 755 fuerunt
3036 699 3292 775 peccata
3340 689 3449 755 So-'

337 793 503 867 vina,
551 801 618 855 et
668 793 946 876 desuper
995 792 1415 857 confirmata?
1457 793 1618 855 Deus
1668 791 1849 872 equi-
1955 794 2287 856 domorum
2338 812 2531 875 quam
2580 794 2831 867 horum,
2873 811 3073 873 quum
3122 798 3331 853 tamen
3381 789 3448 852 in

337 892 477 953 dem
519 890 819 954 falsitatis
860 891 1274 957 confirmator
1313 910 1449 954 esse
1489 910 1615 954 non
1656 889 1842 953 valet.
1955 890 2180 954 Genesi
2221 891 2529 973 scriptum
2570 891 2673 967 sit,
2717 891 2887 974 quod
2932 890 3221 953 homines
3263 888 3453 953 Sodo-
3482 901 3741 951 omnum.

336 991 480 1053 ldeo
509 992 682 1072 apud
723 991 998 1053 Marcum
1039 991 1494 1071 evangelistam
1537 988 1846 1071 scriptum
1955 991 2128 1054 mitae
2163 991 2426 1074 pessimi
2458 1000 2657 1053 erant.
2690 990 2782 1053 Ad
2814 992 2934 1055 hoc
2962 989 3161 1072 aliqui
3196 1008 3457 1071 respon-

337 1096 433 1150 est
474 1106 490 1151 τ
533 1086 806 1152 Profecti
859 1089 1369 1171 praedicaverunt
1418 1088 1680 1169 ubique,
1733 1086 1850 1151 Do-
1957 1091 2209 1163 derunt,
2262 1091 2432 1170 quod
2481 1090 2751 1151 verbum
2808 1088 3038 1153 Christi
3100 1088 3457 1168 intelligen-

337 1186 514 1249 mino
543 1194 948 1267 cooperante,
982 1195 1046 1249 et
1074 1204 1435 1250 sermonem
1465 1184 1851 1249 confirman-
1958 1189 2110 1250 dum
2154 1188 2255 1261 sit,
2286 1207 2411 1251 non
2454 1187 2852 1270 simpliciter,
2888 1188 2996 1249 sed
3026 1192 3336 1268 quantum
3378 1185 3455 1247 ad

337 1294 397 1347 te
427 1286 854 1367 sequentibus
895 1285 1118 1367 signis.
1155 1289 1242 1347 Et
1269 1287 1468 1347 dicite
1497 1287 1635 1345 illis
1667 1287 1851 1363 .··Ap-
1957 1286 2224 1367 aliquid,
2260 1293 2477 1368 utpote
2514 1288 2685 1366 quod
2728 1284 3194 1368 inhospitalitas
3235 1291 3299 1346 et
3341 1282 3460 1345 im-

327 1385 810 1463 propinquavit
841 1386 912 1445 in
947 1404 1056 1445 vos
1085 1404 1358 1461 reynum
1395 1384 1536 1455 Dei,
1571 1383 1691 1445 hoc
1729 1389 1844 1456 est,
1959 1383 2395 1446 misericordia
2452 1381 2912 1447 Sodomitarum
2972 1383 3037 1445 in
3095 1381 3275 1456 alioS,
3328 1399 3453 1444 non

337 1489 594 1562 tempus
633 1481 854 1562 gratiae
895 1501 1069 1544 nunc
1107 1482 1387 1557 advenit,
1423 1488 1484 1543 et
1516 1499 1642 1544 non
1683 1480 1852 1543 bona
1959 1482 2084 1545 fuit
2117 1485 2275 1545 tanti
2318 1483 2581 1565 peccati,
2616 1500 2732 1546 nec
2770 1483 2893 1545 erit
2927 1482 3086 1545 tanti
3126 1480 3453 1563 supplicii,

337 1586 612 1653 terrena,
659 1579 828 1642 sicut
866 1579 931 1641 in
976 1580 1173 1643 veteri
1214 1581 1374 1661 lege,
1419 1581 1530 1641 sed
1568 1577 1850 1643 coelestia
1961 1581 2127 1644 sicut
2162 1599 2382 1645 eorum
2423 1581 2535 1662 qui
2576 1580 2805 1644 Christi
2847 1580 3192 1662 discipulos
3238 1596 3462 1660 respu-

335 1678 518 1741 vobis
572 1678 1058 1760 promittuntur,
1113 1681 1538 1762 praedicantur
1585 1687 1648 1740 et
1693 1676 1852 1741 offe—
1959 1688 2168 1743 erunt.
2222 1681 2555 1762 Propterea
2601 1680 2689 1742 ait
2734 1679 2897 1742 Beda
2945 1699 2959 1743 :
3005 1678 3301 1752 Quamvis
3352 1678 3460 1741 So-

251 1802 307 1837 m.
339 1784 592 1839 runtur.
638 1776 800 1839 Hinc
839 1777 930 1839 ait
971 1777 1308 1859 Apostolus
1348 1792 1363 1836 :
1409 1776 1542 1839 Nox
1588 1794 1853 1858 praeces-
1961 1779 2213 1843 domitae
2254 1777 2671 1860 inhospitales
2715 1778 2995 1853 fuerunt,
3042 1778 3204 1840 nulli
3245 1784 3457 1839 tamen

338 1874 444 1947 sit,
479 1874 618 1937 dies
659 1882 874 1937 autem
912 1874 1498 1957 appropinquavit3
1541 1874 1844 1954 itemque,
1889 1872 1934 1933 B
1961 1878 2132 1960 apud
2180 1895 2286 1939 eos
2338 1876 2619 1958 hospites
2668 1875 2847 1951 tales,
2890 1875 3111 1958 quales
3149 1874 3455 1957 Apostoli,

338 1972 500 2036 Ecce
541 1992 716 2036 nunc
753 1980 1008 2055 tempus
1047 1973 1455 2055 acceptabile,
1491 1990 1638 2035 ecce
1677 1990 1850 2034 nunc
1961 1984 2111 2040 sunt
2142 1975 2408 2057 reperti3
2442 1983 2506 2037 et
2533 1976 2685 2037 licet
2710 1975 2826 2038 Lot
2858 1977 3163 2057 adspectu
3194 1982 3257 2035 et
3286 1973 3461 2036 audi-

339 2071 477 2133 dies
507 2071 756 2133 salutis.
782 2071 959 2134 Tunc
993 2089 1252 2153 quoque
1290 2090 1492 2152 quum
1525 2070 1658 2133 haec
1699 2088 1854 2151 prae-
1959 2084 2028 2137 tu
2066 2074 2276 2155 justus
2320 2081 2473 2147 erat,
2518 2092 2643 2137 non
2686 2081 2895 2135 tamen
2937 2072 3027 2135 ibi
3068 2071 3310 2153 aliquid
3354 2072 3463 2135 do-

337 2170 732 2245 dicabantur‚
753 2170 1030 2232 instabat
1053 2177 1304 2252 tempus
1336 2168 1648 2252 passionis
1681 2168 1852 2232 Chri·
1959 2175 2190 2248 cuisse‚
2223 2182 2334 2235 aut
2371 2174 2552 2255 signa
2581 2171 2807 2235 fecisse
2848 2172 3242 2254 perhibetur.
3280 2170 3463 2233 Deni-

337 2268 442 2342 sti,
488 2287 606 2351 per
649 2288 846 2350 quam
886 2269 1084 2349 janua
1131 2268 1310 2349 regni
1350 2267 1626 2332 coelestis
1668 2286 1851 2350 aper-
1959 2292 2086 2358 que
2128 2274 2337 2354 angeli
2388 2272 2587 2335 sancti
2630 2272 2693 2334 in
2739 2270 3027 2335 Sodomis
3076 2270 3460 2333 invenerunt
3486 2288 3750 2339 [maana.

337 2376 398 2430 ta
447 2375 567 2429 est.
603 2365 868 2441 Rursus,
911 2384 1180 2447 regnum
1223 2365 1329 2428 Dei
1377 2366 1852 2449 appropinquat
1960 2372 2332 2455 hospitium,
2367 2372 2495 2435 imo
2521 2389 2558 2432 a
2586 2371 2702 2434 Lot
2731 2389 2877 2433 cum
2908 2369 3291 2443 adoratione,
3320 2388 3461 2451 pre-

337 2466 402 2527 in
445 2484 580 2541 θοε,
615 2484 730 2527 seu
771 2465 886 2539 eiS,
921 2465 1031 2547 qui
1081 2482 1148 2526 se
1189 2465 1266 2527 ad
1308 2483 1474 2527 verae
1513 2465 1852 2528 beatitudi-
1959 2490 2031 2535 ce
2069 2490 2142 2533 ac
2182 2469 2535 2533 reverentia
2575 2476 2723 2531 sunt
2767 2467 3069 2550 suscepti.
3103 2468 3166 2530 Si
3204 2486 3354 2549 ergo
3392 2468 3459 2529 in

338 2566 438 2628 nis
485 2566 898 2647 adeptionem
950 2564 1322 2646 disponunt,
1365 2572 1616 2627 terrena
1658 2572 1850 2646 atque
1959 2570 2119 2632 urbe
2166 2568 2381 2650 aliqua
2431 2586 2548 2631 nec
2599 2586 2764 2630 unus
2812 2567 3138 2629 exstiterat
3183 2566 3464 2649 discipu-

339 2664 622 2727 carnalia
651 2664 1135 2727 contemnendo.
1159 2662 1367 2725 Potest
1395 2664 1585 2724 etiam
1618 2681 1734 2745 per
1764 2682 1852 2725 re-
1959 2669 2052 2733 los
2083 2666 2315 2730 Christi
2347 2665 2728 2748 suscipione,
2753 2666 2964 2747 quoad
2995 2665 3115 2728 hoc
3148 2664 3329 2747 peJ‘or
3356 2664 3464 2728 So-

337 2780 538 2844 gmlm
579 2762 714 2836 Dei,
749 2762 1037 2826 Christus
1071 2780 1143 2823 ac
1177 2779 1355 2823 sacra
1392 2760 1718 2843 Scriptura
1756 2762 1853 2823 in·
1957 2766 2164 2829 domis
2204 2764 2676 2846 comprobatur.
2711 2762 2797 2825 De
2838 2763 2957 2825 hac
2995 2763 3369 2845 quaestione,
3402 2770 3466 2825 θῖ

343 2861 566 2942 telligi.
1955 2884 2036 2926 an
2081 2862 2371 2926 absolute
2414 2861 2757 2944 loquendo,
2803 2860 3006 2942 maior
3047 2860 3170 2923 erit
3208 2862 3466 2923 damna-

437 2963 520 3021 In
569 2978 1047 3039 quamcumque
1096 2968 1312 3019 autem
1362 2959 1688 3019 civitatem
1745 2960 1842 3017 in·
1957 2961 2047 3025 tio
2093 2979 2221 3024 non
2282 2959 2731 3042 recipientium
2791 2959 3144 3042 discipulos
3204 2959 3458 3035 Christi,

347 3058 706 3128 traveritis,
735 3066 796 3117 et
837 3076 962 3117 non
999 3058 1354 3134 receperint
1385 3076 1512 3128 ¹008,
1545 3064 1847 3116 exeuntes
1885 3053 1928 3118 G
1958 3079 2152 3144 quam
2212 3058 2652 3131 Sodomorum,
2706 3058 3142 3141 praetermittO,
3194 3057 3347 3139 quia
3401 3064 3465 3120 θῖ

347 3158 418 3217 in
461 3157 704 3234 plateis
743 3155 912 3233 ejus,
952 3155 1152 3215 dicite
1188 3175 1210 3214 .·
1241 3155 1464 3216 Etiam
1507 3158 1846 3233 pulverem
1957 3176 2153 3241 super
2189 3156 2547 3220 Matthaeum
2590 3157 2775 3239 plura
2813 3159 2891 3219 de
2926 3174 3001 3219 ea
3034 3155 3409 3238 conscripsi.
3496 3144 3756 3251 ,ffff‘ssff

346 3256 462 3335 qui
497 3255 780 3315 adhoesit
821 3254 1001 3314 nobis
1043 3256 1124 3313 de
1163 3253 1427 3315 civitate
1469 3262 1705 3322 vestra,
1740 3273 1849 3314 eoe-
2054 3260 2158 3319 Vae
2205 3257 2349 3325 tibi,
2398 3257 2733 3327 Corozain,
2771 3276 2865 3317 voe
2911 3256 3051 3328 tibi,
3088 3256 3465 3325 Bethsaida,
3546 3241 3557 3261 ’
3602 3240 3669 3327 1⁹3

348 3357 659 3431 teryimus
689 3354 764 3412 in
795 3371 922 3412 vos.
957 3350 1087 3414 Hoc
1127 3351 1294 3413 idem
1337 3350 1715 3432 praecedenti
1749 3370 1848 3412 ca-
1957 3358 2118 3436 quia
2157 3357 2218 3415 si
2256 3356 2330 3414 in
2384 3358 2549 3431 Tyro
2586 3364 2647 3414 et
2684 3354 2927 3415 Sidone
2964 3354 3154 3431 factoe
3188 3354 3467 3431 fuissent

347 3451 548 3533 pitulo
587 3449 877 3513 Christus
919 3448 1238 3514 commisit
1276 3447 1592 3530 Apostolis
1627 3467 1640 3510 t
1677 3450 1844 3529 quod
1956 3457 2226 3515 virtutes
2254 3472 2397 3531 quoe
2416 3452 2489 3512 in
2513 3452 2687 3512 vobis
2710 3452 2901 3529 factoe
2919 3460 3072 3511 sunt
3093 3452 3271 3521 olim,
3290 3452 3366 3511 in
3384 3451 3471 3511 ci-

341 3549 583 3612 ibidem
614 3549 980 3631 expositum
1009 3554 1125 3620 est,
1152 3547 1498 3628 multaeque
1529 3554 1679 3609 sunt
1708 3566 1849 3610 cau-
1957 3554 2107 3615 licio
2136 3562 2197 3612 et
2228 3552 2443 3611 cinere
2468 3552 2750 3611 sedentes
2777 3550 3185 3628 poeniterent.
3208 3546 3468 3620 Quando

341 3667 424 3710 sae
461 3646 690 3729 positae
729 3644 1125 3709 excussionis
1166 3644 1450 3726 pulveris
1485 3645 1552 3706 in
1587 3664 1712 3709 non
1754 3665 1849 3708 re-
1955 3658 2067 3713 aut
2093 3668 2225 3732 quo
2254 3648 2492 3711 affectu
2526 3646 2811 3711 Christus
2843 3648 2978 3711 haec
3006 3646 3259 3721 dixerit,
3292 3647 3462 3728 apud

341 3746 655 3828 cipientes
713 3744 947 3807 Christi
1008 3743 1380 3825 discipulos·
1439 3746 1576 3805 Hoc
1634 3753 1848 3805 lamen
1955 3748 2314 3812 Matthaeum
2359 3746 2593 3809 clarius
2644 3744 2953 3808 scribitur
2993 3764 3007 3808 :
3052 3750 3205 3807 tunc
3244 3743 3466 3807 videli-
3513 3761 3759 3811 maam-

337 3846 582 3914 scitote,
601 3844 768 3923 quia
795 3843 1351 3922 appropinquavit
1381 3860 1654 3919 reynum
1683 3845 1848 3903 Dei:
1959 3854 2080 3921 cet,
2123 3847 2383 3929 quando
2427 3845 2697 3908 Joannes
2749 3841 3027 3924 Baptista
3074 3841 3142 3903 in
3191 3841 3465 3905 vinculis
3492 3828 3561 3869 ²⁴·

339 3942 402 4005 id
437 3948 557 4017 eet,
592 3940 890 4023 quamvis
931 3958 1046 4003 nos
1085 3939 1370 4022 recipere
1404 3941 1844 4015 contemnatiS,
1971 3945 2231 4029 posituS,
2256 3942 2433 4005 misit
2461 3941 2809 4024 discipulos
2840 3958 2987 4005 suos
3016 3941 3093 4003 ad
3126 3938 3461 4005 Christum.

343 4040 548 4103 nihilo
609 4040 826 4101 minus
884 4038 1216 4101 veritatem
1273 4037 1455 4102 vobis
1513 4038 1850 4102 denuntia·
1957 4042 2198 4116 Quibus
2237 4059 2441 4124 quum
2478 4039 2766 4103 Christus
2809 4038 3261 4121 respondisset,
3286 4045 3349 4099 et
3390 4037 3468 4099 il-

347 4158 524 4211 mus;
567 4146 633 4201 et
673 4137 844 4220 quod
885 4136 952 4199 in
994 4136 1179 4200 nobis
1220 4144 1316 4199 θεῖ
1348 4156 1422 4199 ac
1461 4136 1644 4200 nobis
1684 4157 1853 4201 com·
1961 4141 2008 4203 li
2053 4139 2382 4211 abiissent,
2428 4138 2593 4199 inter
2632 4145 2839 4200 cetera
2880 4155 3025 4218 quae
3072 4135 3460 4219 praedicavit,

348 4237 619 4299 missum
654 4234 1040 4317 peragimuS‚
1065 4234 1358 4316 quamvis
1390 4233 1510 4297 hoc
1540 4242 1756 4316 vergat
1783 4235 1850 4297 in
1884 4242 1934 4303 D
1961 4239 2158 4322 coepit
2223 4237 2607 4319 exprobrare
2672 4236 3035 4300 civitatibus
3094 4236 3160 4298 in
3227 4235 3465 4317 quibus

349 4334 658 4415 maJorem
689 4339 964 4395 vestram
1005 4331 1473 4395 damnationem
1510 4350 1524 4395 :
1560 4333 1646 4395 ita
1682 4334 1851 4415 quod
1963 4337 2259 4421 plurimae
2287 4335 2427 4415 ejus
2457 4335 2723 4397 virtutes
2755 4333 2933 4396 factae
2963 4340 3128 4408 sunt,
3153 4334 3307 4415 quia
3336 4353 3463 4397 non

349 4430 827 4495 excusationem
877 4430 954 4491 de
1003 4430 1359 4510 ignorantia
1406 4449 1532 4493 non
1583 4431 1849 4494 habetis.
1963 4435 2240 4517 egissent
2288 4432 2753 4515 poenitentiam,
2804 4440 2867 4493 et
2915 4432 3076 4493 dixit
3127 4451 3140 4495 :
3194 4432 3299 4495 Vae
3344 4432 3463 4495 tibi
3518 4449 3637 4493 ιῡεα.
3660 4450 3729 4491 21.

427 4532 590 4593 Dico
629 4530 829 4597 vobis,
872 4530 1032 4608 quia
1069 4530 1388 4600 SodomiS,
1431 4528 1493 4590 id
1537 4536 1632 4591 est
1670 4530 1857 4594 Sodo·
1966 4534 2287 4603 Corozain,
2324 4550 2417 4593 vae
2456 4530 2598 4605 tibi,
2636 4530 2985 4605 Bethsaida,
3020 4538 3142 4593 etc.

350 4628 548 4701 mitis,
581 4629 658 4688 in
696 4627 807 4687 die
846 4628 965 4686 illa
1005 4626 1268 4689 notabili
1309 4633 1371 4688 et
1408 4625 1669 4702 famosa,
1705 4637 1858 4710 puta
2063 4630 2254 4693 Porro
2311 4628 2629 4702 Corozain‚
2694 4628 3045 4703 Bethsaida,
3107 4628 3465 4710 Capharna-

351 4726 414 4789 in
455 4726 564 4788 die
601 4722 856 4806 judicii,
887 4726 1224 4783 remissius
1259 4725 1409 4792 erit,
1442 4725 1562 4788 hoc
1603 4733 1701 4788 est
1741 4726 1858 4788 mi·
1967 4747 2098 4803 um,
2131 4726 2437 4800 TiberiaS,
2472 4734 2621 4788 sunt
2658 4734 2933 4808 quatuor
2969 4725 3254 4790 civitates
3302 4726 3467 4790 Gali-

351 4842 468 4887 nor
500 4841 713 4905 poena,
739 4838 853 4883 seu
883 4820 1276 4884 tolerabilior
1305 4822 1638 4899 damnatio,
1659 4845 1856 4904 quam
1965 4827 2117 4899 laena,
2170 4825 2307 4887 sitae
2352 4824 2418 4886 in
2467 4823 2681 4888 littore
2729 4824 2848 4886 laci
2894 4824 3298 4900 Genesareth,
3352 4825 3465 4908 qui

351 4923 460 4981 illi
499 4920 790 4991 civitati,
823 4918 888 4981 id
931 4926 1028 4980 est
1068 4918 1528 4983 habitatoribus
1567 4920 1705 5001 ejus
1748 4941 1857 4985 vos
1967 4925 2046 4988 ab
2075 4922 2492 5003 Evangelistis
2522 4940 2696 4984 mare
2725 4922 2991 4985 Galilaeae
3022 4940 3132 4984 seu
3164 4941 3341 4985 mare
3368 4922 3470 4985 Ti·
3516 4950 3759 5001 ananam.

351 5016 836 5100 abjicientibus.
869 5052 950 5063 -
980 5016 1159 5079 Circa
1203 5016 1323 5080 hoc
1364 5018 1562 5098 quaeri
1612 5027 1854 5101 potest:
1967 5020 2243 5085 beriadis
2302 5019 2662 5102 appellatur
2714 5038 2729 5082 z
2779 5020 2844 5081 in
2901 5020 3138 5102 quibus
3195 5020 3467 5084 urbibus
3496 5016 3536 5057 ¹·

353 5136 558 5201 quum
611 5134 804 5199 poena
851 5116 1344 5197 correspondeat
1385 5116 1609 5198 culpae,
1647 5119 1700 5179 si
1745 5119 1863 5181 mi·
1969 5120 2254 5183 Christus
2305 5118 2724 5201 personaliter
2772 5116 3158 5199 praedicavit,
3200 5125 3265 5180 et
3306 5119 3471 5181 mul-

355 5235 474 5279 nor
507 5215 631 5277 erit
671 5231 863 5296 poena
897 5212 1364 5277 Sodomitarum
1409 5234 1598 5295 quam
1643 5234 1864 5279 eorum
1973 5226 2034 5279 ta
2063 5217 2193 5298 egit
2230 5216 2571 5292 miracula;
2605 5223 2666 5277 et
2708 5215 2867 5279 forte
2898 5215 3181 5298 Apostoli
3210 5236 3471 5299 quoque

356 5314 473 5397 qui
513 5311 752 5377 Christi
791 5311 1142 5394 discipulos
1181 5331 1310 5376 non
1351 5322 1740 5395 receperunt,
1775 5314 1869 5379 vi-
1972 5316 2040 5378 in
2081 5314 2323 5378 eisdem
2376 5314 2645 5377 urbibus
2694 5314 2823 5395 jam
2871 5314 3377 5397 praedicaverunt
3409 5322 3474 5377 et
