4300 6259
36 880 101 928 29,
130 881 207 928 30;
242 891 307 920 xx

1160 535 1513 583 ENARRATIO
1552 536 1616 582 IN
1655 535 1794 608 (JAP.
1840 535 1911 582 111
1950 535 2228 584 JOANNIS.
2275 556 2351 565 —
2392 536 2535 583 Am.
2579 535 2689 582 vm

3351 513 3486 579 325·

362 704 614 780 vinum,
647 707 819 786 quod
860 705 1013 770 facit
1058 713 1283 769 natura
1326 707 1631 789 paulatim
1675 707 1741 770 in
1780 707 1873 770 vi·
1899 706 1950 769 A
1978 709 2238 772 modum
2278 716 2490 771 autem
2530 709 2760 772 dicitur
2794 709 2984 772 homo
3023 708 3232 790 primo
3271 707 3466 782 nasci,

62 813 331 864 ruth-nx.
358 803 579 884 tibus3
620 810 685 867 et
731 805 1153 869 illuminando
1201 824 1419 881 caecOS,
1454 807 1625 888 quod
1674 807 1870 869 inter·
1979 808 2236 888 quando
2265 825 2380 889 per
2405 808 2876 888 generationem
2907 806 3222 869 carnalem
3261 824 3336 868 ac
3365 823 3471 867 na-

38 945 113 990 „3
152 908 331 984 um:
362 903 523 966 dum
568 902 647 966 fit
683 911 817 966 arte
866 905 1221 967 medicinae.
1260 904 1337 966 Et
1376 904 1496 966 ista
1542 924 1669 968 non
1719 912 1867 967 sunt

38 1003 329 1054 '¹11·2³-²⁵=
360 1001 758 1066 sufficientia
811 1011 1186 1084 argumenta
1240 1002 1394 1066 fidei
1454 1011 1517 1066 et
1575 1021 1869 1086 coopera-

36 1065 206 1108 Jomn.
258 1078 331 1116 xx,
393 1099 409 1112 .

41 1130 81 1180 ο,
98 1130 142 1171 1.

360 1099 559 1164 tionis
602 1101 857 1176 divinae,
899 1120 1103 1184 quum
1148 1102 1278 1165 sint
1322 1102 1507 1166 bonis
1553 1103 1867 1184 malisque

360 1200 751 1262 communia.
799 1200 1249 1263 Verumtamen
1300 1219 1374 1265 eo
1423 1202 1609 1265 modo
1656 1220 1786 1282 quo
1829 1218 1867 1262 a

360 1295 614 1360 Christo
674 1305 738 1359 et
798 1297 939 1379 ejus
1004 1297 1316 1360 ministris
1380 1306 1634 1381 peracta
1692 1305 1861 1372 sunt,

360 1403 517 1458 sunt
566 1397 789 1478 utique
834 1395 1230 1460 sufficientia
1276 1396 1429 1459 fidei
1469 1404 1862 1478 argumenta.

360 1492 651 1557 Christus
690 1495 866 1557 enim
904 1493 1059 1557 fecit
1097 1513 1173 1558 ea
1214 1495 1653 1577 imperialiter,
1696 1503 1760 1558 et
1797 1495 1864 1557 in

360 1592 650 1655 instanti.
700 1592 947 1656 Fideles
1004 1613 1262 1676 quoque
1320 1593 1565 1658 faciunt
1622 1612 1693 1656 ea
1754 1613 1868 1676 per

359 1691 835 1756 invocationem
883 1693 1161 1757 nominis
1208 1693 1341 1770 Dei,
1390 1713 1537 1757 cum
1586 1712 1870 1756 exsecra-

358 1791 539 1854 tione
567 1790 777 1855 omnis
812 1793 1282 1856 communionis
1313 1793 1573 1856 diaboli.
1597 1792 1868 1856 ——Facit

1975 905 2248 967 turalem
2289 913 2622 988 parentum
2663 906 3038 988 producitur
3074 905 3142 967 in
3181 922 3318 967 esse
3358 923 3470 966 na-

1978 1003 2168 1065 turali
2207 1002 2532 1085 specifico,
2567 1005 2993 1067 contrahendo
3031 1023 3068 1066 a
3101 1001 3471 1085 parentibus

1977 1119 2115 1164 esse
2157 1111 2436 1183 naturae3
2478 1103 2570 1166 sic
2618 1102 2852 1166 dicitur
2901 1102 3074 1164 nasci
3119 1103 3327 1165 denuo
3371 1101 3471 1164 vel

1977 1200 2245 1276 renasci,
2279 1203 2533 1283 quando
2574 1220 2686 1284 per
2719 1201 3152 1284 operationem
3189 1199 3473 1262 divinam

1975 1299 2253 1380 acquirit
2301 1318 2439 1362 esse
2484 1300 2721 1382 gratiae,
2762 1300 2933 1382 quod
2983 1306 3077 1360 est
3124 1316 3262 1361 esse
3311 1297 3474 1361 divi-

1975 1417 2156 1474 num,
2210 1398 2690 1481 supernaturale
2737 1405 2800 1460 et
2845 1397 3237 1461 meritorium
3272 1395 3474 1477 :quia

1979 1503 2049 1557 ut
2077 1496 2235 1559 dicit
2262 1496 2617 1580 DionysiuS,
2651 1496 2827 1560 Sicut
2864 1494 3309 1558 intellectualis
3341 1513 3475 1557 cre-

1977 1602 2153 1656 atura
2210 1595 2468 1676 ponitur
2516 1595 2582 1657 in
2642 1613 2778 1658 esse
2835 1592 3139 1677 specifico
3196 1610 3310 1674 per
3366 1611 3475 1654 na·-

1977 1699 2210 1767 turam‚
2266 1710 2378 1774 per
2425 1711 2618 1774 quam
2665 1699 2762 1755 est
2807 1699 2952 1774 apta
2999 1711 3072 1753 ac
3121 1697 3342 1773 potens
3393 1691 3471 1752 ad

1977 1791 2375 1872 operationes
2405 1791 2762 1872 naturales;
2804 1791 2897 1853 sic
2925 1808 3040 1872 per
3066 1789 3332 1871 gratiam
3365 1808 3475 1871 po-

361 1897 671 1971 praeterea
726 1889 891 1952 Deus
939 1892 1325 1973 quandoque
1373 1891 1553 1972 signa
1612 1910 1727 1974 per
1774 1909 1869 1954 re-
1904 1891 1951 1955 B
1979 1890 2155 1951 nitur
2195 1890 2259 1951 in
2298 1907 2436 1951 esse
2474 1889 2713 1965 divino,
2750 1907 2862 1972 per
2900 1889 3073 1970 quod
3111 1894 3208 1950 est
3247 1887 3474 1951 idonea

358 1987 599 2070 probos
644 2005 759 2050 seu
802 1988 1075 2069 injustos
1118 2007 1131 2052 :
1176 2008 1321 2072 quae
1358 1989 1508 2052 licet
1552 2008 1681 2053 non
1726 2009 1870 2072 pro-

356 2086 519 2149 bent
547 2088 719 2168 quod
750 2095 1113 2169 operatores
1145 2087 1517 2170 hujusmodi
1548 2089 1677 2150 sint
1714 2088 1867 2153 boni

356 2193 427 2248 et
474 2184 601 2248 Deo
638 2185 926 2268 accepti3
969 2185 1242 2268 probant
1290 2194 1500 2249 tamen
1549 2189 1721 2268 quod
1762 2204 1868 2250 ve-

358 2303 435 2345 ra
482 2283 569 2345 sit
609 2283 773 2346 fides
819 2302 948 2365 qua
997 2284 1297 2348 invocant
1344 2285 1565 2359 Deum,
1608 2292 1673 2347 et
1719 2304 1868 2350 vera

361 2382 655 2445 doctrina
700 2383 779 2444 ad
827 2381 1012 2464 cujus
1060 2382 1614 2447 confirmationem
1664 2383 1871 2446 efficit

360 2479 531 2542 Deus
580 2480 730 2543 talia
774 2481 975 2562 signa.
1018 2479 1282 2563 Propter
1318 2483 1489 2564 quod
1538 2481 1693 2544 dicit
1738 2481 1871 2545 Sal·-

54 2590 333 2642 Maetkm.
362 2586 545 2642 vator
580 2580 752 2661 apud
789 2578 1151 2642 Matthaeum
1192 2598 1205 2642 :
1238 2579 1413 2642 Multi
1453 2581 1667 2643 dicent
1708 2580 1869 2644 mihi

38 2654 107 2704 22,
138 2655 217 2696 23.

362 2676 430 2738 in
481 2676 585 2738 die
634 2677 745 2738 illa
795 2695 809 2740 :
863 2677 1148 2752 Domine,
1202 2677 1487 2753 Domine,
1541 2697 1754 2742 nonne
1802 2679 1868 2742 in

361 2775 629 2839 nomine
666 2782 777 2839 tuo
818 2775 1364 2858 prophetavimuS,
1399 2783 1462 2839 et
1500 2777 1567 2839 in
1612 2778 1869 2841 nomine

360 2881 475 2937 tuo
514 2874 828 2937 daemonia
867 2873 1197 2956 ejecimuS,
1234 2882 1297 2937 et
1334 2875 1601 2938 virtutes
1636 2876 1869 2939 multas

360 2971 686 3034 fecimus?
735 2971 811 3035 Et
856 2981 1010 3036 tunc
1058 2971 1416 3037 confitebor
1464 2973 1592 3035 illis
1644 2993 1659 3038 ε
1714 2973 1870 3047 Quia

362 3089 701 3152 nunquam
743 3069 894 3135 novi
938 3090 1071 3135 vos‚
1582 3065 1591 3080 ⁸

446 3168 521 3231 Et
559 3169 867 3251 quoniam
911 3168 1195 3233 Christus
1234 3169 1412 3235 novit
1450 3169 1869 3234 intentionem

362 3286 437 3330 ac
476 3267 868 3330 desiderium
905 3267 1254 3343 Nicodemi,
1298 3268 1410 3350 qui
1453 3269 1630 3331 venit
1672 3276 1742 3330 ut
1780 3269 1872 3331 in-

363 3372 741 3441 strueretur,
793 3365 1032 3430 idcirco
1091 3365 1320 3448 incipit
1376 3383 1526 3427 eum
1585 3366 1867 3430 Christus

365 3463 707 3526 instruere.
739 3461 817 3524 Et
846 3463 1055 3545 primo
1084 3463 1344 3525 instruit
1372 3482 1519 3526 eum
1551 3464 1627 3526 de
1659 3465 1867 3547 primo

364 3567 765 3624 sacramento
810 3578 991 3623 novae
1040 3559 1197 3640 legis
1256 3561 1531 3622 maxime
1580 3579 1868 3624 necessa-

367 3659 484 3733 rio,
528 3658 830 3722 videlicet
877 3659 955 3720 de
997 3657 1336 3740 Baptismo‚
1380 3659 1553 3741 quod
1596 3667 1693 3721 est
1738 3660 1868 3742 spi-

364 3757 615 3821 ritualis
659 3757 1071 3838 regeneratio,
1107 3764 1287 3839 porta
1326 3757 1491 3820 vitae.
1514 3760 1867 3838 Respondit

359 3859 567 3925 lesus,
597 3865 659 3917 ec
696 3857 876 3917 dimit
911 3857 975 3915 ei
1004 3876 1027 3916 .·
1049 3857 1280 3927 Amen,
1314 3875 1499 3918 amen
1538 3858 1681 3916 dico
1722 3858 1861 3918 tibi.

360 3954 699 4037 Repetitio,
743 3952 1248 4017 confirmationis
1300 3953 1613 4016 indicium
1662 3961 1758 4016 est
1804 3962 1867 4017 et

360 4053 729 4136 provocatio
760 4051 1169 4114 advertentiae
1198 4051 1534 4132 diligentis,
1552 4053 1703 4114 Nisi
1720 4053 1868 4132 quis

359 4162 557 4214 natus
584 4151 795 4228 fuerit
822 4152 1053 4220 denuo,
1090 4149 1153 4212 id
1192 4156 1289 4212 est
1328 4156 1753 4231 regeneratuS‚
1784 4150 1871 4213 vi-

1976 1988 2054 2050 ad
2096 1988 2491 2070 operandum
2533 2005 2726 2070 opera
2767 1987 3110 2050 meritoria.

2057 2085 2120 2148 Si
2153 2086 2246 2149 sic
2277 2086 2650 2168 accipimuS,
2677 2084 2856 2148 Nasci
2888 2087 3112 2159 denuo,
3135 2092 3289 2148 tunc
3318 2104 3475 2147 nun-

1977 2204 2173 2267 quam
2221 2185 2428 2267 potuit
2481 2184 2714 2266 aliquis
2775 2184 3026 2259 salvari,
3081 2184 3203 2246 nisi
3253 2202 3474 2246 rursus

1976 2283 2314 2346 nascendo.
2366 2281 2595 2345 Omnes
2652 2301 2927 2364 namque
2977 2281 3108 2345 nati
3156 2288 3306 2344 sunt
3351 2281 3473 2345 filii
3503 2301 3761 2360 aptans.

1978 2382 2109 2456 irae,
2162 2382 2591 2445 contrahendo
2639 2389 2970 2463 peccatum
3029 2380 3334 2461 originale
3383 2399 3478 2444 se-

1979 2481 2264 2543 cundum
2305 2498 2709 2542 communem
2749 2479 2953 2560 legem
2989 2497 3003 2542 :
3039 2479 3260 2561 sicque
3295 2497 3482 2561 opor-

1979 2578 2152 2640 tebat
2182 2595 2288 2641 eos
2319 2577 2492 2640 intus
2521 2577 2790 2652 renasci,
2820 2577 3185 2660 recipiendo
3211 2578 3480 2658 gratiam

1982 2675 2459 2750 reformantem,
2521 2683 2584 2737 et
2639 2674 3070 2738 conferentem
3128 2693 3266 2737 esse
3325 2675 3480 2738 divi·

1983 2793 2163 2836 num.
2218 2772 2474 2848 Verum,
2531 2773 2684 2855 quia
2739 2771 3022 2836 Salvator
3067 2774 3145 2835 ad
3205 2773 3480 2836 litteram

1982 2872 2269 2954 loquitur
2311 2873 2389 2934 de
2433 2870 2905 2952 regeneratione
2951 2870 3374 2954 Baptismatis,
3413 2878 3485 2934 ut

1984 2978 2157 3053 patet
2204 2970 2271 3032 in
2323 2969 2618 3045 subditiS,
2671 2970 2930 3046 idcirco,
2983 2969 3156 3052 quod
3203 2970 3359 3033 dicit
3404 2970 3483 3032 de

1906 3069 1950 3134 C
1981 3069 2460 3150 regeneratione
2507 3068 2647 3143 ista,
2691 3067 3176 3149 intelligendum
3223 3075 3320 3130 est
3366 3087 3482 3150 pro

1976 3177 2267 3250 tempore
2307 3167 2456 3231 novi
2489 3167 2892 3230 Testamenti.
2928 3167 3346 3250 Temporibus
3379 3185 3484 3231 ve-

1979 3286 2049 3331 ro
2100 3267 2258 3348 legis
2301 3273 2542 3330 naturae
2589 3274 2654 3328 et
2699 3266 2855 3347 legis
2904 3265 3177 3348 scriptae,
3217 3264 3482 3329 fuerunt

1976 3366 2100 3429 alia
2158 3371 2376 3429 contra
2429 3364 2736 3445 originale
2792 3370 3122 3446 peccatum
3176 3365 3475 3441 remedia,

1982 3464 2226 3527 scilicet
2267 3463 2691 3537 circumcisio,
2738 3471 2802 3525 et
2841 3461 3004 3525 fides
3048 3470 3405 3544 parentum.

2062 3564 2241 3623 Dicit
2278 3564 2366 3621 ad
2403 3581 2549 3622 eum
2581 3561 2992 3629 Nicodemus,
3023 3578 3294 3642 arguens
3330 3580 3478 3625 con-

1983 3667 2077 3722 tra
2115 3659 2309 3723 verba
2351 3658 2603 3733 Christi,
2646 3677 2789 3741 quae
2825 3658 2989 3720 male
3025 3667 3216 3740 atque
3259 3678 3478 3722 carna-

1980 3761 2125 3823 liter
2172 3758 2506 3830 intellexit,
2540 3757 2692 3838 quia
2730 3756 2796 3818 in
2841 3757 2978 3838 lege
3014 3765 3303 3820 assuetus
3347 3777 3475 3822 non

1979 3859 2102 3920 fuit
2150 3854 2589 3938 spiritualibus
2643 3854 2849 3918 modis
2899 3855 3203 3936 loquendi
3253 3873 3266 3918 :
3316 3859 3480 3927 Quo—

1978 3959 2164 4018 modo
2196 3963 2398 4032 potest
2437 3957 2622 4014 homo
2661 3955 2842 4015 nasci
2871 3973 3074 4032 quum
3111 3957 3222 4023 sit,
3254 3954 3319 4016 id
3358 3964 3475 4031 est,

1978 4055 2235 4137 quando
2263 4059 2378 4126 est,
2401 4054 2636 4112 senex?
2665 4051 2950 4114 Christus
2989 4070 3118 4116 non
3147 4052 3306 4115 dixit
3338 4053 3484 4115 sim·

1980 4151 2253 4235 pliciter,
2305 4148 2437 4212 Nisi
2485 4149 2631 4231 quis
2679 4156 2863 4211 natus
2923 4148 3139 4224 fuerit,
3193 4169 3320 4214 non
3371 4169 3484 4233 po-

359 4249 595 4313 delicet
634 4265 750 4331 per
779 4247 1179 4329 spiritualem
1217 4247 1691 4328 generationem
1731 4265 1869 4310 esse
1900 4255 1951 4316 D
1978 4257 2102 4312 test
2148 4248 2365 4312 videre
2426 4265 2695 4328 regnum
2754 4246 2904 4327 Dei3
2959 4248 3092 4323 sed,
3144 4246 3276 4310 Nisi
3335 4249 3482 4330 quis

356 4347 600 4430 gratim,
646 4345 923 4409 caritatis
969 4353 1032 4407 et
1069 4343 1246 4421 fidei,
1283 4351 1436 4427 puta
1474 4363 1611 4408 esse
1649 4364 1871 4428 super·

362 4445 654 4508 naturale
692 4463 767 4506 ac
810 4441 1121 4507 deiforme
1167 4443 1457 4525 adeptuS,
1501 4463 1630 4505 non
1666 4454 1871 4524 potest

366 4547 587 4606 videre
632 4541 839 4606 oculis
886 4542 1118 4616 cordiS,
1164 4541 1353 4616 clare,
1403 4559 1517 4623 per
1564 4542 1866 4624 speciem,

362 4661 643 4720 reynum
672 4641 821 4711 Dei,
852 4639 915 4702 id
947 4647 1043 4702 cst
1073 4639 1341 4721 patriam
1370 4639 1723 4715 Beatorum,
1758 4657 1869 4702 seu

363 4741 567 4804 Deum
626 4745 997 4820 regnantem
1057 4738 1125 4800 in
1183 4738 1383 4802 coelis.
1434 4737 1641 4811 Quum
1698 4739 1872 4800 enim

364 4837 639 4902 ultimus
680 4835 836 4899 finis
880 4835 1183 4912 hominiS‚
1230 4855 1343 4898 seu
1387 4837 1527 4919 ipsa
1577 4835 1869 4910 felicitas,

364 4956 514 5020 quae
552 4944 649 4999 est
689 4936 854 5001 visio
890 4935 1001 4998 Dei
1040 4953 1157 5018 per
1195 4935 1497 5018 speciem,
1531 4935 1614 4998 sit
1656 4954 1878 5018 super-

366 5036 701 5110 naturalis,
737 5035 954 5120 nullus
996 5043 1203 5118 potest
1230 5036 1308 5098 ad
1339 5053 1479 5098 eam
1518 5037 1877 5118 pertingere

370 5153 488 5219 per
537 5153 701 5218 pura
749 5133 1080 5208 naturalia,
1134 5135 1244 5196 sed
1292 5141 1540 5216 oportet
1588 5141 1875 5197 naturam

371 5232 667 5314 adjuvari
710 5251 785 5295 ac
829 5230 1055 5313 perfici
1100 5249 1215 5314 per
1252 5230 1449 5294 fidem
1488 5238 1551 5294 et
1586 5232 1875 5313 gratiam,

375 5339 717 5413 ceteraque
764 5331 929 5394 dona
974 5328 1251 5412 Spiritus
1299 5328 1531 5392 Sancti.
1578 5329 1883 5403 Quemad-

1982 4355 2167 4412 natus
2211 4346 2408 4408 fuerit
2455 4347 2686 4408 denuo.
2731 4345 2850 4408 Sed
2900 4346 3052 4428 quia
3101 4347 3344 4410 renasci
3390 4347 3482 4408 in-

1984 4445 2184 4509 cludit
2223 4444 2419 4519 nasci,
2454 4451 2515 4506 et
2551 4443 2931 4507 Nicodemus
2970 4463 3097 4507 non
3139 4445 3318 4508 novit
3355 4444 3478 4507 nisi

1985 4564 2179 4607 unam
2219 4542 2636 4623 nativitatem,
2669 4543 2810 4606 ideo
2849 4543 2941 4604 sic
2975 4543 3242 4605 resumit
3274 4561 3289 4606 ε
3322 4540 3482 4615 Quo-

1988 4644 2174 4706 modo
2217 4647 2421 4725 potest
2460 4641 2648 4704 homo
2689 4640 2861 4702 nasci
2892 4659 3093 4722 quum
3135 4640 3218 4702 sit
3244 4643 3479 4703 senex?

1985 4741 2159 4815 Quod
2201 4759 2327 4804 non
2366 4745 2461 4801 est
2499 4739 2592 4801 sic
2628 4739 3130 4819 intelligendum,
3163 4739 3347 4820 quasi
3385 4757 3484 4802 se-

1988 4840 2269 4903 cundum
2308 4837 2724 4900 intentionem
2764 4836 3088 4901 Nicodemi
3133 4835 3343 4899 infans
3381 4837 3482 4901 vel

1985 4938 2243 5021 juvenis
2294 4937 2496 5020 possit
2552 4935 2839 5016 renasci3
2892 4936 3002 4998 sed
3053 4935 3357 5018 quoniam
3404 4937 3484 4999 de

1989 5055 2057 5100 se
2097 5037 2238 5118 ipso
2278 5035 2585 5100 sollicitus
2625 5033 2768 5109 fuit,
2803 5043 2866 5098 et
2899 5033 3037 5117 ipse
3070 5034 3201 5117 jam
3232 5035 3484 5098 vetulus

1990 5134 2252 5210 exstitit,
2305 5135 2543 5197 idcirco
2590 5133 2681 5196 sic
2731 5133 2901 5196 fatur
2948 5152 2962 5197 ε
3007 5131 3328 5206 Quomodo
3376 5153 3486 5217 po-

1990 5241 2113 5296 test
2154 5233 2343 5297 homo
2387 5233 2557 5296 nasci
2598 5250 2798 5313 quum
2840 5231 2920 5293 sit
2959 5234 3196 5295 senex?
3226 5231 3302 5294 Et
3340 5251 3487 5315 pro-

1996 5332 2106 5394 hat
2143 5332 2316 5414 quod
2363 5350 2490 5394 non
2535 5329 2755 5413 possit.
2796 5332 3141 5410 Numquid
3167 5341 3370 5409 potest
3409 5333 3482 5394 in

3617 3567 3655 3623 4
