4300 6259
643 2743 710 2797 21

596 4123 614 4167 1
631 4123 738 4168 Cor.
761 4137 818 4174 xi,

557 4189 624 4239 27,
641 4189 708 4229 2⁹.

859 483 981 549 212

1634 503 1982 551 ENARRA'rto
2025 504 2086 549 IN
2130 503 2270 551 CAP.
2316 503 2446 550 xxn
2488 504 2678 550 LUGAE.
2719 524 2799 534 —
2840 505 2982 552 Aur.
3027 506 3191 552 vau

859 673 1086 736 deliter
1131 673 1521 750 obediamus,
1575 695 1692 738 nec
1752 676 1890 738 sine
1934 675 2149 738 debita
2196 673 2433 757 prm-A
2462 684 2626 738 esset
2674 677 3037 750 tradendus,
3092 684 3307 740 sancto
3355 676 3551 739 David
3602 676 3667 738 in
3717 676 3943 739 Christi
4259 741 4260 750 ,

860 772 1184 853 paratione
1249 793 1321 835 ae
1389 775 1721 837 devotione
1783 773 2179 837 celebremus
2245 780 2354 834 aut
2464 792 2732 855 persona
2761 774 3319 838 dicentezFJtenim
3351 775 3540 838 homo
3570 776 3743 857 pacis
3774 794 3943 849 meae,
3974 788 4045 831 με.
4064 802 4125 837 ιι,
4148 793 4207 830 10.

2460 880 2580 934 etc.
2605 873 2765 935 Hinc
2797 873 2860 935 in
2893 873 3155 936 Actibus
3186 873 3405 936 Petrus
3433 873 3521 935 ait
3548 872 3779 935 Judaeis
3812 891 3826 935 :
3856 873 3947 934 Je-
3989 889 4205 937 Adam&

859 871 1426 934 communicemus.
1455 872 1730 955 Alioqui,
1759 879 1996 955 quanto
2027 872 2229 952 major
2258 879 2353 933 est

859 969 1112 1031 dilectio
1142 976 1203 1031 et
1231 969 1653 1033 beneficentia
1684 970 1914 1034 Christi
1944 971 2022 1032 ad
2055 989 2191 1043 nos,
2214 977 2352 1031 tan-

856 1074 919 1129 to
952 1068 1206 1148 gravior
1243 1069 1364 1130 erit
1410 1069 1816 1150 ingratitudo,
1861 1068 2242 1152 perversitas
2287 1075 2349 1130 et

855 1166 1174 1229 damnatio
1217 1175 1449 1230 nostra.

933 1263 1273 1340 Postremo,
1325 1265 1626 1347 quoniam
1687 1266 1972 1329 Christus
2032 1265 2096 1327 in
2158 1265 2347 1328 Coena

853 1363 1130 1444 propriis
1180 1363 1474 1425 manibus
1519 1383 1666 1426 suos
1711 1363 2207 1427 communicavit
2256 1363 2348 1424 di-

852 1460 1154 1543 scipuloS,
1207 1461 1358 1524 hinc
1407 1461 1472 1523 in
1533 1463 1636 1524 die
1682 1462 1888 1525 Coenae
1939 1461 2216 1543 religiosi
2267 1462 2343 1522 de

852 1577 1044 1621 manu
1089 1559 1187 1620 sui
1239 1560 1477 1641 praelati
1531 1579 1761 1642 corpus
1805 1560 2142 1624 Salvatoris
2184 1560 2346 1622 acci-

851 1657 1059 1738 piunt.
1094 1693 1169 1702 —
1199 1657 1327 1721 Hoc
1364 1677 1622 1741 quoque
1661 1659 2014 1732 sciendum,
2059 1660 2231 1740 quod
2271 1658 2347 1719 li-

851 1764 951 1817 cet
990 1756 1274 1820 Christus
1319 1764 1462 1839 post
1500 1776 1746 1820 coenam
1784 1757 1956 1820 dedit
1999 1776 2232 1839 corpus
2282 1765 2345 1818 et

2459 1069 2723 1131 scientia
2774 1070 2878 1132 Dei
2928 1070 3253 1144 traditum,
3302 1069 3735 1132 interemistis.
3787 1069 3944 1132 Deus

2459 1167 2631 1229 enim
2683 1167 2863 1230 Pater
2910 1185 3027 1250 per
3077 1169 3307 1232 Christi
3360 1168 3720 1250 passionem
3766 1187 3945 1230 mun-

2458 1265 2609 1326 dum
2650 1266 2893 1328 salvare
2932 1265 3231 1340 decrevit,
3264 1267 3803 1348 quemadmodum
3829 1265 3945 1327 lsa-

2460 989 2601 1032 sum
2638 970 3050 1052 Nazarenum,
3084 971 3351 1034 definito
3392 971 3657 1034 consilio
3696 978 3761 1032 et
3799 990 3947 1053 prae-
3970 951 4034 994 ²³·

2457 1361 2547 1423 ias
2588 1362 2748 1424 dixit
2782 1382 2795 1424 :
2832 1363 3135 1426 Dominus
3170 1364 3382 1446 posuit
3423 1363 3487 1425 in
3531 1382 3606 1426 eo
3652 1364 3945 1446 iniquita·
3972 1379 4213 1428 amas.
4259 1367 4260 1422 ζ

2455 1467 2582 1522 tem
2626 1461 2913 1524 omnium
2953 1470 3262 1536 nostrum,
3298 1462 3481 1543 cujus
3519 1462 3719 1525 livore
3750 1464 3943 1525 sanati

2456 1577 2699 1620 sumuS.
2745 1559 2819 1622 Et
2861 1580 3080 1622 rursus
3124 1559 3361 1622 ibidem
3407 1561 3692 1642 loquitur
3734 1561 3939 1624 Deus:

2455 1655 2713 1739 Propter
2762 1658 2968 1720 scelus
3020 1659 3241 1740 populi
3282 1659 3409 1720 mei
3450 1659 3735 1739 percussi
3772 1678 3938 1722 eum.

2457 1757 2907 1818 Verumtamen
2968 1779 3061 1819 voe
3116 1759 3372 1818 homini
3424 1759 3534 1817 illi
3586 1777 3705 1836 per
3760 1778 3943 1837 quem

850 1853 1224 1934 sanguinem
1272 1874 1460 1916 suum
1509 1855 1864 1937 discipuliS,
1909 1856 2210 1937 deinceps
2254 1863 2345 1916 ta-
2382 1857 2427 1919 B
2456 1857 2768 1926 tradetur,
2834 1854 2897 1916 id
2962 1864 3077 1930 est,
3137 1855 3487 1918 mortaliter
3544 1856 3835 1938 peccabit
3886 1867 3945 1919 et

849 1968 994 2012 men
1035 1952 1351 2014 ordinavit
1388 1951 1668 2016 Ecclesia
1705 1953 2183 2015 Sacramentum
2223 1953 2343 2015 hoc

845 2068 884 2110 a
915 2048 1154 2129 jejunis
1185 2050 1388 2132 accipi
1426 2059 1684 2133 propter
1723 2052 2146 2115 reverentiam
2174 2050 2337 2131 ejuS,

847 2155 910 2209 et
952 2155 1021 2209 ut
1063 2148 1350 2211 devotius
1392 2149 1762 2230 accipiatur.

906 2245 1378 2328 Consequenter
1405 2247 1690 2310 Christus
1721 2247 2129 2311 traditionem
2161 2266 2340 2310 suam

850 2344 1156 2425 praedicit,
1213 2345 1377 2407 sicut
1433 2353 1496 2407 et
1553 2347 1915 2428 passionem
1975 2365 2156 2408 suam
2214 2345 2341 2409 fre-

847 2450 1118 2522 quenter
1175 2443 1486 2524 praedixit,
1541 2463 1621 2506 ne
1679 2444 2068 2526 improvisus
2125 2452 2189 2506 et
2236 2463 2345 2506 ne-

848 2542 1017 2606 scius
1054 2543 1475 2606 aestimaretur
1511 2545 1778 2607 traditus
1827 2553 1888 2606 et
1937 2545 2207 2617 occisuS,
2250 2552 2339 2606 at-

847 2659 975 2722 que
1013 2649 1082 2703 ut
1123 2659 1190 2704 se
1235 2650 1459 2724 sponte
1502 2643 1936 2705 manifestaret
1978 2643 2164 2716 tradi,
2200 2643 2339 2725 capi

847 2746 910 2800 et
952 2740 1265 2821 crucifigi.
1313 2743 1755 2803 Verumtamen
1786 2762 1920 2801 ecce
1949 2763 2183 2804 manus
2215 2752 2343 2804 tra-

847 2840 1060 2898 dentis
1087 2859 1206 2910 me,
1243 2839 1307 2900 id
1345 2846 1462 2914 est,
1499 2839 1646 2902 licet
1675 2858 1790 2920 ego
1819 2846 1991 2901 tanta
2022 2839 2201 2902 vobis
2231 2840 2343 2903 bo-

849 2954 930 2997 na
960 2937 1382 3018 praestiterim,
1419 2937 1620 3003 nihilo
1659 2938 1873 3000 minus
1909 2957 2134 3000 manus
2166 2938 2339 3000 illius
2452 2936 2663 3010 nione,
2698 2945 2761 2998 et
2802 2938 3034 3018 pedum
3078 2955 3339 2999 suorum
3387 2957 3423 2998 a
3466 2937 3714 3001 Christo
3762 2937 4225 3074 lotio-{05:512

2453 1959 2751 2014 aeternam
2804 1953 3273 2034 promerebitur
3331 1954 3760 2036 sortieturque
3818 1974 3945 2037 poe-

2454 2068 2622 2111 nam.
2656 2050 2789 2123 Quo
2826 2051 3021 2114 verbo
3068 2051 3379 2125 ChristuS,
3412 2061 3727 2134 quantum
3765 2054 3832 2115 in
3880 2071 3945 2114 se

2454 2147 2597 2223 suit,
2632 2149 2893 2211 retraxit
2942 2151 3329 2232 proditorem
3375 2170 3411 2212 a
3452 2157 3627 2214 tanto
3670 2150 3944 2215 facinore

2454 2253 2693 2310 terrore
2735 2256 2799 2310 et
2840 2248 3333 2312 comminatione
3375 2249 3701 2330 supplicii.

2508 2345 2685 2408 Circa
2713 2347 2883 2427 quod
2915 2347 3219 2428 sagaciter
3250 2349 3734 2430 perpendamuS,
3758 2368 3948 2430 quan·

2452 2451 2514 2505 ta
2556 2445 2638 2506 sit
2684 2443 2992 2525 fragilitas
3039 2454 3231 2526 atque
3274 2446 3516 2508 malitia
3550 2446 3786 2509 mentis
3831 2448 3945 2510 hu-

2452 2561 2674 2617 manae,
2736 2561 2809 2606 eo
2866 2545 3037 2624 quod
3091 2543 3281 2607 Judas
3339 2545 3459 2606 iste
3522 2546 3941 2622 miserrimus,

2449 2641 2682 2702 auditis
2712 2642 2901 2703 tantis
2933 2642 3160 2704 Christi
3192 2643 3593 2706 sermonibus
3622 2650 3686 2705 et
3714 2645 3945 2707 advisa-

2452 2739 2733 2801 tionibus
2765 2740 2923 2814 istis,
2957 2740 3229 2821 aliisque
3264 2740 3596 2803 beneficiis
3630 2761 3669 2803 a
3699 2742 3942 2806 Christo

2451 2837 2785 2919 susceptis,
2821 2839 3011 2899 etiam
3052 2839 3119 2899 in
3161 2839 3279 2900 hac
3308 2838 3517 2913 Coena,
3553 2840 3618 2900 in
3658 2859 3942 2903 commu-

849 3035 961 3115 qui
1007 3035 1130 3099 cito
1168 3054 1271 3097 me
1310 3037 1532 3111 tradet,
1567 3057 1810 3097 mecum
1851 3047 1940 3096 est
1980 3039 2054 3097 in
2095 3058 2341 3108 mensa,
2376 3040 2419 3103 C
2453 3053 2553 3108 ne,
2588 3041 2680 3096 tot
2722 3036 2979 3097 demum
3026 3034 3179 3097 visis
3224 3035 3452 3097 Christi
3500 3036 3847 3111 miraculiS,
3882 3046 3941 3099 et

850 3132 914 3194 id
963 3141 1078 3207 est,
1120 3134 1382 3197 traditor
1430 3153 1610 3196 meus
1660 3153 1910 3197 mecum
1960 3136 2141 3216 quasi
2186 3136 2342 3198 ami-

851 3249 963 3292 cus
1031 3233 1385 3294 manducat.
1446 3232 1687 3306 Quibus
1749 3233 1961 3296 verbis
2028 3233 2337 3310 ChristuS,

848 3339 1156 3411 quantum
1198 3329 1262 3392 in
1304 3348 1371 3392 se
1409 3330 1554 3411 fuit,
1587 3331 1918 3394 admonuit
1947 3332 2192 3407 Judam,
2228 3333 2340 3415 qui

851 3427 972 3490 sibi
1006 3429 1082 3490 de
1111 3447 1226 3491 suo
1256 3429 1492 3492 scelere
1522 3431 1814 3492 conscius
1855 3429 1998 3505 suit,
2036 3438 2105 3492 ut
2141 3450 2179 3493 a
2218 3450 2342 3494 ma·

849 3526 911 3589 lo
955 3525 1322 3606 desisteret;
1374 3528 1482 3589 sed
1534 3528 1913 3609 proditorem
1963 3547 2089 3591 non
2141 3530 2343 3593 nomi-

850 3630 978 3698 nat,
1029 3643 1110 3687 ne
1166 3625 1233 3686 in
1292 3643 1472 3688 coena
1530 3626 1700 3707 pacis
1756 3628 2013 3707 grandis
2065 3628 2341 3692 turbatio

849 3723 1142 3798 oriretur,
1179 3731 1240 3785 et
1284 3741 1363 3785 ne
1400 3724 1544 3805 quis
1585 3725 2044 3807 discipulorum
2093 3726 2160 3787 in
2207 3747 2342 3808 pro-

851 3821 1116 3883 ditorem
1169 3829 1594 3902 consurgeret.
1647 3822 1816 3884 Istud
1874 3842 2132 3904 quoque
2193 3843 2343 3887 con-

848 3919 1140 4000 queritur
1169 3918 1452 3981 Christus
1493 3921 1571 3981 de
1600 3920 2030 3982 sacerdotibus
2065 3922 2340 3984 immun-

848 4016 946 4078 dae
999 4035 1072 4078 ac
1133 4016 1346 4098 impiae
1409 4019 1925 4092 conversationiS,
1989 4027 2051 4080 et
2114 4021 2340 4082 ceteris

2453 3133 2517 3193 in
2548 3139 2676 3194 tam
2709 3140 2921 3194 sancta
2950 3151 3023 3194 ac
3052 3132 3433 3196 electissima
3462 3135 3759 3197 societate
3788 3135 3945 3218 Apo-

2452 3230 2760 3294 stolorum
2816 3237 2986 3294 tanto
3042 3238 3333 3313 tempore
3386 3241 3818 3308 conversatuS‚
3866 3235 3945 3296 ad

2454 3336 2688 3391 tantam
2754 3329 3144 3410 impietatem
3211 3329 3494 3412 dilapsus
3559 3339 3675 3406 est,
3738 3349 3855 3394 nec
3910 3351 3949 3393 a

2452 3434 2759 3508 concepto
2807 3427 3111 3489 scelerato
3171 3429 3497 3510 proposito
3554 3429 3797 3492 exstitit
3853 3449 3950 3492 re-

2452 3533 2731 3588 vocatus.
2782 3525 3008 3587 Nullus
3056 3544 3205 3606 ergo
3266 3534 3554 3589 nostrum
3604 3537 3949 3609 praesumat

2452 3624 2529 3685 de
2572 3623 2817 3687 viribus
2868 3623 3021 3696 suiS,
3057 3641 3267 3705 neque
3305 3623 3579 3686 inaniter
3612 3625 3945 3706 glorietur,

2452 3723 2561 3784 sed
2602 3740 2854 3803 semper
2889 3721 2970 3783 sit
3008 3723 3361 3785 timoratus.
3395 3723 3555 3786 Hinc
3592 3725 3681 3786 ait
3707 3722 3771 3786 S.
3804 3723 3950 3787 Ber-

2453 3821 2685 3882 nardus
2731 3839 2742 3881 :
2788 3819 2849 3881 Si
2898 3839 3015 3883 nec
3062 3820 3128 3881 in
3180 3839 3371 3901 regno
3414 3822 3784 3902 majestatis,
3827 3841 3948 3886 nec

2451 3919 2515 3980 in
2552 3919 2840 3999 paradiso
2872 3917 3235 3999 voluptatiS,
3266 3937 3383 3981 nec
3413 3919 3475 3980 in
3508 3919 3775 4001 collegio
3806 3922 3948 3984 uni-

2450 4015 2617 4089 tatis,
2654 4014 2950 4077 videlicet
2999 4014 3251 4090 Christi,
3299 4015 3503 4078 defuit
3542 4035 3749 4092 casus,
3796 4020 3945 4101 quis

4008 1675 4120 1718 ιὸῑᾱ.
4140 1679 4178 1718 s,
4259 1669 4260 1728 ᾗ

4258 3997 4260 4046 ‹

851 4113 1108 4194 indigne
1154 4114 1704 4189 manducantibus,
1749 4116 1862 4196 qui
1904 4117 2004 4195 (ut
2045 4117 2131 4178 ait
2179 4118 2343 4200 Apo·
2453 4114 2683 4197 poterit
2731 4131 2867 4175 esse
2914 4132 3176 4175 securus
3218 4115 3281 4176 in
3327 4115 3446 4178 hoc
3484 4115 3621 4178 loco
3658 4115 3944 4180 horroris
3974 4119 4260 4212 oenum]

849 4211 1076 4287 stolus)
1106 4212 1196 4272 rei
1229 4219 1377 4272 sunt
1407 4213 1688 4294 corporis
1718 4221 1780 4274 et
1809 4215 2134 4294 sanguinis
2166 4215 2342 4278 Chri-
2373 4220 2421 4280 D
2450 4221 2513 4274 et
2555 4220 2745 4274 vastae
2787 4211 3191 4274 solitudinis?

849 4309 952 4384 sti,
1014 4318 1077 4371 et
1129 4310 1444 4391 judicium
1503 4310 1623 4372 sibi
1685 4313 2068 4374 manducant
2125 4321 2187 4375 et
2244 4314 2340 4398 bi-

848 4407 1031 4470 bunt.
1067 4411 1152 4469 Ec
1189 4410 1450 4486 quidem
1490 4411 1706 4470 Filius
1749 4412 2052 4482 hominia,
2096 4412 2339 4475 scilicet

849 4506 1133 4569 Christus
1163 4505 1358 4568 Filius
1389 4507 1684 4587 Virginis,
1719 4517 1781 4570 et
1812 4509 1977 4570 inter
2005 4509 2175 4574 filios
2207 4512 2339 4593 pri-

847 4605 934 4666 mi
982 4604 1259 4668 hominis
1299 4624 1608 4681 summm,
1641 4611 1994 4668 secundum
2033 4613 2207 4688 quod
2233 4615 2340 4671 de-

845 4705 1110 4780 finitum
1169 4713 1281 4771 est,
1341 4703 1403 4765 id
1468 4711 1562 4765 est
1620 4724 1657 4766 a
1717 4703 1894 4768 Patre
1955 4707 2338 4769 aeternaliter

849 4801 1188 4882 praevisum
1251 4820 1322 4863 ac
1391 4803 1902 4882 praeordinatum,
1960 4812 2153 4885 atque
2224 4825 2339 4888 per

845 4897 1186 4980 Prophetas
1247 4900 1641 4981 praedictum,
1694 4903 1879 4961 vadit
1937 4902 2014 4962 de
2074 4903 2204 4964 vita
2260 4905 2335 4966 ad

846 5004 1137 5069 mortem,
1171 4997 1249 5058 de
1297 4997 1520 5060 exsilio
1563 4998 1682 5060 isto
1719 5000 1798 5060 ad
1837 4999 2125 5080 patriam,
2161 5008 2223 5062 et
2260 5003 2338 5063 de

847 5094 1140 5176 passione
1186 5096 1519 5177 temporali
1569 5098 1646 5158 ad
1693 5096 1958 5177 gloriam
2009 5100 2340 5180 sempiter-

847 5211 992 5254 nam
1039 5211 1052 5255 ε
1103 5193 1255 5274 quia
1313 5201 1375 5256 et
1420 5194 1539 5257 hoc
1589 5195 1750 5256 Deus
1802 5213 1916 5277 per
1959 5195 2335 5278 Prophe'tam

848 5290 1158 5373 praedixit,
1212 5293 1380 5374 quod
1429 5292 1713 5355 Christus
1761 5312 1799 5354 a
1847 5313 1961 5357 suo
2021 5295 2338 5376 discipulo

2530 4309 2807 4372 Praefatis
2837 4327 3095 4390 quoque
3124 4310 3360 4384 verbiS,
3395 4317 3465 4372 ut
3504 4311 3727 4374 scribit
3752 4331 3945 4377 evan-

2446 4409 2671 4490 gelista
2726 4407 3071 4483 MatthaeuS,
3126 4409 3369 4470 addidit
3426 4409 3709 4473 Christus

3972 4207 4047 4246 to.

3762 4431 3777 4474 :
3830 4412 3945 4476 ΒΟ-
4032 4436 4198 4479 Masta.
4259 4429 4260 4480 Ῠ

2449 4526 2603 4568 num
2654 4506 2711 4568 ei
2760 4513 2947 4580 esset,
2982 4505 3035 4567 si
3087 4514 3270 4568 natus
3320 4525 3446 4570 non
3486 4506 3713 4570 suisset
3750 4509 3943 4574 homo
3968 4511 4089 4550 ¹¹¹³·
4116 4501 4179 4540 Ξ*-

2448 4605 2577 4668 ille.

2526 4705 2613 4764 Et
2662 4705 2791 4779 ipsi
2838 4702 3207 4764 innocentes
3258 4702 3563 4784 Apostoli,
3614 4716 3942 4782 caeperunt

2447 4821 2731 4881 quoerere
2770 4803 2943 4860 inter
2978 4820 3067 4869 se,
3096 4802 3244 4880 quis
3268 4811 3423 4862 esset
3452 4821 3532 4861 em
3558 4804 3649 4861 eis
3676 4805 3798 4882 qui
3824 4807 3941 4864 hoc

2446 4903 2746 4978 facturus
2793 4909 2967 4960 esset.
3023 4898 3137 4961 Ubi
3186 4908 3450 4982 apparet
3495 4919 3567 4962 ac
3617 4920 3942 4965 commen-

2452 5001 2635 5061 datur
2664 4997 2975 5059 mirabilis
3014 5005 3230 5059 sancta
3270 4998 3645 5080 simplicitas
3676 5002 3943 5082 Aposto—

2450 5097 2675 5171 lorum,
2708 5097 2819 5178 qui
2862 5096 3011 5158 licet
3050 5095 3208 5157 nihil
3251 5097 3327 5158 de
3366 5096 3646 5177 magistri
3686 5097 3787 5159 sui
3818 5107 3939 5160 tra-

2451 5195 2688 5258 ditione
2731 5214 3012 5276 unquam
3054 5193 3454 5275 cogitassent,
3489 5195 3687 5276 magis
3726 5203 3935 5258 tamen

2452 5295 2794 5358 credebant
2824 5295 3071 5358 Christo
3109 5313 3301 5377 quam
3346 5294 3763 5378 sibimetipsis
3799 5315 3812 5358 :
3846 5297 3933 5358 id·

4082 4681 4260 4766 23ι
