<?xml version="1.0" encoding="UTF-8"?>
<!DOCTYPE html PUBLIC "-//W3C//DTD XHTML 1.0 Transitional//EN"
    "http://www.w3.org/TR/xhtml1/DTD/xhtml1-transitional.dtd">
<html xmlns="http://www.w3.org/1999/xhtml" xml:lang="en" lang="en">
 <head>
  <title>
</title>
<meta http-equiv="Content-Type" content="text/html;charset=utf-8" />
  <meta name='ocr-system' content='tesseract 3.04.00' />
  <meta name='ocr-capabilities' content='ocr_page ocr_carea ocr_par ocr_line ocrx_word'/>
</head>
<body>
  <div class='ocr_page' id='page_1' title='image "./doctorisecstati09unkngoog_0067.png"; bbox 0 0 4300 6259; ppageno 0'>
   <div class='ocr_carea' id='block_1_1' title="bbox 1170 496 3471 562">
    <p class='ocr_par' dir='ltr' id='par_1_1' title="bbox 1170 496 3471 562">
     <span class='ocr_line' id='line_1_1' title="bbox 1170 496 3471 562; baseline 0.004 -9"><span class='ocrx_word' id='word_1_1' title='bbox 1170 506 1523 557; x_wconf 68' lang='lat' dir='ltr'>amm-rm</span> <span class='ocrx_word' id='word_1_2' title='bbox 1565 508 1630 556; x_wconf 77' lang='lat' dir='ltr'>m</span> <span class='ocrx_word' id='word_1_3' title='bbox 1670 510 1809 557; x_wconf 61' lang='lat' dir='ltr'>car.</span> <span class='ocrx_word' id='word_1_4' title='bbox 1851 511 1896 558; x_wconf 85' lang='lat' dir='ltr'>x</span> <span class='ocrx_word' id='word_1_5' title='bbox 1937 510 2125 559; x_wconf 59' lang='lat' dir='ltr'>Luca.</span> <span class='ocrx_word' id='word_1_6' title='bbox 2167 531 2251 543; x_wconf 92' lang='lat'>—</span> <span class='ocrx_word' id='word_1_7' title='bbox 2290 514 2433 560; x_wconf 69' lang='lat' dir='ltr'>aar.</span> <span class='ocrx_word' id='word_1_8' title='bbox 2476 513 2672 562; x_wconf 81' lang='lat' dir='ltr'>xxvm</span> <span class='ocrx_word' id='word_1_9' title='bbox 3388 496 3471 562; x_wconf 76' lang='lat'>25</span> 
     </span>
    </p>
   </div>
   <div class='ocr_carea' id='block_1_2' title="bbox 361 675 3477 769">
    <p class='ocr_par' dir='ltr' id='par_1_2' title="bbox 361 675 3477 769">
     <span class='ocr_line' id='line_1_2' title="bbox 361 675 3477 769; baseline 0.003 -30"><span class='ocrx_word' id='word_1_10' title='bbox 361 675 806 757; x_wconf 81' lang='lat' dir='ltr'>dignissimam</span> <span class='ocrx_word' id='word_1_11' title='bbox 849 697 1029 741; x_wconf 88' lang='lat' dir='ltr'>suam</span> <span class='ocrx_word' id='word_1_12' title='bbox 1077 678 1446 760; x_wconf 85' lang='lat' dir='ltr'>potentiam,</span> <span class='ocrx_word' id='word_1_13' title='bbox 1491 679 1733 742; x_wconf 90' lang='lat' dir='ltr'>scilicet</span> <span class='ocrx_word' id='word_1_14' title='bbox 1773 679 1870 743; x_wconf 86' lang='lat' dir='ltr'>in·</span> <span class='ocrx_word' id='word_1_15' title='bbox 1898 680 1948 743; x_wconf 87' lang='lat' dir='ltr'><strong>A</strong></span> <span class='ocrx_word' id='word_1_16' title='bbox 1979 700 2105 762; x_wconf 92' lang='lat' dir='ltr'>que</span> <span class='ocrx_word' id='word_1_17' title='bbox 2154 682 2517 746; x_wconf 89' lang='lat' dir='ltr'>doctoribus</span> <span class='ocrx_word' id='word_1_18' title='bbox 2566 684 2837 749; x_wconf 86' lang='lat' dir='ltr'>aliorum</span> <span class='ocrx_word' id='word_1_19' title='bbox 2890 686 3194 769; x_wconf 89' lang='lat' dir='ltr'>competit</span> <span class='ocrx_word' id='word_1_20' title='bbox 3242 686 3477 749; x_wconf 90' lang='lat' dir='ltr'>utrius-</span> 
     </span>
    </p>
   </div>
   <div class='ocr_carea' id='block_1_3' title="bbox 355 776 1874 1851">
    <p class='ocr_par' dir='ltr' id='par_1_3' title="bbox 355 776 1874 1851">
     <span class='ocr_line' id='line_1_3' title="bbox 359 776 1871 861; baseline 0.003 -24"><span class='ocrx_word' id='word_1_21' title='bbox 359 776 689 838; x_wconf 88' lang='lat' dir='ltr'>tellectum</span> <span class='ocrx_word' id='word_1_22' title='bbox 735 778 1225 859; x_wconf 89' lang='lat' dir='ltr'>speculativum,</span> <span class='ocrx_word' id='word_1_23' title='bbox 1260 786 1322 840; x_wconf 89' lang='lat' dir='ltr'>et</span> <span class='ocrx_word' id='word_1_24' title='bbox 1363 780 1571 859; x_wconf 90' lang='lat' dir='ltr'>quoad</span> <span class='ocrx_word' id='word_1_25' title='bbox 1625 780 1871 861; x_wconf 85' lang='lat' dir='ltr'>dignio—</span> 
     </span>
     <span class='ocr_line' id='line_1_4' title="bbox 359 875 1871 959; baseline 0.003 -23"><span class='ocrx_word' id='word_1_26' title='bbox 359 895 428 936; x_wconf 91' lang='lat' dir='ltr'>ra</span> <span class='ocrx_word' id='word_1_27' title='bbox 468 875 740 957; x_wconf 83' lang='lat' dir='ltr'>objecta,</span> <span class='ocrx_word' id='word_1_28' title='bbox 776 876 930 958; x_wconf 90' lang='lat' dir='ltr'>quia</span> <span class='ocrx_word' id='word_1_29' title='bbox 969 877 1138 939; x_wconf 86' lang='lat' dir='ltr'>circa</span> <span class='ocrx_word' id='word_1_30' title='bbox 1177 877 1395 939; x_wconf 89' lang='lat' dir='ltr'>divina</span> <span class='ocrx_word' id='word_1_31' title='bbox 1427 886 1744 959; x_wconf 90' lang='lat' dir='ltr'>versatur;</span> <span class='ocrx_word' id='word_1_32' title='bbox 1779 879 1871 942; x_wconf 91' lang='lat' dir='ltr'>vi—</span> 
     </span>
     <span class='ocr_line' id='line_1_5' title="bbox 356 974 1866 1057; baseline 0.002 -21"><span class='ocrx_word' id='word_1_33' title='bbox 356 981 419 1036; x_wconf 85' lang='lat' dir='ltr'>ta</span> <span class='ocrx_word' id='word_1_34' title='bbox 451 992 605 1037; x_wconf 85' lang='lat' dir='ltr'>vero</span> <span class='ocrx_word' id='word_1_35' title='bbox 643 974 848 1037; x_wconf 87' lang='lat' dir='ltr'>activa</span> <span class='ocrx_word' id='word_1_36' title='bbox 888 975 1193 1057; x_wconf 87' lang='lat' dir='ltr'>competit</span> <span class='ocrx_word' id='word_1_37' title='bbox 1229 976 1476 1039; x_wconf 91' lang='lat' dir='ltr'>homini</span> <span class='ocrx_word' id='word_1_38' title='bbox 1517 978 1866 1039; x_wconf 90' lang='lat' dir='ltr'>secundum</span> 
     </span>
     <span class='ocr_line' id='line_1_6' title="bbox 357 1072 1871 1155; baseline 0.002 -21"><span class='ocrx_word' id='word_1_39' title='bbox 357 1072 720 1155; x_wconf 90' lang='lat' dir='ltr'>practicum</span> <span class='ocrx_word' id='word_1_40' title='bbox 769 1074 1188 1150; x_wconf 90' lang='lat' dir='ltr'>intellectum,</span> <span class='ocrx_word' id='word_1_41' title='bbox 1233 1082 1296 1136; x_wconf 92' lang='lat' dir='ltr'>et</span> <span class='ocrx_word' id='word_1_42' title='bbox 1346 1076 1515 1138; x_wconf 90' lang='lat' dir='ltr'>circa</span> <span class='ocrx_word' id='word_1_43' title='bbox 1559 1076 1871 1139; x_wconf 79' lang='lat' dir='ltr'>exteriora</span> 
     </span>
     <span class='ocr_line' id='line_1_7' title="bbox 355 1171 1872 1254; baseline 0.003 -21"><span class='ocrx_word' id='word_1_44' title='bbox 355 1190 430 1233; x_wconf 91' lang='lat' dir='ltr'>ac</span> <span class='ocrx_word' id='word_1_45' title='bbox 482 1171 814 1234; x_wconf 83' lang='lat' dir='ltr'>sensibilia</span> <span class='ocrx_word' id='word_1_46' title='bbox 863 1180 1211 1254; x_wconf 91' lang='lat' dir='ltr'>occupatur</span> <span class='ocrx_word' id='word_1_47' title='bbox 1258 1173 1529 1254; x_wconf 86' lang='lat' dir='ltr'>objecta.</span> <span class='ocrx_word' id='word_1_48' title='bbox 1582 1173 1872 1237; x_wconf 89' lang='lat' dir='ltr'>Secunda</span> 
     </span>
     <span class='ocr_line' id='line_1_8' title="bbox 356 1270 1870 1353; baseline 0.003 -21"><span class='ocrx_word' id='word_1_49' title='bbox 356 1279 478 1345; x_wconf 88' lang='lat' dir='ltr'>est,</span> <span class='ocrx_word' id='word_1_50' title='bbox 513 1270 670 1352; x_wconf 89' lang='lat' dir='ltr'>quia</span> <span class='ocrx_word' id='word_1_51' title='bbox 698 1271 828 1334; x_wconf 87' lang='lat' dir='ltr'>vita</span> <span class='ocrx_word' id='word_1_52' title='bbox 857 1272 1354 1353; x_wconf 89' lang='lat' dir='ltr'>contemplativa</span> <span class='ocrx_word' id='word_1_53' title='bbox 1385 1291 1462 1335; x_wconf 85' lang='lat' dir='ltr'>ex</span> <span class='ocrx_word' id='word_1_54' title='bbox 1493 1292 1608 1335; x_wconf 91' lang='lat' dir='ltr'>sua</span> <span class='ocrx_word' id='word_1_55' title='bbox 1647 1281 1870 1336; x_wconf 90' lang='lat' dir='ltr'>natura</span> 
     </span>
     <span class='ocr_line' id='line_1_9' title="bbox 357 1370 1870 1453; baseline 0.001 -20"><span class='ocrx_word' id='word_1_56' title='bbox 357 1376 458 1433; x_wconf 91' lang='lat' dir='ltr'>est</span> <span class='ocrx_word' id='word_1_57' title='bbox 503 1370 706 1451; x_wconf 84' lang='lat' dir='ltr'>magis</span> <span class='ocrx_word' id='word_1_58' title='bbox 750 1370 1074 1433; x_wconf 89' lang='lat' dir='ltr'>continua.</span> <span class='ocrx_word' id='word_1_59' title='bbox 1109 1370 1338 1447; x_wconf 89' lang='lat' dir='ltr'>Tertia,</span> <span class='ocrx_word' id='word_1_60' title='bbox 1381 1372 1534 1453; x_wconf 91' lang='lat' dir='ltr'>quia</span> <span class='ocrx_word' id='word_1_61' title='bbox 1575 1380 1671 1435; x_wconf 88' lang='lat' dir='ltr'>est</span> <span class='ocrx_word' id='word_1_62' title='bbox 1708 1374 1870 1435; x_wconf 89' lang='lat' dir='ltr'>dele·</span> 
     </span>
     <span class='ocr_line' id='line_1_10' title="bbox 359 1468 1872 1553; baseline 0.002 -22"><span class='ocrx_word' id='word_1_63' title='bbox 359 1468 660 1532; x_wconf 87' lang='lat' dir='ltr'>ctabilior</span> <span class='ocrx_word' id='word_1_64' title='bbox 716 1487 878 1552; x_wconf 90' lang='lat' dir='ltr'>pura</span> <span class='ocrx_word' id='word_1_65' title='bbox 927 1469 1364 1533; x_wconf 84' lang='lat' dir='ltr'>delectatione.</span> <span class='ocrx_word' id='word_1_66' title='bbox 1418 1470 1666 1547; x_wconf 87' lang='lat' dir='ltr'>Quarta,</span> <span class='ocrx_word' id='word_1_67' title='bbox 1720 1472 1872 1553; x_wconf 89' lang='lat' dir='ltr'>quia</span> 
     </span>
     <span class='ocr_line' id='line_1_11' title="bbox 357 1567 1872 1652; baseline 0.003 -23"><span class='ocrx_word' id='word_1_68' title='bbox 357 1576 455 1629; x_wconf 91' lang='lat' dir='ltr'>est</span> <span class='ocrx_word' id='word_1_69' title='bbox 489 1568 615 1630; x_wconf 88' lang='lat' dir='ltr'>sibi</span> <span class='ocrx_word' id='word_1_70' title='bbox 649 1568 714 1629; x_wconf 91' lang='lat' dir='ltr'>in</span> <span class='ocrx_word' id='word_1_71' title='bbox 747 1586 814 1630; x_wconf 87' lang='lat' dir='ltr'>se</span> <span class='ocrx_word' id='word_1_72' title='bbox 845 1568 1046 1649; x_wconf 86' lang='lat' dir='ltr'>magis</span> <span class='ocrx_word' id='word_1_73' title='bbox 1078 1567 1872 1652; x_wconf 86' lang='lat' dir='ltr'>sufficiens.Quinta,quo—</span> 
     </span>
     <span class='ocr_line' id='line_1_12' title="bbox 358 1668 1868 1751; baseline 0.003 -22"><span class='ocrx_word' id='word_1_74' title='bbox 358 1668 534 1730; x_wconf 91' lang='lat' dir='ltr'>niam</span> <span class='ocrx_word' id='word_1_75' title='bbox 588 1668 790 1749; x_wconf 85' lang='lat' dir='ltr'>magis</span> <span class='ocrx_word' id='word_1_76' title='bbox 843 1668 1152 1749; x_wconf 80' lang='lat' dir='ltr'>quaeritur</span> <span class='ocrx_word' id='word_1_77' title='bbox 1203 1676 1464 1751; x_wconf 85' lang='lat' dir='ltr'>propter</span> <span class='ocrx_word' id='word_1_78' title='bbox 1506 1688 1573 1731; x_wconf 90' lang='lat' dir='ltr'>se</span> <span class='ocrx_word' id='word_1_79' title='bbox 1623 1670 1826 1751; x_wconf 88' lang='lat' dir='ltr'>ipsam</span> <span class='ocrx_word' id='word_1_80' title='bbox 1852 1690 1868 1750; x_wconf 80' lang='lat'><em>3</em></span> 
     </span>
     <span class='ocr_line' id='line_1_13' title="bbox 357 1766 1874 1851; baseline 0.002 -23"><span class='ocrx_word' id='word_1_81' title='bbox 357 1766 492 1830; x_wconf 90' lang='lat' dir='ltr'>imo</span> <span class='ocrx_word' id='word_1_82' title='bbox 521 1767 731 1829; x_wconf 87' lang='lat' dir='ltr'>activa</span> <span class='ocrx_word' id='word_1_83' title='bbox 761 1767 1090 1830; x_wconf 86' lang='lat' dir='ltr'>ordinatur</span> <span class='ocrx_word' id='word_1_84' title='bbox 1119 1768 1197 1829; x_wconf 88' lang='lat' dir='ltr'>ad</span> <span class='ocrx_word' id='word_1_85' title='bbox 1228 1767 1455 1850; x_wconf 88' lang='lat' dir='ltr'>ipsam.</span> <span class='ocrx_word' id='word_1_86' title='bbox 1480 1767 1685 1843; x_wconf 84' lang='lat' dir='ltr'>Sexta,</span> <span class='ocrx_word' id='word_1_87' title='bbox 1721 1768 1874 1851; x_wconf 89' lang='lat' dir='ltr'>quia</span> 
     </span>
    </p>
   </div>
   <div class='ocr_carea' id='block_1_4' title="bbox 1978 782 3484 1851">
    <p class='ocr_par' dir='ltr' id='par_1_4' title="bbox 1978 782 3479 941">
     <span class='ocr_line' id='line_1_14' title="bbox 1978 782 3479 868; baseline 0.004 -27"><span class='ocrx_word' id='word_1_88' title='bbox 1978 798 2104 861; x_wconf 90' lang='lat' dir='ltr'>que</span> <span class='ocrx_word' id='word_1_89' title='bbox 2154 782 2300 844; x_wconf 81' lang='lat' dir='ltr'>vitae</span> <span class='ocrx_word' id='word_1_90' title='bbox 2357 783 2657 845; x_wconf 85' lang='lat' dir='ltr'>exercitia</span> <span class='ocrx_word' id='word_1_91' title='bbox 2712 785 2999 847; x_wconf 88' lang='lat' dir='ltr'>ordinate</span> <span class='ocrx_word' id='word_1_92' title='bbox 3060 785 3361 868; x_wconf 85' lang='lat' dir='ltr'>prosequi</span> <span class='ocrx_word' id='word_1_93' title='bbox 3417 793 3479 847; x_wconf 90' lang='lat' dir='ltr'>et</span> 
     </span>
     <span class='ocr_line' id='line_1_15' title="bbox 1980 877 2237 941; baseline 0 -2"><span class='ocrx_word' id='word_1_94' title='bbox 1980 877 2237 941; x_wconf 87' lang='lat' dir='ltr'>habere.</span> 
     </span>
    </p>

    <p class='ocr_par' dir='ltr' id='par_1_5' title="bbox 1979 976 3484 1851">
     <span class='ocr_line' id='line_1_16' title="bbox 2059 976 3484 1063; baseline 0.005 -26"><span class='ocrx_word' id='word_1_95' title='bbox 2059 976 2343 1059; x_wconf 91' lang='lat' dir='ltr'>Denique</span> <span class='ocrx_word' id='word_1_96' title='bbox 2378 980 2774 1060; x_wconf 85' lang='lat' dir='ltr'>evangelium</span> <span class='ocrx_word' id='word_1_97' title='bbox 2820 981 2989 1043; x_wconf 90' lang='lat' dir='ltr'>istud</span> <span class='ocrx_word' id='word_1_98' title='bbox 3029 981 3095 1043; x_wconf 89' lang='lat' dir='ltr'>in</span> <span class='ocrx_word' id='word_1_99' title='bbox 3127 981 3484 1063; x_wconf 78' lang='lat' dir='ltr'>Assumpti-</span> 
     </span>
     <span class='ocr_line' id='line_1_17' title="bbox 1979 1076 3479 1161; baseline 0.004 -24"><span class='ocrx_word' id='word_1_100' title='bbox 1979 1093 2099 1137; x_wconf 90' lang='lat' dir='ltr'>one</span> <span class='ocrx_word' id='word_1_101' title='bbox 2148 1076 2531 1140; x_wconf 65' lang='lat' dir='ltr'>beatissimae</span> <span class='ocrx_word' id='word_1_102' title='bbox 2578 1078 2852 1159; x_wconf 88' lang='lat' dir='ltr'>Virginis</span> <span class='ocrx_word' id='word_1_103' title='bbox 2900 1080 3133 1161; x_wconf 90' lang='lat' dir='ltr'>legitur</span> <span class='ocrx_word' id='word_1_104' title='bbox 3183 1099 3196 1143; x_wconf 93' lang='lat'><strong>:</strong></span> <span class='ocrx_word' id='word_1_105' title='bbox 3248 1079 3479 1153; x_wconf 89' lang='lat' dir='ltr'>Prim0,</span> 
     </span>
     <span class='ocr_line' id='line_1_18' title="bbox 1979 1174 3483 1260; baseline 0.004 -26"><span class='ocrx_word' id='word_1_106' title='bbox 1979 1174 2285 1254; x_wconf 90' lang='lat' dir='ltr'>quoniam</span> <span class='ocrx_word' id='word_1_107' title='bbox 2326 1174 2638 1239; x_wconf 82' lang='lat' dir='ltr'>festivitas</span> <span class='ocrx_word' id='word_1_108' title='bbox 2676 1177 2787 1240; x_wconf 90' lang='lat' dir='ltr'>illa</span> <span class='ocrx_word' id='word_1_109' title='bbox 2824 1178 2997 1240; x_wconf 91' lang='lat' dir='ltr'>aliud</span> <span class='ocrx_word' id='word_1_110' title='bbox 3042 1178 3317 1260; x_wconf 88' lang='lat' dir='ltr'>speciale</span> <span class='ocrx_word' id='word_1_111' title='bbox 3356 1197 3483 1241; x_wconf 91' lang='lat' dir='ltr'>non</span> 
     </span>
     <span class='ocr_line' id='line_1_19' title="bbox 1981 1271 3482 1358; baseline 0.003 -25"><span class='ocrx_word' id='word_1_112' title='bbox 1981 1271 2173 1334; x_wconf 88' lang='lat' dir='ltr'>habet</span> <span class='ocrx_word' id='word_1_113' title='bbox 2220 1274 2642 1355; x_wconf 87' lang='lat' dir='ltr'>evangelium.</span> <span class='ocrx_word' id='word_1_114' title='bbox 2690 1275 3001 1351; x_wconf 91' lang='lat' dir='ltr'>Secundo,</span> <span class='ocrx_word' id='word_1_115' title='bbox 3046 1277 3199 1358; x_wconf 86' lang='lat' dir='ltr'>quia</span> <span class='ocrx_word' id='word_1_116' title='bbox 3244 1276 3482 1338; x_wconf 89' lang='lat' dir='ltr'>utrius-</span> 
     </span>
     <span class='ocr_line' id='line_1_20' title="bbox 1982 1372 3484 1458; baseline 0.005 -27"><span class='ocrx_word' id='word_1_117' title='bbox 1982 1389 2108 1452; x_wconf 91' lang='lat' dir='ltr'>que</span> <span class='ocrx_word' id='word_1_118' title='bbox 2140 1372 2285 1435; x_wconf 84' lang='lat' dir='ltr'>vitae</span> <span class='ocrx_word' id='word_1_119' title='bbox 2316 1374 2620 1455; x_wconf 83' lang='lat' dir='ltr'>perfectio</span> <span class='ocrx_word' id='word_1_120' title='bbox 2650 1375 2715 1436; x_wconf 92' lang='lat' dir='ltr'>in</span> <span class='ocrx_word' id='word_1_121' title='bbox 2746 1392 2820 1437; x_wconf 89' lang='lat' dir='ltr'>ea</span> <span class='ocrx_word' id='word_1_122' title='bbox 2850 1376 3247 1458; x_wconf 87' lang='lat' dir='ltr'>resplenduit</span> <span class='ocrx_word' id='word_1_123' title='bbox 3279 1394 3292 1438; x_wconf 91' lang='lat'><strong>:</strong></span> <span class='ocrx_word' id='word_1_124' title='bbox 3327 1394 3484 1457; x_wconf 93' lang='lat' dir='ltr'>quo-</span> 
     </span>
     <span class='ocr_line' id='line_1_21' title="bbox 1983 1470 3483 1557; baseline 0.004 -26"><span class='ocrx_word' id='word_1_125' title='bbox 1983 1470 2155 1532; x_wconf 90' lang='lat' dir='ltr'>niam</span> <span class='ocrx_word' id='word_1_126' title='bbox 2197 1471 2573 1535; x_wconf 88' lang='lat' dir='ltr'>humanitati</span> <span class='ocrx_word' id='word_1_127' title='bbox 2614 1473 2755 1535; x_wconf 83' lang='lat' dir='ltr'>Filii</span> <span class='ocrx_word' id='word_1_128' title='bbox 2796 1474 2891 1536; x_wconf 92' lang='lat' dir='ltr'>sui</span> <span class='ocrx_word' id='word_1_129' title='bbox 2937 1475 3349 1557; x_wconf 83' lang='lat' dir='ltr'>corporaliter</span> <span class='ocrx_word' id='word_1_130' title='bbox 3376 1476 3483 1537; x_wconf 87' lang='lat' dir='ltr'>de—</span> 
     </span>
     <span class='ocr_line' id='line_1_22' title="bbox 1984 1569 3481 1655; baseline 0.003 -25"><span class='ocrx_word' id='word_1_131' title='bbox 1984 1569 2267 1646; x_wconf 88' lang='lat' dir='ltr'>servivit,</span> <span class='ocrx_word' id='word_1_132' title='bbox 2320 1578 2385 1633; x_wconf 90' lang='lat' dir='ltr'>et</span> <span class='ocrx_word' id='word_1_133' title='bbox 2430 1571 2569 1651; x_wconf 85' lang='lat' dir='ltr'>ejus</span> <span class='ocrx_word' id='word_1_134' title='bbox 2619 1572 3016 1635; x_wconf 88' lang='lat' dir='ltr'>divinitatem</span> <span class='ocrx_word' id='word_1_135' title='bbox 3066 1573 3481 1655; x_wconf 86' lang='lat' dir='ltr'>spiritualiter</span> 
     </span>
     <span class='ocr_line' id='line_1_23' title="bbox 1983 1669 3476 1750; baseline 0.003 -21"><span class='ocrx_word' id='word_1_136' title='bbox 1983 1669 2533 1750; x_wconf 86' lang='lat' dir='ltr'>contemplabatur</span> <span class='ocrx_word' id='word_1_137' title='bbox 2594 1671 2869 1733; x_wconf 91' lang='lat' dir='ltr'>lucidius</span> <span class='ocrx_word' id='word_1_138' title='bbox 2934 1672 3185 1734; x_wconf 76' lang='lat' dir='ltr'>ceteris,</span> <span class='ocrx_word' id='word_1_139' title='bbox 3246 1672 3476 1746; x_wconf 89' lang='lat' dir='ltr'>Tertio,</span> 
     </span>
     <span class='ocr_line' id='line_1_24' title="bbox 1983 1767 3481 1851; baseline 0.003 -23"><span class='ocrx_word' id='word_1_140' title='bbox 1983 1767 2286 1847; x_wconf 90' lang='lat' dir='ltr'>quoniam</span> <span class='ocrx_word' id='word_1_141' title='bbox 2326 1768 2592 1849; x_wconf 82' lang='lat' dir='ltr'>mystica</span> <span class='ocrx_word' id='word_1_142' title='bbox 2636 1788 2748 1830; x_wconf 91' lang='lat' dir='ltr'>seu</span> <span class='ocrx_word' id='word_1_143' title='bbox 2791 1769 3128 1851; x_wconf 86' lang='lat' dir='ltr'>allegorica</span> <span class='ocrx_word' id='word_1_144' title='bbox 3170 1768 3481 1851; x_wconf 83' lang='lat' dir='ltr'>expositio</span> 
     </span>
    </p>
   </div>
   <div class='ocr_carea' id='block_1_5' title="bbox 359 1864 3483 1949">
    <p class='ocr_par' dir='ltr' id='par_1_6' title="bbox 359 1864 3483 1949">
     <span class='ocr_line' id='line_1_25' title="bbox 359 1864 3483 1949; baseline 0.001 -23"><span class='ocrx_word' id='word_1_145' title='bbox 359 1866 426 1927; x_wconf 92' lang='lat' dir='ltr'>in</span> <span class='ocrx_word' id='word_1_146' title='bbox 461 1865 793 1929; x_wconf 89' lang='lat' dir='ltr'>vacatione</span> <span class='ocrx_word' id='word_1_147' title='bbox 823 1874 887 1928; x_wconf 89' lang='lat' dir='ltr'>et</span> <span class='ocrx_word' id='word_1_148' title='bbox 915 1864 1134 1947; x_wconf 90' lang='lat' dir='ltr'>quiete</span> <span class='ocrx_word' id='word_1_149' title='bbox 1165 1866 1496 1945; x_wconf 82' lang='lat' dir='ltr'>consistit3</span> <span class='ocrx_word' id='word_1_150' title='bbox 1533 1866 1738 1929; x_wconf 89' lang='lat' dir='ltr'>activa</span> <span class='ocrx_word' id='word_1_151' title='bbox 1764 1886 1874 1927; x_wconf 84' lang='lat' dir='ltr'>au·</span> <span class='ocrx_word' id='word_1_152' title='bbox 1911 1866 1956 1927; x_wconf 91' lang='lat' dir='ltr'>B</span> <span class='ocrx_word' id='word_1_153' title='bbox 1984 1864 2179 1945; x_wconf 86' lang='lat' dir='ltr'>hujus</span> <span class='ocrx_word' id='word_1_154' title='bbox 2218 1866 2528 1947; x_wconf 85' lang='lat' dir='ltr'>evangelii</span> <span class='ocrx_word' id='word_1_155' title='bbox 2566 1866 2625 1929; x_wconf 90' lang='lat' dir='ltr'>ei</span> <span class='ocrx_word' id='word_1_156' title='bbox 2668 1869 2987 1949; x_wconf 83' lang='lat' dir='ltr'>praecipue</span> <span class='ocrx_word' id='word_1_157' title='bbox 3028 1868 3352 1949; x_wconf 87' lang='lat' dir='ltr'>competit.</span> <span class='ocrx_word' id='word_1_158' title='bbox 3386 1869 3483 1949; x_wconf 89' lang='lat' dir='ltr'>lp-</span> 
     </span>
    </p>
   </div>
   <div class='ocr_carea' id='block_1_6' title="bbox 354 1963 1876 3031">
    <p class='ocr_par' dir='ltr' id='par_1_7' title="bbox 354 1963 1876 3031">
     <span class='ocr_line' id='line_1_26' title="bbox 355 1963 1876 2046; baseline 0.001 -21"><span class='ocrx_word' id='word_1_159' title='bbox 355 1970 513 2037; x_wconf 89' lang='lat' dir='ltr'>tem‚</span> <span class='ocrx_word' id='word_1_160' title='bbox 549 1963 618 2025; x_wconf 91' lang='lat' dir='ltr'>in</span> <span class='ocrx_word' id='word_1_161' title='bbox 659 1963 880 2026; x_wconf 91' lang='lat' dir='ltr'>labore</span> <span class='ocrx_word' id='word_1_162' title='bbox 909 1972 974 2026; x_wconf 87' lang='lat' dir='ltr'>et</span> <span class='ocrx_word' id='word_1_163' title='bbox 1011 1972 1214 2027; x_wconf 91' lang='lat' dir='ltr'>motu.</span> <span class='ocrx_word' id='word_1_164' title='bbox 1251 1963 1554 2046; x_wconf 87' lang='lat' dir='ltr'>Septima,</span> <span class='ocrx_word' id='word_1_165' title='bbox 1589 1965 1741 2046; x_wconf 90' lang='lat' dir='ltr'>quia</span> <span class='ocrx_word' id='word_1_166' title='bbox 1779 1973 1876 2027; x_wconf 89' lang='lat' dir='ltr'>est</span> 
     </span>
     <span class='ocr_line' id='line_1_27' title="bbox 357 2061 1876 2145; baseline 0.001 -21"><span class='ocrx_word' id='word_1_167' title='bbox 357 2063 565 2143; x_wconf 82' lang='lat' dir='ltr'>magis</span> <span class='ocrx_word' id='word_1_168' title='bbox 617 2062 858 2126; x_wconf 88' lang='lat' dir='ltr'>divina.</span> <span class='ocrx_word' id='word_1_169' title='bbox 911 2061 1162 2137; x_wconf 89' lang='lat' dir='ltr'>Octava,</span> <span class='ocrx_word' id='word_1_170' title='bbox 1216 2063 1521 2145; x_wconf 89' lang='lat' dir='ltr'>quoniam</span> <span class='ocrx_word' id='word_1_171' title='bbox 1571 2063 1876 2145; x_wconf 89' lang='lat' dir='ltr'>competit</span> 
     </span>
     <span class='ocr_line' id='line_1_28' title="bbox 357 2160 1876 2243; baseline 0.001 -21"><span class='ocrx_word' id='word_1_172' title='bbox 357 2160 610 2224; x_wconf 89' lang='lat' dir='ltr'>homini</span> <span class='ocrx_word' id='word_1_173' title='bbox 643 2178 759 2243; x_wconf 91' lang='lat' dir='ltr'>per</span> <span class='ocrx_word' id='word_1_174' title='bbox 788 2161 852 2223; x_wconf 91' lang='lat' dir='ltr'>id</span> <span class='ocrx_word' id='word_1_175' title='bbox 885 2179 1016 2242; x_wconf 92' lang='lat' dir='ltr'>quo</span> <span class='ocrx_word' id='word_1_176' title='bbox 1045 2180 1083 2223; x_wconf 89' lang='lat' dir='ltr'>a</span> <span class='ocrx_word' id='word_1_177' title='bbox 1112 2160 1334 2224; x_wconf 89' lang='lat' dir='ltr'>bestiis</span> <span class='ocrx_word' id='word_1_178' title='bbox 1365 2170 1732 2243; x_wconf 89' lang='lat' dir='ltr'>separatur;</span> <span class='ocrx_word' id='word_1_179' title='bbox 1774 2181 1876 2224; x_wconf 90' lang='lat' dir='ltr'>ac-</span> 
     </span>
     <span class='ocr_line' id='line_1_29' title="bbox 356 2260 1874 2341; baseline 0.002 -21"><span class='ocrx_word' id='word_1_180' title='bbox 356 2260 490 2322; x_wconf 88' lang='lat' dir='ltr'>tiva</span> <span class='ocrx_word' id='word_1_181' title='bbox 533 2278 688 2323; x_wconf 84' lang='lat' dir='ltr'>vero</span> <span class='ocrx_word' id='word_1_182' title='bbox 727 2260 1034 2341; x_wconf 89' lang='lat' dir='ltr'>competit</span> <span class='ocrx_word' id='word_1_183' title='bbox 1074 2260 1132 2322; x_wconf 90' lang='lat' dir='ltr'>ei</span> <span class='ocrx_word' id='word_1_184' title='bbox 1173 2260 1364 2323; x_wconf 85' lang='lat' dir='ltr'>etiam</span> <span class='ocrx_word' id='word_1_185' title='bbox 1404 2261 1756 2323; x_wconf 88' lang='lat' dir='ltr'>secundum</span> <span class='ocrx_word' id='word_1_186' title='bbox 1785 2262 1874 2323; x_wconf 92' lang='lat' dir='ltr'>vi-</span> 
     </span>
     <span class='ocr_line' id='line_1_30' title="bbox 359 2357 1874 2422; baseline 0.001 -2"><span class='ocrx_word' id='word_1_187' title='bbox 359 2378 462 2421; x_wconf 87' lang='lat' dir='ltr'>res</span> <span class='ocrx_word' id='word_1_188' title='bbox 511 2358 746 2421; x_wconf 84' lang='lat' dir='ltr'>animae</span> <span class='ocrx_word' id='word_1_189' title='bbox 805 2357 1164 2421; x_wconf 88' lang='lat' dir='ltr'>inferiores.</span> <span class='ocrx_word' id='word_1_190' title='bbox 1214 2358 1428 2422; x_wconf 91' lang='lat' dir='ltr'>Nihilo</span> <span class='ocrx_word' id='word_1_191' title='bbox 1480 2360 1694 2421; x_wconf 91' lang='lat' dir='ltr'>minus</span> <span class='ocrx_word' id='word_1_192' title='bbox 1745 2360 1874 2422; x_wconf 89' lang='lat' dir='ltr'>vita</span> 
     </span>
     <span class='ocr_line' id='line_1_31' title="bbox 356 2455 1872 2539; baseline 0.001 -22"><span class='ocrx_word' id='word_1_193' title='bbox 356 2457 570 2519; x_wconf 86' lang='lat' dir='ltr'>activa</span> <span class='ocrx_word' id='word_1_194' title='bbox 600 2455 943 2538; x_wconf 72' lang='lat' dir='ltr'>praefertur</span> <span class='ocrx_word' id='word_1_195' title='bbox 972 2457 1480 2539; x_wconf 78' lang='lat' dir='ltr'>contemplativae</span> <span class='ocrx_word' id='word_1_196' title='bbox 1519 2458 1872 2519; x_wconf 92' lang='lat' dir='ltr'>secundum</span> 
     </span>
     <span class='ocr_line' id='line_1_32' title="bbox 357 2555 1875 2638; baseline 0.001 -21"><span class='ocrx_word' id='word_1_197' title='bbox 357 2556 543 2637; x_wconf 89' lang='lat' dir='ltr'>quid,</span> <span class='ocrx_word' id='word_1_198' title='bbox 580 2564 736 2638; x_wconf 91' lang='lat' dir='ltr'>puta</span> <span class='ocrx_word' id='word_1_199' title='bbox 779 2556 846 2617; x_wconf 90' lang='lat' dir='ltr'>in</span> <span class='ocrx_word' id='word_1_200' title='bbox 893 2574 1066 2629; x_wconf 90' lang='lat' dir='ltr'>casu,</span> <span class='ocrx_word' id='word_1_201' title='bbox 1112 2563 1374 2637; x_wconf 89' lang='lat' dir='ltr'>propter</span> <span class='ocrx_word' id='word_1_202' title='bbox 1414 2555 1656 2619; x_wconf 90' lang='lat' dir='ltr'>bonum</span> <span class='ocrx_word' id='word_1_203' title='bbox 1703 2574 1875 2619; x_wconf 92' lang='lat' dir='ltr'>com-</span> 
     </span>
     <span class='ocr_line' id='line_1_33' title="bbox 355 2653 1874 2728; baseline 0.001 -13"><span class='ocrx_word' id='word_1_204' title='bbox 355 2671 579 2728; x_wconf 90' lang='lat' dir='ltr'>mune,</span> <span class='ocrx_word' id='word_1_205' title='bbox 629 2661 692 2716; x_wconf 89' lang='lat' dir='ltr'>et</span> <span class='ocrx_word' id='word_1_206' title='bbox 737 2653 1180 2717; x_wconf 88' lang='lat' dir='ltr'>necessitatem</span> <span class='ocrx_word' id='word_1_207' title='bbox 1222 2672 1294 2715; x_wconf 86' lang='lat' dir='ltr'>ac</span> <span class='ocrx_word' id='word_1_208' title='bbox 1339 2653 1677 2716; x_wconf 83' lang='lat' dir='ltr'>utilitatem</span> <span class='ocrx_word' id='word_1_209' title='bbox 1729 2654 1874 2716; x_wconf 83' lang='lat' dir='ltr'>vitae</span> 
     </span>
     <span class='ocr_line' id='line_1_34' title="bbox 357 2751 1871 2835; baseline -0.001 -21"><span class='ocrx_word' id='word_1_210' title='bbox 357 2751 718 2835; x_wconf 79' lang='lat' dir='ltr'>praesentis.</span> <span class='ocrx_word' id='word_1_211' title='bbox 779 2788 860 2797; x_wconf 95' lang='lat'>—</span> <span class='ocrx_word' id='word_1_212' title='bbox 911 2752 1240 2827; x_wconf 60' lang='lat' dir='ltr'>Praeterea,</span> <span class='ocrx_word' id='word_1_213' title='bbox 1303 2758 1535 2833; x_wconf 83' lang='lat' dir='ltr'>praeter</span> <span class='ocrx_word' id='word_1_214' title='bbox 1597 2752 1871 2815; x_wconf 90' lang='lat' dir='ltr'>rationes</span> 
     </span>
     <span class='ocr_line' id='line_1_35' title="bbox 355 2849 1874 2934; baseline -0.001 -21"><span class='ocrx_word' id='word_1_215' title='bbox 355 2857 694 2934; x_wconf 65' lang='lat' dir='ltr'>praetactas</span> <span class='ocrx_word' id='word_1_216' title='bbox 734 2857 886 2912; x_wconf 90' lang='lat' dir='ltr'>sunt</span> <span class='ocrx_word' id='word_1_217' title='bbox 915 2850 1076 2924; x_wconf 81' lang='lat' dir='ltr'>aliae,</span> <span class='ocrx_word' id='word_1_218' title='bbox 1113 2868 1227 2911; x_wconf 88' lang='lat' dir='ltr'>cur</span> <span class='ocrx_word' id='word_1_219' title='bbox 1258 2849 1753 2932; x_wconf 84' lang='lat' dir='ltr'>contemplativa</span> <span class='ocrx_word' id='word_1_220' title='bbox 1781 2850 1874 2913; x_wconf 87' lang='lat' dir='ltr'>vi-</span> 
     </span>
     <span class='ocr_line' id='line_1_36' title="bbox 354 2948 1873 3031; baseline -0.001 -18"><span class='ocrx_word' id='word_1_221' title='bbox 354 2959 421 3013; x_wconf 90' lang='lat' dir='ltr'>ta</span> <span class='ocrx_word' id='word_1_222' title='bbox 469 2958 570 3013; x_wconf 89' lang='lat' dir='ltr'>est</span> <span class='ocrx_word' id='word_1_223' title='bbox 609 2949 884 3031; x_wconf 83' lang='lat' dir='ltr'>dignior.</span> <span class='ocrx_word' id='word_1_224' title='bbox 928 2948 1208 3022; x_wconf 86' lang='lat' dir='ltr'>Quarum</span> <span class='ocrx_word' id='word_1_225' title='bbox 1261 2968 1452 3011; x_wconf 90' lang='lat' dir='ltr'>unam</span> <span class='ocrx_word' id='word_1_226' title='bbox 1503 2950 1705 3030; x_wconf 86' lang='lat' dir='ltr'>tangit</span> <span class='ocrx_word' id='word_1_227' title='bbox 1743 2948 1873 3011; x_wconf 91' lang='lat' dir='ltr'>Sal-</span> 
     </span>
    </p>
   </div>
   <div class='ocr_carea' id='block_1_7' title="bbox 1979 1963 3485 3026">
    <p class='ocr_par' dir='ltr' id='par_1_8' title="bbox 1979 1963 3485 3026">
     <span class='ocr_line' id='line_1_37' title="bbox 1984 1963 3483 2049; baseline 0.003 -24"><span class='ocrx_word' id='word_1_228' title='bbox 1984 1982 2052 2025; x_wconf 85' lang='lat' dir='ltr'>sa</span> <span class='ocrx_word' id='word_1_229' title='bbox 2081 1963 2253 2025; x_wconf 89' lang='lat' dir='ltr'>enim</span> <span class='ocrx_word' id='word_1_230' title='bbox 2296 1964 2713 2027; x_wconf 84' lang='lat' dir='ltr'>invictissima</span> <span class='ocrx_word' id='word_1_231' title='bbox 2742 1967 2930 2049; x_wconf 86' lang='lat' dir='ltr'>Virgo</span> <span class='ocrx_word' id='word_1_232' title='bbox 2968 1967 3315 2033; x_wconf 87' lang='lat' dir='ltr'>fortissima</span> <span class='ocrx_word' id='word_1_233' title='bbox 3343 1986 3483 2029; x_wconf 92' lang='lat' dir='ltr'>mu-</span> 
     </span>
     <span class='ocr_line' id='line_1_38' title="bbox 1983 2060 3484 2148; baseline 0.003 -26"><span class='ocrx_word' id='word_1_234' title='bbox 1983 2061 2235 2135; x_wconf 91' lang='lat' dir='ltr'>lierum,</span> <span class='ocrx_word' id='word_1_235' title='bbox 2270 2060 2391 2124; x_wconf 91' lang='lat' dir='ltr'>fuit</span> <span class='ocrx_word' id='word_1_236' title='bbox 2434 2063 2764 2127; x_wconf 90' lang='lat' dir='ltr'>castellum</span> <span class='ocrx_word' id='word_1_237' title='bbox 2812 2066 2983 2148; x_wconf 92' lang='lat' dir='ltr'>quod</span> <span class='ocrx_word' id='word_1_238' title='bbox 3027 2066 3349 2146; x_wconf 87' lang='lat' dir='ltr'>ingressus</span> <span class='ocrx_word' id='word_1_239' title='bbox 3388 2072 3484 2127; x_wconf 89' lang='lat' dir='ltr'>est</span> 
     </span>
     <span class='ocr_line' id='line_1_39' title="bbox 1983 2158 3485 2242; baseline 0.001 -20"><span class='ocrx_word' id='word_1_240' title='bbox 1983 2158 2292 2234; x_wconf 80' lang='lat' dir='ltr'>ChristuS,</span> <span class='ocrx_word' id='word_1_241' title='bbox 2328 2162 2582 2242; x_wconf 91' lang='lat' dir='ltr'>quando</span> <span class='ocrx_word' id='word_1_242' title='bbox 2612 2163 2939 2225; x_wconf 85' lang='lat' dir='ltr'>descendit</span> <span class='ocrx_word' id='word_1_243' title='bbox 2967 2165 3045 2226; x_wconf 88' lang='lat' dir='ltr'>de</span> <span class='ocrx_word' id='word_1_244' title='bbox 3078 2164 3260 2238; x_wconf 88' lang='lat' dir='ltr'>coe10,</span> <span class='ocrx_word' id='word_1_245' title='bbox 3297 2170 3357 2225; x_wconf 92' lang='lat' dir='ltr'>et</span> <span class='ocrx_word' id='word_1_246' title='bbox 3387 2164 3485 2225; x_wconf 91' lang='lat' dir='ltr'>in-</span> 
     </span>
     <span class='ocr_line' id='line_1_40' title="bbox 1981 2260 3481 2343; baseline 0.002 -23"><span class='ocrx_word' id='word_1_247' title='bbox 1981 2266 2275 2321; x_wconf 89' lang='lat' dir='ltr'>carnatus</span> <span class='ocrx_word' id='word_1_248' title='bbox 2324 2267 2419 2321; x_wconf 89' lang='lat' dir='ltr'>est</span> <span class='ocrx_word' id='word_1_249' title='bbox 2467 2260 2531 2321; x_wconf 92' lang='lat' dir='ltr'>in</span> <span class='ocrx_word' id='word_1_250' title='bbox 2584 2268 2762 2325; x_wconf 92' lang='lat' dir='ltr'>utero</span> <span class='ocrx_word' id='word_1_251' title='bbox 2810 2262 2972 2343; x_wconf 88' lang='lat' dir='ltr'>ejus,</span> <span class='ocrx_word' id='word_1_252' title='bbox 3024 2280 3354 2324; x_wconf 90' lang='lat' dir='ltr'>assumens</span> <span class='ocrx_word' id='word_1_253' title='bbox 3404 2280 3481 2323; x_wconf 88' lang='lat' dir='ltr'>ex</span> 
     </span>
     <span class='ocr_line' id='line_1_41' title="bbox 1983 2357 3477 2441; baseline 0.003 -24"><span class='ocrx_word' id='word_1_254' title='bbox 1983 2357 2327 2438; x_wconf 88' lang='lat' dir='ltr'>purissimo</span> <span class='ocrx_word' id='word_1_255' title='bbox 2358 2357 2663 2439; x_wconf 86' lang='lat' dir='ltr'>sanguine</span> <span class='ocrx_word' id='word_1_256' title='bbox 2694 2359 2835 2441; x_wconf 85' lang='lat' dir='ltr'>ejus</span> <span class='ocrx_word' id='word_1_257' title='bbox 2865 2378 3086 2441; x_wconf 91' lang='lat' dir='ltr'>corpus</span> <span class='ocrx_word' id='word_1_258' title='bbox 3117 2361 3477 2422; x_wconf 89' lang='lat' dir='ltr'>humanum.</span> 
     </span>
     <span class='ocr_line' id='line_1_42' title="bbox 1980 2454 3483 2527; baseline 0.002 -11"><span class='ocrx_word' id='word_1_259' title='bbox 1980 2454 2521 2527; x_wconf 84' lang='lat' dir='ltr'>Quemadmodum</span> <span class='ocrx_word' id='word_1_260' title='bbox 2561 2465 2771 2519; x_wconf 90' lang='lat' dir='ltr'>autem</span> <span class='ocrx_word' id='word_1_261' title='bbox 2806 2459 3134 2521; x_wconf 89' lang='lat' dir='ltr'>castellum</span> <span class='ocrx_word' id='word_1_262' title='bbox 3166 2459 3353 2521; x_wconf 89' lang='lat' dir='ltr'>dehet</span> <span class='ocrx_word' id='word_1_263' title='bbox 3383 2476 3483 2520; x_wconf 89' lang='lat' dir='ltr'>es-</span> 
     </span>
     <span class='ocr_line' id='line_1_43' title="bbox 1981 2554 3483 2633; baseline 0.002 -17"><span class='ocrx_word' id='word_1_264' title='bbox 1981 2572 2049 2617; x_wconf 91' lang='lat' dir='ltr'>se</span> <span class='ocrx_word' id='word_1_265' title='bbox 2087 2554 2211 2616; x_wconf 88' lang='lat' dir='ltr'>alte</span> <span class='ocrx_word' id='word_1_266' title='bbox 2256 2554 2472 2629; x_wconf 90' lang='lat' dir='ltr'>situm,</span> <span class='ocrx_word' id='word_1_267' title='bbox 2508 2574 2691 2619; x_wconf 92' lang='lat' dir='ltr'>muro</span> <span class='ocrx_word' id='word_1_268' title='bbox 2741 2558 3052 2633; x_wconf 91' lang='lat' dir='ltr'>clausum,</span> <span class='ocrx_word' id='word_1_269' title='bbox 3087 2557 3319 2622; x_wconf 87' lang='lat' dir='ltr'>fossato</span> <span class='ocrx_word' id='word_1_270' title='bbox 3362 2558 3483 2620; x_wconf 91' lang='lat' dir='ltr'>cir-</span> 
     </span>
     <span class='ocr_line' id='line_1_44' title="bbox 1980 2654 3483 2730; baseline 0.003 -16"><span class='ocrx_word' id='word_1_271' title='bbox 1980 2654 2371 2729; x_wconf 87' lang='lat' dir='ltr'>cumdatum,</span> <span class='ocrx_word' id='word_1_272' title='bbox 2424 2662 2601 2716; x_wconf 90' lang='lat' dir='ltr'>turre</span> <span class='ocrx_word' id='word_1_273' title='bbox 2658 2654 2959 2730; x_wconf 88' lang='lat' dir='ltr'>levatum,</span> <span class='ocrx_word' id='word_1_274' title='bbox 3014 2656 3206 2719; x_wconf 90' lang='lat' dir='ltr'>armis</span> <span class='ocrx_word' id='word_1_275' title='bbox 3260 2664 3324 2718; x_wconf 89' lang='lat' dir='ltr'>et</span> <span class='ocrx_word' id='word_1_276' title='bbox 3369 2655 3483 2718; x_wconf 88' lang='lat' dir='ltr'>ali-</span> 
     </span>
     <span class='ocr_line' id='line_1_45' title="bbox 1979 2752 3478 2837; baseline 0.002 -24"><span class='ocrx_word' id='word_1_277' title='bbox 1979 2752 2212 2814; x_wconf 90' lang='lat' dir='ltr'>mentis</span> <span class='ocrx_word' id='word_1_278' title='bbox 2246 2752 2596 2834; x_wconf 89' lang='lat' dir='ltr'>provisum,</span> <span class='ocrx_word' id='word_1_279' title='bbox 2622 2754 2805 2835; x_wconf 91' lang='lat' dir='ltr'>aquis</span> <span class='ocrx_word' id='word_1_280' title='bbox 2836 2773 3094 2837; x_wconf 88' lang='lat' dir='ltr'>quoque</span> <span class='ocrx_word' id='word_1_281' title='bbox 3126 2754 3478 2836; x_wconf 82' lang='lat' dir='ltr'>munitum3</span> 
     </span>
     <span class='ocr_line' id='line_1_46' title="bbox 1981 2851 3482 2935; baseline 0.002 -22"><span class='ocrx_word' id='word_1_282' title='bbox 1981 2852 2072 2913; x_wconf 93' lang='lat' dir='ltr'>sic</span> <span class='ocrx_word' id='word_1_283' title='bbox 2130 2851 2464 2914; x_wconf 88' lang='lat' dir='ltr'>benedicta</span> <span class='ocrx_word' id='word_1_284' title='bbox 2512 2852 2691 2933; x_wconf 87' lang='lat' dir='ltr'>virgo</span> <span class='ocrx_word' id='word_1_285' title='bbox 2748 2852 2937 2915; x_wconf 88' lang='lat' dir='ltr'>Maria</span> <span class='ocrx_word' id='word_1_286' title='bbox 2994 2852 3118 2916; x_wconf 90' lang='lat' dir='ltr'>fuit</span> <span class='ocrx_word' id='word_1_287' title='bbox 3176 2872 3290 2935; x_wconf 93' lang='lat' dir='ltr'>per</span> <span class='ocrx_word' id='word_1_288' title='bbox 3336 2854 3482 2916; x_wconf 84' lang='lat' dir='ltr'>vitae</span> 
     </span>
     <span class='ocr_line' id='line_1_47' title="bbox 1979 2950 3483 3026; baseline 0.002 -15"><span class='ocrx_word' id='word_1_289' title='bbox 1979 2950 2392 3012; x_wconf 87' lang='lat' dir='ltr'>eminentiam</span> <span class='ocrx_word' id='word_1_290' title='bbox 2443 2950 2567 3013; x_wconf 90' lang='lat' dir='ltr'>alte</span> <span class='ocrx_word' id='word_1_291' title='bbox 2616 2952 2756 3026; x_wconf 91' lang='lat' dir='ltr'>sita,</span> <span class='ocrx_word' id='word_1_292' title='bbox 2800 2952 2929 3017; x_wconf 92' lang='lat' dir='ltr'>imo</span> <span class='ocrx_word' id='word_1_293' title='bbox 2980 2952 3045 3014; x_wconf 90' lang='lat' dir='ltr'>in</span> <span class='ocrx_word' id='word_1_294' title='bbox 3097 2960 3261 3014; x_wconf 87' lang='lat' dir='ltr'>statu</span> <span class='ocrx_word' id='word_1_295' title='bbox 3310 2952 3483 3014; x_wconf 89' lang='lat' dir='ltr'>altis-</span> 
     </span>
    </p>
   </div>
   <div class='ocr_carea' id='block_1_8' title="bbox 357 3047 3480 3131">
    <p class='ocr_par' dir='ltr' id='par_1_9' title="bbox 357 3047 3480 3131">
     <span class='ocr_line' id='line_1_48' title="bbox 357 3047 3480 3131; baseline -0 -19"><span class='ocrx_word' id='word_1_296' title='bbox 357 3056 542 3113; x_wconf 88' lang='lat' dir='ltr'>vator</span> <span class='ocrx_word' id='word_1_297' title='bbox 589 3066 604 3110; x_wconf 73' lang='grc' dir='ltr'><strong>ε</strong></span> <span class='ocrx_word' id='word_1_298' title='bbox 652 3048 807 3129; x_wconf 92' lang='lat' dir='ltr'>quia</span> <span class='ocrx_word' id='word_1_299' title='bbox 855 3047 1155 3111; x_wconf 86' lang='lat' dir='ltr'>videlicet</span> <span class='ocrx_word' id='word_1_300' title='bbox 1203 3048 1331 3109; x_wconf 90' lang='lat' dir='ltr'>vita</span> <span class='ocrx_word' id='word_1_301' title='bbox 1379 3047 1872 3129; x_wconf 89' lang='lat' dir='ltr'>contemplativa</span> <span class='ocrx_word' id='word_1_302' title='bbox 1909 3052 1951 3116; x_wconf 91' lang='lat' dir='ltr'>C</span> <span class='ocrx_word' id='word_1_303' title='bbox 1981 3049 2144 3112; x_wconf 91' lang='lat' dir='ltr'>simo</span> <span class='ocrx_word' id='word_1_304' title='bbox 2193 3048 2416 3131; x_wconf 88' lang='lat' dir='ltr'>posita,</span> <span class='ocrx_word' id='word_1_305' title='bbox 2467 3056 2685 3131; x_wconf 88' lang='lat' dir='ltr'>utpote</span> <span class='ocrx_word' id='word_1_306' title='bbox 2734 3050 2799 3111; x_wconf 89' lang='lat' dir='ltr'>in</span> <span class='ocrx_word' id='word_1_307' title='bbox 2848 3057 3013 3112; x_wconf 88' lang='lat' dir='ltr'>statu</span> <span class='ocrx_word' id='word_1_308' title='bbox 3064 3050 3480 3113; x_wconf 71' lang='lat' dir='ltr'>maternitatis</span> 
     </span>
    </p>
   </div>
   <div class='ocr_carea' id='block_1_9' title="bbox 355 3145 1875 4213">
    <p class='ocr_par' dir='ltr' id='par_1_10' title="bbox 355 3145 1875 4213">
     <span class='ocr_line' id='line_1_49' title="bbox 357 3145 1872 3228; baseline -0.001 -19"><span class='ocrx_word' id='word_1_309' title='bbox 357 3167 486 3211; x_wconf 91' lang='lat' dir='ltr'>non</span> <span class='ocrx_word' id='word_1_310' title='bbox 549 3146 844 3209; x_wconf 84' lang='lat' dir='ltr'>aufertur</span> <span class='ocrx_word' id='word_1_311' title='bbox 891 3145 1138 3209; x_wconf 89' lang='lat' dir='ltr'>homini</span> <span class='ocrx_word' id='word_1_312' title='bbox 1190 3164 1304 3228; x_wconf 91' lang='lat' dir='ltr'>per</span> <span class='ocrx_word' id='word_1_313' title='bbox 1362 3154 1653 3221; x_wconf 87' lang='lat' dir='ltr'>mortem,</span> <span class='ocrx_word' id='word_1_314' title='bbox 1707 3147 1872 3209; x_wconf 88' lang='lat' dir='ltr'>sicut</span> 
     </span>
     <span class='ocr_line' id='line_1_50' title="bbox 357 3245 1872 3329; baseline 0 -20"><span class='ocrx_word' id='word_1_315' title='bbox 357 3247 590 3309; x_wconf 88' lang='lat' dir='ltr'>activa.</span> <span class='ocrx_word' id='word_1_316' title='bbox 636 3245 1140 3328; x_wconf 88' lang='lat' dir='ltr'>Contemplativa</span> <span class='ocrx_word' id='word_1_317' title='bbox 1181 3263 1440 3327; x_wconf 92' lang='lat' dir='ltr'>quoque</span> <span class='ocrx_word' id='word_1_318' title='bbox 1483 3246 1681 3327; x_wconf 86' lang='lat' dir='ltr'>magis</span> <span class='ocrx_word' id='word_1_319' title='bbox 1733 3265 1872 3329; x_wconf 90' lang='lat' dir='ltr'>pro-</span> 
     </span>
     <span class='ocr_line' id='line_1_51' title="bbox 362 3344 1870 3428; baseline -0.001 -20"><span class='ocrx_word' id='word_1_320' title='bbox 362 3346 642 3428; x_wconf 83' lang='lat' dir='ltr'>pinquat</span> <span class='ocrx_word' id='word_1_321' title='bbox 690 3344 1070 3408; x_wconf 87' lang='lat' dir='ltr'>beatitudini</span> <span class='ocrx_word' id='word_1_322' title='bbox 1123 3344 1365 3427; x_wconf 83' lang='lat' dir='ltr'>patriae,</span> <span class='ocrx_word' id='word_1_323' title='bbox 1418 3351 1482 3407; x_wconf 87' lang='lat' dir='ltr'>et</span> <span class='ocrx_word' id='word_1_324' title='bbox 1528 3353 1622 3407; x_wconf 87' lang='lat' dir='ltr'>est</span> <span class='ocrx_word' id='word_1_325' title='bbox 1669 3346 1870 3427; x_wconf 86' lang='lat' dir='ltr'>magis</span> 
     </span>
     <span class='ocr_line' id='line_1_52' title="bbox 359 3443 1583 3528; baseline -0.003 -20"><span class='ocrx_word' id='word_1_326' title='bbox 359 3444 895 3528; x_wconf 88' lang='lat' dir='ltr'>supernaturalis,</span> <span class='ocrx_word' id='word_1_327' title='bbox 942 3462 1137 3524; x_wconf 82' lang='lat' dir='ltr'>quarn</span> <span class='ocrx_word' id='word_1_328' title='bbox 1186 3443 1314 3505; x_wconf 89' lang='lat' dir='ltr'>vita</span> <span class='ocrx_word' id='word_1_329' title='bbox 1357 3443 1583 3507; x_wconf 90' lang='lat' dir='ltr'>activa.</span> 
     </span>
     <span class='ocr_line' id='line_1_53' title="bbox 441 3541 1874 3625; baseline 0.001 -22"><span class='ocrx_word' id='word_1_330' title='bbox 441 3542 900 3604; x_wconf 85' lang='lat' dir='ltr'>Verumtamen</span> <span class='ocrx_word' id='word_1_331' title='bbox 941 3541 1343 3617; x_wconf 90' lang='lat' dir='ltr'>intuendum,</span> <span class='ocrx_word' id='word_1_332' title='bbox 1380 3544 1549 3624; x_wconf 92' lang='lat' dir='ltr'>quod</span> <span class='ocrx_word' id='word_1_333' title='bbox 1592 3542 1874 3625; x_wconf 86' lang='lat' dir='ltr'>duplicia</span> 
     </span>
     <span class='ocr_line' id='line_1_54' title="bbox 359 3638 1873 3723; baseline -0.001 -19"><span class='ocrx_word' id='word_1_334' title='bbox 359 3649 514 3704; x_wconf 87' lang='lat' dir='ltr'>sunt</span> <span class='ocrx_word' id='word_1_335' title='bbox 545 3640 694 3705; x_wconf 81' lang='lat' dir='ltr'>vitae</span> <span class='ocrx_word' id='word_1_336' title='bbox 722 3638 946 3703; x_wconf 64' lang='lat' dir='ltr'>activae</span> <span class='ocrx_word' id='word_1_337' title='bbox 975 3658 1188 3723; x_wconf 88' lang='lat' dir='ltr'>opera.</span> <span class='ocrx_word' id='word_1_338' title='bbox 1224 3639 1516 3712; x_wconf 85' lang='lat' dir='ltr'>Quaedam</span> <span class='ocrx_word' id='word_1_339' title='bbox 1558 3648 1709 3703; x_wconf 89' lang='lat' dir='ltr'>sunt</span> <span class='ocrx_word' id='word_1_340' title='bbox 1741 3659 1873 3703; x_wconf 89' lang='lat' dir='ltr'>om·</span> 
     </span>
     <span class='ocr_line' id='line_1_55' title="bbox 357 3738 1874 3821; baseline -0.001 -18"><span class='ocrx_word' id='word_1_341' title='bbox 357 3742 518 3803; x_wconf 89' lang='lat' dir='ltr'>nino</span> <span class='ocrx_word' id='word_1_342' title='bbox 550 3738 928 3821; x_wconf 87' lang='lat' dir='ltr'>corporalia,</span> <span class='ocrx_word' id='word_1_343' title='bbox 963 3746 1034 3800; x_wconf 90' lang='lat' dir='ltr'>ut</span> <span class='ocrx_word' id='word_1_344' title='bbox 1071 3738 1384 3801; x_wconf 84' lang='lat' dir='ltr'>exteriora</span> <span class='ocrx_word' id='word_1_345' title='bbox 1422 3738 1874 3801; x_wconf 67' lang='lat' dir='ltr'>misericordiae</span> 
     </span>
     <span class='ocr_line' id='line_1_56' title="bbox 355 3838 1874 3922; baseline -0.003 -18"><span class='ocrx_word' id='word_1_346' title='bbox 355 3858 576 3922; x_wconf 85' lang='lat' dir='ltr'>opera,</span> <span class='ocrx_word' id='word_1_347' title='bbox 613 3856 760 3921; x_wconf 81' lang='lat' dir='ltr'>quae</span> <span class='ocrx_word' id='word_1_348' title='bbox 807 3846 870 3900; x_wconf 91' lang='lat' dir='ltr'>et</span> <span class='ocrx_word' id='word_1_349' title='bbox 912 3838 1265 3919; x_wconf 91' lang='lat' dir='ltr'>corporalia</span> <span class='ocrx_word' id='word_1_350' title='bbox 1311 3838 1716 3919; x_wconf 86' lang='lat' dir='ltr'>appellantur</span> <span class='ocrx_word' id='word_1_351' title='bbox 1750 3855 1763 3899; x_wconf 89' lang='lat'>:</span> <span class='ocrx_word' id='word_1_352' title='bbox 1795 3839 1874 3899; x_wconf 89' lang='lat' dir='ltr'>de</span> 
     </span>
     <span class='ocr_line' id='line_1_57' title="bbox 358 3936 1874 4021; baseline -0.002 -21"><span class='ocrx_word' id='word_1_353' title='bbox 358 3938 603 4021; x_wconf 89' lang='lat' dir='ltr'>quibus</span> <span class='ocrx_word' id='word_1_354' title='bbox 635 3944 884 3999; x_wconf 89' lang='lat' dir='ltr'>certum</span> <span class='ocrx_word' id='word_1_355' title='bbox 913 3944 1028 4011; x_wconf 90' lang='lat' dir='ltr'>est,</span> <span class='ocrx_word' id='word_1_356' title='bbox 1063 3936 1234 4018; x_wconf 89' lang='lat' dir='ltr'>quod</span> <span class='ocrx_word' id='word_1_357' title='bbox 1266 3936 1394 3998; x_wconf 87' lang='lat' dir='ltr'>vita</span> <span class='ocrx_word' id='word_1_358' title='bbox 1434 3936 1874 4017; x_wconf 88' lang='lat' dir='ltr'>contemplati-</span> 
     </span>
     <span class='ocr_line' id='line_1_58' title="bbox 359 4034 1875 4119; baseline -0.003 -19"><span class='ocrx_word' id='word_1_359' title='bbox 359 4057 442 4100; x_wconf 88' lang='lat' dir='ltr'>va</span> <span class='ocrx_word' id='word_1_360' title='bbox 490 4034 891 4119; x_wconf 82' lang='lat' dir='ltr'>praeferenda</span> <span class='ocrx_word' id='word_1_361' title='bbox 938 4034 1020 4096; x_wconf 86' lang='lat' dir='ltr'>sit</span> <span class='ocrx_word' id='word_1_362' title='bbox 1068 4034 1248 4116; x_wconf 77' lang='lat' dir='ltr'>ipsis,</span> <span class='ocrx_word' id='word_1_363' title='bbox 1302 4034 1441 4096; x_wconf 86' lang='lat' dir='ltr'>Alia</span> <span class='ocrx_word' id='word_1_364' title='bbox 1489 4042 1636 4096; x_wconf 90' lang='lat' dir='ltr'>sunt</span> <span class='ocrx_word' id='word_1_365' title='bbox 1683 4052 1875 4116; x_wconf 88' lang='lat' dir='ltr'>opera</span> 
     </span>
     <span class='ocr_line' id='line_1_59' title="bbox 361 4132 1868 4213; baseline -0.003 -15"><span class='ocrx_word' id='word_1_366' title='bbox 361 4136 512 4198; x_wconf 79' lang='lat' dir='ltr'>vitae</span> <span class='ocrx_word' id='word_1_367' title='bbox 550 4133 800 4208; x_wconf 83' lang='lat' dir='ltr'>activae,</span> <span class='ocrx_word' id='word_1_368' title='bbox 832 4151 976 4213; x_wconf 84' lang='lat' dir='ltr'>quae</span> <span class='ocrx_word' id='word_1_369' title='bbox 1014 4132 1066 4194; x_wconf 91' lang='lat' dir='ltr'>si</span> <span class='ocrx_word' id='word_1_370' title='bbox 1118 4132 1344 4195; x_wconf 89' lang='lat' dir='ltr'>idonee</span> <span class='ocrx_word' id='word_1_371' title='bbox 1381 4132 1527 4193; x_wconf 88' lang='lat' dir='ltr'>fieri</span> <span class='ocrx_word' id='word_1_372' title='bbox 1579 4132 1868 4205; x_wconf 91' lang='lat' dir='ltr'>debeant,</span> 
     </span>
    </p>
   </div>
   <div class='ocr_carea' id='block_1_10' title="bbox 1980 3146 3485 4215">
    <p class='ocr_par' dir='ltr' id='par_1_11' title="bbox 1980 3146 3485 4215">
     <span class='ocr_line' id='line_1_60' title="bbox 1982 3146 3480 3231; baseline 0.002 -23"><span class='ocrx_word' id='word_1_373' title='bbox 1982 3148 2111 3221; x_wconf 91' lang='lat' dir='ltr'>Dei,</span> <span class='ocrx_word' id='word_1_374' title='bbox 2148 3148 2235 3209; x_wconf 90' lang='lat' dir='ltr'>ita</span> <span class='ocrx_word' id='word_1_375' title='bbox 2264 3148 2435 3228; x_wconf 91' lang='lat' dir='ltr'>quod</span> <span class='ocrx_word' id='word_1_376' title='bbox 2466 3146 2591 3209; x_wconf 85' lang='lat' dir='ltr'>fuit</span> <span class='ocrx_word' id='word_1_377' title='bbox 2618 3156 2680 3210; x_wconf 90' lang='lat' dir='ltr'>et</span> <span class='ocrx_word' id='word_1_378' title='bbox 2710 3157 2805 3210; x_wconf 91' lang='lat' dir='ltr'>est</span> <span class='ocrx_word' id='word_1_379' title='bbox 2836 3148 3323 3231; x_wconf 90' lang='lat' dir='ltr'>comparentalis</span> <span class='ocrx_word' id='word_1_380' title='bbox 3356 3148 3480 3211; x_wconf 88' lang='lat' dir='ltr'>Deo</span> 
     </span>
     <span class='ocr_line' id='line_1_61' title="bbox 1980 3246 3475 3321; baseline -0.001 -13"><span class='ocrx_word' id='word_1_381' title='bbox 1980 3246 2168 3321; x_wconf 90' lang='lat' dir='ltr'>Patri,</span> <span class='ocrx_word' id='word_1_382' title='bbox 2220 3247 2515 3308; x_wconf 89' lang='lat' dir='ltr'>eumdem</span> <span class='ocrx_word' id='word_1_383' title='bbox 2567 3265 2713 3309; x_wconf 90' lang='lat' dir='ltr'>cum</span> <span class='ocrx_word' id='word_1_384' title='bbox 2770 3246 2880 3310; x_wconf 94' lang='lat' dir='ltr'>illo</span> <span class='ocrx_word' id='word_1_385' title='bbox 2927 3246 3159 3309; x_wconf 87' lang='lat' dir='ltr'>Filium</span> <span class='ocrx_word' id='word_1_386' title='bbox 3214 3246 3475 3308; x_wconf 81' lang='lat' dir='ltr'>habens,</span> 
     </span>
     <span class='ocr_line' id='line_1_62' title="bbox 1983 3344 3482 3425; baseline 0 -20"><span class='ocrx_word' id='word_1_387' title='bbox 1983 3344 2125 3406; x_wconf 88' lang='lat' dir='ltr'>Fuit</span> <span class='ocrx_word' id='word_1_388' title='bbox 2162 3362 2421 3425; x_wconf 90' lang='lat' dir='ltr'>quoque</span> <span class='ocrx_word' id='word_1_389' title='bbox 2462 3363 2645 3407; x_wconf 91' lang='lat' dir='ltr'>muro</span> <span class='ocrx_word' id='word_1_390' title='bbox 2685 3344 2918 3419; x_wconf 91' lang='lat' dir='ltr'>clausa,</span> <span class='ocrx_word' id='word_1_391' title='bbox 2957 3346 3020 3408; x_wconf 93' lang='lat' dir='ltr'>id</span> <span class='ocrx_word' id='word_1_392' title='bbox 3055 3353 3150 3407; x_wconf 91' lang='lat' dir='ltr'>est</span> <span class='ocrx_word' id='word_1_393' title='bbox 3188 3344 3482 3407; x_wconf 89' lang='lat' dir='ltr'>firmissi-</span> 
     </span>
     <span class='ocr_line' id='line_1_63' title="bbox 1981 3442 3483 3525; baseline -0.001 -20"><span class='ocrx_word' id='word_1_394' title='bbox 1981 3462 2084 3505; x_wconf 92' lang='lat' dir='ltr'>ma</span> <span class='ocrx_word' id='word_1_395' title='bbox 2123 3443 2408 3523; x_wconf 88' lang='lat' dir='ltr'>virginea</span> <span class='ocrx_word' id='word_1_396' title='bbox 2447 3442 2731 3505; x_wconf 90' lang='lat' dir='ltr'>castitate</span> <span class='ocrx_word' id='word_1_397' title='bbox 2769 3452 3009 3519; x_wconf 90' lang='lat' dir='ltr'>ornata,</span> <span class='ocrx_word' id='word_1_398' title='bbox 3044 3443 3324 3525; x_wconf 90' lang='lat' dir='ltr'>itemque</span> <span class='ocrx_word' id='word_1_399' title='bbox 3366 3442 3483 3504; x_wconf 93' lang='lat' dir='ltr'>hu-</span> 
     </span>
     <span class='ocr_line' id='line_1_64' title="bbox 1982 3540 3484 3624; baseline -0.001 -19"><span class='ocrx_word' id='word_1_400' title='bbox 1982 3543 2249 3605; x_wconf 87' lang='lat' dir='ltr'>militate</span> <span class='ocrx_word' id='word_1_401' title='bbox 2288 3541 2471 3623; x_wconf 91' lang='lat' dir='ltr'>quasi</span> <span class='ocrx_word' id='word_1_402' title='bbox 2511 3540 2745 3605; x_wconf 87' lang='lat' dir='ltr'>fossato</span> <span class='ocrx_word' id='word_1_403' title='bbox 2789 3541 3189 3624; x_wconf 79' lang='lat' dir='ltr'>profundata,</span> <span class='ocrx_word' id='word_1_404' title='bbox 3223 3550 3285 3605; x_wconf 92' lang='lat' dir='ltr'>et</span> <span class='ocrx_word' id='word_1_405' title='bbox 3323 3542 3484 3603; x_wconf 87' lang='lat' dir='ltr'>cari-</span> 
     </span>
     <span class='ocr_line' id='line_1_65' title="bbox 1981 3640 3481 3716; baseline 0 -13"><span class='ocrx_word' id='word_1_406' title='bbox 1981 3642 2126 3703; x_wconf 89' lang='lat' dir='ltr'>tatis</span> <span class='ocrx_word' id='word_1_407' title='bbox 2185 3641 2436 3703; x_wconf 90' lang='lat' dir='ltr'>fervore</span> <span class='ocrx_word' id='word_1_408' title='bbox 2490 3640 2667 3703; x_wconf 86' lang='lat' dir='ltr'>velut</span> <span class='ocrx_word' id='word_1_409' title='bbox 2722 3647 2896 3702; x_wconf 88' lang='lat' dir='ltr'>turre</span> <span class='ocrx_word' id='word_1_410' title='bbox 2952 3650 3179 3716; x_wconf 89' lang='lat' dir='ltr'>erecta,</span> <span class='ocrx_word' id='word_1_411' title='bbox 3236 3640 3481 3703; x_wconf 90' lang='lat' dir='ltr'>cunctis</span> 
     </span>
     <span class='ocr_line' id='line_1_66' title="bbox 1983 3739 3485 3822; baseline -0.001 -20"><span class='ocrx_word' id='word_1_412' title='bbox 1983 3739 2327 3803; x_wconf 89' lang='lat' dir='ltr'>virtutibus</span> <span class='ocrx_word' id='word_1_413' title='bbox 2360 3748 2663 3821; x_wconf 89' lang='lat' dir='ltr'>tanquam</span> <span class='ocrx_word' id='word_1_414' title='bbox 2693 3739 2887 3801; x_wconf 90' lang='lat' dir='ltr'>armis</span> <span class='ocrx_word' id='word_1_415' title='bbox 2920 3739 3194 3815; x_wconf 87' lang='lat' dir='ltr'>firmata,</span> <span class='ocrx_word' id='word_1_416' title='bbox 3230 3740 3485 3822; x_wconf 88' lang='lat' dir='ltr'>spiritu·</span> 
     </span>
     <span class='ocr_line' id='line_1_67' title="bbox 1982 3838 3485 3919; baseline 0.001 -19"><span class='ocrx_word' id='word_1_417' title='bbox 1982 3838 2191 3900; x_wconf 89' lang='lat' dir='ltr'>alibus</span> <span class='ocrx_word' id='word_1_418' title='bbox 2239 3838 2558 3900; x_wconf 91' lang='lat' dir='ltr'>alimentis</span> <span class='ocrx_word' id='word_1_419' title='bbox 2598 3846 2661 3899; x_wconf 90' lang='lat' dir='ltr'>et</span> <span class='ocrx_word' id='word_1_420' title='bbox 2695 3838 3042 3919; x_wconf 84' lang='lat' dir='ltr'>gratiarum</span> <span class='ocrx_word' id='word_1_421' title='bbox 3085 3838 3348 3901; x_wconf 91' lang='lat' dir='ltr'>fluentis</span> <span class='ocrx_word' id='word_1_422' title='bbox 3389 3857 3485 3901; x_wconf 89' lang='lat' dir='ltr'>re·</span> 
     </span>
     <span class='ocr_line' id='line_1_68' title="bbox 1985 3936 3485 4019; baseline 0 -20"><span class='ocrx_word' id='word_1_423' title='bbox 1985 3936 2176 4019; x_wconf 85' lang='lat' dir='ltr'>pleta.</span> <span class='ocrx_word' id='word_1_424' title='bbox 2229 3936 2372 3999; x_wconf 86' lang='lat' dir='ltr'>Haec</span> <span class='ocrx_word' id='word_1_425' title='bbox 2426 3936 2700 4017; x_wconf 87' lang='lat' dir='ltr'>gloriosa</span> <span class='ocrx_word' id='word_1_426' title='bbox 2756 3937 2931 4017; x_wconf 90' lang='lat' dir='ltr'>virgo</span> <span class='ocrx_word' id='word_1_427' title='bbox 2982 3936 3171 3999; x_wconf 87' lang='lat' dir='ltr'>Maria</span> <span class='ocrx_word' id='word_1_428' title='bbox 3223 3946 3485 4000; x_wconf 86' lang='lat' dir='ltr'>vocatur</span> 
     </span>
     <span class='ocr_line' id='line_1_69' title="bbox 1981 4034 3485 4116; baseline 0.001 -20"><span class='ocrx_word' id='word_1_429' title='bbox 1981 4034 2239 4109; x_wconf 87' lang='lat' dir='ltr'>Martha,</span> <span class='ocrx_word' id='word_1_430' title='bbox 2275 4034 2339 4096; x_wconf 91' lang='lat' dir='ltr'>in</span> <span class='ocrx_word' id='word_1_431' title='bbox 2370 4042 2683 4116; x_wconf 86' lang='lat' dir='ltr'>quantum</span> <span class='ocrx_word' id='word_1_432' title='bbox 2722 4035 2943 4098; x_wconf 82' lang='lat' dir='ltr'>activae</span> <span class='ocrx_word' id='word_1_433' title='bbox 2976 4034 3121 4098; x_wconf 82' lang='lat' dir='ltr'>vitae</span> <span class='ocrx_word' id='word_1_434' title='bbox 3151 4034 3485 4116; x_wconf 88' lang='lat' dir='ltr'>perfectio-</span> 
     </span>
     <span class='ocr_line' id='line_1_70' title="bbox 1984 4132 3485 4215; baseline -0.001 -20"><span class='ocrx_word' id='word_1_435' title='bbox 1984 4151 2131 4195; x_wconf 88' lang='lat' dir='ltr'>nem</span> <span class='ocrx_word' id='word_1_436' title='bbox 2165 4132 2445 4214; x_wconf 90' lang='lat' dir='ltr'>possedit</span> <span class='ocrx_word' id='word_1_437' title='bbox 2474 4152 2487 4195; x_wconf 91' lang='lat'>:</span> <span class='ocrx_word' id='word_1_438' title='bbox 2518 4133 2738 4215; x_wconf 89' lang='lat' dir='ltr'>sicque</span> <span class='ocrx_word' id='word_1_439' title='bbox 2767 4132 3003 4196; x_wconf 85' lang='lat' dir='ltr'>Martha</span> <span class='ocrx_word' id='word_1_440' title='bbox 3032 4134 3283 4215; x_wconf 85' lang='lat' dir='ltr'>excepit</span> <span class='ocrx_word' id='word_1_441' title='bbox 3312 4132 3485 4196; x_wconf 87' lang='lat' dir='ltr'>Chri-</span> 
     </span>
    </p>
   </div>
   <div class='ocr_carea' id='block_1_11' title="bbox 361 4230 3477 4314">
    <p class='ocr_par' dir='ltr' id='par_1_12' title="bbox 361 4230 3477 4314">
     <span class='ocr_line' id='line_1_71' title="bbox 361 4230 3477 4314; baseline -0.002 -17"><span class='ocrx_word' id='word_1_442' title='bbox 361 4232 882 4314; x_wconf 85' lang='lat' dir='ltr'>contemplativae</span> <span class='ocrx_word' id='word_1_443' title='bbox 931 4231 1077 4293; x_wconf 84' lang='lat' dir='ltr'>vitae</span> <span class='ocrx_word' id='word_1_444' title='bbox 1132 4230 1593 4314; x_wconf 90' lang='lat' dir='ltr'>perfectionem</span> <span class='ocrx_word' id='word_1_445' title='bbox 1649 4249 1872 4311; x_wconf 86' lang='lat' dir='ltr'>quam·</span> <span class='ocrx_word' id='word_1_446' title='bbox 1903 4239 1956 4302; x_wconf 88' lang='lat' dir='ltr'>D</span> <span class='ocrx_word' id='word_1_447' title='bbox 1985 4238 2153 4293; x_wconf 90' lang='lat' dir='ltr'>stum</span> <span class='ocrx_word' id='word_1_448' title='bbox 2186 4231 2253 4293; x_wconf 92' lang='lat' dir='ltr'>in</span> <span class='ocrx_word' id='word_1_449' title='bbox 2294 4232 2554 4294; x_wconf 91' lang='lat' dir='ltr'>domum</span> <span class='ocrx_word' id='word_1_450' title='bbox 2594 4250 2795 4306; x_wconf 91' lang='lat' dir='ltr'>suam,</span> <span class='ocrx_word' id='word_1_451' title='bbox 2830 4232 2982 4313; x_wconf 90' lang='lat' dir='ltr'>quia</span> <span class='ocrx_word' id='word_1_452' title='bbox 3024 4231 3085 4294; x_wconf 93' lang='lat' dir='ltr'>in</span> <span class='ocrx_word' id='word_1_453' title='bbox 3129 4239 3307 4294; x_wconf 90' lang='lat' dir='ltr'>utero</span> <span class='ocrx_word' id='word_1_454' title='bbox 3341 4250 3477 4295; x_wconf 90' lang='lat' dir='ltr'>suo.</span> 
     </span>
    </p>
   </div>
   <div class='ocr_carea' id='block_1_12' title="bbox 359 4328 1876 5400">
    <p class='ocr_par' dir='ltr' id='par_1_13' title="bbox 359 4328 1876 5400">
     <span class='ocr_line' id='line_1_72' title="bbox 363 4328 1872 4413; baseline -0.003 -18"><span class='ocrx_word' id='word_1_455' title='bbox 363 4334 514 4395; x_wconf 88' lang='lat' dir='ltr'>dam</span> <span class='ocrx_word' id='word_1_456' title='bbox 573 4329 995 4413; x_wconf 80' lang='lat' dir='ltr'>praeexigunt,</span> <span class='ocrx_word' id='word_1_457' title='bbox 1054 4337 1124 4392; x_wconf 87' lang='lat' dir='ltr'>ut</span> <span class='ocrx_word' id='word_1_458' title='bbox 1181 4338 1330 4391; x_wconf 90' lang='lat' dir='ltr'>sunt</span> <span class='ocrx_word' id='word_1_459' title='bbox 1389 4328 1754 4411; x_wconf 87' lang='lat' dir='ltr'>praedicare,</span> <span class='ocrx_word' id='word_1_460' title='bbox 1807 4329 1872 4391; x_wconf 91' lang='lat' dir='ltr'>in</span> 
     </span>
     <span class='ocr_line' id='line_1_73' title="bbox 362 4426 1876 4514; baseline -0.003 -20"><span class='ocrx_word' id='word_1_461' title='bbox 362 4428 814 4514; x_wconf 87' lang='lat' dir='ltr'>spiritualibus</span> <span class='ocrx_word' id='word_1_462' title='bbox 848 4445 1140 4511; x_wconf 80' lang='lat' dir='ltr'>praeesse‚</span> <span class='ocrx_word' id='word_1_463' title='bbox 1174 4426 1533 4510; x_wconf 88' lang='lat' dir='ltr'>Scripturas</span> <span class='ocrx_word' id='word_1_464' title='bbox 1565 4427 1876 4510; x_wconf 90' lang='lat' dir='ltr'>interpre-</span> 
     </span>
     <span class='ocr_line' id='line_1_74' title="bbox 361 4526 1869 4613; baseline -0.003 -20"><span class='ocrx_word' id='word_1_465' title='bbox 361 4530 508 4605; x_wconf 88' lang='lat' dir='ltr'>tari,</span> <span class='ocrx_word' id='word_1_466' title='bbox 547 4528 840 4613; x_wconf 89' lang='lat' dir='ltr'>publicas</span> <span class='ocrx_word' id='word_1_467' title='bbox 890 4546 1007 4611; x_wconf 92' lang='lat' dir='ltr'>pro</span> <span class='ocrx_word' id='word_1_468' title='bbox 1051 4527 1194 4589; x_wconf 90' lang='lat' dir='ltr'>aliis</span> <span class='ocrx_word' id='word_1_469' title='bbox 1245 4545 1466 4609; x_wconf 91' lang='lat' dir='ltr'>preces</span> <span class='ocrx_word' id='word_1_470' title='bbox 1515 4526 1869 4602; x_wconf 87' lang='lat' dir='ltr'>effundere,</span> 
     </span>
     <span class='ocr_line' id='line_1_75' title="bbox 359 4625 1872 4709; baseline -0.002 -17"><span class='ocrx_word' id='word_1_471' title='bbox 359 4638 485 4693; x_wconf 85' lang='lat' dir='ltr'>etc.</span> <span class='ocrx_word' id='word_1_472' title='bbox 537 4650 552 4691; x_wconf 93' lang='lat'><strong>:</strong></span> <span class='ocrx_word' id='word_1_473' title='bbox 603 4628 684 4691; x_wconf 87' lang='lat' dir='ltr'>de</span> <span class='ocrx_word' id='word_1_474' title='bbox 742 4626 980 4709; x_wconf 90' lang='lat' dir='ltr'>quibus</span> <span class='ocrx_word' id='word_1_475' title='bbox 1029 4626 1230 4708; x_wconf 92' lang='lat' dir='ltr'>aliqui</span> <span class='ocrx_word' id='word_1_476' title='bbox 1282 4625 1648 4708; x_wconf 91' lang='lat' dir='ltr'>opinantur,</span> <span class='ocrx_word' id='word_1_477' title='bbox 1701 4627 1872 4707; x_wconf 90' lang='lat' dir='ltr'>quod</span> 
     </span>
     <span class='ocr_line' id='line_1_76' title="bbox 361 4723 1875 4809; baseline -0.005 -17"><span class='ocrx_word' id='word_1_478' title='bbox 361 4726 882 4809; x_wconf 66' lang='lat' dir='ltr'>contemplativae</span> <span class='ocrx_word' id='word_1_479' title='bbox 923 4724 1317 4807; x_wconf 81' lang='lat' dir='ltr'>praeferenda</span> <span class='ocrx_word' id='word_1_480' title='bbox 1356 4724 1484 4787; x_wconf 84' lang='lat' dir='ltr'>sint</span> <span class='ocrx_word' id='word_1_481' title='bbox 1523 4723 1689 4801; x_wconf 79' lang='lat' dir='ltr'>vitae,</span> <span class='ocrx_word' id='word_1_482' title='bbox 1722 4724 1875 4806; x_wconf 90' lang='lat' dir='ltr'>quia</span> 
     </span>
     <span class='ocr_line' id='line_1_77' title="bbox 361 4820 1874 4907; baseline -0.003 -18"><span class='ocrx_word' id='word_1_483' title='bbox 361 4826 708 4907; x_wconf 89' lang='lat' dir='ltr'>utriusque</span> <span class='ocrx_word' id='word_1_484' title='bbox 749 4823 896 4888; x_wconf 85' lang='lat' dir='ltr'>vitae</span> <span class='ocrx_word' id='word_1_485' title='bbox 941 4820 1400 4905; x_wconf 89' lang='lat' dir='ltr'>perfectionem</span> <span class='ocrx_word' id='word_1_486' title='bbox 1444 4822 1741 4885; x_wconf 91' lang='lat' dir='ltr'>videntur</span> <span class='ocrx_word' id='word_1_487' title='bbox 1783 4823 1874 4885; x_wconf 91' lang='lat' dir='ltr'>in·</span> 
     </span>
     <span class='ocr_line' id='line_1_78' title="bbox 363 4921 1874 4989; baseline -0.004 0"><span class='ocrx_word' id='word_1_488' title='bbox 363 4926 650 4989; x_wconf 87' lang='lat' dir='ltr'>cludere.</span> <span class='ocrx_word' id='word_1_489' title='bbox 711 4922 890 4985; x_wconf 90' lang='lat' dir='ltr'>Unde</span> <span class='ocrx_word' id='word_1_490' title='bbox 955 4929 1020 4984; x_wconf 87' lang='lat' dir='ltr'>et</span> <span class='ocrx_word' id='word_1_491' title='bbox 1077 4921 1498 4985; x_wconf 87' lang='lat' dir='ltr'>nonodecimo</span> <span class='ocrx_word' id='word_1_492' title='bbox 1564 4922 1641 4983; x_wconf 89' lang='lat' dir='ltr'>de</span> <span class='ocrx_word' id='word_1_493' title='bbox 1709 4921 1874 4984; x_wconf 89' lang='lat' dir='ltr'>Civi-</span> 
     </span>
     <span class='ocr_line' id='line_1_79' title="bbox 359 5019 1871 5102; baseline -0.004 -14"><span class='ocrx_word' id='word_1_494' title='bbox 359 5032 490 5087; x_wconf 89' lang='lat' dir='ltr'>tate</span> <span class='ocrx_word' id='word_1_495' title='bbox 549 5020 662 5085; x_wconf 87' lang='lat' dir='ltr'>Dei</span> <span class='ocrx_word' id='word_1_496' title='bbox 710 5020 1102 5102; x_wconf 88' lang='lat' dir='ltr'>Augustinus</span> <span class='ocrx_word' id='word_1_497' title='bbox 1162 5020 1495 5101; x_wconf 87' lang='lat' dir='ltr'>distinguit</span> <span class='ocrx_word' id='word_1_498' title='bbox 1551 5019 1871 5101; x_wconf 88' lang='lat' dir='ltr'>triplicem</span> 
     </span>
     <span class='ocr_line' id='line_1_80' title="bbox 365 5118 1874 5197; baseline -0.005 -11"><span class='ocrx_word' id='word_1_499' title='bbox 365 5124 588 5197; x_wconf 89' lang='lat' dir='ltr'>vitam,</span> <span class='ocrx_word' id='word_1_500' title='bbox 626 5120 926 5184; x_wconf 90' lang='lat' dir='ltr'>videlicet</span> <span class='ocrx_word' id='word_1_501' title='bbox 954 5118 1246 5193; x_wconf 90' lang='lat' dir='ltr'>otiosam,</span> <span class='ocrx_word' id='word_1_502' title='bbox 1290 5118 1409 5181; x_wconf 94' lang='lat' dir='ltr'>hoc</span> <span class='ocrx_word' id='word_1_503' title='bbox 1453 5125 1549 5180; x_wconf 90' lang='lat' dir='ltr'>est</span> <span class='ocrx_word' id='word_1_504' title='bbox 1591 5124 1874 5181; x_wconf 87' lang='lat' dir='ltr'>contem-</span> 
     </span>
     <span class='ocr_line' id='line_1_81' title="bbox 369 5216 1874 5304; baseline -0.004 -19"><span class='ocrx_word' id='word_1_505' title='bbox 369 5221 701 5304; x_wconf 85' lang='lat' dir='ltr'>plativam,</span> <span class='ocrx_word' id='word_1_506' title='bbox 749 5218 1165 5300; x_wconf 85' lang='lat' dir='ltr'>negotiosam,</span> <span class='ocrx_word' id='word_1_507' title='bbox 1213 5217 1279 5280; x_wconf 93' lang='lat' dir='ltr'>id</span> <span class='ocrx_word' id='word_1_508' title='bbox 1328 5224 1423 5278; x_wconf 92' lang='lat' dir='ltr'>est</span> <span class='ocrx_word' id='word_1_509' title='bbox 1469 5216 1762 5293; x_wconf 88' lang='lat' dir='ltr'>activam,</span> <span class='ocrx_word' id='word_1_510' title='bbox 1810 5225 1874 5279; x_wconf 90' lang='lat' dir='ltr'>et</span> 
     </span>
     <span class='ocr_line' id='line_1_82' title="bbox 371 5314 1873 5400; baseline -0.003 -19"><span class='ocrx_word' id='word_1_511' title='bbox 371 5338 450 5381; x_wconf 87' lang='lat' dir='ltr'>ex</span> <span class='ocrx_word' id='word_1_512' title='bbox 490 5326 768 5400; x_wconf 88' lang='lat' dir='ltr'>utraque</span> <span class='ocrx_word' id='word_1_513' title='bbox 807 5324 1245 5400; x_wconf 85' lang='lat' dir='ltr'>temperatam.</span> <span class='ocrx_word' id='word_1_514' title='bbox 1279 5314 1556 5378; x_wconf 84' lang='lat' dir='ltr'>Praelatis</span> <span class='ocrx_word' id='word_1_515' title='bbox 1597 5333 1747 5378; x_wconf 89' lang='lat' dir='ltr'>vero</span> <span class='ocrx_word' id='word_1_516' title='bbox 1781 5322 1873 5377; x_wconf 85' lang='lat' dir='ltr'>at-</span> 
     </span>
    </p>
   </div>
   <div class='ocr_carea' id='block_1_13' title="bbox 1982 4328 3484 4707">
    <p class='ocr_par' dir='ltr' id='par_1_14' title="bbox 1982 4328 3484 4707">
     <span class='ocr_line' id='line_1_83' title="bbox 1982 4328 3484 4411; baseline 0.001 -20"><span class='ocrx_word' id='word_1_517' title='bbox 1982 4328 2110 4391; x_wconf 89' lang='lat' dir='ltr'>Nec</span> <span class='ocrx_word' id='word_1_518' title='bbox 2139 4330 2407 4392; x_wconf 92' lang='lat' dir='ltr'>dubium</span> <span class='ocrx_word' id='word_1_519' title='bbox 2440 4329 2598 4411; x_wconf 92' lang='lat' dir='ltr'>quin</span> <span class='ocrx_word' id='word_1_520' title='bbox 2640 4330 2778 4411; x_wconf 90' lang='lat' dir='ltr'>ipsa</span> <span class='ocrx_word' id='word_1_521' title='bbox 2810 4330 3011 4393; x_wconf 91' lang='lat' dir='ltr'>multo</span> <span class='ocrx_word' id='word_1_522' title='bbox 3050 4330 3358 4392; x_wconf 91' lang='lat' dir='ltr'>humilius</span> <span class='ocrx_word' id='word_1_523' title='bbox 3388 4348 3484 4392; x_wconf 91' lang='lat' dir='ltr'>se-</span> 
     </span>
     <span class='ocr_line' id='line_1_84' title="bbox 1985 4426 3481 4510; baseline 0 -21"><span class='ocrx_word' id='word_1_524' title='bbox 1985 4428 2078 4490; x_wconf 92' lang='lat' dir='ltr'>dit</span> <span class='ocrx_word' id='word_1_525' title='bbox 2105 4428 2185 4489; x_wconf 87' lang='lat' dir='ltr'>ad</span> <span class='ocrx_word' id='word_1_526' title='bbox 2217 4429 2408 4509; x_wconf 89' lang='lat' dir='ltr'>pedes</span> <span class='ocrx_word' id='word_1_527' title='bbox 2436 4426 2579 4489; x_wconf 84' lang='lat' dir='ltr'>Filii</span> <span class='ocrx_word' id='word_1_528' title='bbox 2609 4428 2707 4489; x_wconf 91' lang='lat' dir='ltr'>sui</span> <span class='ocrx_word' id='word_1_529' title='bbox 2741 4429 2893 4490; x_wconf 92' lang='lat' dir='ltr'>dum</span> <span class='ocrx_word' id='word_1_530' title='bbox 2925 4428 3311 4510; x_wconf 84' lang='lat' dir='ltr'>praedicaret,</span> <span class='ocrx_word' id='word_1_531' title='bbox 3342 4428 3481 4508; x_wconf 89' lang='lat' dir='ltr'>ejus</span> 
     </span>
     <span class='ocr_line' id='line_1_85' title="bbox 1984 4526 3483 4608; baseline 0 -21"><span class='ocrx_word' id='word_1_532' title='bbox 1984 4544 2243 4608; x_wconf 90' lang='lat' dir='ltr'>quoque</span> <span class='ocrx_word' id='word_1_533' title='bbox 2302 4526 2815 4607; x_wconf 75' lang='lat' dir='ltr'>praedicationem</span> <span class='ocrx_word' id='word_1_534' title='bbox 2870 4526 3283 4591; x_wconf 84' lang='lat' dir='ltr'>affectuosius</span> <span class='ocrx_word' id='word_1_535' title='bbox 3339 4527 3483 4588; x_wconf 90' lang='lat' dir='ltr'>dili-</span> 
     </span>
     <span class='ocr_line' id='line_1_86' title="bbox 1982 4624 3483 4707; baseline -0.001 -20"><span class='ocrx_word' id='word_1_536' title='bbox 1982 4624 2367 4706; x_wconf 88' lang='lat' dir='ltr'>gentiusque</span> <span class='ocrx_word' id='word_1_537' title='bbox 2411 4624 2676 4698; x_wconf 88' lang='lat' dir='ltr'>audivit,</span> <span class='ocrx_word' id='word_1_538' title='bbox 2710 4644 2903 4707; x_wconf 92' lang='lat' dir='ltr'>quam</span> <span class='ocrx_word' id='word_1_539' title='bbox 2951 4624 3140 4688; x_wconf 89' lang='lat' dir='ltr'>Maria</span> <span class='ocrx_word' id='word_1_540' title='bbox 3178 4624 3483 4705; x_wconf 88' lang='lat' dir='ltr'>Magdale·</span> 
     </span>
    </p>
   </div>
   <div class='ocr_carea' id='block_1_14' title="bbox 1985 4722 3601 4806">
    <p class='ocr_par' dir='ltr' id='par_1_15' title="bbox 1985 4722 3601 4806">
     <span class='ocr_line' id='line_1_87' title="bbox 1985 4722 3601 4806; baseline 0.004 -21"><span class='ocrx_word' id='word_1_541' title='bbox 1985 4742 2064 4785; x_wconf 90' lang='lat' dir='ltr'>ne</span> <span class='ocrx_word' id='word_1_542' title='bbox 2098 4742 2112 4786; x_wconf 91' lang='lat'>:</span> <span class='ocrx_word' id='word_1_543' title='bbox 2150 4724 2321 4785; x_wconf 89' lang='lat' dir='ltr'>unde</span> <span class='ocrx_word' id='word_1_544' title='bbox 2358 4731 2421 4786; x_wconf 90' lang='lat' dir='ltr'>et</span> <span class='ocrx_word' id='word_1_545' title='bbox 2460 4723 2599 4805; x_wconf 90' lang='lat' dir='ltr'>ipsa</span> <span class='ocrx_word' id='word_1_546' title='bbox 2636 4724 2941 4805; x_wconf 88' lang='lat' dir='ltr'>optimam</span> <span class='ocrx_word' id='word_1_547' title='bbox 2982 4732 3227 4806; x_wconf 88' lang='lat' dir='ltr'>partem</span> <span class='ocrx_word' id='word_1_548' title='bbox 3276 4722 3483 4806; x_wconf 87' lang='lat' dir='ltr'>perfe-</span> <span class='ocrx_word' id='word_1_549' title='bbox 3596 4786 3601 4791; x_wconf 89' lang='lat'>.</span> 
     </span>
    </p>
   </div>
   <div class='ocr_carea' id='block_1_15' title="bbox 1981 4822 3479 5396">
    <p class='ocr_par' dir='ltr' id='par_1_16' title="bbox 1981 4822 3479 5396">
     <span class='ocr_line' id='line_1_88' title="bbox 1985 4822 3305 4904; baseline -0.002 -19"><span class='ocrx_word' id='word_1_550' title='bbox 1985 4823 2268 4885; x_wconf 88' lang='lat' dir='ltr'>ctissime</span> <span class='ocrx_word' id='word_1_551' title='bbox 2312 4822 2653 4904; x_wconf 85' lang='lat' dir='ltr'>praeelegit.</span> <span class='ocrx_word' id='word_1_552' title='bbox 3300 4853 3305 4858; x_wconf 88' lang='lat'><strong>·</strong></span> 
     </span>
     <span class='ocr_line' id='line_1_89' title="bbox 2062 4920 3478 5004; baseline 0.001 -22"><span class='ocrx_word' id='word_1_553' title='bbox 2062 4920 2408 4995; x_wconf 89' lang='lat' dir='ltr'>Postremo,</span> <span class='ocrx_word' id='word_1_554' title='bbox 2445 4922 2793 4984; x_wconf 86' lang='lat' dir='ltr'>secundum</span> <span class='ocrx_word' id='word_1_555' title='bbox 2825 4921 3273 5003; x_wconf 86' lang='lat' dir='ltr'>Augustinum,</span> <span class='ocrx_word' id='word_1_556' title='bbox 3308 4924 3478 5004; x_wconf 91' lang='lat' dir='ltr'>quod</span> 
     </span>
     <span class='ocr_line' id='line_1_90' title="bbox 1981 5018 3475 5102; baseline -0.001 -21"><span class='ocrx_word' id='word_1_557' title='bbox 1981 5018 2219 5081; x_wconf 88' lang='lat' dir='ltr'>Martha</span> <span class='ocrx_word' id='word_1_558' title='bbox 2248 5020 2493 5102; x_wconf 89' lang='lat' dir='ltr'>accepit</span> <span class='ocrx_word' id='word_1_559' title='bbox 2522 5018 2839 5082; x_wconf 87' lang='lat' dir='ltr'>Christum</span> <span class='ocrx_word' id='word_1_560' title='bbox 2882 5020 2945 5081; x_wconf 93' lang='lat' dir='ltr'>in</span> <span class='ocrx_word' id='word_1_561' title='bbox 2979 5020 3236 5083; x_wconf 91' lang='lat' dir='ltr'>domum</span> <span class='ocrx_word' id='word_1_562' title='bbox 3274 5038 3475 5095; x_wconf 89' lang='lat' dir='ltr'>suam,</span> 
     </span>
     <span class='ocr_line' id='line_1_91' title="bbox 1982 5117 3479 5199; baseline 0 -19"><span class='ocrx_word' id='word_1_563' title='bbox 1982 5117 2273 5199; x_wconf 86' lang='lat' dir='ltr'>designat</span> <span class='ocrx_word' id='word_1_564' title='bbox 2310 5118 2675 5192; x_wconf 86' lang='lat' dir='ltr'>Ecclesiam,</span> <span class='ocrx_word' id='word_1_565' title='bbox 2711 5137 2853 5198; x_wconf 83' lang='lat' dir='ltr'>quae</span> <span class='ocrx_word' id='word_1_566' title='bbox 2892 5136 3063 5179; x_wconf 93' lang='lat' dir='ltr'>nunc</span> <span class='ocrx_word' id='word_1_567' title='bbox 3100 5118 3333 5199; x_wconf 89' lang='lat' dir='ltr'>accipit</span> <span class='ocrx_word' id='word_1_568' title='bbox 3365 5117 3479 5181; x_wconf 89' lang='lat' dir='ltr'>Do-</span> 
     </span>
     <span class='ocr_line' id='line_1_92' title="bbox 1985 5213 3479 5296; baseline -0.002 -17"><span class='ocrx_word' id='word_1_569' title='bbox 1985 5218 2235 5279; x_wconf 90' lang='lat' dir='ltr'>minum</span> <span class='ocrx_word' id='word_1_570' title='bbox 2277 5216 2341 5277; x_wconf 92' lang='lat' dir='ltr'>in</span> <span class='ocrx_word' id='word_1_571' title='bbox 2385 5234 2492 5278; x_wconf 89' lang='lat' dir='ltr'>cor</span> <span class='ocrx_word' id='word_1_572' title='bbox 2528 5234 2739 5276; x_wconf 87' lang='lat' dir='ltr'>suum.</span> <span class='ocrx_word' id='word_1_573' title='bbox 2771 5213 2960 5276; x_wconf 88' lang='lat' dir='ltr'>Maria</span> <span class='ocrx_word' id='word_1_574' title='bbox 2997 5232 3169 5289; x_wconf 89' lang='lat' dir='ltr'>vero,</span> <span class='ocrx_word' id='word_1_575' title='bbox 3203 5234 3347 5296; x_wconf 87' lang='lat' dir='ltr'>quae</span> <span class='ocrx_word' id='word_1_576' title='bbox 3384 5234 3479 5277; x_wconf 90' lang='lat' dir='ltr'>se-</span> 
     </span>
     <span class='ocr_line' id='line_1_93' title="bbox 1984 5312 3471 5396; baseline -0.001 -19"><span class='ocrx_word' id='word_1_577' title='bbox 1984 5315 2077 5377; x_wconf 90' lang='lat' dir='ltr'>dit</span> <span class='ocrx_word' id='word_1_578' title='bbox 2105 5316 2185 5377; x_wconf 91' lang='lat' dir='ltr'>ad</span> <span class='ocrx_word' id='word_1_579' title='bbox 2218 5316 2409 5396; x_wconf 87' lang='lat' dir='ltr'>pedes</span> <span class='ocrx_word' id='word_1_580' title='bbox 2440 5312 2687 5377; x_wconf 90' lang='lat' dir='ltr'>Domini</span> <span class='ocrx_word' id='word_1_581' title='bbox 2718 5312 2983 5375; x_wconf 91' lang='lat' dir='ltr'>audiens</span> <span class='ocrx_word' id='word_1_582' title='bbox 3014 5312 3279 5376; x_wconf 90' lang='lat' dir='ltr'>verbum</span> <span class='ocrx_word' id='word_1_583' title='bbox 3311 5312 3471 5394; x_wconf 89' lang='lat' dir='ltr'>ejus,</span> 
     </span>
    </p>
   </div>
  </div>
 </body>
</html>
