4300 6259
150 1665 241 1721 23

166 2364 261 2420 24

60 2579 317 2630 Mar-esi,
328 2581 347 2620 Ι
356 2580 401 2620 7.

118 5048 257 5094 Ῑῠίεί.
283 5063 318 5099 ι,
338 5049 385 5091 8.

1240 479 1697 562 mumulo-IN
1736 513 1877 564 GAP.
1921 515 1991 562 111
2032 516 2310 564 somme».
2354 537 2435 550 ·-·-
2475 519 2617 568 Aur.
2661 523 2703 568 X

3401 509 3523 572 339

408 679 747 762 objicitur,
795 684 873 746 de
922 683 1093 746 facili
1145 685 1433 748 solvitur.
1486 686 1697 750 Passio
1744 687 1915 748 enim
1945 686 1998 748 A
2027 705 2124 763 eo,
2179 708 2306 752 non
2355 699 2568 752 autem
2629 690 2802 754 misit
2851 692 3136 755 Christus
3193 693 3522 756 venientes

411 778 651 842 Christi
704 781 823 844 hoc
868 783 1136 846 contulit
1181 783 1418 857 futura,
1454 788 1623 866 quod
1666 793 1920 868 praestat

404 877 547 958 jam
580 879 765 942 facta.
801 879 953 944 Tota
980 883 1155 945 enim
1186 883 1477 946 efficacia
1505 903 1577 947 ac
1611 885 1917 948 idoneitas

410 978 633 1039 meriti
679 979 933 1054 Christi,
960 979 1084 1043 fuit
1121 1000 1158 1043 a
1203 1000 1473 1064 persona
1520 983 1707 1045 Verbi
1755 1002 1917 1065 prae-

410 1077 792 1153 sentialiter‚
832 1098 979 1160 quae
1028 1088 1263 1144 aeterna
1310 1089 1425 1156 est,
1461 1089 1523 1144 et
1567 1083 1757 1144 unius
1808 1101 1921 1165 po-

413 1175 663 1238 testatis
712 1185 859 1239 ante
918 1179 1276 1260 passionem
1336 1189 1399 1242 et
1459 1189 1692 1262 postea.
1745 1180 1919 1253 Quod

414 1291 574 1336 vero
604 1274 921 1356 Apostolis
965 1278 1203 1340 dictum
1252 1286 1367 1352 est,
1400 1279 1521 1342 Vos
1563 1288 1775 1342 autem
1817 1279 1922 1341 ba-

419 1372 821 1454 ptizabimini
854 1375 1095 1457 Spiritu
1138 1376 1387 1452 Sancto,
1431 1379 1806 1460 intelligitur
1845 1379 1921 1440 de

421 1470 715 1535 interiori
755 1473 1125 1555 perfusione
1160 1477 1378 1556 gratiae
1406 1477 1679 1560 Spiritus
1712 1476 1922 1541 Sancti

422 1568 552 1631 sub
594 1570 775 1652 signo
818 1573 1081 1636 visibili.

493 1671 659 1730 Erat
688 1681 905 1732 autem
934 1682 993 1733 et
1008 1676 1291 1735 Ioannes
1310 1677 1649 1752 baptizans
1671 1677 1743 1736 in
1762 1677 1926 1738 AE'n-

422 1788 580 1840 non,
618 1768 679 1830 id
728 1778 826 1832 est
872 1770 1010 1834 loco
1060 1772 1151 1834 sic
1202 1773 1393 1848 dicto,
1430 1775 1636 1852 juxta
1684 1776 1927 1844 Salim,

2026 786 2104 846 ad
2148 804 2216 848 se
2257 788 2335 848 ad
2375 787 2700 851 Joannem.

2110 889 2192 948 Et
2234 899 2548 950 venerunt
2589 890 2887 972 discipuli
2925 891 3181 954 loannis
3221 895 3309 952 ad
3335 895 3526 953 Joan-

2026 1005 2199 1054 nem,
2248 995 2316 1047 ut
2362 989 2776 1068 quaestionem
2830 989 2992 1051 hanc
3041 990 3337 1064 solveret,
3384 1009 3528 1072 pro-

2027 1082 2284 1164 priique
2323 1082 2622 1166 baptismi
2674 1086 2979 1150 honorem
3020 1088 3426 1170 defenderet3
3466 1099 3528 1149 et

2026 1182 2342 1242 dixerunt
2371 1184 2458 1253 ei,
2489 1183 2772 1246 dolentes
2805 1193 2867 1246 et
2907 1186 3316 1267 querulantes
3356 1187 3527 1268 quod

2029 1279 2234 1342 honor
2274 1281 2554 1361 magistri
2597 1283 2718 1359 sui,
2756 1290 2818 1345 et
2848 1302 2962 1365 per
2991 1303 3387 1367 consequens
3429 1286 3534 1348 ho-

2032 1396 2149 1439 nor
2190 1396 2432 1454 eornm,
2477 1381 2874 1444 minueretur
2908 1401 2922 1444 ε
2954 1385 3189 1454 Rabbi,
3227 1386 3346 1464 qui
3391 1394 3531 1446 erat

2034 1485 2232 1538 tecum
2278 1488 2458 1538 crans
2491 1481 2842 1542 Jordanem
2879 1481 3074 1561 (sicut
3111 1482 3406 1564 superius
3446 1483 3534 1544 di-

2034 1582 2208 1637 ctum
2265 1576 2406 1654 est),
2455 1579 2567 1636 cui
2617 1587 2686 1638 tu
2735 1581 3172 1642 testimonium
3217 1583 3529 1658 perhibu-

2034 1675 2169 1742 isti,
2221 1675 2512 1750 dicendo,
2565 1675 2724 1739 Ecce
2771 1679 2986 1758 Agnus
3039 1679 3193 1757 Dei;
3243 1700 3377 1740 ecce
3425 1681 3532 1740 hic
3603 1692 3766 1736 Joann.
3791 1707 3820 1744 1.

2034 1774 2341 1849 baptizat,
2378 1793 2490 1856 per
2530 1793 2596 1837 se
2629 1784 2692 1838 et
2722 1795 2869 1838 suos
2909 1777 3281 1859 discipuloS,
3315 1789 3373 1838 et
3401 1799 3534 1839 om-
3561 1758 3720 1808 ²⁹³⁶·

3657 896 3728 951 26

424 1866 655 1928 urbem
696 1867 881 1930 sitam
925 1888 1123 1952 prope
1161 1870 1520 1944 sor-danem,
1554 1874 1711 1951 quia
1742 1893 1927 1951 aquoe
1960 1869 2007 1932 B
2037 1891 2143 1932 nes
2183 1876 2456 1934 veniunt
2497 1877 2585 1934 ad
2621 1895 2797 1945 eum,
2838 1875 2957 1938 hoc
3006 1885 3103 1937 est
3149 1883 3273 1938 tam
3323 1878 3530 1952 multi,

422 1971 651 2028 mulcoe
697 1977 887 2028 erant
935 1970 1099 2042 illic,
1136 1970 1435 2033 videlicet
1481 1970 1661 2051 juxta
1706 1970 1922 2033 Salim.

425 2065 575 2128 Erat
612 2066 785 2130 enim
833 2067 921 2131 ibi
967 2068 1161 2144 lacuS,
1198 2070 1548 2132 secundum
1582 2069 1831 2144 Bedam,
1865 2078 1928 2132 et

426 2164 573 2228 ideo
634 2166 755 2229 fuit
814 2168 989 2232 locus
1057 2169 1137 2231 ad
1194 2168 1643 2251 baptizandum
1703 2188 1929 2233 conve-

430 2265 639 2328 niens,
676 2269 761 2328 Et
800 2268 1142 2328 veniebant
1169 2267 1365 2332 Judaei
1405 2270 1481 2331 ad
1519 2268 1845 2342 Joannem,
1870 2279 1929 2329 ec

430 2366 937 2442 baptizabantur
964 2365 1044 2428 ab
1084 2384 1179 2430 eo.
1216 2369 1527 2430 Nondum
1562 2370 1739 2428 enim
1783 2369 1931 2428 mis-

427 2483 541 2524 sus
569 2465 793 2541 fuerat
819 2467 1100 2526 Joannes
1130 2469 1204 2526 in
1233 2485 1543 2526 carcerem
1579 2464 1657 2527 ab
1688 2465 1929 2529 Herode

431 2563 767 2638 tetrarcha,
801 2563 914 2645 qui
944 2563 1023 2624 ad
1055 2562 1419 2625 Herodiadis
1461 2563 1928 2644 suggestionem

432 2662 851 2724 incarceravit
904 2662 1233 2734 Joannem,
1298 2669 1366 2724 ut
1421 2661 1661 2724 Marcus
1712 2661 1925 2724 refert.

427 2758 545 2822 Per
588 2759 707 2822 hoc
746 2759 959 2822 innuit
986 2758 1407 2839 Evangelista,
1442 2761 1613 2841 quod
1652 2761 1865 2822 omnia
1894 2779 1931 2822 a

426 2875 497 2918 se
526 2857 865 2939 hucusque
902 2857 1221 2939 descripta
1268 2858 1347 2920 de
1394 2858 1640 2920 actibus
1672 2858 1925 2933 Christi,

427 2964 578 3018 sunt
617 2955 697 3018 ab
740 2956 881 3018 aliis
926 2954 1349 3037 Evangelistis
1390 2956 1643 3030 omissa,
1680 2957 1792 3038 qui
1838 2957 1929 3019 sic

2037 1978 2105 2031 ut
2149 1988 2312 2051 pene
2357 1972 2518 2033 nulli
2567 1973 2900 2037 videantur
2942 1975 3054 2055 qui
3101 1982 3160 2036 te
3202 1977 3532 2050 accedunt,

2034 2071 2188 2149 quia
2227 2077 2290 2131 et
2325 2077 2394 2130 tu
2437 2069 2576 2152 ipse
2615 2071 2814 2134 mittis
2851 2080 2994 2135 tuos
3032 2074 3110 2135 ad
3146 2091 3316 2135 eum.
3351 2073 3538 2146 Quasi

2037 2166 2250 2229 dicant
2283 2186 2296 2230 :
2329 2168 2421 2230 Ibi
2473 2167 2856 2251 frequentia,
2902 2171 3006 2232 hic
3054 2172 3390 2253 paucitas;
3442 2173 3540 2235 illi

2037 2266 2239 2329 honor
2289 2266 2702 2349 impenditur,
2754 2276 2822 2329 tu
2873 2269 3104 2350 incipis
3157 2271 3335 2351 parvi
3387 2289 3542 2352 pen-

2038 2365 2101 2426 di
2138 2382 2153 2426 :
2189 2372 2251 2426 et
2297 2373 2360 2426 tu
2403 2366 2540 2447 ipse
2580 2384 2647 2428 es
2689 2366 2753 2427 in
2797 2385 3005 2442 causa,
3039 2368 3194 2449 quia
3232 2369 3325 2431 sic
3357 2368 3538 2431 illum

2038 2461 2252 2524 verbis
2299 2462 2424 2524 tuis
2467 2463 2915 2544 magnificasti.
2951 2465 3057 2527 Isti
3103 2467 3401 2550 discipuli
3444 2468 3543 2531 Jo-

2035 2560 2222 2621 annis
2283 2563 2565 2624 nondum
2621 2561 2883 2644 perfecti
2937 2563 3219 2640 fuerunt,
3271 2567 3381 2628 sed
3429 2567 3542 2628 ali-

2038 2658 2196 2739 quid
2247 2659 2612 2722 invidentiae
2663 2661 2864 2723 inerat
2914 2661 3029 2736 eiS,
3071 2681 3236 2744 aegre
3283 2663 3542 2726 ferenti-

2039 2754 2160 2817 bus
2191 2759 2362 2839 quod
2393 2757 2677 2820 Christus
2709 2767 2771 2820 et
2800 2759 2940 2840 ejus
2984 2761 3284 2843 discipuli
3315 2761 3537 2825 Ioanni

2038 2862 2100 2916 et
2128 2855 2269 2935 ejus
2301 2855 2634 2937 discipulis
2667 2855 3186 2939 praeferebantur.
3221 2859 3397 2923 Unde
3435 2880 3541 2924 sae-

2040 2972 2119 3036 pe
2167 2955 2638 3033 conjunxerunt
2695 2973 2762 3017 se
2809 2956 3161 3032 PharisaeiS,
3214 2959 3376 3040 quos
3427 2979 3538 3023 no-

428 3054 783 3136 loquuntur
822 3056 901 3117 de
940 3054 1188 3117 Christo
1235 3073 1308 3116 ac
1357 3053 1408 3115 si
1463 3063 1605 3136 post
1654 3055 1930 3117 incarce-
1966 3056 2009 3120 C
2042 3060 2261 3116 verant
2308 3053 2568 3116 aemulos
2608 3054 2860 3128 Christi,
2895 3065 3112 3118 contra
3145 3057 3382 3134 lesum,
3418 3059 3538 3122 sic-

430 3154 743 3218 rationem
788 3152 1047 3217 Ioannis
1099 3152 1441 3235 incepisset
1489 3153 1830 3235 praedicare
1869 3162 1930 3215 et

430 3252 610 3333 signa
652 3270 979 3335 peragere.

514 3355 714 3414 Facta
744 3361 833 3412 est
870 3371 1021 3429 erqo
1048 3352 1337 3431 quaescio,
1373 3350 1493 3414 hoc
1533 3359 1649 3424 est,
1686 3369 1761 3412 ex
1802 3370 1930 3432 quo

432 3449 719 3514 Christus
777 3449 1139 3531 baptizabat
1198 3467 1311 3531 per
1371 3466 1439 3510 se
1493 3456 1554 3510 et
1616 3467 1727 3530 per
1784 3467 1931 3512 suos

430 3548 787 3631 ApostoloS‚
840 3547 1077 3610 idcirco
1125 3555 1295 3610 mota
1338 3553 1434 3608 est
1471 3547 1738 3628 quaestio
1787 3566 1933 3611 con-

430 3647 703 3710 tentiosa
740 3665 817 3709 ex
862 3646 1205 3709 indiscreto
1248 3645 1383 3708 zelo
1433 3646 1799 3727 procedenS,
1852 3668 1932 3706 ex

426 3749 800 3824 discipulis,
835 3745 899 3807 id
943 3753 1040 3806 est
1078 3743 1158 3806 ab
1199 3743 1525 3826 aliquibus
1556 3746 1634 3807 de
1666 3763 1931 3808 numero

428 3844 920 3927 discipulorum,
950 3845 1226 3905 loannis
1273 3841 1589 3924 Baptistae,
1623 3864 1765 3904 cum
1815 3847 1933 3905 Ju-

426 3946 584 4006 doeis
612 3943 727 4025 qui
760 3941 1245 4024 baptizabantur
1274 3961 1311 4003 a
1340 3941 1606 4015 Christo,
1640 3945 1720 4003 de
1742 3945 1933 4020 puri-

426 4045 757 4122 ficatione,
808 4042 928 4106 hoc
986 4048 1083 4103 est
1140 4042 1219 4103 de
1276 4041 1617 4122 baptismo,
1662 4040 1774 4122 qui
1838 4051 1932 4105 est

428 4141 587 4206 lotio
645 4159 947 4223 purgans.
1008 4139 1367 4222 Baptismus
1426 4148 1636 4202 autem
1698 4139 1929 4202 Christi

2041 3159 2107 3212 ut
2138 3151 2460 3213 Matthaeus
2499 3152 2689 3215 habet
2725 3171 2738 3215 ε
2770 3154 3189 3219 Accesserant
3217 3158 3294 3220 ad
3321 3157 3534 3221 Jesum
3584 3155 3827 3232 metam,

2038 3250 2338 3331 discipuli
2385 3251 2664 3324 Joannis,
2708 3252 2988 3314 dicentes
3022 3273 3035 3316 :
3070 3254 3270 3327 Quare
3319 3275 3432 3319 nos
3475 3265 3537 3319 et
3568 3244 3632 3285 ¹⁴·

2038 3348 2333 3412 Pharisaei
2363 3349 2728 3430 jejunamus
2769 3350 3158 3433 frequenter,
3192 3355 3286 3418 tui
3324 3363 3534 3418 autem

2038 3447 2338 3529 discipuli
2385 3466 2511 3511 non
2554 3447 2900 3529 jejunant?

2117 3545 2426 3628 Deinceps
2452 3546 2720 3609 Joannes
2751 3546 3026 3628 Baptista
3054 3548 3330 3630 benigne
3358 3552 3540 3615 docet

2036 3652 2099 3706 et
2141 3645 2400 3725 corrigit
2443 3664 2590 3708 suos
2641 3646 3012 3727 discipulos.
3041 3649 3397 3724 Respondit
3433 3653 3538 3710 Jo-

2037 3765 2260 3816 annes,
2293 3754 2352 3804 et
2389 3745 2568 3804 dimit
2599 3765 2622 3804 .·
2655 3745 2802 3807 Non
2837 3754 3040 3820 potest
3079 3748 3263 3807 homo
3301 3751 3540 3826 accipe-

2036 3864 2106 3903 re
2144 3845 2530 3922 quidquam,
2573 3841 2692 3904 hoc
2739 3851 2853 3916 est,
2889 3843 3051 3904 nihil
3102 3843 3252 3906 boni
3304 3845 3538 3910 habere

2040 3940 2137 4003 vel
2187 3941 2478 4022 accipere
2525 3948 2751 4022 potest,
2787 3943 2920 4002 nisi
2954 3942 3163 4018 fuerit
3209 3945 3272 4002 ei
3308 3947 3538 4007 datum

2036 4043 2115 4100 de
2152 4042 2331 4109 coelo,
2370 4039 2491 4102 hoc
2533 4045 2626 4100 est
2662 4057 2698 4100 a
2736 4038 2859 4102 Deo
2904 4056 3300 4116 concessum,
3335 4043 3536 4104 medi-

2038 4145 2135 4199 ate
2187 4137 2287 4200 vel
2335 4137 2718 4199 immediate.
2772 4135 2996 4199 Omnia
3052 4139 3288 4201 etenim
3347 4140 3533 4216 bona,

3669 3655 3741 3710 27

430 4259 579 4303 vere
630 4241 803 4302 intus
852 4239 1158 4322 purificat
1190 4258 1203 4300 ε
1241 4241 1407 4302 unde
1453 4239 1658 4302 activa
1706 4239 1932 4321 purifi·
1964 4241 2010 4302 D
2041 4243 2266 4297 cuncta
2296 4236 2459 4298 dona
2491 4243 2750 4314 naturae,
2788 4235 3087 4298 universa
3113 4255 3379 4300 munera
3404 4257 3540 4320 gra·

428 4339 596 4402 catio
642 4337 1025 4420 appellatur.
1067 4336 1187 4397 lsta
1234 4336 1504 4417 quaestio
1548 4335 1689 4410 fuit,
1744 4337 1929 4418 cujus

428 4437 791 4520 baptismus
850 4441 1016 4497 esset
1074 4433 1491 4515 praestantior,
1545 4433 1776 4496 Christi
1828 4435 1929 4498 vel

420 4535 709 4599 Joannis.
742 4533 997 4598 loannis
1042 4549 1319 4612 namque
1364 4532 1664 4614 discipuli
1716 4532 1931 4596 volen-

428 4643 527 4698 tes
572 4633 947 4714 magistrum
1007 4650 1195 4693 suum
1259 4630 1579 4712 praeferre,
1632 4631 1931 4694 dixerunt

428 4733 605 4815 quod
636 4731 779 4813 ejus
818 4729 1175 4812 baptismus
1214 4727 1466 4808 dignior
1504 4735 1689 4790 esset.
1731 4728 1927 4791 Judaei

426 4837 645 4894 autem
679 4828 976 4910 baptizati
1016 4847 1053 4888 a
1093 4827 1363 4900 Christo,
1400 4826 1696 4888 dixerunt
1735 4844 1932 4908 oppo-

428 4932 629 4994 situm
667 4947 679 4991 :
714 4927 987 4990 scientes
1018 4926 1207 5007 quale
1239 4924 1673 4988 testimonium
1718 4926 1932 5007 perhi—

429 5031 680 5094 buisset
725 5026 995 5090 loannes
1046 5024 1314 5098 Christo,
1362 5025 1603 5098 dicens,
1648 5023 1773 5104 Ego
1826 5024 1932 5086 ba-

432 5129 605 5212 ptizo
638 5145 749 5190 vos
788 5143 975 5207 aqua,
1011 5123 1120 5185 ille
1158 5121 1508 5204 baptizabit
1550 5140 1658 5185 vos
1688 5120 1930 5203 Spiritu

428 5227 705 5304 Sancto;
751 5232 816 5286 et
854 5223 1045 5286 etiam
1090 5221 1243 5302 quia
1283 5221 1551 5284 loannes
1604 5220 1931 5284 venientes

430 5327 513 5390 ad
544 5343 613 5387 se
642 5323 821 5386 misit
849 5323 929 5384 ad
967 5321 1205 5396 Jesum,
1241 5327 1311 5381 ut
1348 5319 1823 5402 baptizarentur
1850 5319 1930 5380 ab

2040 4333 2163 4406 tiae,
2197 4353 2234 4394 a
2270 4332 2394 4395 Deo
2435 4332 2697 4394 sublimi
2737 4341 2800 4394 et
2840 4332 3176 4398 benedicto
3216 4334 3536 4400 fontaliter

2040 4430 2392 4514 profluunt.
2435 4431 2696 4513 Propter
2736 4434 2909 4513 quod
2952 4433 3106 4496 dicit
3143 4434 3480 4516 Apostolus
3515 4455 3529 4500 :

2036 4528 2196 4603 Quid
2238 4529 2432 4592 habes
2471 4530 2642 4610 quod
2684 4549 2808 4592 non
2857 4532 3201 4614 accepisti?
3243 4531 3317 4594 Et
3350 4553 3363 4596 :
3397 4534 3532 4599 Non
3563 4555 3826 4608 worma.

2039 4647 2262 4691 sumus
2301 4627 2698 4690 sufficientes
2749 4629 3023 4709 cogitare
3069 4630 3312 4712 aliquid
3350 4651 3387 4694 a
3425 4653 3537 4698 no-
3564 4617 3823 4670 ¹¹⁰⁰'·¹¹¹·⁵·

2038 4728 2160 4802 bis,
2202 4726 2386 4808 quasi
2435 4745 2513 4789 ex
2562 4725 2746 4790 nobis
2773 4746 2789 4806 ;
2835 4729 2944 4790 sed
2993 4726 3382 4793 sufficientia
3429 4751 3536 4795 no-

2038 4835 2166 4888 stra
2212 4843 2290 4887 ex
2342 4825 2462 4887 Deo
2520 4832 2634 4886 est.
2687 4823 2764 4886 Et
2819 4827 2990 4908 apud
3042 4825 3195 4889 Osee
3253 4828 3536 4909 loquitur

2038 4925 2201 4987 Deus
2236 4943 2249 4986 :
2283 4922 2556 4985 Perditio
2597 4930 2706 4984 tua
2753 4941 2830 4984 ex
2871 4932 2955 4998 te,
3000 4925 3064 4987 in
3107 4944 3208 4988 me
3255 4934 3533 4991 tantum-
3564 4940 3828 4995 Oceexuao.

2039 5024 2226 5087 modo
2262 5021 2567 5084 auxilium
2605 5027 2812 5082 tuum.
2845 5019 3142 5094 Quamvis
3183 5024 3371 5089 homo
3404 5027 3538 5088 uni-

2039 5121 2368 5184 versaliter
2415 5121 2502 5182 ita
2549 5118 2651 5194 sit,
2694 5127 2904 5182 tamen
2950 5120 3220 5183 Joannes
3269 5123 3332 5186 id
3383 5125 3538 5188 dicit

2039 5220 2117 5281 de
2157 5218 2520 5300 semetipse,
2553 5225 2856 5299 tanquam
2903 5217 3072 5281 dicat
3112 5237 3125 5281 :
3167 5217 3295 5301 Ego
3333 5239 3536 5302 quum

2039 5317 2230 5382 homo
2269 5317 2413 5392 sim,
2449 5324 2820 5399 potestatem
2865 5317 3226 5399 baptizandi
3268 5337 3394 5382 non
3433 5320 3536 5382 ha-
