4300 6259
148 1280 212 1335 18

115 1581 272 1625 uana.

73 1659 184 1694 nvn.
205 1647 272 1688 38.

95 1707 192 1750 Luc.
205 1721 318 1759 xxm,

77 2583 132 2626 1⁸.
151 2596 230 2634 un,
257 2586 320 2628 12.

156 2766 220 2822 19

153 5225 218 5280 21

1125 516 1473 564 manuum
1515 515 1578 562 m
1620 516 1758 563 CAP.
1804 515 1912 561 nx
1952 515 2228 562 JoANms.
2276 535 2355 546 -
2397 517 2539 563 Am.
2586 517 2701 562 XLV

3336 499 3459 562 593

346 687 828 762 occidebantur,
871 688 1093 769 sicque
1140 688 1317 750 loeus
1366 687 1715 750 abundavit
1761 705 1858 750 os·
1885 682 1936 745 A
1971 687 2128 750 Noli
2154 690 2448 757 scribere,
2482 687 2544 749 id
2584 695 2682 750 est
2720 687 3029 771 scriptum
3068 687 3454 769 relinquere,

345 787 532 849 sibus
582 795 1006 850 mortuorum.
1049 784 1152 848 Sic
1201 803 1348 866 ergo
1399 786 1718 847 duxerunt
1763 782 1861 846 Je-
1965 789 2107 846 Reoe
2132 788 2549 858 Judoeorum,·
2574 790 2684 846 sed
2723 789 2881 866 quia
2912 789 3047 865 ipse
3083 787 3288 856 dimit,
3315 789 3459 847 Rem

343 904 490 947 sum
546 886 610 948 in
661 885 874 948 locum
926 884 1335 947 inhonestum
1385 892 1577 965 atque
1621 883 1857 964 turpis-

344 985 585 1046 simum
624 1003 637 1046 :
674 984 740 1045 in
788 1001 920 1065 quo
966 983 1106 1066 ipse
1155 983 1318 1046 mori
1367 983 1576 1064 elegit,
1625 989 1690 1043 ut
1741 1001 1854 1045 nos

341 1085 424 1145 ad
484 1083 772 1165 empyrei
833 1081 977 1146 coeli
1032 1080 1618 1164 splendidissimam
1680 1099 1854 1141 man-

346 1181 598 1244 sionem
667 1179 942 1242 feliciter
999 1177 1479 1241 transseramur.
1543 1181 1855 1240 Hebraice

347 1289 570 1340 autem
601 1284 859 1343 vocatus
898 1285 994 1340 est
1027 1278 1354 1354 Golyotlza.
1392 1278 1510 1336 Ubi
1539 1297 1680 1338 eum
1713 1297 1855 1338 cru-

345 1381 704 1456 citaverunt
731 1376 966 1439 milites
994 1375 1268 1438 ministri
1301 1375 1587 1458 praesidis
1615 1393 1628 1437 :
1655 1383 1854 1437 erant-

347 1493 478 1558 que
527 1483 844 1558 quatuor3
875 1483 936 1534 et
973 1495 1118 1536 cum
1157 1494 1226 1534 eo
1265 1476 1428 1534 alios
1466 1477 1652 1543 duos,
1684 1473 1850 1536 haud

349 1574 624 1637 dubium
662 1575 823 1656 quin
864 1573 1161 1648 latroneS,
1197 1573 1547 1635 secundum
1581 1571 1854 1634 Matthae-

350 1691 460 1734 um
511 1692 525 1735 ε
574 1691 736 1754 quos
785 1672 984 1735 Lucas
1043 1671 1331 1735 nominat
1387 1689 1685 1752 nequam,
1730 1671 1854 1732 Du-

347 1772 660 1834 cebantur
708 1771 1069 1854 (inquiens)
1114 1790 1259 1833 cum
1319 1789 1394 1833 eo
1441 1777 1505 1832 et
1558 1769 1666 1832 alii
1728 1771 1853 1833 duo

1962 903 2108 944 sum
2154 887 2553 946 Judaeorum.
2606 884 2950 947 Videbatur
3007 885 3181 946 enim
3227 883 3456 946 Judaeis

1965 981 2187 1044 titulus
2239 983 2668 1065 praescriptuS,
2702 983 2768 1045 in
2820 1001 3040 1047 eorum
3086 982 3460 1046 verecundi-

1963 1099 2062 1142 am
2126 1082 2478 1144 redundare
2531 1101 2543 1144 :
2596 1082 2710 1164 qui
2768 1090 2979 1144 tamen
3035 1081 3159 1144 fuit
3208 1081 3463 1144 verissi-

1964 1197 2128 1254 mus,
2180 1180 2335 1262 quia
2382 1180 2742 1262 specialiter
2788 1181 2969 1243 datus
3020 1188 3117 1242 est
3160 1179 3340 1241 Jesus
3390 1179 3457 1241 in

1965 1295 2177 1358 regem
2222 1278 2604 1354 Judaeorum,
2654 1279 3193 1361 quemadmodum
3249 1277 3337 1340 ait
3389 1278 3455 1339 in

1963 1375 2255 1440 Psalmo:
2290 1376 2417 1457 Ego
2463 1385 2675 1440 autem
2724 1379 3103 1441 constitutus
3154 1395 3297 1438 sum
3346 1393 3455 1438 rex
3519 1398 3723 1452 Paua.

1962 1475 2040 1536 ab
2080 1493 2156 1539 eo
2203 1494 2396 1558 super
2434 1474 2582 1538 Sion
2624 1484 2903 1538 montem
2949 1484 3238 1538 sanetum
3286 1475 3449 1556 ejus.

1961 1577 2315 1652 Respondit
2344 1577 2605 1636 Pilatus
2635 1596 2657 1634 .·
2693 1578 2873 1644 Quod
2907 1576 3159 1652 scripsi,
3196 1576 3454 1651 scripsi,

1962 1672 2026 1734 id
2058 1681 2174 1749 est,
2208 1672 2470 1735 firmum
2502 1674 2805 1749 manebit,
2832 1691 2949 1736 nec
2978 1672 3137 1736 illud
3168 1673 3449 1736 mutabo.

2041 1774 2289 1834 Milites
2326 1793 2472 1851 erqo
2512 1795 2715 1853 quum
2761 1775 3237 1851 crucifiaeissent
3280 1791 3455 1842 eum,

348 1889 667 1952 nequam3
699 1874 856 1932 hinc
891 1880 950 1931 et
990 1871 1170 1938 hinc,
1203 1869 1266 1931 id
1313 1875 1410 1930 est
1456 1887 1533 1930 ex
1585 1876 1853 1951 utroque
1887 1872 1935 1934 B
1961 1881 2343 1948 acceperant
2402 1875 2777 1933 vestimenta
2834 1873 2998 1950 ejus,
3047 1882 3106 1933 et
3160 1872 3455 1948 fecerunt

349 1969 546 2031 latere
577 1969 833 2043 Christi,
857 1969 1146 2029 medium
1177 1977 1396 2029 autem
1411 1970 1652 2029 Jesum.
1676 1966 1851 2040 Quod

349 2068 592 2131 idcirco
619 2067 912 2131 fecerunt
940 2067 1176 2129 milites
1207 2085 1286 2129 ex
1318 2065 1722 2146 instigatione
1749 2066 1854 2128 Ju-

349 2167 656 2242 daeorum,
694 2175 766 2228 ut
789 2165 968 2229 Jesus
1007 2166 1247 2248 impius
1289 2166 1632 2241 videretur,
1666 2166 1852 2248 quasi

347 2264 584 2328 fuisset
622 2265 923 2347 princeps
965 2265 1306 2328 latronum.
1342 2264 1466 2328 Deo
1505 2271 1716 2327 autem
1758 2283 1857 2328 or-

349 2363 613 2426 dinante
653 2381 766 2425 seu
805 2363 1212 2445 permittente
1252 2361 1490 2424 factum
1531 2371 1626 2424 est
1665 2363 1751 2437 id,
1788 2369 1858 2424 ut

351 2463 733 2545 impleretur
787 2462 959 2542 quod
1020 2479 1134 2543 per
1187 2461 1412 2522 lsaiam
1470 2461 1548 2522 de
1607 2460 1855 2524 Christo

354 2561 683 2626 invenitur
729 2559 1106 2642 praedictum
1151 2577 1165 2622 :
1208 2559 1284 2621 Et-
1332 2578 1478 2621 cum
1533 2560 1855 2622 sceleratis

353 2666 690 2743 reputatus
734 2668 850 2721 est.

431 2759 720 2837 Scripsit
767 2766 982 2819 autem
1031 2767 1092 2818 et
1139 2759 1406 2818 titulum
1456 2758 1738 2830 Pilatus,
1789 2758 1854 2819 id

353 2867 472 2932 est,
535 2857 732 2920 scribi
789 2855 943 2918 fecit
1001 2872 1360 2918 sermonem
1423 2856 1854 2918 continentem

355 2976 613 3020 causam
645 2953 1084 3018 crucifixionis
1120 2954 1304 3035 Jesu3
1337 2965 1396 3015 et
1415 2957 1636 3033 posuit
1663 2976 1856 3033 super

1962 1979 2244 2048 quatuor
2264 1980 2487 2048 partes
2515 1970 2593 2032 de
2624 1969 2928 2044 vestibuS,
2954 1971 3313 2048 unicuique
3340 1970 3458 2029 mi·

1966 2069 2073 2128 liti
2113 2077 2372 2144 partem
2388 2093 2415 2140 ,·
2458 2079 2517 2129 et
2568 2071 2860 2130 tunicam
2908 2067 3301 2150 superiorem
3356 2086 3459 2129 ac-

1963 2174 2292 2248 ceperunt.
2324 2166 2415 2228 Ex
2452 2166 2691 2248 quibus
2733 2167 2940 2249 primo
2976 2167 3252 2241 elicitur,
3286 2167 3461 2248 quod

1963 2272 2237 2345 quatuor
2264 2273 2445 2327 erant
2482 2265 2717 2328 milites
2748 2264 3196 2345 crucifixores3
3231 2282 3463 2327 seeun-

1967 2364 2065 2437 do,
2097 2364 2270 2443 quod
2296 2364 2475 2426 Jesus
2516 2365 2726 2427 nudus
2765 2364 3048 2427 elevatus
3087 2369 3183 2424 θεῖ
3212 2363 3277 2424 in
3319 2382 3460 2426 cru-

1965 2479 2057 2536 ce,
2091 2461 2223 2525 imo
2262 2470 2386 2523 tam
2430 2464 2637 2524 nudus
2682 2469 2749 2524 ut
2787 2462 2963 2524 venit
3002 2480 3078 2524 ex
3125 2469 3304 2524 utero
3346 2460 3465 2523 Ma-

1965 2559 2104 2639 tris,
2158 2567 2219 2620 et
2266 2560 2432 2621 sicut
2475 2560 2673 2622 Adam
2730 2560 2988 2641 quando
3049 2560 3337 2641 peccavit
3392 2559 3459 2620 in

1968 2658 2277 2740 paradiso,
2312 2659 2663 2720 secundum
2706 2657 3137 2721 Ambrosium.
3173 2657 3350 2720 Unde
3400 2665 3462 2720 et

1963 2755 2155 2818 Mater
2202 2756 2340 2837 ejus
2382 2757 2663 2819 creditur
2704 2755 2968 2839 peplum
3019 2775 3203 2818 suum
3257 2756 3463 2820 invol-

1966 2855 2131 2917 visse
2176 2855 2315 2918 loco
2358 2855 2673 2917 virilium.

2044 2952 2269 3015 Omnia
2322 2953 2439 3016 ista
2486 2954 2773 3017 devotam
2820 2960 2882 3016 et
2930 2962 3173 3034 gratam
3223 2971 3462 3017 memo-

352 3075 634 3126 crucem,
667 3055 728 3116 id
771 3061 887 3128 est,
921 3052 1238 3135 superiori
1279 3054 1443 3135 parti
1484 3054 1692 3116 crucis
1723 3054 1858 3135 jus-
1893 3056 1936 3119 C
1967 3051 2126 3114 riam
2174 3052 2454 3133 exigunt,
2488 3060 2549 3115 et
2599 3052 2769 3134 piam
2820 3052 3260 3114 imitationem.
3301 3051 3461 3115 Ecce

355 3155 437 3216 sit
482 3151 690 3234 affigi,
741 3152 904 3215 forte
953 3170 1100 3214 cum
1149 3151 1367 3233 aliquo
1414 3169 1645 3214 assere.
1691 3155 1857 3214 Erat

355 3262 578 3314 autem
605 3253 943 3329 scriptum,
979 3249 1044 3311 id
1083 3258 1198 3324 est,
1233 3248 1456 3312 titulus
1490 3250 1682 3314 verba
1720 3251 1854 3314 haec

355 3349 727 3414 continebat
759 3367 772 3411 :
805 3352 986 3410 Jesus
1027 3350 1416 3411 Nazarenus
1450 3369 1568 3409 rea·
1602 3353 1856 3412 Judoeo-

357 3470 530 3511 rum.
571 3448 774 3522 1ῐθειιε,
812 3455 910 3509 θεῖ
953 3464 1187 3509 nomen
1237 3464 1558 3529 personae;
1599 3446 1857 3510 Nazare—

357 3567 502 3623 nuS,
537 3554 637 3609 est
683 3562 1018 3628 agnomen,
1053 3546 1260 3609 locum
1311 3547 1743 3628 conceptionis
1794 3554 1856 3608 et

359 3645 732 3709 nutritionis
763 3644 1136 3725 significans
1162 3663 1178 3724 ;
1212 3662 1322 3706 rex
1348 3645 1730 3720 Judaeorum,
1762 3653 1858 3708 est

357 3743 768 3826 complexum
819 3741 1147 3824 explicans
1201 3761 1316 3804 cur
1367 3742 1715 3806 crucifixus
1774 3743 1858 3805 sit

357 3842 688 3916 Dominus,
742 3840 1059 3914 videlicet,
1111 3839 1264 3922 quia
1311 3840 1470 3902 dixit
1526 3860 1594 3903 se
1643 3859 1853 3923 regem

354 3941 738 4004 Judaeorum.
777 3943 974 4002 Hunc
1007 3959 1155 4017 erqo
1201 3941 1468 4000 titulum
1512 3943 1706 4001 multi
1740 3945 1858 4002 Ju-

356 4045 650 4103 doeorum
699 4043 1018 4116 leyerunt,
1068 4040 1229 4116 quia
1274 4059 1477 4118 prope
1526 4041 1856 4100 civitatem

353 4149 497 4200 erat
538 4141 711 4199 locus
749 4135 1051 4200 Calvariae
1089 4138 1204 4196 ubi
1240 4139 1598 4215 crucifiams
1637 4147 1727 4200 est
1757 4141 1858 4199 Je-

1966 3151 2138 3212 enim
2196 3150 2460 3213 Sanetus
2509 3149 2905 3226 Sanctorum,
2952 3151 3317 3231 unigenitus
3364 3150 3463 3212 Fi-

1965 3249 2091 3312 lius
2138 3249 2271 3324 Dei,
2306 3249 2473 3311 inter
2518 3249 2793 3312 latrones
2845 3249 3277 3332 suspenditur,
3312 3268 3459 3311 cum

1966 3349 2288 3411 sceleratis
2327 3355 2677 3430 reputatur,
2714 3349 2922 3410 nudus
2962 3349 3027 3410 in
3069 3365 3257 3410 cruce
3295 3348 3463 3410 leva-

1967 3456 2090 3522 tur,
2126 3456 2199 3509 ut
2243 3466 2355 3510 nos
2399 3447 2581 3529 impii
2624 3446 3079 3527 justificemur,
3118 3465 3263 3509 cum
3308 3445 3463 3508 San·

1966 3547 2083 3608 ctis
2130 3563 2649 3620 annumeremur,
2706 3554 2769 3608 et
2820 3545 3213 3608 vestimentis
3264 3545 3463 3607 virtu-

1966 3654 2101 3708 tum
2161 3645 2524 3707 induamur.
2576 3629 2710 3706 Non
2768 3661 2918 3725 ergo
2973 3661 3335 3725 quaeramus
3394 3643 3459 3705 in

1967 3744 2087 3808 hoc
2133 3743 2373 3806 mundo
2418 3741 2813 3824 magnificari
2858 3743 2993 3804 sive
3034 3741 3299 3817 laudari,
3334 3761 3461 3805 non

1967 3843 2132 3905 inter
2168 3843 2383 3906 doctos
2414 3850 2475 3903 et
2512 3841 2866 3904 eminentes
2905 3841 3121 3921 locari,
3156 3860 3282 3905 non
3323 3860 3464 3924 pre-

1967 3941 2143 4004 tiosis
2174 3940 2458 4004 vestibus
2496 3947 2687 4020 atque
2721 3938 3071 4021 superfluis
3114 3939 3317 4014 indui,
3354 3940 3463 4002 sed

1965 4039 2285 4103 Christum
2345 4040 2411 4102 in
2460 4057 2609 4101 vera
2665 4039 3024 4101 humilitate
3082 4046 3145 4101 et
3194 4055 3464 4120 pauper-

1964 4147 2089 4202 tate
2133 4138 2370 4219 jugiter
2418 4136 2676 4215 imitari,
2714 4137 2878 4200 velle
2927 4137 3271 4212 contemni,
3311 4153 3463 4218 pec-

354 4259 505 4310 sus,·
539 4247 600 4298 et
647 4245 788 4296 erat
833 4236 1116 4312 scriptus
1153 4237 1489 4306 Hebraice,
1525 4239 1760 4307 Groece,
1796 4247 1857 4298 et
1885 4247 1936 4310 D
1965 4246 2207 4301 catores
2250 4236 2557 4318 reputari.

357 4337 618 4406 Latine,
653 4333 718 4396 id
751 4342 846 4396 est
885 4333 952 4395 in
993 4332 1196 4394 tribus
1240 4334 1704 4416 principalibus
1745 4335 1858 4398 idi-

354 4433 677 4499 omatibus
715 4432 941 4495 mundi
993 4431 1192 4514 magis
1236 4433 1402 4496 notis
1444 4441 1636 4515 atque
1686 4452 1856 4497 eom-

357 4531 688 4606 munibus‚
741 4537 814 4592 ut
869 4530 1185 4610 legeretur
1231 4530 1311 4592 ab
1367 4531 1687 4594 omnibus.
1739 4531 1858 4594 He-

356 4631 572 4694 braica
602 4646 880 4710 namque
905 4627 1162 4710 loquela
1191 4629 1526 4704 eminebat,
1550 4630 1852 4711 quoniam

358 4730 588 4812 prima,
641 4736 704 4790 et
753 4728 819 4790 in
869 4745 942 4790 ea
999 4728 1236 4811 scripta
1283 4728 1407 4790 fuit
1455 4729 1556 4791 lex
1603 4738 1666 4791 et
1714 4728 1857 4793 Pro-

359 4829 591 4911 phetae,
653 4827 1098 4910 pertinuitque
1159 4827 1238 4889 ad
1298 4829 1488 4890 unius
1549 4829 1681 4891 veri
1748 4828 1855 4891 Dei

357 4927 658 4990 cultores.
687 4925 907 4989 Graeca
942 4944 1090 4988 vero
1127 4924 1345 5006 lingua
1386 4926 1682 5008 pollebat,
1717 4945 1857 5009 pro-

359 5033 500 5108 pter
559 5023 912 5087 naturalem
972 5023 1347 5106 sapientiam
1406 5043 1517 5086 seu
1576 5025 1856 5107 philoso-

361 5125 580 5207 phiam
644 5123 1105 5204 ingeniumque
1162 5121 1519 5186 Graecorum
1561 5143 1577 5204 ;
1637 5125 1858 5188 Latina

361 5242 533 5298 vero,
570 5230 828 5305 propter
865 5221 1221 5285 dominium
1260 5220 1708 5286 Romanorum.
1743 5227 1860 5287 Di-

358 5326 584 5385 cebant
611 5341 761 5400 eryo
790 5322 1012 5384 Pilato
1043 5324 1386 5402 pontifices
1423 5325 1801 5385 Judoeorum
1835 5346 1858 5386 .·

611 5453 676 5505 Τ.
712 5453 794 5507 12.

2045 4340 2211 4399 Erat
2247 4346 2463 4397 autem
2504 4337 2725 4397 tunica
2770 4335 3206 4405 inconsutilis,
3253 4333 3315 4396 id
3362 4339 3460 4395 est

1965 4455 2091 4500 non
2131 4443 2419 4512 consuta,
2450 4438 2721 4512 desuper
2753 4443 3045 4495 contexta
3077 4453 3200 4512 per
3229 4441 3458 4500 totum,

1965 4536 2028 4597 id
2059 4541 2155 4596 est
2181 4532 2527 4596 artificiose
2564 4533 2881 4596 elaborata
2919 4551 3034 4615 per
3062 4532 3320 4595 modum
3361 4549 3461 4592 re—

1964 4634 2044 4695 tis
2092 4640 2285 4714 atque
2337 4631 2553 4706 cilicii,
2606 4650 2731 4695 non
2779 4631 2980 4693 incisa
3021 4649 3035 4693 :
3077 4649 3272 4712 quam
3320 4629 3458 4692 Vir-

1960 4750 2040 4813 go
2075 4731 2410 4793 benedicta
2449 4730 2729 4793 creditur
2758 4748 2873 4793 suo
2907 4729 3138 4792 dilecto
3179 4728 3455 4812 propriis

1965 4830 2262 4892 manibus
2320 4837 2595 4911 operata.
2646 4831 2973 4891 Dioeerunt
3019 4848 3166 4906 erqo
3220 4827 3454 4890 milites

1963 4939 2238 5012 quatuor
2272 4932 2362 4990 ad
2404 4929 2684 4989 invicem
2712 4947 2735 4988 .·
2767 4929 2915 4991 Non
2954 4930 3329 4989 scindamus
3370 4928 3457 4987 il-

1968 5033 2124 5097 lam,
2158 5027 2498 5090 dividendo
2532 5045 2669 5088 eam
2714 5034 2783 5088 ut
2817 5025 2971 5088 alias
3012 5033 3218 5087 vestes
3252 5044 3266 5088 :
3301 5045 3459 5107 quo-

1966 5128 2136 5189 niam
2198 5134 2403 5208 partes
2462 5125 2636 5188 illius
2694 5123 2967 5187 fuissent
3025 5124 3333 5204 inutiles3
3395 5131 3460 5186 et

1965 5225 2127 5289 forte
2188 5231 2445 5307 propter
2490 5222 2701 5306 operis
2750 5222 3187 5298 subtilitatem,
3240 5222 3459 5285 rarita-

1966 5333 2095 5387 tem
2152 5341 2264 5385 seu
2321 5322 2798 5405 specialitatem,
2850 5321 3125 5402 quilibet
3180 5321 3457 5400 mili-tum

3150 5453 3213 5506 38

3588 1777 3659 1834 23

3588 4827 3662 4884 24
