4300 6259
833 459 956 524 584
1563 477 1916 524 umanum
1958 477 2020 522 m
2061 475 2199 522 cAr.
2246 477 2398 522 xvut
2436 475 2711 524 somnus.
2756 495 2838 508 —
2878 478 3021 525 aar.
3066 478 3208 524 mv

833 649 912 710 tit
951 649 1222 712 Joannes
1267 667 1413 730 quae
1449 648 1558 710 alii
1601 647 2018 728 Evangelistae
2061 647 2332 729 scripse-
2356 645 2407 708 A
2436 655 2499 708 et
2535 647 2692 710 tanti
2734 667 2978 723 summ,
3020 649 3193 730 quod
3232 649 3542 730 suspicari
3580 667 3708 712 non
3748 649 3939 712 decet

590 769 760 816 Masei
835 753 1005 822 runt,
1035 746 1332 809 videlicet
1360 747 1680 828 quomodo
1709 746 1976 828 caiphas
2008 745 2328 809 Christum
2436 746 2599 810 velle
2631 765 2745 811 nos
2786 747 3187 811 innocentem
3228 749 3415 812 morti
3446 766 3789 830 exponere.
3810 751 3937 810 Di-
4074 755 4138 814 31

535 835 800 946 Μαξεοῆθῆ
832 845 1132 908 discussit
1178 845 1646 928 blasphemum,
1691 853 2020 927 morteque
2063 845 2328 924 dignum
2432 847 2537 905 wit
2564 865 2711 922 erqo
2746 848 2836 906 eis
2864 849 3179 908 Pilatus:
3206 849 3497 924 Accipite
3528 867 3677 908 eum
3708 868 3842 919 vos,
3870 857 3937 908 et

535 961 604 1010 ⁶³.
624 961 694 1001 σε.
827 944 1158 1053 judicavit.
1214 949 1376 1006 Erat
1427 955 1643 1007 autem
1701 966 1908 1006 mane.
1959 943 2116 1006 Nam
2176 945 2329 1008 hora
2431 947 2787 1004 secuudum
2842 949 3038 1021 leyem
3087 955 3357 1005 vestram
3397 947 3704 1022 judicate
3756 966 3933 1016 eum,

831 1041 1041 1123 prima
1089 1043 1426 1106 Dominum
1481 1043 1693 1104 Jesum
1743 1042 2058 1105 ducebant
2104 1043 2183 1105 ad
2232 1043 2329 1104 Pi-
2437 1040 2793 1105 damnando
2836 1059 2983 1104 eum
3029 1043 3108 1105 ad
3152 1050 3443 1116 mortem,
3478 1043 3529 1104 si
3576 1045 3937 1105 secundum

831 1139 1050 1200 latum.
1095 1139 1184 1201 Ex
1225 1139 1525 1202 aviditate
1574 1140 1746 1201 enim
1793 1159 1923 1202 suae
1961 1139 2321 1214 occisionis,
2434 1140 2637 1220 legem
2676 1149 2949 1202 vestram
2991 1142 3054 1203 id
3094 1141 3346 1215 meruit,
3386 1141 3486 1204 vel
3527 1141 3935 1216 dimittend0,

829 1243 958 1297 tam
999 1254 1183 1298 mane
1213 1237 1582 1300 obtulerunt
1611 1255 1757 1298 eum
1788 1236 1982 1300 Pilato
2013 1237 2321 1311 vinctum,
2434 1257 2546 1300 seu
2598 1239 2829 1303 minori
2884 1259 3073 1326 poena
3132 1241 3504 1321 torquendo,
3556 1241 3611 1303 si
3659 1251 3938 1304 mortem

827 1335 1132 1416 quoniam
1177 1336 1568 1398 consuetudo
1611 1335 1702 1396 eis
1747 1333 1870 1396 suit
1915 1335 2058 1397 illos
2101 1335 2321 1399 offerri
2434 1356 2559 1399 non
2606 1338 2959 1419 promeruit
3000 1338 3181 1419 juxta
3224 1339 3449 1420 legem.
3484 1337 3671 1411 Quasi
3708 1339 3879 1402 dicat
3914 1358 3931 1402 :

829 1434 1086 1514 praesidi
1151 1434 1418 1508 vinctOS,
1479 1453 1640 1516 quos
1704 1434 2077 1515 judicabant
2133 1434 2321 1498 morti
2431 1433 2494 1496 Si
2539 1442 2726 1498 tantm
2772 1436 3162 1498 auctoritatis
3208 1443 3398 1517 atque
3438 1436 3703 1517 justitiae
3748 1438 3931 1511 estiS,

828 1531 1157 1595 obnoxioS.
1193 1535 1278 1593 Et
1309 1534 1438 1610 ipsi
1465 1552 1596 1592 non
1623 1533 2018 1594 introierunt
2049 1535 2120 1594 in
2158 1553 2324 1610 proe-
2434 1541 2503 1594 ut
2542 1533 2730 1595 nudis
2762 1533 2973 1596 verbis
3004 1535 3229 1596 vestris
3268 1535 3656 1598 credendum
3696 1535 3801 1609 sit,
3832 1555 3937 1597 er-

831 1633 1069 1691 torium
1103 1630 1411 1712 praesidiS,
1437 1640 1509 1690 ut
1539 1651 1667 1692 non
1697 1633 2323 1698 contaminarentur,
2427 1648 2508 1711 go
2557 1639 2620 1692 et
2672 1631 2841 1712 juste
2895 1631 3177 1712 judicate
3232 1650 3401 1706 eum,
3453 1643 3517 1696 et
3572 1634 3769 1696 nolite
3826 1653 3935 1696 me

553 1751 798 1804 Aet.x‚2s;
829 1728 1241 1808 ingrediendo
1299 1729 1559 1791 domum
1620 1729 1738 1792 viri
1796 1729 2052 1810 gentilis
2105 1737 2324 1791 contra
2432 1729 2497 1789 in
2542 1728 2649 1790 tali
2692 1730 2942 1810 negotio
2988 1748 3399 1810 praegravare.

535 1827 592 1865 ³¹¹·
613 1817 652 1859 ³·
829 1827 1053 1907 legem,
1105 1826 1466 1908 fierentque
1515 1827 1827 1889 immundi
1878 1828 1955 1889 ad
2004 1829 2319 1890 edendum
2356 1827 2404 1889 B
2510 1830 2839 1888 Dz’oeerunt
2893 1848 3042 1904 erqo
3088 1830 3152 1888 ei
3198 1831 3417 1890 Judoei
3469 1850 3493 1888 .·
3540 1830 3743 1892 Nobis
3798 1850 3933 1889 non

829 1925 1044 1987 cibum
1094 1926 1476 2008 paschalem,
1520 1926 1598 1987 de
1640 1945 1768 2007 quo
1810 1925 2173 2007 subjicitur,
2214 1931 2323 1988 sed
2433 1927 2577 1985 licet
2629 1929 2991 2002 interficere
3049 1947 3457 2006 quemquam.
3510 1926 3777 1999 Quidam
3836 1928 3935 1988 di-

824 2033 900 2084 ut
957 2027 1428 2085 manducarent
1479 2027 1743 2101 paseha,
1795 2024 1858 2087 id
1917 2033 2012 2086 est
2067 2044 2320 2107 azymos
2430 2031 2604 2096 cunt,
2650 2025 2824 2104 quod
2869 2024 3067 2086 Judaei
3120 2024 3239 2087 hoc
3286 2043 3435 2088 vere
3486 2025 3805 2100 dixerunt,
3852 2043 3933 2088 eo

532 2136 796 2190 mmmm
827 2141 1044 2204 panes,
1080 2141 1205 2185 non
1247 2141 1483 2202 agnum
1531 2123 1912 2204 paschalem,
1944 2124 2056 2205 qui
2105 2123 2170 2185 in
2217 2143 2323 2186 ve-
2428 2122 2601 2202 quod
2670 2121 2929 2185 Romani
2994 2123 3397 2184 abstulerunt
3458 2124 3551 2184 eis
3609 2123 3931 2204 judicium

533 2201 663 2320 ξ’ᾞ·
710 2215 794 2254 '‘V''
826 2238 1012 2302 spere
1064 2221 1475 2302 praecedentis
1524 2221 1650 2283 diei
1693 2219 1816 2283 suit
1860 2228 2197 2284 comestus.
2240 2258 2321 2267 —
2430 2219 2779 2300 sanguini8‚
2830 2220 3127 2301 quamvis
3184 2221 3429 2284 minora
3484 2221 3729 2302 judicia
3786 2221 3935 2283 reli-

823 2317 1020 2381 Graeci
1084 2337 1255 2394 vero,
1310 2326 1606 2401 putantes
1669 2320 1788 2383 hoc
1847 2320 1984 2383 loco
2043 2338 2159 2402 per
2216 2339 2321 2402 pa·
2429 2319 2687 2398 querint
2728 2318 2842 2380 eis.
2886 2318 3007 2381 Sed
3053 2318 3203 2380 huic
3245 2318 3413 2382 dicto
3456 2319 3715 2384 obviare
3758 2320 3931 2382 vide-

825 2417 977 2478 scha
1031 2417 1302 2498 intelligi
1361 2437 1596 2498 agnum
1659 2418 2041 2500 paschalem,
2097 2419 2321 2482 dicunt
2427 2422 2553 2488 tur,
2615 2417 2789 2497 quod
2844 2416 3039 2478 Judaei
3107 2416 3295 2499 paulo
3351 2425 3497 2479 ante
3556 2418 3933 2499 frequenter

822 2516 995 2597 quod
1057 2516 1236 2578 Jesus
1297 2536 1521 2599 passus
1585 2517 1668 2578 sit
1725 2516 1886 2578 feria
1943 2517 2190 2599 quinta,
2253 2517 2317 2579 in
2429 2520 2832 2576 tentaverunt
2870 2514 3159 2578 occidere
3202 2515 3543 2590 Christum,
3587 2515 3931 2597 lapidando
3956 2547 4119 2589 Jm
4132 2561 4195 2586 m,

822 2632 950 2695 qua
997 2629 1198 2694 agnus
1246 2614 1496 2696 typicus
1546 2613 1956 2688 offerebatur,
2001 2624 2071 2677 ut
2119 2616 2201 2677 sit
2244 2615 2319 2676 fi·
2428 2620 2537 2673 aut
2595 2612 3103 2694 praecipitand03
3165 2614 3388 2677 eodem
3442 2633 3703 2696 quoque
3758 2633 3929 2677 anno
3960 2613 4191 2716 {2⁶23
4102 2613 4203 2658 ¹²³¹

817 2721 1116 2793 guratum
1169 2731 1280 2774 seu
1328 2714 1558 2776 veritas
1607 2714 2107 2795 correspondens
2156 2713 2323 2794 figu-
2428 2710 2799 2772 occiderunt
2854 2710 3269 2793 Stephanum.
3322 2712 3629 2794 Denique,
3688 2719 3762 2774 ut
3818 2713 3929 2774 ha·
3958 2739 4029 2778 ,ιε
4030 2741 4097 2777 t
4102 2677 4205 2784 ..,5τ’

823 2829 908 2872 rae
964 2809 1155 2872 etiam
1211 2818 1522 2891 quantum
1571 2812 1648 2873 ad
1697 2818 1973 2893 tempus.
2027 2811 2146 2874 Sed
2203 2813 2321 2876 hoc
2428 2807 2616 2870 betur
2666 2810 2729 2870 in
2774 2809 3036 2872 Actibus
3084 2809 3551 2891 Apostolorum,
3598 2801 4011 2893 principes³'⁸

822 2915 918 2970 est
974 2908 1309 2970 manifeste
1371 2917 1589 2971 contra
1647 2909 1805 2971 alios
1867 2908 2315 2990 Evangelistas,
2428 2908 2827 2969 sacerdotum
2866 2908 3303 2988 cogitaverunt
3346 2908 3714 2971 interficere
3752 2910 3925 2991 ipsos
3956 2931 4203 2976 neam.

569 3029 616 3072 in
640 3027 792 3072 unuh.
822 3007 1361 3088 quemadmodum
1415 3025 1609 3088 super
1655 3006 2012 3069 Matthaeum
2065 3008 2318 3090 plenius
2354 3005 2399 3070 C
2428 3004 2782 3086 Apostolos,
2833 3007 3090 3087 quando
3147 3005 3447 3068 Gamaliel
3504 3025 3612 3070 eos
3669 3025 3927 3089 compe-
3980 3029 4203 3072 ned-am

529 3095 752 3198 '‘⁸3¹1“st
824 3105 1159 3168 declaravi.
1219 3142 1300 3151 —
1355 3105 1516 3168 Ecce
1573 3106 1917 3187 hypocritae
1975 3105 2076 3168 isti
2136 3125 2320 3171 exco-
2426 3103 2611 3164 scuit.
2646 3104 2778 3166 lmo
2812 3105 3009 3166 Judaei
3058 3104 3499 3186 lapidaverunt
3541 3104 3829 3179 Paulum,
3862 3103 4031 3166 ειη
3982 3155 4055 3196 n
4050 3153 4139 3196 A

527 3218 729 3268 tumu-
824 3204 1024 3266 lantes
1080 3205 1374 3278 culicem,
1427 3211 1488 3266 et
1540 3203 1855 3267 camelum
1915 3204 2259 3285 glutientes
2302 3227 2317 3288 3
2424 3206 2754 3264 traxerunt
2810 3220 2957 3264 eum
3008 3211 3183 3264 extra
3230 3203 3572 3278 civitatem,
3626 3211 3924 3284 putantes
3958 3220 4025 3259 ιε.

823 3302 1120 3366 timentes
1181 3321 1450 3385 parvum
1516 3312 1870 3385 peccatum,
1937 3323 2060 3366 non
2121 3305 2320 3374 maxi-
2423 3300 2596 3380 quod
2642 3309 2929 3364 mortuus
2974 3309 3161 3362 esset.
3206 3301 3597 3364 Probabilior
3637 3319 3788 3382 ergo
3834 3302 3927 3364 vi-

821 3421 1041 3482 mum3
1087 3401 1501 3465 formidantes
1550 3402 1853 3466 maculari
1901 3402 2316 3482 ingrediendo
2425 3397 2610 3460 detur
2657 3399 2921 3462 assertio
2970 3399 3341 3471 dicentium,
3387 3399 3704 3474 videlicet,
3752 3401 3925 3481 quod

821 3500 1083 3563 domum
1127 3499 1370 3582 pagani,
1411 3507 1474 3562 et
1521 3519 1647 3562 non
1693 3509 1982 3562 verentes
2027 3500 2317 3564 effunde-
2424 3515 2550 3559 non
2601 3496 2783 3558 licuit
2826 3497 3057 3559 Judaeis
3118 3495 3479 3560 interficere
3528 3515 3923 3579 quemquam

822 3617 890 3659 re
934 3599 1308 3678 sanguinem
1354 3597 1609 3662 Christi.
2423 3595 2488 3656 in
2535 3595 2877 3658 festivitate
2922 3595 3225 3677 paschali,
3270 3614 3350 3657 ne
3388 3596 3713 3676 sanguinis
3756 3595 3925 3658 effu-

615 3697 687 3752 29
901 3697 1136 3756 Eoeivit
1189 3693 1337 3773 eiyo
1384 3697 1647 3759 Pilatus
1703 3699 1792 3757 ad
1838 3716 1937 3756 eos
1991 3697 2197 3773 foras,
2248 3697 2313 3759 in
2424 3694 2601 3757 sione
2660 3701 2849 3756 tantae
2897 3693 3294 3757 solennitatis
3354 3694 3752 3756 sanctitatem
3805 3695 3924 3758 l'oe-

822 3794 939 3856 hoc
980 3795 1209 3856 cedens
1253 3794 1678 3857 observationi
1720 3813 1962 3869 eorum,
1995 3805 2056 3856 et
2082 3797 2259 3856 dissic
2292 3818 2314 3856 .·
2424 3794 2666 3854 darent.
2720 3793 2829 3853 Vel
2891 3792 3104 3874 potius
3164 3792 3558 3874 opinandum
3618 3801 3715 3854 est
3772 3813 3919 3856 cum

821 3895 1028 3961 Quam
1068 3894 1539 3953 accusationem
1579 3895 1826 3970 affertis
1863 3896 2169 3953 adversus
2207 3896 2315 3954 ko·
2421 3891 2797 3971 Augustino,
2824 3891 2994 3972 quod
3028 3890 3256 3953 callide
3287 3891 3405 3954 hoc
3436 3892 3748 3963 dixerunt,
3772 3911 3921 3974 qua-

818 3990 1059 4050 minem
1089 3993 1311 4053 hunc?
1337 3997 1640 4071 tanquam
1671 3991 1838 4052 dicat
1871 4009 1883 4053 :
1918 3990 2312 4054 Praesentatis
2419 3996 2604 4050 tenus
2646 3989 2893 4051 Christo
2931 4007 2969 4050 a
3005 3987 3221 4068 judice
3262 3989 3617 4071 reprobato,
3662 3989 3789 4071 ipsi
3830 3989 3923 4052 vi-

817 4086 974 4148 mihi
1019 4087 1210 4148 istum
1245 4087 1532 4149 vinctum
1561 4089 1746 4169 quasi
1787 4097 1989 4150 morte
2020 4089 2308 4169 dignum,
2422 4088 2723 4148 derentur
2771 4087 3110 4149 immunes.
3157 4091 3235 4150 Ut
3272 4108 3474 4148 sermo
3509 4091 3662 4150 Jesu
3702 4091 3921 4167 imple·
4046 4093 4115 4148 32

816 4185 976 4267 quid
1025 4204 1174 4267 ergo
1221 4186 1502 4266 objicitis
1553 4186 1656 4247 ei?
1707 4185 1939 4248 Pilatus
1987 4187 2233 4269 quippe
2277 4208 2313 4250 a
2342 4189 2391 4251 D
2419 4195 2621 4256 retur,
2669 4206 2859 4265 quem
2898 4187 3073 4246 dimit
3120 4187 3501 4262 significans
3544 4208 3673 4266 qua
3718 4197 3921 4248 morte

818 4301 965 4365 rege
1014 4284 1437 4347 Romanorum
1484 4283 1680 4365 judex
1729 4284 1958 4348 Judaeae
2005 4287 2313 4349 constitu-
2417 4294 2571 4344 esset
2610 4287 2967 4345 moriturus
2997 4301 3019 4343 .·
3052 4283 3117 4345 id
3162 4291 3278 4358 est,
3322 4283 3403 4347 ob
3445 4285 3563 4347 hoc
3606 4286 3923 4348 concomi-

817 4391 942 4457 tuS‚
1005 4383 1208 4446 voluit
1271 4383 1697 4446 Romanorum
1765 4384 1967 4464 legem
2033 4402 2306 4458 servare,
2421 4391 2623 4444 tanter
2678 4382 2871 4445 Judaei
2932 4391 3279 4444 renuerunt
3336 4383 3594 4465 propria
3649 4385 3923 4448 auctori-

564 4481 1054 4563 Aeae.1xv,quibus
1106 4482 1496 4544 consuetudo
1553 4500 1678 4544 non
1729 4491 1863 4544 erat
1916 4499 2310 4563 quemquam
2418 4488 2544 4542 tate
2594 4482 2883 4544 occidere
2942 4480 3285 4556 Christum,
3347 4489 3537 4564 atque
3596 4482 3915 4557 dixerunt,

523 4561 590 4602 ¹⁶·
818 4580 1138 4653 damnare,
1192 4579 1315 4640 nisi
1368 4586 1708 4660 praesentes
1751 4579 2016 4640 haberet
2055 4598 2311 4642 accusa·
2418 4578 2608 4642 Nobis
2651 4599 2775 4642 non
2809 4578 2955 4642 licet
2995 4579 3357 4641 interficere
3399 4598 3815 4662 quemquam,
3852 4589 3919 4644 ut

816 4683 1004 4752 torcS,
1051 4678 1391 4758 locumque
1441 4676 1820 4738 defendendi
1870 4677 2186 4759 acciperet
2232 4679 2310 4739 ad
2421 4678 2687 4740 verbum
2726 4677 2957 4742 Christi
2988 4696 3118 4759 quo
3159 4678 3453 4760 praedixit
3486 4679 3763 4760 qualiter
3790 4689 3853 4742 et
3880 4698 3917 4741 a

815 4774 1130 4838 abluenda
1179 4775 1469 4849 crimina,
1515 4783 1584 4836 ut
1629 4775 1898 4837 habetur
1939 4776 2003 4837 in
2045 4775 2308 4838 Actibus
2416 4776 2655 4858 quibus
2712 4777 3128 4851 occideretur,
3192 4776 3523 4839 sortiretur
3580 4776 3907 4840 effectum.

607 4873 679 4930 30
815 4874 1286 4957 Apostolorum.
1319 4877 1812 4951 Responderunt
1864 4876 1946 4952 [et
1990 4876 2309 4936 dixerunt
2391 4874 2583 4936 'Dixit
2642 4875 2813 4936 enim
2862 4874 3177 4956 Apostolis
3232 4895 3245 4937 :
3298 4874 3458 4937 Ecce
3508 4876 3908 4938 ascendimus
3948 4900 4171 4944 nassau.

809 4975 894 5052 ez]
938 4995 961 5034 :
999 4974 1080 5035 Si
1126 4991 1257 5033 non
1305 4982 1460 5033 esset
1507 4975 1614 5033 hic
1655 4973 2057 5049 malefactor,
2098 4972 2164 5034 id
2214 4981 2309 5034 est
2414 4972 2869 5047 Jerusalem,et
2898 4972 3094 5034 Filius
3126 4973 3402 5036 hominis
3434 4974 3717 5036 tradetur
3745 4974 3909 5056 prin·
3940 4966 4001 5008 ¹⁸·

811 5070 1089 5132 enormis
1131 5078 1553 5150 transgressor
1589 5070 1774 5133 morti
1804 5070 2140 5145 obnoxiuS‚
2174 5091 2307 5132 non
2416 5070 2669 5152 cipibus
2710 5070 3106 5133 sacerdotum
3144 5079 3207 5132 et
3244 5069 3525 5150 Scribis;
3568 5077 3632 5132 et
3664 5073 3909 5134 tradent

812 5170 934 5230 tibi
988 5169 1481 5230 tradidissemus
1536 5189 1684 5228 eum
1747 5167 1833 5230 ita
1899 5169 2164 5249 ligatum
2238 5177 2307 5232 ut
2414 5187 2561 5231 eum
2616 5168 2913 5250 gentibus
2961 5170 3039 5231 ad
3098 5168 3518 5243 illudendum,
3573 5177 3635 5230 et
3695 5169 3909 5251 flagel-

809 5266 997 5330 morti
1043 5266 1462 5347 adjudicetur.
1505 5264 1692 5338 Quasi
1737 5265 2020 5329 dicerent
2063 5285 2076 5329 :
2121 5265 2300 5330 Tales
2415 5268 2697 5342 landum,
2737 5275 2799 5328 et
2842 5265 3369 5347 crucifigendum.
3412 5265 3655 5341 Quibus
3700 5268 3907 5332 verbis
