4300 6259
78 2184 155 2228 Pa.
179 2197 253 2234 xe,
278 2185 349 2225 ¹5.

78 2481 245 2525 Μαίἰῆ.
259 2495 353 2533 xiv,

77 2547 127 2586 2⁶
144 2561 155 2594 ;
186 2545 350 2588 Marc.

1155 509 1507 558 nummulo
1550 511 1613 558 m
1655 511 1793 558 cAP.
1840 513 1902 560 v!
1942 512 2222 559 JOANNIS.
2268 533 2348 544 —-
2388 515 2530 560 Am.
2575 515 2702 560 xvu

378 679 716 744 laboranti.
759 681 1023 764 Propter
1069 683 1241 764 quod
1293 683 1447 746 dicit
1493 682 1829 764 Apostolus
1866 700 1879 744 :
1914 677 1965 740 A
1998 683 2294 761 clamavit

70 795 344 844 iconas.
378 777 613 841 Fidelis
652 779 837 856 DeuS,
871 781 985 862 qui
1026 799 1153 843 non
1195 780 1471 862 patietur
1512 800 1621 844 vos
1656 781 1883 844 tentari

380 877 547 940 ultra
605 878 671 940 id
730 880 902 960 quod
968 880 1252 961 potestis.
1314 879 1490 942 Unde
1546 889 1683 943 orat
1742 879 1886 942 Pro-

78 996 277 1046 P8.1,xx‚
301 999 347 1040 n.
380 975 572 1058 pheta
605 996 619 1040 :
656 976 863 1050 Quum
911 976 1170 1041 deficiet
1210 979 1413 1042 virtus
1459 996 1620 1052 mea,
1664 996 1743 1040 ne
1786 979 1885 1040 de-

382 1074 709 1156 relinquas
759 1093 883 1137 me.
926 1075 1509 1139 Inconcussibiliter
1548 1094 1696 1156 ergo
1744 1093 1885 1158 spe-

380 1191 597 1235 remus
648 1173 713 1236 in
765 1192 863 1248 eo,
917 1175 1199 1236 dicentes
1248 1193 1393 1237 cum
1444 1183 1659 1238 sancto
1707 1173 1821 1238 Job
1866 1191 1877 1236 :

88 1290 351 1340 laumas.
380 1271 645 1335 Etiamsi
674 1273 981 1336 occiderit
1011 1291 1135 1348 me,
1172 1274 1237 1336 in
1270 1273 1409 1355 ipso
1440 1275 1729 1356 sperabo.
1755 1274 1887 1336 lmo

381 1371 449 1434 in
477 1372 893 1436 tribulatione
922 1373 1087 1435 Deus
1120 1373 1437 1455 praecipue
1466 1373 1885 1455 adest,quam-

384 1470 479 1532 vis
520 1490 648 1534 non
690 1471 1020 1546 sentiatur,
1056 1472 1165 1533 sed
1195 1472 1380 1553 quasi
1418 1471 1762 1535 abscondat
1801 1490 1884 1546 se,

380 1569 743 1651 adspiciens
794 1577 1083 1632 nostrum
1132 1577 1474 1633 certamen.
1528 1571 1686 1633 Dum
1737 1589 1887 1651 ergo

376 1667 757 1748 affligimur,
812 1667 1287 1750 impugnamur,
1342 1676 1683 1745 tentamur,
1737 1688 1887 1752 pen-

376 1785 595 1829 semus
640 1767 838 1829 Deum
885 1775 1265 1849 praesentem
1302 1777 1365 1830 et
1406 1776 1695 1831 nostrum
1738 1787 1885 1831 con-

3351 477 3492 562 '391

2356 703 2369 747 :
2431 685 2714 760 Domine,
2777 687 2948 750 salva
3014 705 3138 750 me.
3198 687 3496 768 Dixitque

1994 783 2172 844 Jesus
2211 802 2224 846 :
2257 781 2510 852 Modicae
2557 784 2734 860 fidei,
2781 803 2979 866 quare
3026 785 3382 849 dubitasti?
3421 784 3496 848 Et

1996 882 2484 964 apprehendens
2523 902 2783 946 manum
2825 883 3013 958 Petri,
3053 884 3314 948 intravit
3347 903 3494 947 cum

1994 998 2071 1043 eo
2120 981 2502 1057 naviculam,
2557 989 2619 1044 et
2667 983 2958 1064 protinus
3005 992 3231 1046 ventus
3291 1001 3498 1045 cessa-

1999 1079 2109 1142 vit.
2155 1083 2240 1141 Ec
2284 1083 2501 1142 statim
2553 1083 2692 1161 fuit
2739 1083 2929 1142 navis
2976 1086 3064 1143 ad
3114 1091 3376 1154 terram,
3428 1081 3492 1146 id

1996 1185 2089 1239 est
2126 1177 2308 1258 juxta
2337 1178 2797 1261 capharnaum,
2831 1183 2920 1240 ad
2947 1201 3142 1260 quam
3175 1182 3359 1242 ibant
3389 1199 3496 1242 na-

1997 1277 2188 1358 vigio,
2227 1296 2353 1340 non
2395 1279 2738 1360 pedestres.
2783 1278 3029 1341 Christo
3064 1278 3236 1341 enim
3276 1279 3492 1341 navim
3609 1321 3616 1326 -

1994 1376 2303 1456 ingresso,
2339 1377 2518 1439 navis
2558 1377 2775 1440 divina
2806 1378 3062 1456 virtute,
3093 1378 3287 1439 ductu
3328 1376 3492 1441 forte

1993 1474 2300 1555 angelicO,
2337 1475 2402 1537 in
2443 1474 2825 1538 brevissimo
2861 1484 2924 1537 et
2960 1476 3143 1557 quasi
3185 1477 3495 1558 imperce-

1998 1573 2208 1657 ptibili
2240 1574 2544 1656 temporis
2581 1575 2805 1656 spatio,
2843 1574 3134 1657 pervenit
3169 1576 3250 1638 ad
3287 1574 3488 1637 littus.

2074 1671 2176 1736 Sic
2206 1673 2420 1755 itaque
2459 1672 2610 1736 fecit
2640 1672 2925 1737 Christus
2964 1683 3231 1755 quatuor
3267 1693 3497 1756 magna

1994 1772 2302 1834 miracula
2333 1791 2458 1835 uno
2490 1779 2774 1854 tempore
2810 1791 2823 1834 ε
2860 1773 3163 1855 primum,
3198 1775 3369 1854 quod
3400 1772 3497 1855 ip-

376 1864 635 1930 flictum
675 1865 1205 1940 considerantem,
1245 1866 1466 1948 sicque
1498 1867 1879 1944 animemur,
1918 1867 1965 1928 B
1993 1890 2061 1934 se
2096 1889 2292 1953 super
2333 1872 2534 1933 undas
2576 1871 2874 1952 incessit;
2917 1873 3290 1948 secundum,
3325 1873 3499 1954 quod

380 1965 655 2028 viriliter
697 1964 1043 2027 militantes
1074 1971 1137 2026 et
1172 1966 1249 2028 de
1287 1964 1573 2029 subsidio
1614 1965 1720 2028 Dei
1760 1985 1885 2029 cer-

378 2063 629 2126 tissime
676 2062 1097 2140 confidenteS,
1151 2064 1423 2127 scientes
1474 2082 1697 2126 verum
1746 2082 1884 2128 esse

379 2164 551 2244 quod
602 2163 693 2224 ait
726 2180 741 2224 :
776 2161 935 2225 Cum
975 2161 1117 2244 ipso
1156 2181 1299 2224 sum
1341 2162 1407 2224 in
1451 2161 1880 2239 tribulatione,

382 2261 657 2344 eripiam
701 2279 871 2335 eum,
921 2268 985 2323 et
1023 2259 1399 2340 glorificabo
1442 2278 1611 2322 eum.

462 2363 551 2422 Ec
580 2361 969 2431 timuerunt,
1004 2367 1265 2441 propter
1298 2359 1643 2422 novitatem
1676 2359 1789 2432 rei,
1824 2366 1887 2420 et

381 2460 535 2541 quia
576 2457 887 2540 putabant
922 2475 1063 2520 esse
1102 2457 1496 2539 phantasma,
1533 2458 1883 2520 secundum

379 2557 540 2620 alios
583 2555 1033 2636 Evangelistas.
1069 2554 1401 2618 Timebant
1440 2555 1611 2616 enim
1652 2573 1732 2618 ne
1760 2554 1887 2619 for-

383 2664 445 2718 te
483 2663 654 2718 esset
692 2655 956 2737 spiritus
995 2654 1313 2735 malignus
1353 2653 1420 2716 in
1461 2654 1676 2736 specie
1712 2653 1882 2716 Chri-

383 2755 488 2829 sti,
522 2763 586 2817 et
629 2771 711 2816 ne
754 2753 1137 2816 laederentur
1173 2759 1282 2815 a‘ut
1324 2760 1764 2833 mergerentur
1804 2752 1885 2815 ab

382 2869 479 2917 eo.
532 2853 713 2916 Unde
761 2861 825 2914 et
872 2870 1005 2934 prae
1060 2851 1287 2914 timore
1344 2851 1881 2927 exclamaverunt,

1994 1968 2133 2049 ejus
2193 1969 2432 2032 virtute
2488 1968 2707 2031 Petrus
2766 1969 3061 2032 similiter
3119 1968 3321 2049 fecit3
3374 1977 3501 2032 ter-

1994 2068 2177 2142 tium,
2212 2068 2383 2149 quod
2427 2075 2867 2150 tempestatem
2911 2076 3037 2131 tam
3087 2069 3302 2132 subito
3345 2067 3501 2130 fecit

1992 2167 2366 2248 quiescere;
2408 2173 2732 2248 quartum,
2767 2168 2938 2247 quod
2979 2167 3195 2230 navim
3234 2174 3364 2230 tam
3404 2186 3502 2230 re-

1994 2273 2186 2346 pente
2241 2263 2394 2327 fecit
2449 2264 2527 2326 ad
2586 2263 2764 2326 littus
2825 2265 3206 2346 pertingere.
3262 2301 3338 2312 —
3395 2265 3499 2329 Sic

1994 2363 2412 2445 spiritualiter
2442 2363 2547 2424 dat
2581 2361 2869 2424 Christus
2910 2362 3169 2425 famulis
3205 2363 3338 2426 suis
3373 2365 3500 2426 ele—

1996 2461 2113 2524 ctis
2173 2461 2473 2525 virtutem
2533 2461 2903 2523 ambulandi
2963 2469 3154 2544 atque
3211 2462 3495 2526 calcandi

1995 2577 2190 2641 super
2217 2578 2412 2640 aquas
2445 2558 2931 2622 tribulationum
2968 2559 3398 2641 praesentium,
3432 2567 3497 2622 et

1994 2657 2291 2720 vincendi
2327 2665 2555 2719 cuncta
2591 2658 2876 2731 adversa,
2912 2657 2999 2720 ita
3030 2665 3099 2719 ut
3127 2676 3316 2721 omne
3350 2676 3495 2739 gau·
3521 2675 3722 2727 Jacob...
3743 2677 3784 2718 2.

1994 2755 2172 2818 dium
2221 2755 2606 2829 existiment,
2659 2775 2862 2836 quum
2912 2756 2978 2818 in
3027 2756 3312 2818 diversas
3358 2764 3498 2819 ten-

1992 2853 2262 2916 tationes
2315 2852 2678 2915 inciderint.
2726 2852 2929 2926 Quum
2983 2871 3132 2916 vero
3179 2854 3358 2916 Jesus
3407 2854 3499 2917 in·

164 2942 239 2999 2⁰
386 2953 585 3014 Deum
646 2951 1021 3014 invocando.
1073 2953 1199 3012 Ille
1244 2959 1461 3010 autem
1518 2951 1682 3010 dicit
1730 2951 1884 3010 eis:
1991 2951 2281 3032 greditur
2337 2951 2574 3024 navim,
2631 2950 2752 3014 hoc
2805 2958 2902 3013 est
2957 2950 3328 3026 Ecclesiam,
3383 2969 3497 3014 seu

386 3055 521 3129 E'qo
567 3071 715 3112 sum
761 3049 875 3132 qui
925 3048 1143 3112 videor
1190 3067 1349 3123 esse,
1402 3048 1699 3112 videlicet
1758 3068 1887 3111 ma-
1922 3044 2184 3114 Ccorda
2222 3049 2539 3123 fidelium,
2584 3049 2796 3111 statim
2839 3069 2986 3112 cum
3030 3049 3352 3132 insperata
3399 3069 3500 3114 ce·—

377 3150 577 3230 gister
625 3166 821 3230 quem
870 3146 1177 3229 quaeritiS,
1229 3165 1425 3229 quem
1476 3147 1721 3221 amatis,
1773 3147 1881 3228 qui
1995 3149 2263 3222 leritate,
2326 3157 2422 3211 est
2479 3148 2658 3210 navis
2715 3148 2793 3210 ad
2853 3155 3086 3211 terram
3146 3155 3423 3231 optatam
3480 3167 3494 3212 :

382 3268 648 3332 possum
697 3265 1111 3327 succurrere3
1152 3249 1353 3308 nolite
1392 3247 1615 3308 timere
1653 3247 1891 3310 inordi-
1995 3247 2149 3328 quia
2192 3255 2345 3308 tunc
2395 3245 2606 3310 subito
2651 3246 3080 3322 consolantur,
3124 3254 3188 3308 et
3228 3247 3498 3329 patriam

382 3356 531 3411 nato
576 3346 825 3421 timore,
868 3345 1060 3408 nimis
1110 3345 1393 3408 timendo
1439 3345 1713 3427 propriae
1758 3346 1889 3428 pel-
1997 3345 2529 3428 contemplantur,
2582 3363 2852 3427 eamque
2909 3345 3225 3408 desiderio
3281 3353 3497 3408 sancto

383 3447 453 3523 li,
486 3454 551 3510 et
593 3449 673 3510 de
716 3446 1015 3509 illusione
1059 3445 1473 3528 phantastica.
1507 3444 1629 3508 Sed
1670 3452 1766 3507 est
1812 3447 1889 3507 ti-

386 3565 527 3610 mor
586 3545 845 3610 divinus
902 3563 977 3607 ac
1033 3544 1347 3618 salutariS,
1400 3563 1530 3626 quo
1588 3544 1887 3606 timemus

384 3647 645 3728 culpam
692 3643 997 3718 incidere,
1041 3643 1240 3705 Deum
1288 3641 1638 3716 offendere,
1688 3643 1891 3722 gloria

1998 3445 2343 3518 introeunt,
2368 3443 2672 3506 habentes
2704 3444 3249 3507 conversationem
3283 3443 3347 3504 in
3380 3461 3498 3506 coe-
3525 3467 3789 3522 Philippus,

1996 3541 2097 3615 lis,
2159 3541 2273 3622 qui
2326 3540 2514 3623 paulo
2561 3549 2705 3603 ante
2751 3540 3152 3604 fluctuabant
3199 3540 3264 3604 in
3322 3540 3492 3603 imis.
3523 3532 3593 3573 ²⁰·

1996 3638 2234 3720 Estque
2278 3639 2412 3702 haec
2455 3638 2721 3702 mutatio
2765 3640 3038 3702 dexterae
3079 3638 3348 3714 Excelsi,
3381 3638 3495 3721 qui
3539 3663 3774 3714 pamm,

84 3763 347 3815 Exitum.
383 3743 673 3827 spoliari.
716 3743 801 3804 De
848 3761 978 3823 quo
1026 3741 1114 3804 ait
1161 3740 1487 3823 Scriptura
1528 3760 1542 3802 :
1586 3741 1702 3814 Qui
1752 3742 1889 3804 sine
2001 3739 2292 3802 vulnerat
2329 3743 2391 3799 et
2430 3737 2740 3812 medetur,
2770 3744 2833 3799 et
2872 3744 3046 3812 tunc,
3079 3746 3148 3799 et
3177 3738 3496 3819 quomodo
3526 3730 3629 3834 ’.ζα-,ὸ
3647 3792 3769 3840 ΜΒ.

138 3864 273 3906 rm.
384 3843 615 3906 timore
644 3848 762 3915 est,
797 3860 924 3904 non
960 3846 1166 3922 potest
1199 3838 1540 3920 justificari
1569 3860 1585 3920 ;
1628 3847 1711 3916 et,
1744 3839 1891 3902 Bea-
2001 3837 2058 3898 ei
2105 3835 2436 3919 placuerit.

112 3929 320 4044 ¹2²¹?ss
380 3951 489 4004 tus
537 3940 727 4003 homo
775 3939 888 4021 qui
937 3957 1191 4020 semper
1232 3946 1329 4001 est
1380 3939 1668 4021 pavidus.
1702 3942 1889 4002 Volu-
2080 3939 2310 3996 Altera
2337 3935 2445 3994 die
2473 3940 2615 4016 post
2645 3933 3026 3995 miraculum
3067 3953 3328 4016 panum,
3364 3945 3500 3995 tur-
3657 3951 3729 4006 22

380 4049 579 4100 erunt
616 4058 764 4116 erqo
802 4058 949 4099 eum
991 4036 1293 4119 discipuli
1338 4039 1626 4117 accipere
1663 4040 1734 4099 in
1775 4060 1893 4098 na-
2002 4037 2078 4094 ba
2119 4055 2261 4114 quae
2296 4035 2502 4094 stabat
2543 4041 2722 4093 trans
2765 4053 2941 4092 mare
2972 4030 3344 4107 TiberiadiS‚
3381 4031 3500 4095 hoc

385 4140 547 4200 vim.
580 4137 774 4200 Amor
814 4143 911 4198 est
955 4135 1130 4198 enim
1174 4135 1377 4198 virtus
1424 4135 1669 4199 unitiva
1704 4155 1717 4199 :
1753 4137 1893 4200 ideo
2002 4141 2098 4194 est
2142 4150 2219 4194 ex
2264 4131 2556 4214 opposito
2599 4130 2777 4192 urbis
2829 4130 3291 4212 capharnaum,
3335 4130 3504 4192 circa

386 4236 693 4317 magistro
741 4253 857 4298 suo
906 4233 1237 4297 carissimo
1285 4233 1632 4316 cupiebant
1676 4252 1895 4316 corpo-
1924 4235 1974 4297 D
2003 4231 2216 4295 locum
2258 4249 2386 4312 quo
2420 4230 2523 4292 die
2565 4229 2942 4312 praecedenti
2973 4247 3011 4290 a
3041 4228 3288 4293 Christo
3330 4236 3507 4311 pasta

109 4948 359 5000 laninam,

100 5013 230 5054 2842.

386 4335 609 4398 raliter
650 4350 911 4415 quoque
952 4333 1196 4394 adesse.

468 4434 679 4507 Quum
707 4439 922 4494 autem
953 4431 1199 4493 dixerat
1227 4429 1535 4504 ChristuS,
1569 4429 1697 4510 Ego
1726 4449 1892 4505 sum,

384 4533 607 4598 statim
657 4537 800 4613 post
856 4530 999 4604 hoc,
1056 4548 1183 4592 non
1243 4535 1453 4590 tamen
1507 4527 1892 4603 immediate,

384 4633 583 4716 jussit
642 4635 1085 4711 tempestatem
1145 4643 1413 4690 cessare.
1475 4625 1719 4688 Omittit
1782 4626 1899 4690 hoc

389 4733 533 4796 loco
576 4729 847 4793 Joannes
897 4726 1068 4809 quod
1116 4724 1227 4786 alii
1288 4724 1703 4805 Evangelistae
1749 4725 1901 4788 scri-

390 4834 687 4914 pserunt,
742 4825 1061 4900 videlicet,
1114 4823 1288 4905 quod
1336 4842 1538 4904 quum
1584 4823 1761 4884 Jesus
1810 4822 1903 4884 di-

392 4929 616 5001 xisset,
652 4925 779 5006 Ego
821 4943 988 4997 sum,
1022 4922 1245 4985 Petrus
1288 4921 1449 4984 dixit
1481 4940 1493 4984 :
1530 4921 1813 4996 Domine,
1848 4922 1901 4984 si

394 5037 464 5090 tu
509 5045 600 5101 eS,
632 5024 789 5106 jube
828 5041 931 5085 me
970 5021 1191 5085 venire
1227 5021 1307 5084 ad
1344 5028 1407 5083 te
1444 5039 1639 5102 super
1678 5039 1897 5102 aquas.

396 5125 515 5190 Cui
576 5122 925 5205 respondit,
976 5120 1156 5183 Veni.
1217 5119 1421 5193 Quum
1480 5137 1630 5182 vero
1688 5118 1906 5180 Petrus

398 5225 694 5288 tenderet
732 5239 928 5304 super
967 5239 1186 5302 aquas,
1222 5218 1445 5282 videns
1488 5225 1749 5281 ventum
1805 5237 1909 5281 va-

402 5323 613 5385 lidum
664 5319 921 5400 timuit3
973 5325 1038 5380 et
1086 5336 1289 5399 quum
1337 5316 1538 5397 mergi
1586 5315 1903 5398 coepisset,

2003 4329 2127 4392 fuit
2164 4348 2177 4392 :
2213 4328 2401 4391 rediit
2431 4329 2603 4391 enim
2645 4329 2721 4390 ad
2752 4329 2936 4390 illum
2975 4328 3211 4403 locum,
3247 4334 3315 4388 ut
3344 4345 3509 4409 quae-

2006 4435 2173 4491 reret
2212 4436 2274 4490 et
2322 4445 2534 4507 regem
2584 4425 2820 4489 faceret
2859 4426 3106 4506 Jesum3
3141 4428 3312 4487 vidit
3349 4429 3508 4506 quia

2006 4525 2316 4585 navicula
2364 4525 2504 4584 alia
2553 4542 2682 4582 non
2729 4532 2870 4582 erat
2917 4523 3013 4582 ibi
3061 4524 3198 4582 nisi
3235 4543 3396 4590 una,
3444 4522 3506 4584 id

2007 4622 2270 4696 est„die
2318 4619 2700 4703 praecedenti
2745 4638 2869 4682 non
2911 4618 3035 4680 fuit
3079 4618 3168 4681 ibi
3218 4619 3512 4682 nisi·una

2009 4721 2211 4795 navis,
2255 4719 2320 4782 in
2368 4738 2496 4800 qua
2544 4717 3004 4798 navigaverunt
3053 4717 3396 4799 discipuli3
3451 4727 3510 4778 et

2009 4823 2169 4900 quia
2217 4839 2346 4880 non
2405 4819 2733 4878 introisset
2779 4837 2924 4878 cum
2981 4817 3326 4894 discipulis
3373 4816 3511 4876 suis

2010 4923 2191 4980 Jesus
2239 4920 2306 4978 in
2359 4918 2584 4978 navim
2634 4916 2982 4998 praefatam,
3035 4933 3180 4997 quae
3227 4915 3359 4978 sola
3407 4933 3515 4976 ex-

2012 5017 2173 5080 stitit
2218 5015 2330 5090 ibi,
2370 5019 2480 5076 sed
2516 5017 2640 5076 soli
2675 5015 2992 5092 discipu-li
3028 5015 3170 5092 ejus
3209 5015 3514 5076 abiissent

2015 5117 2081 5179 in
2122 5115 2232 5178 illa
2269 5114 2438 5178 navi.
2473 5117 2644 5176 Aliae
2673 5133 2818 5174 vero
2847 5121 3357 5190 supervenerunt
3397 5133 3516 5174 na-

2019 5237 2119 5276 ves
2158 5237 2199 5276 a
2243 5216 2575 5275 Tiberiade
2618 5211 2776 5274 urbe
2826 5211 3145 5294 praedicta,
3177 5213 3386 5290 y‘uaeta
3427 5215 3515 5272 lo-

2016 5335 2189 5384 cum,
2227 5313 2290 5376 id
2327 5320 2422 5375 est
2460 5329 2662 5394 usque
2701 5311 2780 5373 ad
2820 5311 3053 5387 locum,
3087 5312 3202 5372 ubi
3241 5313 3518 5373 mandu-

3645 5125 3716 5181 23
