4300 6259
606 2374 772 2419 Mami.

554 2452 697 2489 xxviii,
736 2440 786 2480 to
807 2453 817 2487 ;

552 2502 693 2607 gabr.
706 2504 771 2553 ιι,1
784 2505 820 2542 1-

554 2626 587 2731 ¹1
597 2627 761 2671 Joann.
772 2640 817 2679 ιι,

556 4445 770 4551 ⁷Philipp.
782 4460 819 4495 n,

578 4541 658 4615 ῥα.
675 4586 744 4624 xx,
756 4574 796 4615 ⁴.

846 498 968 563 286

1686 515 2038 563 mantnano
2080 515 2144 561 m
2187 514 2325 561 cAP.
2372 514 2392 559 1
2435 514 2712 561 JoANms.
2757 534 2838 545 —-
2879 517 3021 563 ΛΒΤ.
3068 516 3107 560 V

846 694 1137 749 naturam
1194 686 1317 749 sibi
1379 686 1931 749 immediatissime
1990 685 2336 769 copulavit,
2369 686 2419 746 A
2451 685 2673 749 lestem
2711 693 2772 748 et
2815 686 3354 769 supercoelestem,
3389 694 3668 749 nostram
3711 684 3950 747 exalta-

846 786 1142 848 videlicet
1172 787 1406 849 unione
1437 786 1848 868 hypostatica,
1874 804 2144 867 eamque
2175 786 2241 847 in
2273 803 2339 845 se

843 886 1312 966 quodammodo
1370 884 1845 947 transformavit
1891 894 2081 965 atque
2139 892 2342 945 trans-

845 984 1079 1064 posuit,
1126 990 1189 1045 et
1238 983 1359 1045 sibi
1409 982 1943 1046 indissolubiliter
1989 982 2275 1045 counivit
2320 1000 2334 1043 :

844 1100 992 1143 nam
1022 1090 1085 1143 et
1115 1082 1179 1143 in
1210 1082 1419 1145 triduo
1450 1081 1672 1145 mortis
1709 1087 2079 1143 manserunt
2106 1099 2338 1162 corpus

843 1186 907 1239 et
946 1179 1159 1241 anima
1194 1178 1401 1242 Verbo
1446 1179 1642 1241 unita.

922 1276 991 1337 In
1026 1276 1271 1339 Christo
1300 1294 1447 1358 ergo
1480 1284 1630 1338 sunt
1658 1278 1798 1338 duae
1828 1283 2088 1348 naturae,
2120 1282 2184 1336 et
2213 1293 2340 1336 una

844 1375 1199 1457 hypostasis
1250 1393 1360 1437 seu
1414 1393 1713 1457 persona3
1758 1381 1909 1437 sunt
1964 1390 2222 1455 quoque
2271 1373 2336 1434 in

844 1490 918 1535 eo
967 1473 1106 1535 duae
1149 1474 1609 1555 generationeS,
1654 1480 1715 1535 et
1764 1490 1891 1533 una
1933 1471 2182 1546 filiatio,
2231 1489 2339 1552 pu-

844 1579 906 1634 ta
952 1572 1185 1634 divina.
1228 1572 1559 1635 Generatio
1608 1589 1885 1653 namque
1935 1570 2210 1652 pertinet
2259 1570 2338 1632 ad

844 1679 1155 1745 naturam,
1196 1671 1425 1735 filiatio
1472 1672 1549 1733 ad
1600 1689 1959 1753 personam.
2014 1669 2126 1731 Per
2176 1669 2338 1731 hanc

839 1768 1027 1831 Verbi
1060 1770 1580 1844 incarnationem,
1606 1767 2339 1851 incomprehensibiliter

842 1886 1229 1950 prorsusque
1269 1868 1779 1930 inenarrabiliter
1818 1866 2236 1930 honorificata
2264 1884 2338 1927 ac
2376 1872 2421 1934 B
2447 1870 2806 1951 gratissimo
2853 1872 3087 1944 animo,
3135 1870 3246 1952 qui
3302 1871 3472 1952 prior
3518 1876 3780 1932 eatenus
3828 1870 3948 1932 ho-
3975 1892 4212 1935 1102„AE

3977 1960 4048 1998 10.

842 1966 1181 2029 sublimata
1218 1975 1329 2043 est,
1368 1986 1493 2029 non
1526 1966 1732 2029 solum
1774 1966 2133 2028 humanitas
2170 1964 2339 2028 Chri-

843 2066 946 2139 sti,
990 2066 1099 2127 sed
1148 2072 1351 2129 totum
1404 2065 1668 2148 insuper
1714 2083 1916 2146 genus
1957 2064 2333 2126 humanum.

843 2162 1006 2235 Quid
1052 2163 1225 2225 enim
1274 2171 1400 2227 tam
1450 2163 1799 2245 gloriosum
1856 2170 2048 2244 atque
2098 2162 2342 2242 magni-

845 2261 1045 2323 ficu'm
1085 2280 1223 2325 esse
1255 2270 1463 2344 potest
1492 2261 1881 2336 hominibuS,
1916 2270 1986 2323 ut
2016 2261 2137 2324 hoc
2168 2261 2340 2342 quod

846 2359 1009 2422 Deus
1052 2369 1263 2424 noster
1291 2360 1495 2423 factus
1536 2368 1631 2423 est
1666 2360 1860 2423 frater
1900 2368 2131 2433 noster,
2167 2360 2340 2440 quod

848 2459 1099 2523 Creator
1142 2467 1354 2523 noster
1398 2460 1601 2521 factus
1639 2466 1735 2521 est
1775 2466 1989 2521 noster
2031 2457 2335 2532 Salvator,

846 2560 1015 2639 quod
1064 2558 1259 2638 judex
1318 2565 1531 2621 noster
1574 2556 1779 2619 factus
1836 2565 1933 2618 est
1979 2564 2194 2619 noster
2239 2556 2342 2617 ad-

847 2660 1147 2719 vocatus?
1175 2657 1393 2721 Nonne
1433 2656 1739 2739 perfectio
1772 2662 2075 2719 creaturae
2112 2662 2209 2717 est
2245 2674 2342 2717 as-

847 2755 1112 2818 similari
1172 2775 1286 2819 suo
1344 2755 1673 2819 Creatori?
1726 2754 1837 2815 Per
1884 2753 2072 2815 Verbi
2124 2762 2339 2816 autem

845 2855 1367 2929 incarnationem,
1436 2854 1767 2916 assimilati
1834 2872 2055 2914 sumus
2124 2860 2338 2916 nostro

845 2954 1118 3017 Creatori
1180 2953 1596 3016 similitudine
1656 2952 1892 3034 speciei
1950 2951 2335 3033 specialissi-

2450 785 2542 845 vit
2585 794 2872 847 naturam
2905 788 2930 846 2

2535 882 2770 965 Magna,
2826 884 2888 945 ni
2949 884 3154 958 fallor,
3208 891 3270 945 et
3328 883 3792 945 inaestimabilis
3847 890 3950 943 est

2449 981 2651 1043 virtus
2714 983 2943 1045 horum
3003 982 3344 1045 verborum
3394 1002 3408 1045 ε
3463 980 3740 1043 Verbum
3797 999 3948 1043 caro

2446 1079 2684 1143 factum
2725 1088 2842 1143 est.
2873 1079 3020 1152 Quae
3059 1082 3238 1143 decet
3277 1098 3390 1143 nos
3421 1099 3566 1143 cum
3607 1080 3782 1142 omni
3823 1079 3947 1140 hu·-

2449 1179 2716 1242 militate
2749 1180 3030 1243 interiori
3064 1188 3126 1241 et
3158 1180 3479 1255 exteriori,
3511 1198 3624 1241 seu
3656 1178 3945 1261 corporis

2451 1279 2889 1359 prostratione,
2942 1279 3353 1341 inclinatione
3403 1278 3502 1341 vel
3549 1278 3948 1359 genuflexio-

2450 1395 2528 1437 ne
2580 1376 2884 1458 proferre,
2939 1386 3010 1439 ut
3055 1378 3467 1440 humiliemus
3520 1396 3633 1440 nos
3684 1377 3777 1438 illi
3825 1376 3944 1458 qui

2449 1484 2708 1557 propter
2759 1495 2870 1539 nos
2925 1476 3287 1539 humiliavit
3334 1493 3401 1537 se
3447 1476 3684 1557 ipsum,
3738 1494 3944 1557 quum

2449 1582 2613 1636 esset
2650 1575 3046 1656 Altissimus3
3080 1594 3226 1637 cum
3267 1594 3516 1637 summa
3551 1592 3811 1656 quoque
3843 1594 3948 1635 re-

2449 1674 2732 1735 verentia
2771 1682 2831 1735 et
2867 1674 3257 1755 gratitudine
3297 1674 3554 1737 cordiali
3595 1693 3668 1736 ac
3709 1675 3946 1737 mentis

2447 1771 2715 1847 fervore,
2759 1780 2830 1834 ut
2871 1772 3255 1835 honoremus
3295 1791 3370 1834 ac
3412 1772 3748 1853 diligamus
3793 1790 3944 1834 eum

2450 1968 2810 2033 norificavit
2850 1978 3041 2051 atque
3083 1969 3305 2031 dilexit
3347 1988 3482 2032 noS.

2525 2066 2858 2141 Quaeritur,
2893 2087 3008 2130 cur
3047 2067 3256 2150 potius
3287 2066 3563 2129 Verbum
3602 2086 3796 2148 quam
3834 2067 3949 2129 Pa·-

2449 2174 2544 2227 ter
2593 2166 2691 2228 vel
2739 2165 3012 2249 Spiritus
3060 2166 3325 2229 Sanctus
3375 2166 3774 2229 incarnatum
3822 2174 3943 2228 est.

2447 2264 2524 2325 Et
2573 2266 3109 2347 respondendum,
3151 2265 3321 2346 quod
3363 2272 3620 2346 propter
3659 2264 3948 2325 diversas

2449 2382 2690 2425 causas.
2733 2363 2989 2425 Primo:
3031 2382 3174 2424 nam
3223 2360 3430 2425 Verbo
3477 2380 3587 2424 seu
3629 2361 3790 2424 Filio
3833 2381 3950 2444 ap-

2451 2462 2814 2544 propriatur
2868 2461 3220 2524 similitudo
3277 2460 3473 2523 Patris
3529 2480 3678 2523 cum
3735 2460 3943 2523 Patre.

2448 2560 2646 2623 Homo
2689 2568 2900 2622 autem
2946 2560 3252 2642 peccavit,
3297 2559 3404 2621 Dei
3453 2558 3944 2622 similitudinem
3979 2582 4224 2625 amnas.

2448 2660 2805 2721 inordinate
2835 2660 3191 2742 appetendo
3221 2678 3234 2721 :
3271 2659 3440 2719 unde
3471 2665 3802 2740 peccatum
3833 2659 3946 2721 ho-

2447 2758 2642 2820 minis
2699 2758 2824 2820 fuit
2869 2757 3334 2839 quodammodo
3382 2756 3742 2837 specialiter
3795 2776 3950 2821 con-

2448 2864 2542 2918 tra
2579 2856 2834 2918 Filium.
2866 2856 3124 2938 Propter
3165 2856 3336 2937 quod
3370 2854 3545 2917 Pater
3584 2854 3794 2917 zelans
3826 2875 3948 2938 pro

2446 2955 2625 3030 Filio,
2669 2955 2992 3018 hominem
3043 2954 3506 3017 condemnavit.
3549 2952 3748 3015 Filius
3791 2974 3948 3018 vero

845 3073 985 3115 mae.
1018 3054 1171 3127 Imo,
1219 3053 1271 3115 si
1320 3051 1436 3113 rite
1480 3052 1786 3132 intelligo,
1836 3068 1949 3132 per
1998 3050 2338 3113 incarnati·
2375 3057 2418 3120 C
2450 3056 2670 3119 videns
2708 3054 2956 3116 Patrem
3000 3072 3114 3135 pro
3155 3070 3224 3115 se
3272 3054 3563 3127 zelatum,
3605 3060 3800 3133 atque
3839 3056 3944 3116 sui

844 3170 1030 3215 onem
1082 3152 1244 3213 hanc
1291 3150 1711 3225 benedictam,
1761 3148 1911 3211 facti
1962 3168 2184 3211 sumus
2230 3168 2337 3211 na-

844 3251 1077 3313 turales
1125 3249 1351 3313 fratres
1400 3250 1703 3311 naturalis
1754 3249 1896 3310 Filii
1942 3249 2073 3323 Dei,
2116 3256 2335 3330 utpote

842 3348 1128 3430 ejusdem
1177 3357 1417 3411 naturae
1458 3368 1603 3411 cum
1646 3348 1806 3411 Filio
1848 3347 2044 3409 Patris
2087 3348 2330 3410 aeterni.

841 3447 976 3511 Non
1035 3455 1243 3510 tamen
1302 3466 1523 3509 sumus
1581 3447 1896 3510 naturales
1955 3445 2079 3508 filii
2136 3446 2334 3507 Patris

843 3546 1055 3621 Verbi,
1099 3545 1249 3628 quia
1296 3564 1421 3609 non
1472 3566 1692 3609 sumus
1742 3545 2059 3608 naturales
2107 3543 2334 3607 fratres

842 3644 1031 3707 Verbi
1076 3646 1427 3707 secundum
1474 3654 1763 3707 naturam
1808 3644 1982 3706 illam
2026 3663 2156 3726 qua
2193 3663 2336 3707 con-

843 3744 1017 3807 venit
1065 3744 1120 3805 ei
1173 3762 1311 3806 esse
1358 3744 1709 3807 naturalem
1762 3743 1989 3805 Filium
2038 3742 2170 3817 Dei,
2225 3744 2334 3805 sed

841 3841 1082 3906 ratione
1121 3850 1361 3905 naturae
1395 3850 1757 3925 assumptae.
1796 3878 1869 3888 —
1902 3842 2193 3924 Amplius
2232 3862 2337 3903 au-

838 3948 967 4002 tem
1026 3940 1375 4003 incarnatio
1434 3941 1551 4003 ista
1606 3940 2002 4003 sanctissima
2061 3940 2337 4001 maxime

840 4048 1029 4121 auget
1090 4058 1269 4121 spem
1330 4047 1632 4114 nostram,
1694 4039 2017 4102 caritatem
2078 4058 2336 4120 quoque

844 4156 1092 4200 summe
1146 4136 1521 4199 inflammat.
1572 4135 1895 4208 Quomodo
1944 4137 2115 4198 enim
2165 4136 2339 4198 diffi-

2445 3153 2774 3217 occasione
2823 3152 3061 3215 honore
3111 3150 3232 3213 sibi
3272 3149 3353 3212 ab
3401 3150 3772 3213 hominibus
3821 3152 3948 3213 im-

2449 3253 2781 3333 pendendo
2822 3250 3164 3333 privatum,
3200 3266 3314 3331 pro
3344 3248 3521 3310 Patre
3549 3268 3810 3330 quoque
3842 3268 3950 3311 ze-

2444 3350 2608 3411 latus
2659 3357 2775 3411 est.
2829 3348 3002 3411 Unde
3048 3348 3126 3410 ad
3181 3348 3685 3428 recuperandum
3743 3346 3946 3410 Patris

2447 3449 2750 3512 honorem
2793 3447 3254 3527 hominumque
3283 3444 3572 3522 salutem,
3609 3444 3813 3508 voluit
3849 3447 3948 3508 in-

2445 3546 2712 3609 carnari.
2771 3545 3081 3618 Secundo,
3139 3544 3439 3625 quoniam
3500 3543 3691 3607 homo
3749 3544 3946 3607 habet

2445 3646 2784 3728 specialem
2815 3644 3334 3706 assimilationem
3366 3661 3511 3704 cum
3541 3641 3759 3705 Verbo
3785 3642 3942 3705 Nam

2445 3745 2650 3808 Verbo
2687 3744 3182 3827 appropriantur
3210 3760 3283 3804 ea
3317 3760 3460 3823 quae
3503 3742 3824 3823 pertinent
3861 3744 3945 3805 ad

2447 3844 2890 3923 intellectum3
2953 3843 3141 3905 homo
3199 3859 3456 3923 quoque
3513 3840 3744 3923 recipit
3799 3860 3948 3924 spe-

2446 3944 2608 4006 ciem
2669 3962 2705 4004 a
2762 3940 3150 4024 perfectione
3211 3939 3648 4013 intellectuali,
3712 3940 3946 4003 videli-

2445 4050 2544 4104 cet
2581 4041 2661 4103 ab
2701 4058 2838 4103 esse
2879 4039 3190 4102 rationali.
3231 4037 3461 4111 Tertio,
3496 4038 3803 4119 quoniam
3845 4040 3948 4101 in-

2446 4140 2724 4202 carnatio
2753 4138 3077 4202 ordinatur
3106 4138 3183 4198 ad
3213 4134 3573 4198 beatificam
3605 4136 3942 4217 visionem3

847 4237 995 4299 dere
1046 4254 1381 4317 possumus
1433 4237 1509 4297 de
1559 4235 1991 4297 misericordia
2037 4242 2100 4296 et
2146 4235 2338 4297 bene-
2369 4242 2418 4304 D
2449 4238 2609 4301 visio
2667 4245 2876 4300 autem
2937 4236 3069 4297 haec
3129 4233 3392 4316 respicit
3453 4233 3852 4297 intellectum
3905 4254 3946 4297 a

849 4334 1127 4398 volentia
1168 4334 1309 4415 ejus
1350 4334 1461 4415 qui
1513 4342 1773 4416 propter
1815 4353 1929 4396 nos
1974 4334 2038 4395 in
2091 4342 2334 4396 tantum

848 4432 1197 4495 exinanivit
1235 4451 1302 4495 se
1341 4433 1574 4515 ipsum,
1617 4432 1730 4514 qui
1773 4440 1941 4494 tanta
1980 4432 2337 4494 dilectionis

850 4532 1025 4614 signa
1062 4531 1243 4595 nobis
1284 4531 1577 4605 ostendit,
1612 4530 1723 4613 qui
1758 4530 1842 4591 ita
1879 4531 2186 4613 praevenit
2225 4550 2338 4594 nos

850 4632 915 4693 in
965 4629 1516 4693 benedictionibus
1568 4648 1697 4692 suae
1744 4629 2137 4692 dulcedinis?
2179 4628 2338 4701 Quid

847 4733 1033 4793 etiam
1082 4731 1169 4792 ita
1207 4730 1531 4792 caritatem
1570 4730 1913 4791 accendere
1960 4736 2186 4811 potest,
2221 4730 2340 4791 sic-

849 4838 918 4892 ut
979 4836 1295 4893 tantorum
1361 4827 1670 4891 exhibitio
1729 4827 2215 4901 beneficiorum,
2277 4835 2340 4889 et

847 4929 1017 5010 quod
1058 4935 1302 4991 tantum
1333 4926 1545 4988 dilecti
1576 4946 1649 4988 ac
1678 4935 1822 4988 ante
1862 4926 2073 4989 dilecti
2116 4945 2338 4989 sumus

845 5045 881 5088 a
922 5026 1047 5089 Deo
1088 5033 1323 5105 nostro,
1356 5026 1527 5106 quod
1572 5032 1697 5085 tam
1738 5024 2097 5106 propinque
2137 5042 2210 5087 ac
2251 5024 2342 5087 in-

848 5125 999 5187 time
1048 5143 1115 5186 se
1174 5123 1356 5187 nobis
1408 5122 1615 5185 univit
1662 5124 1832 5205 quod
1889 5142 2013 5185 una
2070 5141 2342 5206 persona

848 5242 993 5285 cum
1046 5230 1269 5285 natura
1317 5230 1528 5284 nostra
1566 5219 1833 5284 effectus
1874 5230 1990 5296 est,
2032 5224 2207 5304 quod
2253 5224 2343 5285 ul-

852 5330 945 5384 tra
990 5337 1245 5385 omnem
1294 5328 1645 5382 creaturam
1698 5321 2167 5397 subcoelestem,
2220 5340 2344 5385 coe-

2445 4354 2573 4416 quo
2606 4334 2890 4417 profluit,
2926 4341 2987 4395 et
3015 4331 3281 4395 verbum
3320 4332 3399 4393 ab
3431 4331 3758 4395 intellectu
3801 4352 3948 4415 pro-

2447 4435 2614 4497 cedit
2649 4452 2661 4496 :
2697 4434 2916 4514 sicque
2958 4438 3216 4513 propter
3255 4430 3764 4493 convenientiam
3795 4432 3947 4493 Ver-

2445 4534 2512 4595 bi
2573 4551 2720 4595 cum
2769 4531 3012 4595 visione
3070 4529 3384 4603 beatifica,
3438 4531 3825 4610 congruebat
3881 4531 3942 4593 ei

2447 4630 2794 4695 incarnatio
2837 4630 2956 4691 ista
2998 4628 3304 4691 salvifica.
3346 4627 3594 4702 Quarto,
3636 4631 3942 4710 quoniam

2445 4730 2719 4793 Verbum
2769 4736 2864 4791 est
2908 4728 3117 4790 media
3156 4727 3220 4788 in
3262 4726 3563 4788 Trinitate
3605 4726 3874 4790 Persona
3923 4747 3938 4790 :

2448 4830 2683 4893 idcirco
2726 4827 3142 4892 conveniebat
3182 4828 3240 4889 ei
3285 4826 3635 4889 incarnatio
3675 4835 3740 4889 et
3783 4828 3944 4891 ratio

2449 4928 2832 5003 mediatoriS,
2884 4936 2950 4989 ut
2992 4934 3158 4988 esset
3201 4926 3361 4987 Deus
3403 4935 3467 4988 et
3507 4926 3718 4990 homo.

2531 5028 2868 5101 Postremo,
2905 5032 3289 5108 protestante
3331 5023 3622 5087 Simeone
3657 5025 3830 5105 justo
3867 5044 3942 5088 ac
3971 5050 4076 5093 Lae.
4101 5052 4222 5099 ms.

2451 5126 2762 5199 timorato,
2815 5124 2934 5187 hoc
2980 5123 3260 5186 Verbum
3320 5123 3712 5185 incarnatum
3773 5124 3946 5205 posi·
3999 5148 4198 5191 maa

2451 5232 2585 5285 tum
2617 5231 2711 5285 est
2745 5224 2810 5285 in
2853 5224 3103 5303 signum
3135 5222 3238 5284 cui
3279 5221 3764 5284 contradicetur.
3798 5221 3948 5285 Pro-

2453 5329 2668 5405 pterea
2703 5321 2918 5385 omnia
2955 5321 3091 5383 loca
3133 5339 3327 5384 sacrae
3369 5318 3712 5403 Scripturae
3753 5320 3945 5403 plena
