4300 6259
830 481 908 545 14
1645 498 1996 546 manuario
2037 498 2102 545 m
2143 499 2283 545 car.
2330 500 2369 544 x
2412 498 2601 545 tucn.
2646 519 2727 528 —
2764 500 2909 546 Anr.
2954 499 3126 547 nvn

827 678 923 730 est
971 669 1168 730 Deum
1219 687 1368 731 vere
1415 687 1794 751 cognoscere
1841 677 1906 732 et
1952 670 2185 743 videre,
2226 671 2409 731 su-A
2438 668 2557 732 ori.
2590 670 2871 732 Primum
2922 670 3049 732 dici
3091 690 3217 733 non
3259 678 3487 752 potest,
3528 670 3681 751 quia
3730 669 3941 732 taliter

829 767 1424 849 per-substantialem
1475 767 2173 849 supersubstantialiter
2216 785 2331 849 per

823 866 1112 927 omnium
1151 866 1398 927 entium
1435 865 1820 928 ablationem
1861 866 2139 927 laudare.
2170 865 2329 927 Hine

821 963 910 1024 ait
937 964 1420 1045 chrysostomus
1451 983 1466 1025 :
1501 963 1866 1045 Philosophi
1901 966 1978 1025 de
2007 964 2132 1026 Deo
2161 984 2329 1045 quae-

823 1080 960 1123 rere
1009 1063 1487 1133 contendentes,
1537 1062 1624 1124 nil
1669 1063 1841 1124 aliud
1893 1081 1962 1124 se
2003 1063 2329 1124 invenisse

819 1160 1094 1221 confessi
1128 1168 1297 1230 sunt,
1322 1162 1446 1222 nisi
1479 1162 1653 1241 quod
1684 1160 2201 1242 incognoscibilis
2232 1167 2329 1221 est

821 1258 1005 1319 Deus,
1041 1258 1218 1320 Sicut
1257 1259 1430 1320 enim
1475 1260 1588 1339 qui
1631 1258 2128 1339 innavigabilem
2178 1257 2329 1320 Oce-

817 1375 1012 1418 anum
1043 1365 1312 1437 usurpat
1339 1357 1658 1437 navigare,
1694 1374 1954 1419 necesse
1983 1364 2081 1418 est
2112 1364 2183 1417 ut
2214 1374 2329 1437 per

817 1455 1108 1515 eamdem
1149 1455 1314 1515 viam
1359 1462 1732 1527 revertatur,
1767 1454 1858 1517 sic
1899 1454 1990 1516 illi
2035 1454 2115 1517 ab
2156 1454 2329 1534 igno-

819 1553 1022 1613 rantia
1068 1560 1423 1634 coeperunt,
1466 1558 1530 1614 et
1575 1554 1654 1614 ad
1705 1554 2124 1633 ignorantiam
2180 1552 2329 1614 fini-

821 1659 1030 1711 erunt.

615 1760 688 1815 23
919 1752 1006 1810 Ec
1055 1768 1394 1809 conversus
1445 1752 1536 1809 ad
1578 1750 1934 1827 discipulos
1979 1770 2154 1819 suos,
2204 1750 2325 1811 hoc

2440 767 2693 849 reprobi
2730 768 2927 830 Judaei
2970 788 3044 831 ac
3084 769 3369 850 proditor
3406 768 3725 831 Christum
3768 770 3941 829 vide-

2440 873 2589 927 runt
2624 885 2699 928 ac
2736 867 3099 939 audierunt,
3140 865 3379 947 quibus
3428 868 3681 928 tandem
3726 868 3939 945 gravis
3984 884 4217 939 sap....=s.

2438 962 2559 1024 ruit
2596 965 2675 1025 ad
2718 965 3087 1026 videndum.
3128 964 3257 1026 Nec
3296 966 3647 1026 secundum
3692 966 3942 1026 videtur

2441 1080 2624 1143 posse
2664 1062 2813 1135 diei,
2856 1062 3164 1143 quoniam
3202 1080 3277 1123 ea
3313 1081 3459 1143 quae
3498 1062 3796 1143 discipuli
3836 1063 3939 1125 isti

2440 1160 2737 1221 viderunt
2772 1179 2847 1222 ac
2882 1161 3244 1233 audierunt,
3279 1160 3465 1221 multi
3506 1158 3833 1241 Prophetae
3868 1180 3941 1223 ac

2438 1275 2615 1339 reges
2646 1258 3065 1340 spiritualiter
3094 1266 3549 1338 cognoverunt,
3584 1266 3647 1319 et
3678 1258 3801 1320 Deo
3831 1259 3942 1321 do-

2436 1366 2640 1429 cente,
2677 1374 2791 1417 seu
2827 1356 3053 1437 angelo
3093 1357 3265 1418 intus
3312 1356 3637 1437 loquente,
3678 1356 3939 1438 spiritu-

2434 1454 2621 1516 aliter
2648 1454 3009 1528 audierunt,
3041 1454 3225 1534 juxta
3254 1454 3415 1516 illud
3444 1453 3673 1515 Psalmi
3710 1472 3725 1515 :
3760 1453 3939 1517 Tunc
3962 1477 4221 1529 1³2.me

2438 1553 2687 1615 locutus
2728 1572 2797 1615 es
2846 1553 2912 1615 in
2953 1553 3201 1616 visione
3246 1552 3493 1614 Sanctis
3538 1552 3708 1627 tuis;
3761 1554 3939 1615 item·
3964 1542 4033 1583 ²⁰·

2436 1670 2579 1733 que,
2594 1652 2863 1713 Audiam
2893 1652 3051 1733 quid
3082 1651 3381 1732 loquatur
3404 1651 3467 1712 in
3500 1669 3604 1712 me
3633 1651 3937 1715 Dominus
3978 1674 4221 1723 mmm.

2437 1750 2651 1830 Deus;
2702 1758 2767 1812 et
2822 1750 3158 1825 Zacharias,
3218 1749 3499 1829 Angelus
3558 1750 3939 1830 loquebatur
3962 1738 4221 1849 ²2„th

819 1854 935 1919 est,
968 1846 1221 1908 vultum
1267 1866 1458 1907 suum
1496 1846 1776 1927 dirigens
1815 1848 1894 1908 ad
1945 1865 2074 1919 eos,
2121 1854 2192 1907 ut
2236 1846 2325 1907 l'a-
2362 1848 2408 1909 B
2436 1848 2501 1910 in
2552 1867 2677 1911 me.
2730 1848 3037 1930 Denique,
3089 1866 3237 1930 quae
3285 1847 3573 1910 Christus
3634 1848 3698 1910 in
3748 1866 3936 1911 carne
3966 1864 4140 1911 ηοω.

815 1953 986 2005 ceret
1013 1962 1122 2006 eos
1159 1952 1453 2017 attent05‚
1487 1953 1550 2005 et
1581 1944 1988 2008 dilectionem
2029 1964 2211 2007 suam
2244 1945 2323 2007 ad

814 2060 922 2105 eos
959 2043 1338 2115 ostenderet,
1377 2060 1614 2125 eosque
1654 2043 1798 2105 aliis
1842 2044 1908 2105 in
1955 2044 2323 2126 exemplum

813 2140 1186 2203 imitationis
1237 2149 1642 2221 proponeret,
1685 2143 1864 2201 dixit
1895 2162 1918 2201 :
1949 2144 2141 2203 Beati
2180 2160 2325 2201 ocu-

814 2240 868 2299 li
895 2242 1014 2319 qui
1044 2242 1266 2300 vident
1297 2260 1440 2317 quoe
1473 2260 1580 2299 vos
1611 2242 1864 2301 videtis,
1901 2240 2030 2303 Hoc
2067 2242 2157 2302 ait
2200 2239 2325 2301 Sal·

815 2346 1012 2411 vator,
1062 2338 1216 2418 quia
1259 2336 1390 2417 jam
1453 2338 1642 2419 paulo
1697 2345 1846 2399 ante
1901 2339 2135 2418 gratias
2194 2340 2323 2419 egit

816 2435 1001 2509 Patri,
1033 2436 1206 2516 quod
1237 2436 1602 2499 divinorum
1634 2437 2082 2519 mysteriorum
2115 2438 2325 2499 notiti-

815 2553 918 2595 am
957 2534 1355 2615 sapientibus
1396 2541 1588 2616 atque
1637 2535 2058 2617 prudentibus
2105 2536 2322 2599 saeculi

816 2631 1012 2713 hujus
1053 2632 1310 2714 propria
1348 2632 1649 2715 superbia
1691 2635 2018 2697 excaecatis
2057 2634 2324 2697 abscon-

815 2731 930 2805 dit,
972 2738 1034 2791 et
1083 2730 1438 2792 humilibus
1487 2732 1621 2793 suis
1661 2750 1736 2793 ea
1781 2733 2086 2795 revelavit
2134 2734 2325 2795 disei-

815 2829 1024 2910 pulis:
1052 2829 1290 2891 idcireo
1319 2828 1534 2891 beatos
1564 2830 1792 2891 asserit
1820 2849 2043 2893 eorum
2073 2832 2317 2905 oculOS,

815 2928 1168 3009 praesertim
1221 2928 1574 3001 interioreS,
1617 2927 2010 2991 beatitudine
2061 2932 2199 3012 spei
2248 2950 2321 2993 ac

2434 1947 2749 2021 exhibuit,
2781 1947 2933 2009 feeit
2962 1956 3025 2008 et
3053 1946 3290 2019 docuit,
3328 1946 3755 2027 praedixerunt
3790 1946 3938 2009 Pro—

2437 2046 2664 2127 phetae.
2710 2046 2883 2107 Unde
2924 2045 2991 2106 in
3030 2045 3220 2107 Amos
3258 2044 3491 2125 legitur
3525 2063 3540 2106 :
3571 2044 3707 2107 Non
3746 2043 3937 2106 faciet
3962 2068 4210 2117 nmmum.

2434 2143 2739 2207 Dominus
2788 2142 3078 2217 verbum,
3131 2142 3255 2203 nisi
3312 2142 3687 2205 revelaverit
3734 2161 3939 2206 secre-

2436 2250 2571 2302 tum
2620 2260 2809 2304 suum
2858 2242 2935 2303 ad
2986 2258 3203 2303 servos
3252 2259 3399 2303 suos
3448 2240 3811 2323 Prophetas·
3860 2240 3936 2302 Et

2433 2340 2773 2421 Apostolus
2836 2358 2851 2403 z
2912 2338 3251 2401 Multil'arie
3318 2339 3668 2420 multisque
3728 2340 3935 2401 modis
3976 2368 4161 2412 Heba„
4186 2372 4217 2409 ς,

2434 2437 2599 2499 Deus
2636 2438 2792 2501 olim
2834 2438 3103 2519 loquens
3143 2437 3431 2519 patribus
3468 2437 3536 2498 in
3578 2436 3930 2519 Prophetis.

2435 2535 2594 2598 Hinc
2622 2537 2701 2597 de
2730 2536 2888 2597 lsaia
2926 2536 3015 2597 ait
3043 2534 3486 2617 HieronymuS,
3520 2536 3692 2615 quod
3722 2535 3940 2597 omnia

2434 2634 2665 2697 Christi
2708 2633 3007 2718 mysteria
3049 2634 3133 2696 ita
3162 2634 3240 2695 ad
3282 2633 3599 2714 liquidum
3640 2650 3941 2715 prosecu-

2434 2740 2535 2794 tus
2584 2740 2701 2807 est,
2746 2740 2815 2794 ut
2860 2732 3249 2812 evangelista
3290 2731 3501 2813 potius
3549 2749 3745 2812 quam
3794 2750 3941 2813 pro-

2434 2832 2625 2914 pheta
2670 2832 2977 2894 dicendus
3027 2831 3130 2892 sit.
3172 2830 3293 2892 Sed
3340 2838 3403 2891 et
3448 2830 3588 2911 ipse
3636 2830 3937 2911 spiritua-

2432 2932 2578 2993 liter
2623 2930 2902 2993 mirabili
2954 2930 3237 2992 claritate
3285 2929 3447 2991 vidit
3493 2928 3813 2991 Christum
3866 2928 3932 2990 in

813 3026 1208 3101 meritorum,
1251 3028 1329 3088 ad
1375 3026 1630 3108 plenam
1673 3026 2134 3090 beatitudinem
2182 3046 2323 3111 per-
2359 3028 2403 3091 C
2434 3046 2645 3103 carne,
2680 3048 2881 3110 quum
2922 3028 3081 3090 dixit
3116 3046 3130 3089 ε
3164 3026 3325 3088 Puer
3364 3034 3549 3088 natus
3586 3034 3683 3087 est
3722 3026 3928 3088 nobis.
4006 3054 4193 3103 1„.‚‚c‚,

817 3125 1214 3188 ducentium.

895 3223 1132 3305 Itaque,
1187 3226 1376 3285 Beati
1421 3228 1595 3285 oculi
1654 3226 1868 3297 vestri,
1922 3244 1960 3288 o
2018 3226 2319 3307 discipuli

818 3322 966 3395 mei,
1000 3325 1120 3400 qm·
1157 3324 1407 3393 vident,
1449 3323 1570 3385 hoc
1613 3331 1708 3385 est
1752 3323 2138 3404 intelligunt,
2183 3346 2323 3406 quoe

614 3430 686 3485 24
819 3441 927 3480 vos
964 3422 1220 3480 videtis,
1254 3422 1416 3481 Dico
1453 3423 1630 3481 enim
1673 3423 1865 3493 vobi-3,
1907 3426 2078 3502 quod
2125 3426 2324 3484 multi

817 3522 1157 3595 Prophetae
1193 3528 1253 3578 et
1300 3538 1476 3595 reyes
1517 3523 1865 3580 voluerunt
1913 3523 2132 3581 videre
2179 3544 2324 3601 quae

821 3637 924 3677 vos
947 3618 1196 3685 videtis,
1223 3617 1517 3679 videlicet
1546 3616 1952 3698 Unigenitum
1985 3618 2092 3680 Dei
2127 3620 2325 3681 incar-

819 3724 1038 3777 natum
1089 3715 1254 3776 inter
1296 3714 1588 3778 homines
1633 3724 2137 3791 conversantem,
2182 3719 2323 3799 ejus

729 3820 740 3829 “
819 3830 1078 3894 quoque
1121 3813 1448 3887 miracula,
1492 3822 1555 3875 et
1594 3815 2138 3877 conversationem
2184 3836 2327 3878 san-

820 3912 1184 3974 ctissimam.
1197 3911 1548 3975 Voluerunt
1577 3914 1768 3974 etiam
1801 3913 2157 3993 intelligere
2179 3934 2325 3996 quae

821 4008 1274 4072 intellexerunt
1320 4010 1620 4091 discipuli
1661 4010 1913 4086 Christi,
1948 4012 2187 4093 quibus
2231 4013 2327 4094 ip-

526 4127 792 4175 Lam-...m
823 4126 891 4169 se
949 4108 1198 4171 locutus
1255 4115 1350 4169 est
1403 4127 1416 4171 :
1468 4108 1660 4171 Vobis
1718 4110 1935 4171 datum
1993 4118 2089 4173 est
2137 4130 2325 4173 nosse

2432 3128 2586 3208 Ejus
2615 3144 2875 3209 quoque
2908 3127 3068 3189 vidit
3094 3126 3405 3187 miracula
3433 3126 3689 3207 quando
3720 3125 3881 3187 dixit
3913 3144 3928 3189 ε

2435 3226 2593 3289 Ecce
2632 3226 2795 3287 Deus
2836 3234 3043 3289 vester
3086 3224 3299 3286 veniet
3346 3231 3407 3285 et
3456 3222 3723 3285 salvabit
3766 3242 3877 3286 vos
3912 3242 3927 3287 ε
3976 3249 4217 3297 mame,

2431 3333 2588 3386 tunc
2634 3325 3003 3406 aperientur
3040 3323 3209 3385 oculi
3260 3340 3593 3395 caecorum,
3637 3331 3701 3383 et
3746 3340 3931 3384 aures
3962 3314 4047 3354 ιθ·

2434 3424 2774 3486 surdorum
2816 3422 3161 3504 patebunt3
3203 3428 3355 3482 tunc
3386 3420 3568 3481 saliet
3596 3419 3761 3481 sicut
3800 3438 3937 3481 cer-

2436 3541 2553 3585 vus
2596 3522 2884 3597 clauduS‚
2928 3529 2992 3582 et
3032 3527 3248 3601 aperta
3296 3518 3418 3580 erit
3465 3518 3681 3598 lingua
3730 3526 3938 3581 muto—

2435 3639 2599 3681 rum.
2639 3618 2946 3681 Similiter
2984 3618 3345 3700 passionem
3386 3616 3617 3679 Christi
3663 3616 3936 3678 clarissi-

2435 3737 2538 3781 me
2570 3719 2727 3781 vidit
2756 3718 2822 3780 in
2854 3717 3104 3799 spiritu,
3125 3717 3276 3778 dum
3308 3715 3932 3797 loquitur-:Vidimus
4002 3732 4124 3776 tosa.
4144 3747 4219 3783 uu.

2434 3836 2605 3893 eum,
2640 3825 2702 3879 et
2741 3836 2865 3879 non
2908 3824 3043 3878 erat
3078 3818 3445 3897 adspectus3
3484 3831 3629 3877 vere
3676 3814 3935 3895 languo-
3962 3798 4065 3845 ³’⁴‘

2436 3936 2535 3978 res
2580 3924 2827 3979 nostros
2866 3916 3006 3997 ipse
3047 3914 3215 3989 tulit,
3248 3922 3368 3975 etc.
3402 3913 3571 3975 Idem
3618 3914 3697 3973 de
3740 3912 3934 3977 David

2436 4033 2603 4096 rege,
2637 4024 2701 4076 et
2729 4013 3005 4087 Daniele,
3031 4013 3389 4093 ceterisque
3416 4010 3768 4093 Prophetis,
3794 4030 3937 4093 pos-

2436 4121 2531 4174 set
2587 4112 2861 4175 ostendi.
2912 4110 3040 4174 Nec
3097 4110 3365 4172 dubium
3422 4109 3581 4191 quin
3640 4108 3933 4173 Salomon

822 4206 1195 4289 mysterium
1227 4207 1402 4287 regni
1435 4206 1560 4268 Dei.
1580 4210 1664 4268 Ει
1693 4227 1822 4269 non
1852 4210 2161 4269 viderunt
2191 4210 2325 4272 haec
2356 4219 2405 4280 Ι)
2436 4220 2720 4293 tempore
2763 4228 2894 4273 suae
2938 4210 3379 4272 illustrationis
3424 4208 3832 4289 prophetieae,
3876 4215 3939 4269 et

821 4305 1007 4367 oculo
1055 4304 1389 4387 corporali,
1425 4323 1540 4366 nec
1581 4305 2034 4368 intellexerunt
2075 4307 2195 4369 ista
2233 4308 2327 4370 di-

821 4403 1070 4465 stinete.
1103 4403 1453 4466 Voluerunt
1481 4421 1740 4485 quoque
1773 4422 1882 4465 seu
1915 4413 2319 4486 optaverunt,

821 4502 874 4565 si
917 4502 1142 4563 fuisset
1181 4500 1510 4583 possibile,
1543 4512 1603 4562 ec
1637 4504 1874 4562 audire
1914 4520 1992 4565 ex
2032 4522 2140 4565 ore
2183 4523 2324 4569 meo

820 4600 1334 4683 praedicationem
1377 4599 1758 4680 evangelicae
1803 4600 1982 4681 legiS,
2026 4624 2170 4681 quae
2208 4624 2326 4665 au-

816 4701 1003 4769 ditis,
1043 4698 1156 4779 qui
1205 4716 1308 4760 me
1358 4700 1712 4761 secundum
1751 4700 1923 4780 quod
1973 4700 2181 4782 placet
2230 4702 2325 4763 in-

819 4798 1170 4879 terrogatis,
1230 4804 1293 4858 et
1349 4795 1865 4860 informationem
1923 4818 1959 4859 a
2017 4818 2118 4861 me
2185 4800 2325 4882 ipso

819 4896 1152 4977 accipitis3
1185 4905 1246 4955 et
1285 4914 1416 4956 non
1453 4898 1810 4956 audierunt
1851 4914 1926 4960 eo
1965 4898 2155 4961 modo
2194 4918 2324 4979 quo

821 5013 956 5067 νος,
992 5001 1210 5076 utpote
1253 5012 1330 5055 ex
1369 5011 1477 5055 ore
1523 5012 1687 5057 meo.

902 5091 1078 5155 Circa
1111 5092 1246 5154 haee
1274 5092 1604 5174 quaeritur,
1639 5112 1718 5154 an
1755 5093 2167 5173 intelligenda
2197 5096 2325 5157 sint

825 5190 946 5253 ista
982 5191 1060 5252 de
1098 5190 1242 5253 visu
1288 5190 1641 5271 audituque
1685 5192 2023 5273 corporali,
2069 5193 2173 5255 vel
2212 5212 2327 5275 po-

825 5289 954 5351 tius
994 5289 1072 5352 de
1111 5288 1252 5352 visu
1291 5296 1357 5351 et
1390 5288 1610 5351 auditu
1649 5290 1912 5352 mentali
1953 5309 2064 5352 seu
2105 5291 2325 5354 interi—

2434 4310 2543 4372 alii
2612 4328 2789 4390 reges
2856 4309 3010 4389 justi
3078 4308 3310 4372 veteris
3374 4306 3755 4368 Testamenti
3822 4306 3935 4387 qui

2435 4409 2667 4472 Christi
2717 4407 3009 4470 futurum
3059 4414 3377 4471 noverunt
3420 4406 3789 4479 adventum,
3842 4404 3941 4486 ip-

2436 4526 2578 4569 sum
2612 4507 2827 4568 videre
2864 4514 3055 4586 atque
3094 4505 3315 4567 audire
3352 4502 3731 4584 optaverint,
3766 4501 3937 4564 scili-

2434 4614 2534 4667 eet
2581 4604 2723 4679 Asa,
2768 4603 3085 4684 Josaphat,
3134 4603 3419 4675 Joathan,
3470 4600 3790 4674 EzechiaS,
3839 4600 3935 4664 Jo-

2434 4704 2581 4765 sias.
2633 4702 2719 4764 De
2767 4701 3079 4763 Abraham
3137 4718 3397 4784 quoque
3442 4700 3531 4761 ait
3578 4699 3861 4762 Salvator
3911 4717 3927 4762 ε

2433 4801 2785 4865 Exsultavit
2827 4808 2895 4863 ut
2935 4801 3177 4863 videret
3221 4801 3388 4862 diem
3434 4816 3692 4878 meum3
3744 4798 3924 4872 vidit,
3955 4815 4217 4865 :mm-m.

2433 4909 2496 4962 et
2535 4901 2791 4981 gavisus
2835 4906 2952 4962 est.
3956 4880 4026 4921 ³⁶·

2510 4998 2603 5059 Ad
2634 4998 2769 5060 haec
2799 4997 3259 5061 rationabiliter
3289 4996 3723 5078 respondetur,
3756 4997 3931 5075 quod

2434 5096 2734 5178 praedicta
2776 5096 3186 5177 intelligenda
3234 5095 3382 5169 sint,
3424 5095 3501 5156 de
3542 5094 3681 5157 visu
3718 5100 3782 5154 et
3822 5111 3935 5154 au-

2433 5196 2568 5257 ditu
2614 5194 2897 5257 interiori
2938 5194 3281 5274 conjuncto
3320 5192 3485 5255 visui
3526 5200 3717 5273 atque
3753 5191 3933 5252 audi-

2432 5293 2527 5355 tui
2580 5292 2900 5357 exteriori.
2949 5292 3117 5355 Talis
3173 5291 3409 5355 etenim
3466 5290 3643 5355 visus
3700 5298 3765 5351 et
3818 5308 3935 5351 au-
