4300 6259
79 1277 124 1319 av
119 1290 308 1329 ΒΒΒΒΒΒΒ

67 1342 126 1381 2³.

68 1478 156 1518 Act.
171 1490 224 1525 ιιι,
242 1476 306 1518 24.

71 1770 204 1811 Μαίη
207 1784 312 1820 ιιιιιι

73 1835 130 1875 17.

111 1967 280 2011 miden.

91 3749 171 3792 m.
193 3764 248 3799 m.
271 3753 329 3792 ¹³.

141 5118 334 5172 mmm
375 5126 513 5168 mus
535 5109 560 5131 *
595 5124 611 5168 ε
647 5103 844 5164 Erant
885 5102 1150 5183 quidam
1189 5104 1442 5166 verbosi
1479 5104 1880 5166 circumeun-

1181 509 1529 556 ENARRAwo
1575 508 1636 553 m
1679 507 1816 554 CAP.
1865 508 1904 553 X
1949 507 2136 554 LUCAE.
2182 528 2263 537 —
2304 510 2446 555 ΛΒΤ.
2494 510 2663 555 xxvn

3396 476 3473 553 15

340 678 524 739 ditus
579 679 953 743 hominibus
1007 680 1478 743 connaturalior
1529 687 1625 741 est
1674 686 1866 759 atque
1895 677 1944 737 A
1975 678 2230 740 inutilia
2277 680 2536 750 diceret,
2588 686 2650 740 et
2700 696 2861 741 nova
2909 678 3238 739 induceret
3284 676 3474 739 docu-

335 776 721 857 jucundior,
774 786 837 839 et
894 778 1573 841 desiderabilissimum
1632 776 1865 857 jucun-

339 875 828 958 dissimumque
867 876 990 939 fuit
1037 878 1249 938 taliter
1289 878 1504 940 videre
1543 884 1604 936 et
1642 875 1864 935 audire

337 973 768 1055 Unigenitum
827 976 932 1038 Dei
993 976 1320 1037 hominem
1383 972 1643 1035 factum.
1707 973 1866 1035 Hinc

341 1071 422 1133 in
459 1071 760 1134 Numeris
799 1072 1045 1134 Balaam
1089 1073 1358 1153 loquens
1397 1071 1748 1133 clarissime
1788 1071 1866 1131 de

340 1178 645 1253 tempore
704 1170 934 1235 Christi
991 1178 1054 1232 et
1110 1170 1247 1251 ejus
1308 1170 1648 1252 mysteriiS‚
1700 1170 1866 1230 inter

343 1277 564 1331 cetera
592 1270 684 1332 ait
717 1289 730 1331 :
765 1270 922 1337 Heu.
956 1270 1102 1351 quis
1143 1270 1428 1332 victurus
1459 1276 1574 1343 est,
1610 1270 1865 1350 quando

344 1368 475 1428 ista
513 1366 706 1431 faciet
745 1368 1095 1431 Dominus?
1129 1368 1204 1429 Et
1240 1368 1307 1429 in
1343 1367 1606 1429 Actibus
1643 1367 1864 1429 Petrus

341 1466 680 1548 apostolus
717 1485 731 1529 :
765 1465 995 1529 Omnes
1023 1466 1296 1549 (inquit)
1318 1466 1646 1549 Prophetae
1683 1486 1719 1527 a
1757 1465 1864 1528 Sa-

343 1565 530 1627 muel
564 1572 629 1627 et
669 1566 994 1647 deincepS,
1027 1566 1572 1628 annuntiaverunt
1609 1565 1742 1627 dies
1782 1563 1866 1626 is-

343 1670 472 1725 toS.
508 1663 680 1725 Alias
721 1664 980 1727 demum
1012 1664 1168 1725 duas
1201 1664 1383 1745 posui
1419 1664 1863 1745 responsiones

343 1762 432 1823 ad
477 1761 750 1823 dubium
795 1761 966 1823 istud
1011 1778 1207 1843 super
1246 1760 1632 1824 Matthaeum.

1973 784 2205 839 menta.
2252 778 2480 841 Volens
2529 796 2677 857 ergo
2726 776 3131 857 legisperitus
3172 776 3474 836 seducere

1973 876 2316 949 Christum,
2351 878 2527 937 adest
2568 884 2814 937 tentans
2854 893 3002 935 eum
3034 882 3096 935 et
3134 892 3466 955 quaerens:

1973 976 2329 1049 Mayz'ster:
2362 974 2735 1054 magistrum
2778 980 2977 1047 vocat,
3013 973 3196 1051 cujus
3238 972 3474 1033 instru-

1975 1072 2168 1133 ctioni
2219 1072 2449 1153 subjici
2500 1072 2916 1153 dedignatur3
2968 1073 3130 1151 quid
3172 1072 3471 1150 faciendo

1975 1172 2179 1230 vitam
2226 1180 2538 1231 «eternam
2578 1172 2961 1249 possidebo?
3002 1169 3123 1231 hoc
3172 1176 3287 1241 est,
3330 1168 3474 1249 qui-

1973 1267 2094 1329 bus
2141 1268 2444 1349 operibus
2503 1270 2849 1350 promereri
2911 1275 3129 1350 potero
3182 1273 3246 1328 et
3293 1265 3473 1328 sorti-

1975 1366 2027 1427 ri
2071 1364 2529 1429 beatitudinem
2570 1370 2914 1429 aeternam?
2951 1365 3199 1428 Sciebat
3234 1365 3468 1446 itaque,

1974 1466 2142 1545 quod
2197 1484 2322 1528 non
2373 1466 2693 1548 loquendo
2742 1467 3087 1539 dumtaxat,
3130 1465 3238 1526 sed
3278 1464 3469 1525 etiam

1972 1562 2276 1644 operibus
2336 1564 2633 1627 virtuosis
2691 1564 3061 1636 insistendO,
3114 1561 3475 1625 obtineatur

1971 1660 2679 1725 felicitasOccasionem
2712 1661 3077 1742 hujusmodi
3110 1660 3473 1723 tentationis

1975 1769 2038 1822 et
2087 1760 2545 1841 inquisitionis,
2600 1760 2951 1822 secundum
2998 1758 3248 1834 Bedam,
3300 1778 3473 1821 sum-

435 1860 782 1934 Postremo,
816 1879 933 1942 pro
963 1878 1037 1923 eo
1066 1860 1239 1941 quod
1275 1860 1380 1921 hic
1411 1860 1665 1935 dicitur,
1688 1860 1864 1923 Multi
1903 1860 1948 1921 B
1979 1860 2105 1941 psit
2147 1878 2224 1921 ex
2266 1877 2341 1923 eo
2382 1860 2553 1941 quod
2595 1859 2844 1921 audivit
2882 1878 2919 1921 a
2963 1859 3208 1923 Christo
3252 1876 3266 1921 :
3310 1857 3472 1920 Gau-
3532 1882 3583 1910 ve
3666 1868 3690 1895 ⁹

347 1958 687 2040 Prophetae
725 1968 788 2020 et
837 1976 1036 2038 reges,
1081 1965 1228 2030 eto„
1275 1958 1340 2018 in
1389 1956 1673 2021 Matthaeo
1716 1958 1869 2039 legi-

348 2063 482 2129 tur,
524 2055 699 2118 Multi
751 2056 1080 2138 Prophetae
1128 2063 1192 2117 et
1229 2054 1411 2135 justi.
1454 2056 1615 2118 Justi
1665 2056 1862 2132 enim,

346 2156 710 2217 secundum
751 2153 1002 2227 Bedam,
1038 2162 1188 2215 sunt
1227 2170 1406 2234 reges
1446 2155 1680 2235 magni,
1716 2155 1867 2236 quia

344 2254 780 2315 tentationum
819 2271 1080 2315 suarum
1121 2251 1401 2314 motibus
1434 2271 1560 2315 non
1603 2272 1869 2316 consen-

347 2352 570 2414 tiendo
623 2350 1066 2425 succumbere,
1131 2351 1240 2414 sed
1301 2352 1576 2431 regendo
1633 2370 1706 2413 ac
1765 2372 1869 2413 su-

349 2451 638 2533 perando
686 2467 958 2532 praeesse
1008 2456 1348 2512 noverunt.
1392 2450 1498 2510 Ait
1535 2458 1749 2512 autem
1805 2458 1868 2512 et

347 2549 654 2630 Origenes
694 2548 866 2610 circa
908 2548 1044 2610 haec
1088 2547 1282 2611 verba
1327 2566 1341 2610 ε
1388 2547 1671 2611 Salvator
1714 2549 1868 2612 dicit

347 2650 572 2730 plures
611 2646 956 2728 Prophetas
988 2654 1050 2707 et
1086 2645 1291 2726 justos
1330 2646 1630 2727 praedicta
1660 2656 1868 2728 optas-

349 2766 439 2822 se,
485 2764 618 2809 non
658 2761 903 2814 omnes,
938 2744 1091 2825 quia
1128 2744 1205 2805 de
1243 2743 1563 2807 Abraham
1603 2746 1858 2822 dicitur,

347 2846 504 2927 quia
552 2843 716 2908 vidit
776 2843 946 2905 diem
997 2842 1228 2906 Christi
1279 2852 1343 2905 et
1392 2844 1638 2907 laetatus
1699 2853 1793 2907 est
1844 2864 1858 2908 ε

350 2963 548 3025 quam
587 2942 905 3005 visionem
948 2960 1076 3005 non
1119 2942 1361 3024 plureS,
1397 2944 1507 3005 sed
1548 2943 1736 3024 pauci
1777 2951 1867 3005 at-

1977 1960 2118 2019 dete
2168 1959 2319 2039 quia
2365 1959 2625 2021 nomina
2676 1965 2883 2021 vestra
2929 1959 3165 2040 scripta
3212 1966 3362 2020 sunt
3406 1957 3473 2018 in

1977 2056 2178 2118 coelis.
2214 2054 2530 2138 Recteque
2573 2056 2753 2131 dixit,
2791 2055 3148 2132 possidebo,
3191 2056 3342 2137 quia
3390 2056 3476 2117 fe·

1976 2153 2182 2216 licitas
2222 2154 2414 2215 simul
2454 2154 2743 2227 habetur,
2778 2162 2840 2216 et
2880 2174 3207 2236 nunquam
3246 2154 3481 2216 amitti-

1977 2260 2102 2325 tur,
2137 2253 2386 2315 dicente
2417 2252 2628 2315 Boetio
2664 2272 2676 2315 :
2712 2253 3045 2314 AEternitas
3076 2261 3171 2314 est
3197 2252 3479 2315 intermi-

1978 2349 2211 2412 nabilis
2240 2350 2385 2414 vitae
2414 2358 2542 2413 tota
2572 2351 2762 2412 simul
2806 2350 3085 2433 perfecta
3116 2351 3432 2432 possessio
3460 2368 3477 2429 3

1976 2458 2039 2511 et
2099 2468 2342 2524 rursus,
2396 2449 2717 2511 Beatitudo
2776 2456 2872 2511 est
2929 2456 3126 2511 status
3184 2450 3473 2512 omnium

1978 2549 2291 2611 bonorum
2333 2548 2773 2628 aggregatione
2816 2546 3158 2629 perfectus.

2056 2648 2146 2707 Aa
2184 2646 2299 2704 ille
2339 2662 2627 2705 summus
2676 2644 2995 2723 magister,
3040 2645 3326 2707 cordium
3379 2663 3476 2707 se-

1978 2743 2333 2805 cretissima
2378 2740 2803 2804 infallibiliter
2850 2744 3128 2815 intuenS‚
3171 2746 3349 2805 dimit
3388 2747 3477 2805 ad

1977 2844 2173 2902 illum
2202 2862 2224 2901 .·
2253 2844 2333 2902 In
2368 2844 2499 2917 leye
2536 2839 2758 2922 Moysis
2799 2844 2963 2919 quid
2990 2843 3307 2920 scriptum
3337 2852 3425 2903 est
3449 2845 3478 2903 ?

1976 2942 2287 3020 quomodo
2339 2941 2519 3016 ἱερεῖς,
2570 2939 2636 3000 in
2683 2937 2866 3001 libris
2923 2939 3205 3003 Mosaicae
3266 2941 3477 3023 legis?

349 3044 658 3123 tigerunt.
691 3040 976 3102 Fuerunt
1017 3049 1232 3102 autem
1276 3053 1339 3102 et
1385 3040 1494 3102 alii
1539 3040 1868 3123 Prophetae
1904 3040 1949 3104 C
1977 3038 2160 3120 quasi
2200 3038 2368 3100 dicat
2399 3056 2412 3099 ε
2446 3036 2581 3100 Non
2623 3045 2858 3100 rectam
2898 3038 3167 3101 formam
3206 3048 3382 3103 tenes
3414 3040 3479 3102 in

352 3151 416 3203 et
448 3140 633 3222 justi,
669 3158 798 3202 non
839 3139 998 3202 tanti
1035 3146 1107 3200 ut
1143 3138 1455 3201 visionem
1499 3139 1768 3201 Abrahae
1805 3148 1868 3201 et

354 3239 655 3321 peritiam
690 3237 1141 3320 Apostolorum
1181 3237 1566 3317 attingerent
1601 3256 1614 3299 :
1650 3245 1712 3299 et
1752 3238 1868 3300 hos

355 3338 508 3399 dicit
551 3354 682 3399 non
731 3336 991 3409 vidisse,
1026 3336 1137 3397 sed
1179 3342 1456 3417 optasse.

441 3439 522 3498 Ec
559 3455 700 3495 ecce
738 3436 1012 3514 quidam
1049 3435 1484 3512 leqisperitus,
1517 3434 1579 3497 id
1620 3441 1715 3496 est
1761 3435 1870 3498 do·-

357 3542 494 3597 ctus
556 3534 622 3595 in
686 3533 846 3613 lege.
903 3531 1178 3612 Magistri
1235 3540 1448 3594 autem
1506 3532 1866 3596 Judaeorum

357 3633 657 3714 majore5‚
693 3630 1086 3695 vocabantur
1124 3628 1360 3691 Scribae
1389 3637 1454 3691 et
1493 3630 1863 3711 legisperiti.

361 3732 533 3794 Unde
582 3737 649 3792 et
685 3728 1027 3811 Apostolus
1075 3728 1165 3789 ait
1206 3745 1220 3789 ε
1265 3726 1494 3789 Zenam
1543 3727 1871 3809 legisperi-

360 3838 518 3892 tum.
573 3828 916 3895 Surrexit,
968 3825 1152 3907 quasi
1211 3825 1634 3889 reverentiam
1695 3826 1871 3888 exhi-

359 3930 518 3992 bens
560 3926 814 3990 Christo
852 3924 1126 3997 docenti,
1161 3942 1291 4003 quo
1337 3925 1720 4006 praedicante
1761 3944 1872 3986 au-

360 4028 598 4089 ditores
660 4024 884 4085 sedere
927 4020 1263 4095 solebant;
1316 4022 1418 4085 vel
1476 4023 1754 4085 surrexit
1803 4031 1872 4085 ut

358 4146 394 4187 a
433 4123 688 4187 cunctis
731 4121 962 4183 melius
1001 4119 1350 4191 audiretur,
1385 4120 1485 4183 vel
1527 4128 1595 4181 ut
1633 4122 1872 4184 audito-

1979 3137 2267 3217 legendo,
2318 3136 2471 3218 quia
2530 3156 2655 3199 non
2718 3136 2946 3219 imples
3005 3158 3153 3219 quoe
3203 3139 3361 3219 legis
3420 3147 3483 3201 et

1981 3235 2307 3318 praedicas.
2339 3235 2604 3308 Quidam
2635 3236 2934 3316 equidem
2966 3236 3207 3317 legunt,
3246 3256 3361 3300 nec
3394 3238 3487 3299 l'a-

1981 3336 2199 3413 ciunt;
2248 3334 2509 3415 quidam
2559 3332 2823 3407 faciunt,
2871 3344 2935 3397 et
2983 3336 3192 3416 legere
3246 3354 3485 3419 neque-

1983 3440 2137 3513 unt;
2184 3431 2291 3493 alii
2336 3432 2576 3512 legunt,
2624 3441 2686 3494 et
2727 3433 2997 3496 faciunt.

2072 3531 2398 3605 Praeterea,
2450 3530 2757 3612 quoniam
2816 3532 3220 3616 legisperitus
3281 3536 3483 3599 voluit

1981 3629 2228 3692 Christo
2268 3628 2596 3710 imponere
2625 3632 2797 3710 quod
2827 3631 3070 3713 aliquid
3114 3642 3331 3695 contra
3360 3634 3483 3697 Μο-

1982 3745 2135 3810 ysen
2175 3735 2387 3807 ageret
2426 3733 2536 3788 aut
2577 3728 2851 3803 doceret,
2895 3728 3181 3792 Christus
3232 3751 3345 3793 sua
3389 3732 3481 3793 in-

1982 3826 2329 3908 quisitione
2358 3826 2631 3887 ostendit
2659 3828 3046 3908 oppositum.
3071 3830 3195 3889 Ille
3222 3850 3479 3907 respon-

1981 3928 2155 3992 dens,
2175 3926 2352 3985 dixit
2374 3945 2396 3983 .·
2418 3927 2506 3985 Di
2511 3927 2666 4001 liyes
2687 3928 3039 3987 Dominum
3062 3930 3267 3988 Deum
3290 3938 3475 3990 tuum

1979 4044 2063 4083 eoe
2103 4032 2227 4085 toto
2264 4026 2451 4083 corde
2492 4032 2626 4093 tuo,
2657 4024 2777 4086 hoc
2814 4031 2908 4085 est
2962 4032 3085 4087 tota
3124 4026 3471 4103 voluntate,

1983 4140 2094 4185 seu
2152 4129 2283 4185 toto
2329 4119 2671 4184 voluntatis
2730 4122 3043 4186 desiderio
3095 4133 3157 4186 et
3212 4124 3473 4188 affectu.

361 4242 460 4285 res
502 4223 584 4284 ad
616 4238 809 4281 suum
845 4219 1217 4300 adspectum
1257 4224 1448 4299 atque
1480 4220 1871 4299 praeconium
1904 4222 1955 4284 D
1984 4222 2201 4301 ltaque
2245 4238 2358 4302 per
2408 4238 2515 4281 cor
2562 4219 2928 4299 designatur
2974 4222 3287 4297 voluntas,
3323 4244 3481 4305 quo-

361 4321 680 4385 incitaret.
725 4317 868 4378 Fuit
915 4324 1128 4377 autem
1177 4315 1422 4398 peritus
1474 4317 1537 4378 in
1580 4318 1738 4398 lege,
1783 4319 1876 4381 lo-

361 4420 624 4504 quendo
663 4418 744 4479 de
784 4414 1046 4477 informi
1092 4414 1380 4489 scientia,
1417 4434 1560 4496 quae
1607 4436 1734 4479 non
1779 4423 1875 4479 est

364 4520 627 4582 caritate
671 4522 736 4576 et
776 4514 1058 4576 virtuosa
1105 4513 1586 4575 conversatione
1629 4523 1871 4592 ornata,

363 4617 604 4700 quibus
635 4619 900 4677 ornatur
940 4612 1255 4675 bonorum
1295 4612 1580 4687 scientia,
1617 4622 1877 4696 propter

365 4716 536 4796 quod
571 4718 838 4775 vocatur
866 4709 1156 4772 formata.
1179 4709 1443 4784 RursuS,
1481 4712 1723 4792 peritus
1755 4712 1877 4774 fuit

369 4812 597 4895 peritia
646 4807 930 4882 litterali,
973 4827 1099 4871 non
1152 4807 1572 4889 intelligentia
1619 4810 1877 4891 spiritu-

370 4911 473 4972 ali.
518 4914 798 4971 Tencans
835 4927 1007 4974 eum,
1050 4906 1112 4967 id
1153 4914 1268 4981 est,
1305 4907 1771 4970 circumvenire
1815 4917 1876 4971 et

373 5008 590 5071 fallere
639 5006 931 5088 cupiens.
974 5003 1138 5067 Dicit
1187 5023 1465 5087 namque
1513 5007 1878 5089 Chrysosto-

378 5212 466 5267 tes
503 5212 700 5267 totam
741 5201 1066 5282 regionem
1093 5200 1476 5277 Judaeorum,
1510 5212 1877 5265 accusantes

381 5302 721 5375 Christum,
755 5300 1040 5362 dicentes
1077 5299 1251 5380 quod
1299 5308 1616 5382 praecepta
1652 5299 1878 5380 Moysis

1985 4320 2157 4381 niam
2197 4320 2362 4380 sicut
2399 4337 2507 4381 cor
2543 4326 2639 4380 est
2678 4319 2960 4400 primum
2993 4320 3239 4397 vivenS‚
3276 4331 3338 4385 et
3379 4341 3483 4385 ce-

1981 4426 2116 4479 tera
2174 4416 2461 4479 membra
2518 4434 2803 4491 movenS,
2868 4418 2959 4480 sic
3016 4419 3310 4482 voluntas
3370 4440 3485 4504 per

1984 4516 2309 4579 caritatem
2341 4514 2548 4596 primo
2575 4514 2961 4590 vivificatur,
2988 4524 3051 4579 et
3080 4526 3321 4581 ceteras
3352 4522 3487 4583 ani-

1985 4634 2104 4677 mae
2133 4623 2346 4677 movet
2373 4613 2664 4677 vires.E't
2683 4635 2765 4673 ex
2794 4624 2925 4676 tota
2953 4619 3179 4677 anima
3213 4628 3343 4684 cua,
3367 4619 3487 4681 hoc

1986 4723 2080 4775 est
2128 4713 2477 4775 secundum
2520 4713 2833 4794 potentias
2882 4714 3186 4777 animales
3230 4734 3304 4778 ac
3348 4735 3486 4779 sen-

1986 4810 2204 4873 sitivas
2239 4828 2252 4872 :
2289 4818 2358 4871 ut
2396 4828 2619 4872 sensus
2660 4811 2991 4874 interiores
3022 4820 3085 4875 et
3112 4815 3478 4891 exterioreS,

1986 4907 2435 4989 appetitusque
2484 4908 2850 4983 sensitivus‚
2908 4916 3034 4971 tam
3083 4913 3485 4994 concupisci—

1986 5006 2135 5068 bilis
2186 5024 2377 5085 quam
2428 5005 2785 5081 irascibiliS,
2827 5008 3054 5071 rationi
3104 5028 3175 5071 ac
3217 5009 3341 5091 legi
3391 5011 3485 5072 di-

1988 5105 2152 5168 vinae
2198 5103 2590 5185 subdantur3
2635 5112 2827 5187 atque
2864 5107 3217 5169 secundum
3258 5108 3479 5184 Deum,

1987 5211 2049 5265 et
2088 5211 2159 5264 ut
2202 5201 2399 5281 exigit
2443 5200 2581 5281 ejus
2631 5203 2907 5278 dilectio,
2950 5206 3027 5266 ad
3077 5207 3483 5290 caritatisque

1991 5298 2346 5383 profectum
2402 5300 2679 5382 expedit,
2734 5300 3156 5379 refrenentur,
3207 5324 3281 5368 ac
3332 5307 3483 5369 diri—

3607 2660 3678 2715 26

3611 3846 3681 3899 27
