4300 6259
1153 508 1505 556 ENARRATIO
1545 508 1611 555 m
1652 508 1792 556 GAP.
1837 508 1883 554 11
1922 508 2200 557 JOANNIS.
2244 528 2325 539 —
2365 509 2509 555 ΛΒΤ.
2553 509 2640 555 vn

3325 486 3446 553 313

334 680 515 743 niam
558 702 787 745 arcana
828 682 927 746 sui
968 684 1199 758 cordis,
1233 690 1297 745 et
1331 689 1506 763 gesta
1543 700 1616 743 ac
1650 681 1843 744 verba
1872 678 1923 740 A
1956 681 2021 743 in
2081 700 2302 745 eorum
2367 689 2672 764 potestate
2728 681 2886 764 quid
2945 679 3306 743 faciendum
3364 678 3448 741 sit

330 798 455 841 sua
503 780 573 842 in
622 781 909 844 absentia
957 780 1185 844 Christi
1238 788 1481 863 patrata
1531 799 1604 842 ac
1650 779 1839 855 dicta,

329 878 478 958 ipse
510 878 801 942 Christus
841 878 1274 943 manifestavit
1311 880 1435 961 ipsi
1475 878 1837 941 Nathanael.

324 978 446 1037 Ad
470 981 767 1056 nuptias,
802 978 1043 1051 Quibus
1079 978 1365 1042 Christus
1388 978 1711 1061 *interesse
1751 976 1842 1039 di-

320 1082 564 1155 gnatus
606 1086 702 1139 est
734 1096 749 1140 ε
786 1077 1015 1151 Primo,
1052 1084 1121 1139 ut
1161 1077 1541 1139 laudabilem
1576 1094 1843 1139 consue-

324 1174 650 1250 tudinem,
686 1194 831 1257 quae
879 1176 1071 1238 habet
1122 1176 1253 1238 vim
1308 1175 1486 1257 legiS,
1520 1194 1649 1257 qua
1694 1194 1842 1238 con-

324 1274 671 1353 sanguinei
730 1283 792 1337 et
852 1275 1048 1337 vieini
1113 1276 1386 1338 tendunt
1442 1276 1519 1337 ad
1585 1276 1838 1357 nuptias

323 1380 745 1451 cognatorum
786 1392 860 1435 ac
900 1373 1261 1437 vicinorum
1302 1393 1585 1448 suorum,
1618 1392 1843 1455 appro-

321 1468 534 1532 baret.
590 1469 905 1547 Secundo,
960 1481 1031 1535 ut
1078 1474 1540 1536 demonstraret
1584 1472 1838 1553 nuptias

322 1585 471 1630 esse
514 1567 721 1631 licitas
752 1578 944 1652 atque
977 1570 1287 1635 divinitus
1327 1570 1647 1634 institutas
1681 1589 1696 1633 ε
1732 1590 1840 1633 cu-

319 1666 433 1745 jus
486 1668 879 1731 contrarium
930 1669 1229 1731 Tatianus
1278 1678 1339 1731 et
1386 1668 1657 1732 Marcion
1717 1669 1841 1731 hae-

324 1765 515 1827 retici
574 1766 1009 1843 affirmabant,
1062 1768 1343 1831 dicentes
1400 1769 1568 1849 quod
1629 1774 1839 1829 essent

1954 781 2340 863 relinquere.

2031 883 2117 940 Et
2144 882 2308 941 dicit
2337 882 2400 939 ei
2426 883 2608 941 Jesus
2636 900 2659 939 .·
2693 881 2867 950 Quid
2897 879 3065 939 mihi
3091 888 3151 939 et
3181 879 3301 937 tibi
3328 886 3442 946 est,

1952 981 2242 1040 mulier?
2287 978 2592 1052 Quoniam
2652 979 2808 1041 dura
2869 978 3118 1040 videtur
3174 976 3293 1038 ista
3350 993 3446 1038 re-

1950 1077 2230 1158 sponsio,
2278 1077 2657 1139 Manichaeus
2717 1077 2877 1139 dixit
2929 1077 3099 1158 quod
3158 1075 3444 1139 Christus

1950 1194 2076 1237 non
2122 1174 2248 1238 fuit
2296 1194 2484 1239 verus
2533 1175 2711 1237 filius
2759 1175 2984 1250 Mariae,
3041 1193 3157 1237 nec
3207 1173 3445 1235 habens

1950 1293 2182 1356 corpus
2221 1293 2467 1348 verum,
2503 1275 2611 1336 sed
2653 1275 3145 1356 phantasticum.
3179 1272 3352 1345 Quod
3393 1271 3446 1333 si

1950 1371 2037 1434 ita
2066 1391 2133 1433 se
2177 1373 2454 1447 haberet,
2490 1392 2614 1436 non
2657 1373 2956 1436 subderet
2999 1371 3395 1453 Evangelista
3429 1389 3442 1433 :

1948 1471 2111 1533 Dicit
2139 1471 2331 1534 Mater
2359 1472 2498 1553 ejus
2539 1472 2872 1535 ministris.
2908 1472 3033 1535 Cur
3062 1490 3210 1552 ergo
3241 1470 3449 1552 loqui-

1948 1578 2053 1631 tur
2103 1570 2232 1631 ita?
2277 1570 2600 1652 Numquid
2650 1570 2950 1652 quoniam
3004 1570 3195 1633 verba
3241 1568 3446 1631 Marioe

1949 1669 2480 1750 reprehensibilia
2527 1677 2726 1743 erant,
2779 1688 2971 1751 quam
3032 1669 3269 1731 scimus
3328 1686 3447 1731 nec

1948 1767 2300 1830 mortaliter
2337 1785 2453 1829 nec
2493 1767 2824 1831 venialiter
2867 1786 3149 1848 unquam
3194 1785 3446 1849 peccas-

326 1865 519 1927 malae
568 1873 633 1926 et
673 1885 710 1927 a
755 1866 1007 1930 diabolo
1055 1867 1321 1929 traditae.
1353 1866 1583 1942 Tertio,
1619 1874 1689 1927 ut
1736 1884 1839 1929 oc-
1875 1866 1923 1928 B
1950 1869 2059 1928 se?
2100 1865 2234 1929 Non
2287 1866 2531 1947 utique.
2585 1866 2891 1947 Denique,
2935 1866 2988 1928 si
3041 1865 3445 1947 reprehensi-

326 1963 591 2026 casione
622 1961 823 2026 futuri
855 1962 1141 2027 defectus
1180 1972 1550 2046 operaretur
1576 1964 1842 2025 miracu-

329 2062 493 2136 lum,
522 2063 601 2123 ad
636 2064 914 2145 propriae
943 2063 1291 2145 majestatis
1323 2064 1835 2136 declarationem,

327 2168 393 2223 et
434 2160 906 2243 discipulorum
954 2181 1214 2225 suorum
1262 2162 1835 2225 confirmationem.

327 2258 591 2335 QuartO,
626 2268 697 2322 ut
744 2260 1002 2337 dicitur,
1037 2269 1353 2342 quatenus
1398 2268 1693 2342 nepotem
1738 2280 1843 2322 su-

330 2376 445 2419 um
485 2358 815 2435 Ioannem,
848 2378 885 2421 a
924 2367 1088 2421 statu
1130 2359 1446 2440 conjugali
1488 2360 1565 2421 ad
1610 2365 1838 2420 statum

332 2457 787 2521 sublimiorem
845 2465 1119 2523 vocaret.
1182 2458 1356 2521 Unde
1414 2465 1476 2520 et
1533 2477 1648 2540 pro
1708 2458 1845 2539 lege

335 2563 655 2632 servatur,
690 2564 761 2618 ut
790 2565 1063 2639 uterque
1092 2556 1439 2638 conjugum
1477 2557 1679 2619 libere
1710 2576 1849 2639 pos·

336 2656 425 2717 sit
474 2655 850 2736 religionem
913 2656 1172 2729 intrare,
1227 2656 1629 2719 matrimonio
1690 2675 1848 2719 non-

338 2755 499 2817 dum
552 2762 1015 2829 consummato,
1050 2755 1347 2817 videlicet
1389 2762 1534 2817 ante
1582 2756 1849 2836 conjun-

339 2853 627 2916 ctionem
668 2854 1045 2917 maritalem.

414 2956 501 3015 Ec
530 2955 869 3030 deficiente
897 2954 1070 3019 vino,
1094 2952 1193 3015 vel
1228 2952 1380 3033 quia
1406 2958 1612 3015 totum
1642 2950 1850 3014 fuerat

1949 1964 2165 2026 biliter
2202 1972 2296 2026 est
2335 1964 2564 2037 locuta,
2601 1984 2714 2026 cur
2751 1965 2948 2026 Filius
2991 1964 3131 2044 ejus
3170 1982 3317 2027 mox
3357 1963 3449 2025 fe—

1952 2064 2037 2126 cit
2083 2065 2254 2145 quod
2306 2064 2444 2145 ipsa
2502 2064 2771 2145 petivit?
2823 2064 2941 2126 Sed
2997 2063 3282 2145 loquitur
3331 2063 3444 2137 sic,

1952 2163 2185 2226 docens
2232 2181 2344 2225 nos
2395 2180 2475 2225 ne
2520 2162 2864 2225 habeamus
2912 2160 3216 2224 affectum
3259 2161 3451 2224 nimis

1953 2261 2270 2323 carnalem
2303 2269 2365 2323 et
2405 2262 2663 2325 mollem
2693 2256 3095 2323 ad‘carnales
3131 2268 3446 2343 parentes.

2032 2359 2388 2442 Exponitur
2429 2367 2641 2422 autem
2681 2359 2860 2423 locus
2898 2360 3016 2422 iste
3056 2360 3399 2441 dupliciter
3433 2376 3448 2422 τ

1952 2458 2184 2533 Primo,
2237 2460 2588 2521 secundum
2649 2459 3097 2539 Augustinum,
3152 2458 3272 2521 hoc
3323 2476 3452 2521 mo-

1955 2558 2035 2619 do
2067 2576 2081 2620 :
2121 2559 2294 2625 Quid
2327 2559 2494 2617 milei
2521 2567 2580 2618 et
2613 2558 2734 2618 tibi
2760 2566 2871 2627 est,
2905 2558 3145 2617 mulier
3167 2559 3197 2617 ἓ
3227 2556 3289 2617 id
3329 2562 3444 2630 est,

1956 2655 2118 2718 nihil
2179 2674 2517 2719 commune
2574 2663 2669 2717 est
2727 2654 2884 2716 mihi
2944 2663 3007 2716 et
3061 2653 3202 2729 tibi,
3265 2653 3451 2734 cujus

1958 2754 2193 2817 virtute
2249 2754 2585 2817 conveniat
2640 2753 2797 2815 mihi
2859 2752 3167 2816 miracula
3215 2752 3446 2826 facere,

1956 2854 2109 2934 quia
2158 2853 2326 2915 istud
2377 2853 2676 2916 convenit
2721 2852 2880 2915 mihi
2930 2852 3172 2915 ratione
3221 2852 3453 2915 divinae

1958 2960 2221 3027 naturae,
2282 2970 2476 3033 quam
2535 2971 2660 3015 non
2725 2951 2970 3039 sumpsi
3029 2970 3107 3014 ex
3164 2958 3248 3014 te.
3308 2952 3454 3015 Ideo

338 3058 697 3133 epotatum,
749 3051 849 3115 vel
897 3052 1051 3133 quia
1099 3070 1325 3133 parum
1387 3050 1710 3126 remansit,
1763 3050 1849 3112 ita
1885 3050 1928 3114 C
1958 3058 2268 3133 quantum
2327 3052 2405 3113 ad
2463 3051 2606 3123 hoc,
2669 3050 2966 3113 videlicet
3029 3052 3108 3113 ad
3164 3049 3454 3113 facienda

335 3151 515 3231 quod
549 3168 697 3213 mox
727 3148 953 3213 vinum
983 3149 1245 3213 omnino
1276 3150 1541 3224 deesset,
1572 3157 1634 3211 et
1663 3168 1849 3231 spon-

332 3267 447 3311 sus
480 3249 563 3311 de
593 3248 813 3331 inopia
843 3247 1330 3312 confundendus
1360 3248 1713 3323 exsisteret,
1745 3250 1847 3308 di-

329 3350 423 3409 cit
470 3350 689 3409 Mater
723 3350 874 3409 Jesu
910 3350 998 3409 ad
1044 3366 1193 3408 eum
1222 3368 1245 3407 .·
1276 3349 1515 3409 Vinum
1557 3367 1685 3408 non
1730 3349 1844 3408 Iza-

330 3450 483 3509 benc
530 3448 611 3510 ad
660 3445 1118 3509 sufficientiam
1170 3465 1443 3529 sponsus
1492 3454 1554 3508 et
1611 3464 1843 3528 sponsa

327 3547 410 3609 ad
441 3546 862 3627 erogandum,
896 3553 959 3607 et
994 3545 1104 3607 alii
1134 3547 1212 3608 ad
1253 3545 1629 3607 bibendum.
1664 3544 1842 3609 Com-

327 3664 521 3728 passa
551 3652 652 3707 est
680 3644 855 3707 enim
888 3645 1285 3709 verecundiae
1314 3643 1529 3727 sponsi
1558 3663 1632 3706 ac
1662 3664 1843 3727 spon-

328 3763 439 3819 sae,
473 3752 670 3825 atque
721 3744 1009 3826 penuriae
1047 3762 1159 3805 seu
1210 3742 1577 3823 indigentiae
1616 3760 1843 3805 conve-

330 3841 681 3917 scentium,
727 3841 1036 3924 piissima,
1071 3840 1605 3905 affectuosissima
1650 3848 1842 3922 atque

329 3941 714 4004 dulcissima
750 3940 960 4021 Virgo.
996 3940 1071 4002 Et
1120 3941 1172 4002 si
1217 3940 1475 4002 illorum
1527 3940 1840 4022 corporali

333 4040 575 4122 inopiae
630 4039 1007 4103 condolebat
1056 4048 1120 4101 et
1168 4039 1598 4114 succurrebat,
1650 4039 1839 4101 etiam

332 4156 465 4202 non
509 4146 747 4219 rogata,
781 4146 1021 4219 quanto
1064 4138 1263 4219 magis
1312 4145 1540 4202 nostrae
1582 4138 1844 4220 spiritu-

1956 3168 2149 3231 opera
2190 3149 2719 3231 supernaturalia,
2759 3168 2887 3213 non
2929 3156 3150 3213 teneor
3190 3149 3307 3211 tibi
3354 3169 3455 3232 pa-

1956 3266 2118 3310 rere.
2183 3242 2494 3311 Nondum
2559 3250 2729 3309 venit
2784 3250 2944 3309 hora
3003 3267 3170 3318 mea,
3227 3248 3291 3310 id
3357 3256 3454 3309 est

1952 3354 2208 3429 tempus
2244 3346 2705 3429 persecutionis
2745 3354 2808 3409 et
2848 3346 3182 3427 passionis,
3217 3346 3280 3408 in
3324 3365 3452 3427 quo

1952 3464 2129 3527 agam
2181 3453 2244 3509 et
2293 3446 2494 3528 patiar
2540 3465 2683 3528 quae
2726 3445 2886 3507 mihi
2927 3446 3316 3509 conveniunt
3357 3465 3452 3507 ra·
3564 3466 3572 3471 ·

1953 3545 2125 3608 tione
2175 3552 2416 3607 naturae
2463 3563 2540 3607 ex
2588 3552 2650 3607 te
2700 3551 2991 3626 sumptae,
3035 3551 3097 3605 et
3145 3552 3297 3606 tunc
3338 3561 3446 3608 ero

1952 3643 2263 3707 sollicitus
2302 3645 2378 3707 de
2421 3650 2505 3717 te,
2539 3644 2991 3707 committendo
3031 3650 3092 3705 te
3129 3643 3446 3725 discipulo
3481 3666 3734 3715 lamam,

1952 3742 2336 3825 praedilecto.
2384 3741 2505 3805 Sed
2546 3742 2666 3805 ista
2707 3741 3019 3824 expositio
3063 3742 3315 3806 videtur
3358 3761 3446 3805 sa·
3471 3732 3540 3773 ²⁷·

1952 3841 2033 3903 tis
2076 3841 2367 3904 obscura.

2032 3940 2322 4003 Secundo
2365 3957 2514 4020 ergo
2561 3940 2901 4022 exponitur
2945 3940 3058 4014 sic,
3093 3942 3444 4003 secundum

1953 4039 2470 4122 Chrysostomum
2525 4057 2538 4102 :
2594 4041 2768 4109 Quid
2823 4040 2994 4101 mihi
3051 4049 3110 4101 ec
3170 4041 3288 4100 tibi
3333 4050 3446 4108 est,
3522 4040 3526 4045 ’

1952 4140 2244 4199 mulier?
2282 4138 2346 4201 id
2393 4146 2508 4213 est,
2545 4137 2610 4199 in
2659 4138 2778 4200 isto
2827 4139 2998 4219 quod
3049 4138 3212 4220 petis
3261 4156 3298 4200 a
3346 4155 3449 4199 me

330 4236 417 4299 ali
482 4236 852 4318 indigentiae
908 4236 1350 4318 compatietur,
1401 4237 1842 4318 auxiliumque
1872 4235 2119 4311 Dfieri,
2175 4256 2301 4301 non
2352 4236 2652 4301 convenis
2706 4254 2957 4299 mecum
3007 4244 3318 4317 quantum
3371 4236 3448 4298 ad

331 4334 673 4417 praebebit,
698 4334 752 4397 si
785 4333 980 4397 fuerit
1008 4334 1288 4398 fideliter
1318 4336 1640 4399 invocata?
1670 4336 1841 4417 quod

332 4434 565 4516 utique
603 4432 757 4495 facit
797 4433 1097 4508 ubertim,
1135 4435 1416 4496 nondum
1451 4434 1667 4517 petita.
1701 4433 1846 4497 Por-

332 4552 427 4607 νο,
483 4552 689 4613 quum
754 4532 1170 4615 pudicissima
1224 4551 1298 4595 ac
1347 4533 1845 4615 prudentissima

330 4640 529 4704 esset,
586 4630 995 4713 paucissimis
1054 4650 1168 4693 usa
1224 4638 1320 4693 est
1368 4632 1603 4705 verbiS,
1656 4639 1719 4693 et
1776 4630 1841 4693 in

332 4730 669 4795 voluntate
718 4729 859 4791 Filii
904 4748 978 4792 ac
1023 4729 1271 4792 Domini
1322 4729 1423 4791 sui
1472 4730 1842 4811 relinquens

333 4829 495 4911 quid
546 4846 735 4910 agere
783 4827 979 4892 vellet
1030 4845 1043 4889 :
1098 4828 1175 4889 de
1222 4828 1407 4908 cujus
1454 4828 1735 4892 bonitate
1783 4837 1845 4892 et

336 4928 605 4991 caritate
663 4933 925 4988 eatenus
984 4925 1367 4999 confidebat,
1428 4928 1599 5009 quod
1659 4928 1846 4990 scivit

338 5026 737 5089 desiderium
786 5043 976 5087 suum
1016 5043 1090 5086 ac
1141 5043 1391 5106 precem
1438 5045 1564 5088 non
1608 5026 1686 5088 ab
1737 5026 1845 5089 illo

340 5125 573 5208 repelli
618 5142 826 5205 posse.
862 5122 994 5196 Quo
1034 5124 1337 5187 docemur
1368 5143 1621 5187 causam
1661 5134 1723 5187 et
1755 5126 1849 5187 in-

342 5224 695 5307 digentiam
760 5230 1064 5298 nostram,
1116 5223 1557 5305 superioribus
1614 5225 1847 5287 nostris

341 5322 733 5406 simpliciter
787 5329 981 5403 atque
1040 5324 1321 5415 modeste
1377 5322 1725 5399 insinuare,
1787 5330 1849 5385 et

1952 4335 2434 4398 determinatam
2475 4336 2694 4399 horam
2735 4334 3009 4398 faciendi
3042 4334 3445 4409 miraculum,

1953 4452 2070 4496 nec
2117 4443 2214 4496 est
2262 4435 2374 4497 tibi
2428 4452 2680 4497 mecum
2739 4453 3076 4498 commune
3127 4432 3290 4496 scire
3339 4433 3450 4495 ho-

1952 4552 2086 4593 ram
2120 4531 2513 4613 hujusmodi.
2542 4535 2852 4595 Nondum
2885 4535 3060 4594 venie
3089 4536 3248 4593 hora
3278 4552 3446 4599 mea,

1953 4630 2015 4693 id
2074 4639 2191 4706 est,
2251 4631 2459 4693 adhuc
2517 4649 2643 4693 non
2707 4638 2804 4693 est
2860 4638 3114 4713 tempus
3173 4629 3444 4693 faciendi

1952 4730 2333 4792 miraculum
2366 4728 2735 4791 mutationis
2764 4715 2945 4810 aquae
2975 4728 3038 4791 in
3073 4728 3310 4804 vinum,
3335 4747 3447 4791 seu

1951 4829 2077 4892 alio
2118 4829 2306 4892 modo
2346 4827 2913 4909 supernaturaliter
2955 4827 3326 4910 providendi
3369 4829 3448 4889 de

1956 4928 2103 4992 vino
2154 4926 2526 4990 sufficienti.
2569 4926 2758 5006 Virgo
2797 4945 3074 5008 namque
3117 4927 3319 5001 beata,
3354 4944 3450 4989 se-

1956 5028 2233 5090 cundum
2272 5025 2810 5109 chrysostomum,
2843 5025 3075 5087 timens
3115 5026 3193 5088 de
3233 5025 3448 5089 futuro

1955 5124 2204 5188 defectu
2238 5124 2370 5187 vini
2410 5131 2471 5185 et
2510 5123 2895 5186 verecundia
2934 5122 3173 5205 sponsi,
3207 5125 3447 5205 optavit

1956 5233 2025 5286 ut
2072 5224 2250 5286 Jesus
2310 5222 2670 5305 provideret
2727 5222 2804 5284 de
2861 5222 3011 5286 vino
3070 5222 3445 5305 sufficienti,

1956 5330 2296 5403 antequam
2368 5322 2590 5386 vinum
2661 5320 2989 5383 residuum
3055 5320 3442 5384 ebiberetur.
