4300 6259
582 1757 667 1802 Job
678 1761 845 1812 xxn,29.

579 1959 716 2003 Pron.
731 1972 844 2016 xxix,

580 2943 733 2988 {Petra
751 2946 842 2995 v,0.

609 3228 760 3272 Eceli.
782 3242 841 3278 111.

577 3293 646 3342 2⁰.
670 3293 716 3334 2¹
727 3323 738 3334 .

584 4220 739 4266 lPetr.
753 4223 842 4273 κδ.

579 4715 662 4760 Job
679 4719 842 4768 m,25.

866 1371 943 1416 ac
981 1353 1270 1417 intimam
1320 1354 1823 1428 inclinationem,
1865 1354 2369 1437 depressionem,

889 471 1008 536 148
1678 491 2031 539 nummulo
2071 490 2136 536 nv
2178 489 2320 538 cn.
2365 489 2519 537 xvm
2558 491 2747 538 tucn.
2793 511 2875 522 —
2914 493 3057 541 11111.
3101 495 3203 542 xm

881 665 1189 723 tartarum
1217 661 1553 744 dejicietur
1581 669 1726 745 post
1756 661 1950 727 vitam
1981 668 2377 744 praesentem,
2411 660 2464 722 A
2486 662 2566 724 ab
2598 671 2777 727 utero
2806 664 3027 726 matris
3064 683 3268 746 usque
3296 665 3376 727 ad
3408 663 3801 747 supplicium
3837 683 3971 726 cru-

879 758 1004 821 nisi
1055 778 1122 822 se
1182 761 1438 824 interim
1498 780 1612 844 per
1670 761 2112 844 poenitentiam
2165 779 2377 823 veram
2483 761 2597 836 cIS,
2659 780 2776 844 pro
2841 763 3017 826 omni
3088 762 3485 840 fortitudine,
3544 769 3608 825 et
3667 762 3855 844 elegit
3912 771 3970 826 et-

878 867 1105 940 sponte
1154 860 1470 923 humiliet.
1505 864 1592 922 Ec
1630 863 1748 941 qui
1784 881 1848 922 se
1885 862 2197 922 humiliat
2244 879 2381 924 mo·
2488 859 2722 922 docuit.

874 958 954 1022 do
987 976 1100 1040 per
1135 967 1540 1041 peccatorum
1579 979 1844 1023 suorum
1884 957 2374 1035 confessionem,
2564 960 2934 1036 Afferebant
2973 970 3192 1022 autem
3221 963 3310 1021 ad
3345 962 3539 1022 illum
3572 969 3632 1020 et
3666 960 3967 1037 infantes,

871 1057 1148 1140 propriae
1196 1057 1725 1141 imperfectionis,
1770 1057 2270 1122 defectuositatis
2316 1065 2379 1120 et
2483 1056 2603 1119 hoc
2650 1065 2765 1133 est,
2817 1065 3111 1139 parentes
3161 1075 3273 1120 seu
3322 1057 3431 1120 alii
3479 1057 3826 1121 infantulos
3870 1057 3973 1119 ad-

871 1154 1231 1238 fragilitatis
1281 1157 1800 1240 recognitionem,
1855 1176 1969 1240 per
2017 1157 2115 1219 sui
2172 1157 2375 1239 ipsius
2485 1155 2804 1217 duxerunt
2849 1157 2928 1218 ad
2973 1156 3210 1232 Jesum,
3264 1166 3337 1217 ut
3381 1176 3483 1218 eos
3532 1164 3836 1234 tangeret.
3888 1154 3975 1216 Ex

871 1255 992 1317 sub
1023 1256 1256 1319 divinae
1285 1256 1634 1338 maJestatis
1664 1256 2002 1319 altitudine
2029 1255 2372 1319 cordialem
2482 1253 2809 1316 miraculis
2860 1254 3031 1316 enim
3092 1254 3347 1331 Christi,
3398 1262 3461 1317 et
3508 1272 3586 1317 ex
3634 1254 3975 1317 eminentia

2482 1353 2831 1434 sapientise,
2891 1353 3293 1435 eloquentiae,
3356 1352 3975 1434 conversationisque

869 1452 1489 1535 obedientialemque
1531 1452 2018 1536 subjectionem,
2059 1455 2375 1514 emltabi-
2484 1469 2635 1526 suae,
2666 1451 3071 1514 crediderunt
3110 1469 3259 1514 eum
3298 1469 3438 1514 esse
3469 1451 3721 1514 eximiae
3749 1451 3975 1514 sancti-

874 1560 1004 1624 tur,
1047 1551 1111 1613 in
1164 1553 1459 1633 praesenti
1511 1571 1625 1634 per
1669 1551 1888 1634 gratiae
1935 1550 2238 1613 sublimia
2281 1551 2374 1612 in·
2482 1549 2648 1625 tatis,
2689 1551 2912 1633 sicque
2958 1569 3038 1613 ex
3088 1550 3229 1631 ejus
3286 1558 3577 1613 contactu
3629 1547 3972 1612 infantulos

873 1658 1214 1725 crementa,
1267 1658 1329 1712 et
1377 1650 1442 1712 in
1503 1648 1720 1713 futuro
1773 1668 1887 1732 per
1937 1650 2101 1712 dona
2155 1648 2373 1729 gloriae
2484 1666 2669 1728 posse
2706 1648 2997 1711 benedici
3034 1667 3146 1710 seu
3175 1648 3441 1730 gratiam
3480 1648 3809 1729 consequi,
3844 1648 3971 1710 sive

873 1747 1118 1823 altiora,
1167 1748 1348 1830 juxta
1395 1748 1551 1811 illud
1601 1747 1714 1812 Job
1765 1766 1779 1810 ε
1831 1747 1948 1819 Qui
1998 1747 2371 1809 humiliatus
2486 1764 2600 1826 pro
2630 1754 2805 1822 tunc,
2839 1747 2977 1809 sive
3006 1747 3071 1808 in
3106 1754 3433 1828 posterum
3468 1766 3481 1810 :
3516 1747 3823 1828 quoniam
3852 1745 3971 1808 vir-

4084 965 4134 1018 ¹5

876 1844 1092 1922 fuerit,
1145 1847 1265 1908 erit
1313 1847 1377 1909 in
1424 1846 1645 1927 gloria.
1693 1846 1851 1908 Hinc
1899 1847 1964 1907 in
2014 1845 2371 1909 Proverbiis
2409 1845 2585 1908 Btus
2634 1844 2865 1907 Christi
2916 1863 3031 1928 per
3070 1863 3301 1926 corpus
3350 1845 3554 1927 ipsius
3604 1845 3973 1907 redundavit
3993 1863 4191 1912 ammo.

875 1945 1144 2008 habetur
1187 1965 1200 2009 :
1243 1946 1562 2008 Humilem
1608 1945 1840 2027 spiritu
1889 1945 2196 2027 suscipiet
2240 1945 2375 2025 glo·
2481 1964 2556 2007 ac
2593 1943 3077 2007 diffundebatur
3118 1944 3183 2005 in
3223 1943 3401 2007 alios.
3438 1947 3619 2014 Quod
3647 1965 3848 2025 quum
3881 1945 3971 2004 vi-

877 2045 1008 2124 ria3
1043 2045 1346 2126 itemque,
1380 2043 1740 2126 Superbum
1779 2051 2083 2124 sequetur
2113 2042 2373 2105 humili-

877 2149 991 2204 taS.
1042 2142 1217 2214 Quod
1266 2149 1576 2206 consonat.
1615 2141 1861 2205 Christo
1910 2141 2145 2204 dicenti
2192 2160 2206 2203 :
2254 2140 2370 2214 Qui

875 2258 943 2301 se
997 2240 1247 2316 exaltat,
1304 2238 1768 2302 humiliabitur.
1826 2239 2369 2313 Quemadmodum

873 2337 1044 2399 enim
1095 2337 1162 2400 in
1211 2337 1523 2400 materiali
1573 2344 1824 2412 statera,
1872 2357 1996 2400 una
2039 2344 2219 2420 parte
2267 2339 2373 2400 de-

874 2454 1112 2518 pressa,
1152 2435 1349 2498 altera
1395 2436 1700 2511 elevatur,
1743 2444 1806 2497 et
1853 2453 2235 2516 econverso;
2280 2436 2373 2498 sic

873 2532 938 2595 in
969 2533 1203 2597 divinae
1233 2541 1464 2596 statera
1491 2533 1756 2615 justitiae
1791 2540 1886 2594 est
1917 2534 2265 2608 decretum,
2303 2540 2373 2595 ut

869 2631 984 2713 qui
1023 2631 1090 2694 in
1123 2633 1253 2696 vita
1291 2633 1410 2695 hac
1453 2650 1568 2715 per
1607 2631 1974 2714 superbiam
2015 2630 2367 2706 elevantur,

870 2730 938 2792 in
977 2729 1193 2793 futura
1233 2747 1349 2813 per
1378 2749 1632 2813 poenam
1675 2728 2124 2793 confusibilem
2166 2730 2371 2812 depri-

870 2838 1146 2904 mantur,
1179 2836 1242 2891 et
1271 2829 1410 2893 vice
1443 2848 1646 2892 versa.
1681 2828 1842 2890 Hinc
1869 2828 2089 2890 Petrus
2123 2837 2372 2910 aposto-

871 2928 972 2991 lus
1035 2928 1322 2991 hortatur
1374 2945 1387 2990 :
1445 2927 1882 2990 Humiliamini
1944 2927 2062 2988 sub
2128 2927 2369 3009 potenti

2481 2047 2705 2105 der-ent
2732 2045 3068 2120 discipuli,
3098 2045 3520 2120 increpabant
3550 2045 3697 2103 illos
3735 2042 3850 2124 qui
3878 2043 3971 2104 in·-

2483 2140 2760 2205 fantulos
2812 2139 3210 2203 adducebant
3262 2159 3275 2202 :
3330 2159 3456 2204 non
3514 2141 3687 2222 quod
3736 2139 3971 2203 nollent

2483 2239 2757 2303 infantes
2804 2258 2841 2300 a
2887 2239 3136 2303 Christo
3184 2239 3353 2320 tangi
3400 2245 3463 2300 et
3508 2238 3823 2314 benedici,
3866 2238 3969 2301 sed

2481 2339 2635 2421 quia
2675 2337 2983 2421 putabant
3014 2355 3162 2399 eum
3194 2355 3271 2399 ex
3309 2336 3419 2399 tali
3460 2337 3839 2399 adductione
3875 2337 3968 2399 in·

2479 2437 2753 2499 fantium
2793 2435 3065 2516 gravari,
3107 2442 3172 2497 et
3217 2433 3627 2499 offerentium
3667 2435 3967 2518 importu-

2480 2537 2675 2598 nitate
2717 2534 2957 2597 lassari.

2558 2638 2737 2696 Jesus
2770 2643 2983 2694 autem
3014 2652 3366 2694 convocans
3394 2635 3563 2702 ἱῑῑοε,
3594 2637 3749 2714 puta
3784 2631 3964 2695 disci-

2482 2732 2667 2815 pulos
2698 2751 2868 2806 31103,
2900 2733 3077 2791 dimit
3098 2732 3353 2793 :Sinite
3370 2750 3607 2809 pueros
3638 2732 3856 2791 venire
3883 2732 3967 2792 ad

2480 2853 2599 2901 me,
2636 2831 2788 2913 quia
2836 2837 3098 2913 propter
3148 2847 3369 2892 eorum
3419 2828 3871 2904 innocentiam,
3910 2837 3969 2891 et

2482 2937 2723 2992 naturae
2779 2929 2844 2990 in
2902 2928 2993 2990 eis
3051 2928 3417 3009 puritatem,
3470 2927 3708 3008 Deique
3766 2929 3833 2990 in
3882 2928 3968 2990 eis

869 3046 1063 3090 manu
1114 3026 1244 3102 Dei,
1292 3035 1364 3088 ut
1401 3046 1516 3091 vos
1559 3027 1790 3089 exaltet
1841 3027 1904 3087 in
1950 3034 2239 3107 tempore
2281 3027 2372 3090 vi-
2408 3030 2451 3095 C
2480 3045 2844 3109 expressam
2874 3026 3390 3106 similitudinem,
3425 3025 3621 3106 diligo
3656 3043 3786 3099 eoS,
3822 3045 3973 3108 prae-

871 3126 1206 3189 sitationis.
1258 3124 1336 3187 Et
1385 3126 1448 3187 in
1507 3125 1949 3188 Ecclesiastico
1999 3125 2298 3188 edocetur
2350 3143 2365 3188 t

871 3223 1112 3297 Quanto
1143 3242 1409 3305 magnus
1441 3241 1530 3298 eS,
1557 3223 1826 3285 humilia
1854 3230 1916 3285 te
1947 3223 2012 3285 in
2044 3223 2365 3299 omnibuS,

873 3331 936 3385 et
973 3341 1184 3386 coram
1225 3322 1350 3386 Deo
1399 3321 1686 3385 invenies
1735 3321 2023 3402 gratiam,
2067 3321 2367 3403 quoniam

870 3421 951 3484 ab
1002 3420 1355 3484 humilibus
1406 3422 1772 3484 honoratur.
1825 3419 2369 3492 Quemadmodum

871 3521 1045 3583 enim
1087 3539 1398 3603 aquarum
1441 3519 1686 3582 fluenta
1721 3520 1801 3581 ad
1840 3519 2104 3581 vallium
2147 3519 2373 3582 decur-

871 3626 1022 3682 runt
1056 3618 1393 3702 profunda,
1428 3625 1490 3680 et
1519 3637 1649 3700 quo
1681 3618 1863 3682 vallis
1903 3625 1997 3680 est
2037 3617 2365 3694 declivior,

871 3736 945 3782 eo
1004 3719 1149 3801 plus
1205 3737 1388 3800 aquae
1445 3724 1907 3799 congregantur
1964 3716 2029 3778 in
2090 3734 2213 3796 ea3
2278 3718 2372 3780 sic

872 3817 1233 3881 divinarum
1275 3816 1654 3879 charismata
1688 3815 2033 3897 gratiarum
2073 3816 2148 3878 ad
2183 3818 2371 3880 corda

871 3917 1264 3978 descendunt
1312 3914 1678 3988 humilium,
1721 3913 1833 3996 qui
1874 3922 2114 3995 quanto
2159 3914 2372 3977 humi-

873 4015 1061 4079 liores
1101 4013 1479 4087 exstiterint,
1515 4031 1590 4076 eo
1630 4012 2004 4094 copiosioris
2045 4023 2195 4076 sunt
2229 4033 2371 4096 gra-

871 4113 976 4176 tiae
1005 4111 1373 4192 susceptivi.
1397 4110 1658 4192 Propter
1687 4111 1856 4191 quod
1887 4111 1974 4173 ait
2003 4110 2363 4194 Scriptura:

2480 3126 2699 3187 sertim
2747 3125 2859 3206 qui
2905 3124 2986 3186 ab
3033 3123 3325 3205 originali
3385 3131 3641 3206 peccato
3690 3125 3971 3187 mundati

2481 3233 2651 3298 sunt,
2684 3232 2747 3286 et
2786 3224 3053 3305 gratiam
3096 3223 3551 3305 caritatemque
3587 3222 3971 3286 habitualem

2480 3321 2717 3385 habent
2765 3322 2831 3384 in
2880 3321 3093 3384 anima
3135 3339 3149 3385 ε
3192 3320 3413 3404 quales
3450 3329 3513 3383 et
3551 3321 3655 3383 isti
3700 3320 3969 3384 infantes

2477 3421 2680 3484 fuisse
2739 3422 3106 3497 creduntur,
3170 3428 3387 3503 utpote
3444 3420 3859 3502 circumcisi3
3914 3431 3971 3482 et

2478 3524 2677 3582 nolite
2714 3531 2953 3591 vetare,
2983 3519 3046 3582 id
3090 3528 3185 3582 est
3225 3518 3588 3601 prohibere,
3621 3539 3721 3580 eos
3755 3518 3836 3582 ab
3872 3539 3965 3582 ac-

2480 3637 2662 3682 cessu
2720 3620 2798 3682 ad
2856 3636 2979 3680 1110.
3039 3620 3298 3680 Talium
3346 3627 3435 3678 esc
3478 3619 3654 3679 enim
3700 3639 3969 3696 reynum

2478 3722 2810 3789 caelorum,
2831 3717 2891 3779 id
2924 3723 3021 3778 est
3050 3717 3510 3791 innocentium,
3532 3716 3808 3799 piorum,
3834 3717 3971 3779 sim·

2482 3815 2747 3898 plicium
2788 3823 2852 3878 et
2888 3816 3296 3891 mundorum,
3330 3815 3442 3897 qui
3484 3833 3599 3898 per
3627 3834 3859 3897 pueros
3896 3816 3971 3878 fi-

2477 3922 2807 3996 gurantur,
2846 3921 2909 3976 et
2939 3913 3155 3996 pueris
3184 3922 3493 3995 quantum
3524 3915 3601 3977 ad
3632 3913 3830 3978 bonas
3860 3934 3973 3997 pu-

2478 4033 2733 4078 erorum
2784 4011 3202 4095 proprietates
3248 4012 3702 4075 assimilantur.
3746 4012 3865 4076 Sed
3910 4020 3973 4075 et

2480 4131 2825 4196 puerorum
2864 4111 2943 4174 ab
2975 4111 3265 4192 originali
3304 4119 3716 4194 purgatorum
3744 4123 3841 4176 est
3878 4131 3969 4174 re-

872 4211 1036 4273 Deus
1094 4208 1388 4292 superbis
1447 4208 1702 4282 resistit,
1752 4209 2105 4272 humilibus
2154 4219 2365 4274 autem
2398 4217 2447 4278 D
2474 4232 2673 4294 gnum
2698 4207 3041 4284 caelorum,
3075 4210 3129 4271 si
3158 4217 3304 4272 ante
3343 4229 3529 4272 usum
3568 4210 3829 4274 rationis
3866 4213 3967 4274 de-

873 4310 976 4372 dat
1012 4309 1302 4390 gratiam.
1336 4306 1438 4370 Sic
1467 4314 1528 4368 et
1567 4307 1929 4389 philosophi
1971 4308 2240 4371 morales
2278 4317 2371 4372 te-

872 4408 1017 4470 stati
1075 4413 1244 4482 sunt,
1297 4406 1467 4487 quod
1518 4404 1721 4468 honor
1779 4406 2069 4487 sequitur
2119 4406 2370 4488 fugien-

869 4514 1018 4569 tem.
1062 4504 1166 4569 Vae
1209 4504 1402 4586 igitur
1442 4502 1793 4566 ambitiosis
1847 4511 1908 4566 et
1946 4505 2124 4568 vanis
2167 4506 2371 4569 homi-

872 4605 1086 4682 nibuS,
1120 4603 1272 4685 quia
1302 4603 1474 4665 illius
1505 4609 1653 4664 sunt
1692 4603 1858 4664 servi
1891 4603 1969 4666 de
1998 4622 2127 4685 quo
2158 4605 2223 4666 in
2252 4605 2364 4669 Job

873 4703 1304 4784 conscriptum
1351 4708 1446 4763 est
1481 4719 1495 4763 :
1528 4701 1668 4782 lpse
1707 4708 1802 4763 est
1842 4719 1950 4762 rex
1991 4719 2186 4783 super
2226 4705 2368 4765 uni-

874 4822 1087 4867 versos
1125 4801 1297 4865 filios
1337 4799 1674 4883 superbiae.
1713 4799 1868 4863 Hinc
1905 4801 2028 4864 Leo
2080 4821 2245 4884 papa
2280 4811 2369 4865 te-

871 4909 1070 4965 statur
1124 4920 1138 4964 :
1191 4900 1342 4964 Tota
1390 4899 1751 4962 christianae
1801 4899 2128 4981 sapientiae
2181 4901 2368 4964 disci-

873 5000 1068 5082 plina,
1121 5017 1246 5062 non
1297 4999 1362 5060 in
1423 4998 1811 5060 abundantia
1859 4997 2058 5072 verbi,
2113 5017 2240 5062 non
2300 5000 2364 5062 in

870 5099 1100 5161 astutia
1136 5097 1524 5180 disputandi,
1559 5115 1766 5179 neque
1804 5097 1870 5159 in
1909 5097 2196 5179 appetitu
2236 5098 2369 5160 lau-

873 5197 970 5259 dis
1017 5203 1082 5258 et
1124 5196 1362 5277 gloriae,
1416 5197 1526 5258 sed
1583 5195 1648 5257 in
1702 5215 1850 5260 vera
1901 5203 1962 5258 et
2009 5196 2368 5260 voluntaria

873 5294 1230 5358 humilitate
1268 5295 1574 5370 consistit,
1608 5313 1801 5376 quam
1845 5295 2149 5357 Dominus
2187 5295 2365 5358 Jesus

2475 4312 2721 4384 cedant,
2756 4317 2865 4371 aut
2891 4316 3109 4391 postea
3146 4314 3504 4390 susceptam
3531 4309 3797 4390 gratiam
3837 4330 3959 4374 non

2475 4409 2787 4474 amittant.
2829 4410 3035 4469 Amen
3086 4408 3231 4467 dico
3276 4408 3449 4467 vobis
3496 4424 3521 4468 .·
3566 4409 3961 4490 Quicumque

2473 4529 2604 4570 non
2635 4507 2944 4584 acceperit
2966 4525 3235 4584 reynum
3268 4507 3389 4566 Dei
3415 4507 3580 4567 sicut
3608 4527 3806 4584 puer,
3842 4508 3959 4571 hoc

2476 4615 2591 4682 est,
2624 4605 2736 4687 qui
2770 4622 2885 4687 per
2914 4603 3329 4666 imitationem
3367 4603 3677 4666 bonarum
3718 4607 3963 4688 propri-

2475 4712 2712 4768 etatum
2762 4702 2945 4786 pueri
2996 4721 3121 4764 non
3168 4701 3372 4764 tendit
3412 4703 3490 4765 ad
3535 4720 3798 4784 regnum
3842 4723 3965 4768 coe-

2476 4805 2653 4878 leste,
2698 4823 2828 4863 non
2882 4803 3155 4862 intrabit
3198 4803 3271 4861 in
3317 4803 3509 4862 illud.
3553 4800 3963 4874 Quemadmo-

2474 4904 2627 4965 dum
2660 4901 2831 4962 enim
2864 4917 3024 4982 puer
3054 4918 3181 4962 non
3220 4906 3581 4980 perseverat
3610 4898 3675 4961 111
3710 4900 3820 4974 ira,
3852 4901 3965 4964 sed

2474 5002 2598 5063 cito
2651 5000 2974 5081 placatur;
3028 5016 3154 5060 non
3210 4996 3492 5078 adspirat
3534 4999 3611 5060 ad
3658 4998 3801 5073 alta,
3851 5000 3963 5062 sed

2474 5098 2740 5162 modicis
2779 5103 3218 5175 contentatur3
3260 5096 3446 5158 laesus
3486 5115 3609 5159 non
3648 5096 3961 5173 meminit,

2474 5215 2593 5259 nec
2633 5195 2813 5258 alteri
2864 5193 3201 5256 insidiatur
3240 5200 3350 5254 aut
3394 5193 3699 5274 detrahit3
3740 5195 3964 5258 videns

2472 5293 2800 5370 feminam,
2827 5312 2953 5357 non
2984 5291 3337 5356 inordinate
3364 5289 3686 5355 afficitur:
3720 5291 3807 5354 ita
3832 5292 3962 5356 nisi

4082 2642 4135 2697 16

4083 4423 4140 4478 Π
