4300 6259
551 2182 713 2226 Joaem.
728 2185 815 2235 ιι,3.

550 2969 567 3013 1
582 2967 687 3013 Cor.
706 2981 735 3018 ι,
746 2969 812 3011 22.

638 3546 711 3611 49

636 4524 710 4581 50

839 495 962 561 358

1642 515 1989 565 mannum
2033 517 2097 563 IN
2138 516 2277 565 cAP.
2323 515 2384 563 IV
2424 515 2701 564 Jofflms.
2746 537 2827 548 --
2866 519 3011 565 Am.
3055 517 3144 564 111

841 687 1127 761 credenS‚
1162 688 1273 749 sed
1310 694 1581 764 tentanS,
1618 688 1836 752 volens
1876 687 2152 770 experiri
2192 688 2338 770 quis
2366 688 2416 749 A
2444 689 2770 770 gressibus
2827 691 3132 772 corporiS,
3183 691 3294 752 sed
3339 698 3402 752 et
3449 688 3680 751 mentis
3731 686 3939 770 profe-

841 793 951 848 aut
997 786 1207 867 qualis
1247 793 1432 861 esset,
1468 794 1530 848 et
1569 795 1880 867 quantum
1922 794 2154 869 posset.
2190 786 2339 850 Gre-

838 885 1055 966 gorius
1105 903 1255 948 vero
1312 886 1466 948 dicit
1522 887 1913 969 oppositum,
1966 896 2118 968 puta
2165 887 2336 967 quod

843 984 1130 1057 credidit,
1180 983 1335 1046 alias
1394 983 1533 1047 filio
1592 1004 1707 1048 suo
1766 1004 1890 1048 non
1943 993 2187 1066 peteret
2243 1003 2339 1047 so-

844 1082 1161 1164 spitatem.
1206 1082 1330 1146 Cur
1376 1101 1525 1164 ergo
1573 1083 1806 1145 dicitur
1854 1083 1935 1158 ei,
1976 1083 2109 1145 Nisi
2159 1083 2338 1164 signa

844 1181 1153 1255 videritiS,
1198 1199 1325 1243 non
1375 1181 1675 1243 creditis?
1720 1181 2067 1262 Respondit
2112 1181 2339 1261 Grego-

846 1278 1000 1352 riuS‚
1035 1279 1207 1359 quod
1244 1279 1487 1359 aliquid
1528 1278 1816 1351 credidit,
1851 1278 2095 1340 scilicet
2124 1278 2338 1340 Jesum

846 1394 1032 1458 posse
1069 1395 1303 1458 aegrum
1349 1395 1611 1456 sanare;
1652 1385 1714 1438 et
1750 1377 1993 1458 aliquid
2040 1397 2165 1440 non
2206 1396 2340 1440 cre-

844 1475 1025 1552 didit,
1062 1475 1305 1538 scilicet
1353 1478 1525 1558 quod
1569 1475 1797 1538 absens
1840 1483 2051 1559 posset
2088 1476 2210 1539 hoc
2249 1476 2341 1538 fa-

844 1592 1008 1637 cere.

925 1673 1133 1749 Porro,
1187 1675 1535 1737 secundum
1590 1674 2035 1756 Theophilum,
2084 1675 2340 1757 regulus

844 1773 963 1835 iste
993 1772 1285 1836 interfuit
1314 1774 1555 1856 nuptiis
1588 1774 1652 1835 in
1685 1774 1916 1855 quibus
1947 1793 2176 1856 aquam
2212 1794 2342 1836 mu-

2448 794 2552 849 ctu
2605 787 3041 870 proficiscenS‚
3093 788 3388 852 videlicet
3433 786 3513 849 ab
3565 784 3938 869 imperfecta

2447 886 2578 948 fide
2619 889 2694 949 ad
2739 886 2937 949 fidem
2981 887 3348 969 perfectam.

2524 991 2666 1048 Jam
2697 997 2912 1047 autem
2952 1007 3021 1046 eo
3060 989 3497 1056 descendente,
3523 987 3697 1046 servi
3714 1005 3938 1070 =occur-

2447 1094 2679 1144 rerunt
2715 1087 2800 1153 ei,
2829 1093 2890 1144 et
2929 1086 3402 1145 nuntiaverunt
3445 1085 3747 1150 dicentes,
3777 1085 3935 1162 quia

2445 1186 2622 1260 filias
2650 1185 2790 1260 ejus
2821 1185 3088 1254 viveret,
3119 1183 3183 1245 id
3221 1191 3338 1256 est,
3372 1181 3712 1244 incolumis
3749 1191 3936 1243 esset.

2449 1282 2675 1344 Tribus
2715 1284 2792 1345 de
2832 1283 3038 1344 causis
3077 1281 3495 1346 obviaverunt
3531 1281 3697 1344 servi
3741 1280 3806 1343 hi
3849 1299 3943 1342 re-

2446 1381 2596 1460 gulo
2639 1399 2653 1442 :
2699 1379 2926 1455 Primo,
2965 1387 3032 1442 ut
3079 1381 3320 1443 bonum
3370 1379 3667 1441 nuntium
3713 1398 3946 1461 appor-

2449 1479 2658 1552 tand0,
2722 1497 2869 1540 eum
2936 1477 3334 1541 laetificarent
3398 1495 3591 1559 quem
3655 1478 3944 1540 tristissi-

2450 1596 2628 1639 mum
2680 1585 3084 1659 putaverunt.
3135 1576 3312 1640 Servi
3363 1576 3606 1659 quippe
3653 1583 3942 1658 optantes

2448 1675 2644 1737 amari
2686 1694 2723 1736 a
2756 1675 3030 1738 dominis
3061 1675 3216 1749 suis,
3251 1675 3524 1737 libenter
3560 1675 3942 1737 annuntiant

4065 992 4132 1046 51

2450 1773 2589 1835 laeta
2634 1792 2706 1835 ac
2749 1792 3072 1855 prospera,
3109 1774 3272 1836 sicut
3320 1781 3492 1856 patet
3531 1775 3610 1836 de
3647 1773 3838 1835 Chusi
3875 1783 3942 1836 et
3969 1787 4210 1841 namna.

844 1873 1001 1935 tavit
1045 1872 1109 1934 in
1151 1873 1395 1946 vinum,
1434 1873 1573 1936 ideo
1614 1873 1881 1935 credidit
1909 1873 2121 1935 Jesum
2156 1892 2339 1955 posse
2381 1871 2422 1932 B
2449 1870 2801 1946 AchimaaS,
2853 1873 2964 1954 qui
3013 1873 3292 1935 exercitu
3344 1872 3538 1936 David
3597 1873 3943 1954 praevalen-

845 1971 1197 2052 agonizanti
1237 1989 1629 2034 succurrere.
1663 1971 1790 2035 Hoc
1828 1980 2038 2034 tamen
2080 1991 2206 2035 non
2235 1991 2342 2053 ap-

848 2077 1026 2150 paret
1082 2069 1222 2131 aliis
1281 2069 1610 2150 probabile
1660 2087 1674 2132 :
1736 2069 2039 2151 quoniam
2100 2070 2340 2152 nuptiae

847 2167 973 2230 illae
1023 2186 1379 2249 pauperum
1424 2176 1623 2243 erant,
1660 2185 1804 2230 nam
1855 2175 1918 2230 et
1965 2169 2189 2232 vinum
2232 2170 2342 2232 de-

846 2265 972 2329 fuit
1010 2265 1123 2340 ibi,
1166 2272 1230 2328 et
1275 2267 1625 2328 secundum
1660 2266 2134 2349 Hieronymum,
2167 2268 2341 2330 Joan-

846 2381 960 2426 nes
1004 2363 1389 2445 evangelista
1428 2364 1669 2426 exstitit
1712 2383 2026 2446 sponsus3
2079 2365 2337 2446 regulus

845 2470 1057 2524 autem
1116 2462 1235 2524 iste
1295 2471 1516 2544 potens
1567 2463 1749 2526 valde
1806 2463 2167 2546 praecipuus
2215 2463 2340 2526 fuit

846 2561 912 2624 in
964 2561 1225 2644 populo.
1276 2561 1452 2624 Unde
1501 2562 1711 2643 potius
1772 2580 1912 2625 reor
1958 2541 2128 2644 quo‘d
2179 2563 2339 2626 illud

844 2658 1225 2722 miraculum
1264 2659 1501 2722 factum
1543 2660 1607 2722 in
1640 2661 1883 2742 nuptiis
1916 2661 2200 2743 percepit
2229 2681 2342 2723 au-

844 2758 981 2820 ditu
1025 2777 1038 2820 :
1084 2765 1419 2839 propterea
1466 2758 1758 2840 concepit
1806 2757 2109 2821 fiduciam
2161 2779 2342 2822 oran-

844 2856 907 2918 di
953 2874 1068 2937 pro
1112 2855 1315 2916 salute
1356 2854 1481 2917 filii
1525 2855 1646 2917 sui.
1678 2891 1758 2900 —
1799 2856 2101 2937 Denique,
2137 2876 2340 2939 quum

846 2955 1011 3018 dieat
1048 2952 1407 3036 ApostoluS,
1439 2954 1634 3018 Judaei
1686 2955 1864 3034 signa
1910 2964 2236 3037 quaerunt3
2279 2964 2344 3018 et

2451 1977 2530 2044 te,
2565 1978 2627 2032 et
2663 1970 2976 2034 Absalone
3013 1970 3246 2050 occiso,
3279 1969 3621 2051 cupiebant
3663 1971 3796 2051 regi
3837 1971 3946 2032 Da·

2449 2069 2555 2132 vid
2605 2069 2726 2132 hoc
2774 2069 3090 2131 nuntiare.
3142 2067 3451 2142 Secundo,
3499 2076 3566 2130 ut
3613 2069 3942 2132 veritatem

2449 2168 2538 2230 rei
2589 2167 2847 2231 domino
2904 2187 3018 2230 suo
3078 2167 3465 2242 intimantes,
3517 2185 3662 2229 eum
3713 2167 3793 2230 ab
3841 2169 3946 2230 iti-

2450 2265 2619 2327 neris
2660 2264 2874 2328 labore
2917 2265 3290 2329 relevarent.
3325 2265 3554 2339 Tertio,
3589 2267 3942 2329 secundum

2447 2363 2802 2446 origenem,
2835 2365 3136 2445 quoniam
3167 2364 3309 2427 filio
3334 2363 3465 2446 jam
3493 2372 3732 2440 sanato,
3765 2373 3947 2447 puta-

2447 2463 2602 2525 bant
2631 2463 3026 2546 praesentiam
3062 2462 3294 2526 Christi
3325 2462 3944 2545 superfluam,quem

2449 2579 2594 2624 cum
2647 2561 2866 2642 regulo
2915 2560 3224 2643 putabant
3264 2567 3626 2624 venturum.
3661 2565 3948 2623 Interro-

2441 2663 2637 2738 9abat
2677 2681 2825 2737 erqo
2869 2661 3125 2742 regulus
3171 2663 3396 2721 horam
3439 2662 3519 2720 ab
3561 2661 3672 2734 eia,
3724 2661 3950 2724 videli-

2450 2766 2549 2820 cet
2579 2759 2779 2820 servis
2807 2759 2929 2820 sibi
2971 2758 3474 2826 occurrentibus.
3500 2760 3572 2819 in
3603 2779 3735 2839 qua
3767 2765 3950 2820 mela·-

2449 2877 2526 2918 us
2564 2860 2874 2918 habuerat
2923 2857 3100 2919 filius
3151 2857 3313 2938 ejus.
3347 2855 3474 2919 Hoc
3513 2857 3830 2938 quaesivit,
3876 2867 3950 2920 ut

2450 2955 2680 3018 certior
2709 2955 2896 3017 fieret
2925 2956 3002 3017 de
3032 2955 3294 3018 veritate
3325 2953 3638 3026 miraculi,
3672 2973 3753 3016 ne
3783 2954 3948 3018 forte

843 3053 1023 3116 lesus
1072 3071 1244 3115 nunc
1286 3052 1393 3126 ait,
1426 3051 1558 3114 Nisi
1604 3052 1781 3133 signa
1823 3059 1885 3116 et
1924 3055 2210 3142 prodigia
2250 3056 2341 3119 vi·
2377 3051 2419 3114 C
2449 3052 2624 3114 filius
2656 3073 2808 3116 suus
2849 3073 2884 3115 a
2923 3073 3071 3116 casu
3105 3053 3204 3115 vel
3247 3052 3512 3114 naturali
3555 3072 3744 3116 causa
3779 3060 3949 3115 esset

848 3151 1090 3226 deritiS,
1124 3170 1251 3214 non
1289 3151 1546 3213 creditis
1582 3169 1596 3214 z
1632 3151 1868 3216 idcirco
1906 3161 2124 3215 auctor
2152 3153 2342 3218 Scho-

845 3249 1084 3313 lasticae
1131 3249 1413 3312 historiae
1459 3249 1634 3321 dicit,
1686 3251 1854 3330 quod
1915 3251 2172 3331 regulus
2222 3252 2340 3315 iste

846 3347 1127 3412 creditur
1165 3346 1365 3409 fuisse
1413 3348 1491 3409 de
1538 3347 1725 3429 plebe
1762 3356 1826 3411 et
1863 3349 2105 3411 semine
2140 3350 2341 3413 Judae-

846 3463 1029 3508 orum
1065 3463 1079 3507 :
1113 3445 1283 3525 quod
1322 3443 1431 3505 alii
1472 3463 1597 3506 non
1638 3446 2014 3508 concedunt.

929 3544 1105 3604 Dicit
1162 3547 1249 3604 ad
1302 3564 1451 3603 eum
1502 3547 1765 3620 reyulus
1814 3565 1836 3603 :
1885 3547 2183 3614 Domine,
2233 3549 2342 3606 de-

843 3644 1070 3702 scende
1113 3643 1501 3721 priusquam
1549 3643 1871 3703 moriatur
1912 3646 2096 3720 filius
2138 3665 2336 3706 meuS.

843 3738 1245 3822 Imperfectio
1274 3738 1427 3801 fidei
1460 3739 1661 3820 reguli
1694 3740 2015 3816 elucescit,
2052 3761 2178 3805 non
2213 3751 2343 3805 tan-

843 3844 979 3899 tum
1016 3838 1080 3901 in
1121 3838 1240 3901 hoc
1278 3839 1447 3919 quod
1488 3839 1881 3920 corporalem
1911 3839 2136 3902 Christi
2186 3861 2343 3923 prae-

844 3936 1111 3998 sentiam
1169 3936 1439 3998 credidit
1494 3937 1936 4012 necessariam,
1990 3940 2099 4002 sed
2147 3939 2340 4002 etiam

843 4034 995 4115 quia
1034 4053 1159 4097 non
1200 4034 1499 4114 cogitavit
1534 4035 1631 4097 vel
1674 4036 1942 4098 credidit
1984 4038 2157 4117 quod
2203 4057 2341 4119 pos-

844 4139 938 4194 set
982 4131 1287 4193 suscitare
1332 4131 1727 4194 defunctum.
1768 4132 2007 4215 Nempe
2048 4135 2139 4196 sic
2177 4145 2333 4210 orat,

2449 3159 2725 3214 sanatus.
2761 3152 3017 3227 Tamen,
3052 3152 3103 3214 si
3146 3159 3293 3213 ante
3331 3151 3517 3214 scivit
3555 3144 3725 3233 quod
3765 3151 3946 3215 filius

2449 3269 2603 3312 suus
2663 3251 2931 3313 letaliter
2989 3250 3457 3324 infirmabatur,
3517 3250 3680 3312 scire
3738 3251 3947 3332 potuit

2449 3349 2618 3429 quod
2672 3367 2796 3412 non
2846 3349 3044 3412 valuit
3083 3347 3453 3410 naturaliter
3495 3349 3797 3430 reparari.
3847 3349 3948 3411 Id-

2451 3446 2619 3510 circo
2651 3445 2812 3510 forte
2856 3447 3074 3509 horam
3112 3447 3428 3528 quaesivit‚
3463 3453 3533 3507 ut
3569 3447 3748 3522 alioS‚
3785 3467 3946 3529 pree-

2450 3545 2668 3607 sertim
2713 3545 3088 3608 domesticos
3129 3563 3298 3619 suna,
3335 3544 3632 3608 solidaret
3669 3545 3736 3606 in
3785 3544 3940 3608 fide.

2452 3647 2536 3706 Et
2573 3645 2886 3704 dimerunc
2923 3645 2986 3703 ei
3014 3665 3036 3703 .·
3083 3645 3250 3712 Quia
3289 3645 3433 3704 heri
3473 3646 3630 3704 Ιιονα
3668 3646 3944 3721 septima

2451 3743 2716 3822 reliquit
2745 3763 2892 3803 eum
2923 3742 3134 3805 subito
3164 3749 3227 3803 et
3257 3741 3533 3823 perfecte
3560 3744 3760 3822 febris
3789 3760 3946 3804 mor-

2448 3839 2656 3915 tifera,
2723 3840 2787 3901 in
2855 3847 3102 3902 tantum
3166 3840 3338 3921 quod
3408 3847 3622 3921 postea
3689 3839 3942 3902 nullum

2449 3938 2702 4018 signum
2754 3939 3038 4020 pristinae
3087 3937 3478 4001 infirmitatis
3526 3937 3590 4000 in
3643 3938 3782 4021 ipso
3831 3957 3946 4021 ap-

3969 1852 4104 1892 ΞῌΒ.

4077 2573 4142 2627 52

2449 4037 2660 4118 paruit
2713 4055 2726 4099 :
2779 4037 2944 4099 sicut
2992 4055 3210 4100 socrus
3260 4035 3422 4098 Petri
3473 4035 3862 4110 febricitanS,
3903 4057 4202 4101 ananam.

2448 4134 2696 4198 Christo
2725 4144 2939 4198 sanata
2969 4155 3116 4198 mox
3147 4135 3425 4197 surrexit
3450 4143 3630 4216 atque
3661 4137 3740 4198 ad
3769 4154 3943 4198 men-

843 4230 1161 4293 Descende
1192 4231 1561 4313 priusquam
1594 4232 1902 4294 moriatur
1924 4232 2101 4295 filius
2133 4253 2331 4308 meus,
2366 4241 2413 4301 D
2448 4253 2579 4295 sam
2625 4233 3010 4297 ministravit
3044 4253 3058 4296 :
3101 4234 3274 4314 quod
3317 4234 3382 4295 in
3427 4233 3938 4296 febricitantibus

843 4328 1023 4410 quasi
1093 4335 1271 4410 putet
1335 4330 1507 4410 quod
1576 4338 1920 4404 mortuum,
1983 4331 2175 4392 etiam
2232 4333 2340 4394 de-

845 4428 1203 4491 scendendo
1244 4428 1323 4490 ad
1371 4446 1540 4500 eum,
1576 4429 1881 4491 suscitare
1929 4448 2054 4492 non
2100 4439 2332 4511 posset.

842 4527 1022 4586 Dicit
1080 4528 1141 4586 ei
1185 4529 1365 4587 Jesus
1412 4547 1436 4590 .·
1484 4528 1677 4598 Vade,
1724 4530 1909 4604 filius
1969 4537 2117 4588 tuus
2173 4531 2339 4591 vivit

846 4623 973 4687 vita
1031 4624 1301 4686 naturali
1362 4630 1424 4686 et
1480 4625 1907 4698 convenienti,
1967 4625 2033 4688 id
2090 4634 2207 4701 est,
2271 4628 2335 4689 in

844 4722 964 4786 hoc
1008 4729 1350 4797 momento,
1387 4741 1488 4784 me
1530 4732 1834 4805 operante
1877 4730 2067 4805 atque
2115 4743 2341 4787 secun-

842 4821 996 4883 dum
1045 4840 1277 4904 corpus
1320 4822 1602 4898 absente,
1656 4829 1910 4885 sanatus
1958 4831 2073 4884 est.
2122 4827 2340 4886 Credi-

840 4922 941 4982 dit
970 4923 1154 4981 homo
1190 4923 1474 4982 sermoni
1510 4942 1701 5002 quem
1738 4923 1918 4982 dimit
1954 4923 2017 4980 ei
2043 4924 2250 4993 JesuS,
2277 4933 2340 4984 ec

840 5019 976 5079 ibat
1022 5019 1100 5080 ad
1142 5018 1351 5080 filium
1392 5037 1604 5080 suum.
1635 5019 1772 5081 Jam
1812 5019 2040 5082 merito
2080 5021 2338 5101 regulus

736 5129 743 5135 ·
840 5116 1198 5198 appellatur
1245 5116 1456 5192 homo,
1493 5117 1554 5179 id
1606 5127 1701 5180 est
1751 5127 1934 5180 utens
1981 5119 2224 5181 ratione
2265 5139 2338 5182 ac

840 5214 1298 5278 rationabiliter
1344 5233 1556 5296 agens,
1611 5217 1763 5279 dum
1814 5217 2015 5279 credit
2064 5216 2332 5293 Christo,

839 5318 903 5374 et
959 5312 1096 5376 voci
1154 5311 1294 5394 ejus
1349 5313 1586 5388 obedit,
1650 5315 1859 5378 eundo
1928 5333 2053 5378 non
2124 5315 2333 5378 solum

2447 4333 2680 4394 sanatis
2725 4333 3095 4394 naturaliter
3137 4351 3262 4396 non
3308 4333 3636 4413 contingit.

2549 4434 2852 4509 Coqnovic
2900 4451 3050 4508 erqo
3093 4441 3284 4508 pater
3341 4430 3466 4492 filii
3521 4431 3650 4511 jam
3709 4431 3934 4504 sanati,

2448 4531 2742 4593 videlicet
2785 4530 3063 4611 regulus,
3097 4529 3283 4611 cujus
3331 4529 3660 4612 proprium
3705 4547 3937 4592 nomen

2448 4647 2574 4692 non
2623 4628 2978 4710 explicatur
3030 4647 3043 4690 :
3095 4628 3352 4708 regulus
3407 4645 3637 4710 nempe
3683 4636 3781 4690 est
3827 4647 3940 4692 no-

2447 4745 2592 4788 men
2641 4726 2844 4789 officii
2899 4726 2996 4789 vel
3046 4727 3391 4807 dignitatis,
3437 4745 3562 4790 non
3609 4744 3934 4808 personae3

2445 4826 2603 4904 quia
2645 4827 2764 4884 illa
2803 4827 2980 4893 hora,
3015 4823 3314 4888 videlicet
3362 4825 3651 4906 septima,
3683 4835 3824 4886 erat
3863 4827 3934 4886 in

2445 4944 2576 5004 qua
2614 4925 2791 4982 dimit
2829 4925 2891 4982 ei
2917 4925 3099 4984 Jesus
3129 4942 3152 4982 .·
3181 4925 3401 4983 Filius
3443 4932 3592 4984 tuus
3633 4924 3816 4983 vivit.
3853 4925 3939 4984 Et

2444 5023 2724 5082 credidit
2761 5023 2895 5098 ipse
2933 5020 3144 5083 lesum
3187 5039 3325 5084 esse
3363 5019 3682 5083 Christum
3723 5020 3932 5082 filium

2445 5119 2576 5194 Dei,
2630 5129 2687 5179 et
2737 5123 2986 5188 domus,
3029 5119 3092 5182 id
3143 5128 3238 5182 est
3285 5119 3549 5195 familia,
3591 5121 3734 5197 eius
3781 5129 3930 5192 tota,

2445 5236 2558 5280 seu
2605 5236 2824 5281 omnes
2882 5218 3007 5280 sibi
3063 5217 3520 5282 cohabitantes.
3583 5215 3672 5279 Ex
3731 5217 3935 5281 consi-

2445 5316 2767 5380 deratione
2813 5317 2987 5378 enim
3037 5316 3231 5391 horae,
3279 5321 3713 5398 cognoverunt
3760 5315 3928 5398 quod

3970 4124 4038 4172 Η,
4057 4123 4118 4164 ts.

4067 4441 4132 4498 ⁵³
