4300 6259
1064 517 1418 564 ananam-10
1466 517 1529 562 m
1572 517 1711 562 CAP.
1759 515 1841 562 xv
1884 514 2073 561 tucAE.
2119 533 2198 544 —
2241 514 2382 560 ΛΒΤ.
2428 515 2664 562 xxxvm
3303 493 3419 558 113

310 686 513 767 legem
570 687 797 770 ipsius.
850 687 1040 752 Porro
1090 707 1205 770 per
1250 687 1562 752 annulum
1617 687 1822 769 sphae-
1848 686 1899 747 A
1929 695 2080 761 rate,
2114 694 2176 748 et
2223 705 2370 748 eum
2416 705 2530 768 pro
2573 687 2850 749 humana
2897 686 3099 748 salute
3138 684 3420 748 occisum

310 785 459 847 ricae
506 785 759 866 sigui-m,
812 785 878 847 in
925 805 1056 867 quo
1107 806 1233 851 non
1282 794 1378 848 est
1427 785 1817 868 principium
1927 784 2296 846 denuntiate
2338 803 2350 845 :
2395 785 2745 846 secundum
2793 785 2962 865 quod
3011 783 3230 846 Petrus
3277 783 3415 844 ait:

306 891 416 946 aut
464 885 671 946 finem
722 885 1067 965 assignare,
1113 893 1369 948 notatur
1410 885 1573 947 fides
1614 883 1821 945 Trini-

303 982 455 1043 tatis
496 991 751 1044 aeternae
786 1003 798 1044 :
835 1001 963 1064 quo
1004 983 1217 1045 anima
1255 982 1500 1066 Sponso
1550 984 1819 1063 despon-

306 1089 483 1142 satur
522 1081 791 1156 coelesti,
829 1082 1079 1144 dicente
1129 1081 1248 1144 hoc
1296 1083 1435 1163 ipso
1484 1080 1813 1163 Propheta,

48 1179 639 1262 ocee21‚2o.Sponsabo
681 1188 743 1242 te
782 1180 942 1242 mihi
985 1181 1052 1242 in
1087 1180 1242 1242 fide.
1278 1179 1437 1241 Hinc
1478 1177 1819 1240 sacratissi-

304 1298 409 1340 ma
440 1287 503 1341 et
535 1279 1064 1341 innocentissima
1092 1279 1299 1359 Agnes
1332 1278 1493 1340 dixit
1525 1275 1819 1339 :Annulo

304 1376 463 1438 fidei
508 1395 643 1439 suae
687 1377 1095 1439 subarrhavit
1136 1395 1263 1438 me.

384 1478 475 1536 Ec
504 1479 962 1548 calceamenta,
997 1475 1061 1537 id
1101 1483 1197 1549 est
1236 1474 1637 1536 munimenta
1671 1491 1817 1535 eon-

302 1581 401 1634 tra
442 1589 516 1634 ea
556 1589 703 1653 quae
732 1572 999 1636 virtuosi
1041 1590 1375 1654 processus
1416 1579 1567 1634 sunt
1605 1589 1820 1633 corru-

302 1671 503 1753 ptiva,
540 1673 615 1732 in
640 1673 834 1748 pedes
862 1672 1027 1750 qius,
1062 1671 1126 1734 id
1158 1678 1253 1733 est
1285 1670 1351 1732 in
1384 1677 1657 1751 utroque
1688 1687 1818 1731 suae

301 1769 537 1832 animae
586 1770 899 1851 appetitu,
953 1770 1199 1832 scilicet
1256 1768 1563 1831 sensitivo
1611 1775 1673 1829 et
1722 1767 1819 1829 in-

1928 883 2212 946 Christus
2264 902 2486 966 passus
2533 892 2628 945 est
2675 903 2790 966 pro
2839 883 3112 965 peccatis
3162 881 3414 956 nostriS,
3473 901 3708 954 lectum,

1923 983 2134 1062 justus
2185 1001 2300 1064 pro
2351 982 2632 1063 injustis,
2679 990 2749 1042 ut
2795 1001 2910 1044 nos
2959 980 3220 1044 offerret
3267 979 3414 1042 Dec.
3449 965 3514 1006 ¹⁸·

1924 1081 2125 1161 Hujus
2169 1099 2317 1144 vero
2358 1080 2670 1162 passionis
2709 1079 3220 1143 commemoratio
3261 1098 3420 1161 prae-

1928 1180 2115 1261 cipue
2145 1179 2222 1240 rit
2261 1179 2327 1240 in
2360 1179 2686 1241 Missarum
2727 1178 3172 1253 celebratione,
3207 1176 3422 1240 Sacra-

1928 1278 2255 1359 mentique
2286 1278 2714 1360 perceptione,
2739 1278 2904 1340 sicut
2932 1277 3018 1340 ait
3047 1277 3416 1359 Apostolus:

1925 1375 2459 1457 Quotiescumque
2490 1375 2952 1438 manducabitis
2988 1394 3216 1457 panem
3248 1375 3422 1438 hunc
3448 1387 3708 1439 icor-anzo.

1927 1483 1989 1537 et
2046 1474 2306 1537 calicem
2367 1473 2621 1549 bibetis,
2677 1481 2942 1537 mortem
3001 1473 3248 1537 Domini
3307 1493 3420 1537 an-

1928 1574 2327 1636 nuntiabitis·
2351 1577 2438 1636 Ec
2465 1577 2951 1642 manducemuS,
2983 1583 3042 1634 et
3069 1578 3421 1652 epulemur,

1927 1673 1992 1737 id
2023 1680 2137 1748 est,
2175 1675 2250 1735 de
2282 1671 2476 1752 hujus
2505 1671 2630 1733 filii
2662 1671 2788 1733 mei
2828 1671 3268 1735 emendatione
3297 1673 3426 1754 spi-

1930 1772 2244 1835 ritualiter
2281 1771 2648 1833 reficiamur
2687 1778 2749 1833 et
2787 1770 3156 1850 gloriemur.
3192 1771 3260 1834 In
3297 1771 3428 1854 pri-

300 1867 653 1942 telleetivo‚
705 1867 945 1949 quibus
996 1869 1061 1930 in
1114 1867 1216 1930 via
1264 1867 1369 1928 Dei
1426 1866 1813 1948 proceditur,
1854 1866 1902 1929 B
1930 1871 2149 1933 mitiva
2178 1870 2422 1952 quippe
2451 1868 2746 1945 Ecclesia,
2772 1868 3111 1931 Christiani
3141 1868 3426 1951 quotidie

302 1967 564 2047 quando
606 1965 673 2027 hi
713 1966 1038 2048 appetitus
1083 1965 1345 2028 rationis
1385 1963 1628 2044 judicio
1667 1963 1821 2025 diri-

298 2072 546 2145 guntur
591 2081 605 2126 ε
649 2064 921 2127 amando
972 2081 1250 2144 namque
1290 2069 1352 2124 et
1401 2063 1818 2125 desiderando

301 2163 619 2237 ordinate,
673 2162 1079 2245 potissimum
1142 2163 1271 2224 itur
1328 2162 1407 2223 ad
1465 2160 1687 2223 Deum.
1743 2159 1820 2223 Et

301 2261 617 2342 quoniam
657 2259 1084 2322 calceamenta
1125 2261 1203 2322 de
1244 2266 1644 2322 mortuorum
1683 2258 1819 2320 ani-

302 2361 578 2423 malium
630 2359 909 2442 pellibus
959 2359 1149 2435 fiunt,
1185 2365 1354 2421 recte
1404 2377 1519 2440 per
1558 2376 1631 2420 ea
1678 2377 1819 2419 san-

304 2465 558 2522 ctorum
620 2465 875 2541 patrum
936 2458 1249 2541 exempla,
1301 2457 1541 2539 quibus
1600 2463 1818 2518 contra

305 2564 572 2639 peccata
629 2556 983 2630 munimur,
1038 2556 1391 2636 signantur.
1445 2554 1531 2616 De
1580 2553 1815 2635 quibus

46 2667 272 2718 cant-nm-
304 2655 371 2718 in
426 2655 706 2718 Canticis
755 2654 991 2735 legitur
1043 2672 1056 2716 :
1108 2652 1307 2726 Quam
1366 2652 1618 2734 pulchri
1670 2658 1819 2712 sunt

302 2773 568 2835 gressus
618 2753 712 2814 tui
763 2753 829 2815 in
880 2752 1347 2825 calceamentiS,
1394 2749 1530 2812 filia
1579 2748 1819 2832 princi-

218 2879 273 2916 τι.
304 2853 451 2934 pis!
498 2850 842 2934 Apostolus
895 2867 1155 2932 quoque
1204 2849 1491 2912 hortatur
1543 2867 1556 2910 :
1612 2847 1819 2910 Calce-

302 2951 389 3013 ati
448 2951 647 3032 pedes
701 2949 769 3011 in
824 2948 1285 3031 praeparatione
1336 2946 1661 3026 Evangelii
1713 2965 1819 3027 pa-

62 2863 207 2920 E'pkeu.

44 2930 98 2970 1⁵.

1930 1977 2394 2031 sacramentum
2444 1966 2857 2030 Eucharistiae
2903 1975 3308 2048 acceperunt.
3357 1968 3426 2030 In

1928 2074 2176 2129 tantum
2208 2084 2356 2128 vero
2390 2064 2552 2126 Deus
2595 2071 2874 2128 nostram
2914 2064 3095 2147 cupit
3131 2065 3422 2140 salutem,

1931 2173 2001 2227 ut
2036 2166 2111 2226 de
2154 2171 2367 2226 nostra
2407 2162 2782 2244 poenitentia
2820 2171 2884 2225 et
2921 2163 3238 2244 spirituali
3285 2183 3428 2246 pro-

1928 2262 2099 2325 fectu
2138 2261 2396 2343 gloriari
2437 2278 2504 2322 se
2543 2268 2946 2343 protestetur.
2979 2261 3132 2323 Nam
3172 2270 3236 2323 et
3264 2262 3428 2344 Apo-

1930 2361 2127 2424 stolus
2177 2361 2266 2422 ait
2307 2378 2320 2422 :
2362 2359 2506 2422 Haec
2553 2367 2650 2421 est
2694 2360 2985 2422 voluntas
3028 2359 3161 2433 Dei,
3198 2361 3427 2422 sancti-
3454 2375 3716 2429 numm,

1927 2458 2141 2521 ficatio
2190 2465 2418 2522 vestra.
2473 2457 2544 2518 Et
2601 2457 2667 2518 in
2715 2458 3090 2539 Apocalypsi
3142 2458 3426 2539 loquitur
3454 2441 3494 2482 ³·

1930 2557 2214 2620 Christus
2252 2576 2265 2620 :
2303 2556 2428 2638 Ego
2479 2563 2574 2619 sto
2611 2556 2688 2617 ad
2728 2556 2960 2618 ostium
3007 2565 3070 2619 et
3113 2557 3334 2638 puls03
3369 2558 3422 2621 si
3452 2576 3576 2630 Αροο
3577 2589 3650 2628 ιιιιι
3653 2577 3721 2618 20.

1929 2656 2073 2738 quis
2122 2655 2446 2738 aperuerit
2481 2654 2663 2727 mihi,
2708 2653 2956 2717 intrabo
2996 2654 3073 2717 ad
3123 2654 3327 2723 illum,
3361 2665 3424 2719 et

1930 2754 2193 2818 coenabo
2223 2773 2368 2816 cum
2402 2771 2496 2817 eo.
2520 2755 2689 2822 Quia
2718 2753 2824 2813 hic
2845 2755 3029 2830 filius
3059 2775 3235 2816 meus
3265 2777 3425 2817 mor·
3557 2765 3629 2821 24

1932 2863 2080 2914 tuus
2126 2862 2266 2912 erac
2315 2869 2429 2933 per
2475 2851 2726 2932 culpam
2765 2868 2778 2912 :
2811 2849 2992 2929 juxta
3040 2869 3231 2931 quem
3284 2872 3425 2915 sen-

1929 2970 2070 3012 sum
2122 2950 2188 3011 in
2220 2949 2597 3032 Apocalypsi
2647 2947 2838 3010 alicui
2891 2948 3146 3024 dicitur,
3179 2949 3422 3014 Nomen
3492 2959 3610 3014 ιὸῑα.
3634 2974 3672 3015 ι.

302 3050 419 3112 cis.
474 3047 767 3129 Denique
818 3066 932 3129 per
982 3048 1173 3128 pedes
1228 3045 1497 3126 intelligi
1548 3051 1819 3127 possunt
1855 3047 1900 3113 C
1931 3049 2123 3111 habes
2172 3048 2343 3130 quod
2385 3047 2582 3122 vivaS,
2617 3048 2726 3109 sed
2775 3054 3064 3110 mortuus
3103 3066 3207 3128 es;
3238 3060 3300 3111 et
3326 3071 3425 3110 re-

300 3146 675 3209 intellectus
724 3153 917 3227 atque
967 3145 1283 3219 voluntas,
1318 3143 1621 3224 quoniam
1671 3161 1817 3205 con-

297 3245 679 3328 templando
727 3263 801 3306 ac
850 3243 1171 3324 diligendo
1220 3242 1458 3316 diviua,
1494 3241 1815 3324 praecipue

298 3343 475 3406 imus
526 3344 609 3406 ad
659 3343 954 3425 patriam.
1001 3340 1077 3403 Hi
1128 3342 1322 3423 pedes
1372 3341 1815 3402 calceamentis

296 3449 634 3523 teguntur,
668 3460 872 3523 quum
903 3443 1069 3504 dono
1100 3439 1431 3522 sapientias
1466 3445 1528 3500 et
1557 3439 1815 3501 caritate

298 3541 523 3604 infusa
573 3547 907 3620 ornantur,
939 3538 1179 3621 quibus
1227 3538 1306 3599 ad
1355 3537 1683 3619 superiora
1728 3537 1815 3598 le-

300 3648 562 3715 vantur,
605 3657 685 3700 ne
731 3645 1132 3700 terrenorum
1183 3636 1458 3716 cogitatu
1505 3644 1615 3697 aut
1660 3634 1816 3698 affe—

300 3746 409 3800 ctu
454 3737 808 3801 foedentur.

116 3837 177 3892 23
382 3839 476 3897 Et
506 3836 818 3897 adducite
848 3835 1131 3894 viculum
1159 3835 1555 3909 sayinatum,
1590 3831 1656 3893 id
1693 3839 1809 3906 est,

302 3934 639 3998 Christum
679 3951 795 4015 pro
836 3931 1021 3994 nobis
1064 3949 1345 4012 passum,
1380 3937 1444 3991 et
1485 3929 1685 3992 instar
1723 3929 1816 3994 vi-

300 4034 423 4096 tuli
458 4039 728 4116 propter
758 4049 874 4094 nos
906 4029 1328 4103 immolatum,
1362 4028 1420 4091 ei
1453 4029 1809 4111 praedicate,

303 4132 699 4194 imitandum
756 4127 1115 4211 proponite,
1177 4136 1242 4189 et
1300 4126 1420 4189 sub
1478 4126 1813 4209 speciebus

1933 3149 2101 3208 vimic
2159 3165 2273 3229 per
2333 3145 2796 3228 poenitentiam,
2860 3164 3002 3226 quae
3071 3149 3422 3210 secundum

1928 3245 2401 3327 Hieronymum,
2434 3251 2530 3306 est
2559 3244 2834 3306 secunda
2863 3243 3078 3306 tabula
3109 3253 3250 3326 post
3277 3265 3426 3307 nau·

1929 3343 2199 3424 fragium
2228 3361 2244 3423 3
2277 3343 2588 3420 perierat,
2622 3351 2682 3403 et
2718 3343 3022 3403 inventus
3058 3353 3172 3404 est.

2008 3445 2094 3502 Et
2128 3451 2454 3518 coeperunt
2491 3442 2776 3520 epulari,
2807 3439 2871 3502 id
2915 3447 3010 3502 est
3048 3441 3189 3521 ejus
3233 3443 3420 3505 saluti

1927 3547 1991 3601 et
2014 3538 2232 3619 gratiae
2261 3537 2679 3618 congratulari
2717 3555 2731 3599 ε
2766 3556 2910 3619 quae
2944 3546 3040 3600 est
3069 3539 3419 3620 spiritualis

1929 3637 2214 3711 refecti0‚
2268 3637 2346 3698 de
2400 3655 2528 3718 qua
2582 3636 2920 3699 Corinthiis
2979 3637 3202 3700 scribit
3252 3638 3418 3721 Apo-

1927 3736 2148 3810 stolus,
2183 3733 2474 3797 Reiectus
2513 3742 2610 3796 est
2647 3734 2908 3816 spiritus
2940 3734 3061 3796 Titi
3101 3735 3180 3797 ab
3214 3737 3420 3799 omni·
3463 3746 3708 3800 ”Cor-vn.

1926 3835 2047 3897 hus
2095 3833 2312 3913 vobis:
2363 3839 2426 3894 et
2475 3830 2820 3908 psalmista,
2868 3833 3027 3896 Iusti
3077 3834 3420 3916 epulentur
3447 3812 3708 3924 ffimm·

1926 3941 1988 3996 et
2035 3932 2358 3996 exsultent
2401 3931 2468 3992 in
2518 3939 2860 4013 conspectu
2909 3932 3040 3994 Dei.
3079 3932 3194 4006 Qui
3245 3935 3416 3996 enim

1927 4050 2075 4096 vere
2105 4029 2370 4094 virtuosi
2403 4037 2466 4092 et
2494 4029 2804 4092 caritativi
2835 4038 3005 4104 sunt,
3041 4032 3119 4093 de
3146 4031 3418 4095 aliorum

1925 4128 2365 4192 emendatione
2404 4127 2678 4190 maxime
2715 4127 3149 4190 exhilarantur
3185 4137 3248 4191 et
3281 4148 3420 4211 gra·
3463 4182 3470 4190 .

302 4229 705 4294 Sacramenti
756 4228 1140 4290 sumendum
1191 4225 1489 4308 praebete.
1529 4225 1813 4289 Christus
1841 4233 1892 4294 D
1924 4229 2043 4290 tias
2073 4236 2269 4309 agunt
2299 4226 2421 4290 Deo
2456 4245 2468 4288 :
2503 4225 2616 4306 qui
2648 4233 2822 4288 actus
2862 4234 3012 4287 sunt
3049 4226 3253 4302 cibuS,
3289 4228 3418 4291 imo

303 4336 527 4390 autem
560 4328 918 4390 secundum
951 4326 1295 4387 humanam
1336 4332 1625 4386 naturam
1660 4325 1818 4386 dici-

304 4437 412 4489 tur
445 4425 716 4500 vitulus,
752 4432 1014 4507 propter
1044 4442 1223 4485 suam
1264 4423 1331 4484 in
1367 4441 1555 4485 cruce
1590 4424 1819 4487 immo·

304 4524 644 4598 lationem,
690 4530 753 4585 et
792 4523 1137 4603 saginatus,
1180 4522 1487 4602 quoniam
1527 4521 1817 4584 omnium

305 4623 775 4687 charismatum
830 4620 1049 4701 gratiae
1108 4619 1509 4701 plenitudine
1565 4620 1819 4683 decora-

304 4728 433 4784 tus.
498 4719 590 4782 De
650 4719 1020 4800 hujusmodi
1083 4718 1473 4799 saginatione
1534 4718 1820 4800 loquitur

76 4835 199 4889 ιιιε,
222 4842 263 4885 2.
305 4821 503 4882 isaias
541 4837 555 4880 :
596 4816 1019 4879 Delectabitur
1050 4816 1116 4878 in
1152 4816 1570 4878 crassitudine
1608 4817 1821 4878 anima

52 4931 280 4988 mame.
308 4927 561 4996 vestra;
596 4923 660 4978 et
692 4934 934 4989 rursuS,
967 4914 1179 4976 Faciet
1204 4914 1509 4978 Dominus
1550 4915 1615 4976 in
1646 4934 1821 4979 mon-

308 5026 369 5080 te
420 5018 571 5090 hoc,
624 5014 872 5078 scilicet
920 5013 985 5075 in
1036 5021 1249 5076 monte
1297 5013 1469 5088 Sion,
1522 5014 1821 5076 omnibus

306 5114 617 5197 gentibus
668 5112 1037 5176 convivium
1085 5110 1425 5194 pinguium
1470 5129 1483 5173 :
1524 5113 1695 5193 quod
1745 5114 1823 5175 de

310 5213 665 5276 refectione
706 5209 1120 5273 Eucharistiae
1156 5210 1520 5292 exponitur.
1554 5213 1641 5271 Ει
1670 5212 1826 5270 ocei-

308 5314 475 5382 dite,
507 5311 573 5373 id
614 5315 732 5385 est,
767 5308 999 5372 Christi
1040 5309 1402 5391 passionem
1442 5327 1826 5373 commemo—

565 5443 634 5496 T.
662 5443 747 5498 12.

1927 4334 1988 4389 et
2018 4325 2297 4408 epulatio
2337 4323 2589 4386 mentis.
2625 4320 2914 4405 Epulatio
2953 4323 3124 4386 enim
3161 4332 3420 4388 vocatur

1926 4424 2207 4490 solennis
2252 4421 2530 4484 refectio.
2901 4484 2906 4490 ,

2023 4526 2193 4584 Erat
2239 4530 2455 4582 autem
2501 4520 2685 4596 filius
2729 4519 2870 4596 ejus
2914 4522 3152 4589 senior,
3203 4521 3269 4583 id
3323 4528 3419 4583 est
3551 4531 3624 4588 25

1925 4619 2222 4684 Judaicus
2271 4618 2546 4700 populus
2581 4636 2594 4680 :
2628 4617 2740 4698 qui
2791 4616 3002 4681 senior
3038 4618 3415 4700 appellatur,

1928 4719 2081 4801 quia
2123 4717 2392 4798 gentiles
2442 4715 2762 4797 praecessit
2816 4717 3176 4780 maturitate
3221 4725 3284 4779 et
3329 4737 3425 4779 sa-

1932 4815 2191 4898 pientia,
2225 4812 2530 4894 cultuque
2562 4812 2693 4874 veri
2735 4811 2843 4874 Dei
2862 4833 2878 4893 ;
2911 4815 2984 4874 in
3013 4832 3193 4890 ayro,
3225 4814 3289 4876 id
3329 4822 3424 4876 est

1931 4916 1995 4976 in
2046 4911 2314 4975 terrenis
2356 4909 2885 4992 promissionibus
2922 4918 3287 4993 occupatuS‚
3320 4912 3426 4974 lit-

1929 5013 2108 5076 terali
2153 5029 2343 5072 sensu
2383 5014 2736 5084 contentus,
2773 5027 2898 5072 non
2944 5009 3009 5070 in
3059 5008 3422 5072 coelestibus

1933 5110 2246 5174 radicatus
2282 5125 2295 5170 ε
2331 5125 2477 5168 nam
2517 5113 2580 5167 et
2608 5105 2927 5169 Christum
2969 5106 3033 5167 in
3066 5106 3273 5188 primo
3309 5127 3424 5172 suo

1932 5209 2209 5271 adventu
2274 5203 2581 5286 putabant
2638 5203 3069 5284 temporaliter
3125 5213 3422 5286 regnatu-

1934 5326 2101 5382 rum,
2134 5313 2198 5368 et
2234 5302 2532 5367 omnibus
2569 5303 2792 5364 mundi
2825 5301 3066 5364 divitiis
3099 5321 3168 5366 se
3211 5305 3427 5388 copio-

3144 5437 3177 5492 8
