4300 6259
91 1797 230 1839 Rom.

55 1862 122 1900 13.

84 2092 105 2134 1
127 2093 246 2135 Cor.
269 2105 354 2140 ιιι,

57 2159 126 2198 ³1.

63 2381 171 2423 Act.
191 2395 240 2430 u,
257 2383 355 2423 2-4.

1107 527 1459 574 BNARRATIO
1503 529 1564 573 IN
1607 527 1744 574 CAP.
1791 529 1895 576 xlv
1937 529 2216 577 JOANNJS.
2264 550 2341 560 —
2384 530 2526 576 Am.
2573 531 2762 577 xxxv1

3362 513 3485 577 535

459 697 582 761 Sed
631 699 790 780 quid
837 707 933 761 est
975 701 1147 782 quod
1189 699 1475 762 Christus
1525 700 1875 782 praemittit,
1912 703 1959 763 A
1992 699 2315 778 Sanctum,
2369 709 2682 784 quatenus
2740 703 2805 765 in
2863 721 2938 766 eo
2997 711 3362 784 permaneat
3417 702 3485 765 in

365 794 441 858 Si
495 797 764 878 diligitis
814 815 937 872 me,
980 799 1276 860 mandata
1323 817 1464 860 mea
1513 807 1778 874 servate,
1821 807 1883 861 et

367 904 598 977 postea
645 896 883 971 subdit,
933 896 1008 958 Et
1056 914 1172 977 ego
1223 896 1454 977 rogabo
1504 897 1769 972 Patrem,
1822 907 1884 960 et

364 995 577 1056 alium
628 994 1019 1057 Paracletum
1070 995 1244 1057 dabit
1295 994 1496 1068 vobiS,
1541 997 1723 1077 quasi
1773 996 1886 1058 ali-

367 1093 524 1175 quis
558 1093 759 1175 possit
790 1093 1103 1156 Christum
1135 1093 1400 1174 diligere
1430 1095 1700 1175 ejusque
1733 1113 1885 1176 prae-

369 1200 562 1274 cepta
623 1192 916 1273 implere,
967 1200 1313 1274 antequam
1373 1191 1682 1274 Spiritum
1735 1192 1886 1255 San-

371 1299 554 1354 ctum
593 1291 994 1372 susciperet?
1026 1289 1100 1352 Et
1137 1292 1678 1373 respondendum,
1713 1293 1884 1373 quod

373 1387 670 1452 Christus
728 1388 1016 1470 loquitur
1072 1390 1150 1451 de
1212 1390 1552 1452 donatione
1613 1388 1886 1471 Spiritus

361 1487 592 1568 ,Sancti
633 1505 670 1548 a
711 1486 911 1560 Patre,
948 1507 1074 1551 non
1117 1488 1326 1568 quoad
1373 1487 1646 1569 primam
1687 1486 1889 1569 Spiri-

376 1594 482 1649 tus
543 1584 755 1648 Sancti
809 1585 1224 1661 infusionem,
1278 1587 1388 1648 sed
1445 1594 1758 1668 quantum
1809 1587 1885 1648 ad

381 1684 742 1765 pleniorem
793 1703 1056 1748 suorum
1105 1685 1559 1747 charismatum
1605 1703 1889 1747 commu-

259 1809 348 1844 ιν.
381 1781 794 1856 nicationem,
820 1783 988 1845 sicut
1015 1783 1104 1845 ait
1132 1783 1471 1864 Apostolus
1507 1801 1519 1846 :
1555 1782 1717 1844 Deus
1751 1783 1885 1864 spei

383 1881 629 1964 repleat
680 1899 790 1944 vos
839 1881 1014 1944 omni
1061 1899 1214 1962 pace
1257 1887 1321 1942 et
1364 1881 1595 1962 gaudio
1640 1881 1705 1942 in
1757 1900 1890 1943 cre-
1925 1884 1972 1946 B
2081 1883 2412 1958 Spiritum
2445 1883 2760 1942 veritatis.
2796 1879 3071 1962 Spiritus
3110 1879 3375 1942 Sanctus
3407 1879 3494 1941 di-

381 1981 615 2052 dend0,
651 1986 724 2040 ut
751 1978 1089 2042 abundetis
1129 1979 1195 2041 in
1236 1997 1350 2061 spe
1389 1987 1452 2042 et
1482 1980 1716 2042 virtute
1756 1978 1891 2062 Spi-

384 2079 550 2139 ritus
598 2075 846 2157 Sancti;
897 2085 961 2139 et
1006 2077 1184 2152 alibi,
1227 2077 1635 2140 AEmulamini
1687 2078 1892 2140 chari-

383 2182 590 2238 smata
617 2175 904 2238 meliora.
927 2173 1117 2238 Porro
1147 2175 1224 2236 ad
1257 2175 1548 2250 litteram,
1567 2176 1892 2257 praecipue

386 2273 676 2355 loquitur
719 2272 1006 2336 Christus
1056 2273 1372 2354 Apostolis
1418 2282 1480 2335 et
1525 2274 1603 2336 de
1651 2274 1892 2336 donati-

385 2391 510 2436 one
548 2391 622 2434 ac
671 2372 976 2436 missione
1017 2371 1293 2454 Spiritus
1343 2371 1552 2434 Sancti
1595 2373 1660 2434 in
1711 2373 1891 2454 signo

385 2471 655 2545 visibili,
689 2479 752 2533 et
783 2471 1185 2554 plenitudine
1221 2471 1332 2533 illa
1368 2471 1715 2534 abundanti
1749 2491 1892 2553 quae

383 2569 552 2633 facta
581 2576 679 2632 est
707 2571 775 2632 in
808 2571 910 2632 die
941 2569 1360 2643 PentecosteS,
1385 2570 1462 2631 ad
1491 2589 1682 2652 quam
1715 2588 1892 2633 amor

383 2668 620 2732 Christi
669 2676 732 2730 et
778 2667 1142 2732 obedientia
1190 2668 1631 2730 mandatorum
1682 2667 1892 2749 dispo-

385 2775 564 2830 nunt.
591 2767 678 2829 De
707 2785 836 2849 qua
867 2765 1348 2848 supereffluenti
1381 2765 1652 2848 Spiritus
1681 2765 1891 2830 Sancti

386 2865 756 2948 receptione
805 2865 962 2929 dicit
1008 2864 1291 2928 Salvator
1339 2864 1673 2946 discipulis
1721 2867 1888 2947 apud

385 2965 623 3028 Lucam
650 2963 811 3027 :Vos
843 2971 1055 3026 autem
1087 2964 1299 3027 sedete
1329 2963 1396 3025 in
1428 2964 1704 3044 civitate,
1737 2983 1894 3046 quo-

389 3081 598 3144 usque
643 3062 998 3125 induamini
1045 3062 1281 3124 virtute
1325 3080 1400 3125 ex
1443 3062 1590 3126 alto.

482 3165 560 3223 Ut
602 3172 861 3223 maneat
905 3163 1255 3232 vobiscum,
1286 3161 1349 3224 id
1397 3169 1512 3234 est,
1549 3163 1739 3224 corda
1787 3179 1891 3222 ve-

391 3269 522 3324 stra
561 3277 678 3342 per
717 3279 832 3322 sua
871 3262 1036 3324 dona
1074 3260 1410 3334 inhabitet,
1443 3261 1516 3320 in
1551 3271 1892 3330 aeternum,

391 3366 614 3441 utpote
655 3377 828 3420 nunc
868 3358 936 3420 in
979 3358 1082 3421 via
1119 3376 1234 3440 per
1267 3357 1556 3439 gratiam,
1589 3365 1653 3419 et
1691 3357 1754 3419 in
1795 3356 1894 3419 fu-

393 3467 538 3522 turo
597 3475 710 3539 per
765 3456 1056 3537 gloriam.
1116 3456 1251 3520 Non
1315 3456 1488 3518 enim
1550 3457 1802 3520 recedet
1856 3476 1893 3519 a

390 3555 574 3620 vobis
617 3573 733 3638 per
769 3554 1164 3637 corporalem
1209 3555 1306 3616 sui
1351 3574 1386 3616 a
1426 3554 1607 3618 vobis
1644 3554 1894 3635 elonga-

391 3655 656 3728 tionem,
691 3654 858 3716 sicut
899 3671 1035 3732 ego,
1071 3672 1274 3734 quum
1321 3673 1445 3717 non
1488 3652 1572 3714 sit
1608 3653 1894 3716 incarna-

391 3763 532 3834 tus;
573 3754 684 3815 sed
731 3751 970 3834 jugiter
1019 3751 1184 3814 intra
1235 3771 1344 3815 vos
1393 3753 1533 3827 erit,
1581 3761 1891 3834 quantum

389 3860 489 3914 est
549 3869 626 3913 ex
683 3858 860 3932 parte
913 3850 1036 3912 sui.
1086 3849 1149 3912 Si
1205 3850 1396 3912 verba
1433 3850 1551 3913 ista
1602 3852 1679 3912 ad
1729 3851 1895 3932 Apo-

391 3951 590 4014 stolos
641 3949 1021 4022 referantur,
1071 3967 1411 4030 possumus
1461 3949 1672 4011 dicere
1720 3950 1890 4030 quod

393 4048 684 4112 Christus
733 4047 834 4110 his
885 4046 1098 4110 verbis
1148 4046 1442 4128 promisit
1487 4054 1679 4128 atque
1738 4066 1895 4129 prae-

392 4147 556 4210 dixit
585 4145 924 4227 ApostoliS,
960 4145 1130 4226 quod
1172 4162 1287 4226 per
1324 4145 1667 4208 adventum
1704 4144 1896 4227 Spiri-

1992 808 2324 874 aeternum,
2360 802 2422 863 id
2461 810 2576 874 est,
2612 808 2683 862 ut
2720 800 3010 864 habendo
3048 801 3315 881 gratiam
3353 798 3490 882 Spi-

1995 899 2154 960 ritus
2186 899 2418 971 Sancti,
2454 906 2693 960 crescat
2724 905 3100 979 maneatque
3130 899 3196 960 in
3230 917 3303 960 ea
3330 917 3489 980 quo-

1998 1016 2200 1077 usque
2252 998 2633 1078 perducatur
2683 999 2759 1059 ad
2810 996 3099 1078 gloriam.
3144 996 3483 1070 PostremO,

1994 1095 2288 1176 quamvis
2320 1094 2593 1177 Spiritus
2626 1096 2889 1158 Sanctus
2922 1115 3047 1160 non
3082 1113 3335 1177 semper
3363 1114 3490 1157 ma·

1997 1201 2138 1255 neat
2198 1194 2263 1255 in
2329 1194 2547 1256 electis
2611 1202 2672 1257 et
2730 1195 3029 1258 virtuosis
3094 1194 3485 1269 hominibuS,

1995 1299 2304 1373 quantum
2346 1293 2422 1354 ad
2457 1293 2689 1373 gratias
2728 1292 2921 1373 gratis
2961 1294 3156 1370 datas,
3189 1312 3332 1375 quae
3362 1311 3489 1355 non

1997 1398 2144 1452 sunt
2175 1391 2251 1452 de
2283 1391 2654 1454 necessitate
2684 1392 2926 1466 salutiS,
2952 1391 3311 1472 cujusmodi
3343 1398 3494 1453 sunt

1999 1489 2351 1570 prophetia,
2382 1490 2582 1570 gratia
2620 1489 3110 1562 miraculorum;
3141 1488 3378 1571 jugiter
3412 1496 3494 1550 ta—

1996 1603 2142 1647 men
2186 1594 2398 1648 manet
2438 1587 2501 1648 in
2542 1584 2655 1659 eis,
2690 1593 3001 1666 quantum
3039 1587 3115 1647 ad
3156 1587 3319 1648 dona
3354 1603 3495 1665 gra-

1995 1684 2150 1745 tiam
2205 1692 2451 1765 gratum
2510 1684 2849 1747 facientem
2906 1683 3370 1757 concernentia,
3424 1691 3493 1746 ut

1999 1790 2150 1845 sunt
2194 1783 2441 1858 caritaS,
2489 1782 2839 1857 humilitaS,
2888 1782 3327 1845 mansuetudo.

3632 1883 3699 1938 17

2001 1979 2167 2041 citur
2215 1978 2489 2060 Spiritus
2538 1978 2821 2042 veritatis
2864 1997 2877 2042 :
2920 1978 3149 2052 Primo,
3197 1978 3352 2060 quia
3398 1986 3493 2040 est

2001 2077 2277 2160 Spiritus
2338 2077 2503 2153 Filii,
2565 2079 2667 2141 cui
2727 2079 2957 2142 veritas
3020 2078 3489 2160 appropriatur.

1999 2176 2289 2240 Procedit
2324 2177 2567 2258 quippe
2606 2196 2641 2238 a
2670 2176 2827 2240 Filio
2866 2176 3031 2238 sicut
3067 2195 3103 2238 a
3142 2176 3339 2238 Patre.
3376 2176 3497 2238 Un-
3536 2183 3784 2234 Joann-xv.

2001 2275 2079 2337 de
2125 2275 2212 2337 ait
2250 2274 2589 2356 Apostolus
2623 2294 2636 2337 ε
2670 2273 2733 2336 Si
2780 2274 2925 2356 quis
2973 2273 3280 2356 Spiritum
3322 2274 3498 2338 Chri-
3524 2249 3789 2361 &dn-snus.

2002 2374 2078 2435 sti
2135 2393 2262 2437 non
2312 2373 2519 2446 habet,
2555 2374 2661 2436 hic
2708 2393 2833 2437 non
2886 2381 2981 2435 est
3026 2372 3204 2453 ejus3
3248 2393 3497 2436 rursus-

2001 2489 2150 2553 que,
2182 2471 2348 2534 Misit
2377 2471 2539 2534 Deus
2569 2471 2877 2554 Spiritum
2906 2471 3047 2534 Filii
3079 2471 3179 2534 sui
3212 2471 3277 2534 in
3310 2473 3495 2535 corda
3529 2489 3788 2540 Galatam.

2002 2580 2216 2633 nostra
2254 2570 2653 2645 clamantem,
2687 2569 2865 2632 Abba
2892 2569 3145 2649 (Pater).
3182 2569 3492 2646 Secundo,

2001 2669 2303 2750 quoniam
2356 2666 2628 2749 Spiritus
2672 2666 2935 2730 Sanctus
2979 2676 3075 2731 est
3118 2668 3499 2732 substantia-

2003 2767 2148 2829 liter
2198 2765 2427 2830 veritas
2479 2765 2669 2848 ipsa:
2708 2785 2855 2828 nam
2906 2773 3033 2829 tota
3082 2765 3354 2828 Trinitas
3401 2777 3497 2831 est

2004 2885 2149 2940 una,
2196 2884 2464 2939 summa,
2506 2864 2909 2947 simplexque
2961 2865 3215 2927 veritas.
3260 2864 3491 2940 Terti0,

2001 2962 2304 3046 quoniam
2336 2963 2595 3024 instruit
2624 2963 2970 3040 veritatem,
2993 2981 3379 3044 omnemque
3408 2982 3498 3026 er·
3541 2980 3789 3032 aonam-1.

1929 3067 1971 3128 C
2004 3082 2211 3126 rorem
2262 3060 2535 3143 repellit.
2574 3063 2770 3130 Quem
2808 3065 3095 3122 mundus
3132 3082 3259 3124 mm
3294 3071 3498 3139 potest
3529 3047 3595 3088 ¹³.

2000 3164 2307 3238 accipere,
2342 3161 2539 3223 idest
2576 3169 2884 3223 amatores
2925 3161 3169 3234 mundi,
3206 3161 3495 3224 homines

2002 3259 2308 3333 carnaleS,
2363 3259 2507 3321 vani
2569 3266 2629 3320 et
2679 3258 3024 3333 ambitiosi,
3075 3259 3187 3339 qui
3246 3265 3499 3322 terrena

2004 3359 2203 3439 magis
2235 3376 2427 3439 quam
2467 3357 2749 3420 coelestia
2786 3365 2999 3419 amant
3034 3364 3099 3420 et
3134 3364 3351 3438 agunt.
3386 3357 3499 3419 'l'a-

2003 3457 2161 3519 lium
2194 3457 2366 3518 enim
2397 3475 2574 3518 amor
2601 3455 3022 3518 contrariatur
3048 3455 3314 3537 Spiritui
3346 3453 3497 3518 San-

2003 3565 2124 3629 cto,
2166 3554 2346 3635 juxta
2392 3555 2563 3635 quod
2612 3554 2922 3635 scriptum
2973 3560 3069 3616 est
3119 3572 3133 3616 ε
3182 3554 3490 3630 Adulteri,
3523 3575 3789 3626 laevam.

2002 3652 2262 3716 nescitis
2319 3652 2471 3733 quia
2518 3650 2795 3713 amicitia
2855 3651 3047 3732 hujus
3099 3652 3319 3714 mundi
3375 3653 3497 3715 ini-

2003 3752 2169 3813 mica
2212 3758 2308 3812 est
2351 3749 2517 3812 Deo?
2556 3751 2721 3817 Quia
2762 3769 2887 3810 non
2924 3751 3097 3810 videt
3134 3771 3281 3810 eum
3310 3751 3496 3815 oculo

2003 3849 2257 3921 mentis,
2312 3849 2374 3910 id
2423 3855 2538 3921 est,
2591 3848 2797 3909 cordis
2859 3846 3163 3909 intuitum
3220 3850 3298 3911 ad
3348 3867 3493 3911 eum

2004 3967 2127 4010 non
2161 3946 2391 4028 dirigit,
2419 3946 2813 4027 disponendo
2842 3963 2911 4008 se
2936 3947 3013 4007 ad
3043 3946 3306 4026 gratiam
3342 3947 3493 4027 ejus,

2003 4047 2110 4108 sed
2163 4043 2576 4107 sensibilibus
2627 4043 2765 4104 istis
2814 4043 3249 4125 immergitur3
3296 4066 3499 4126 neque

2000 4147 2121 4206 seit
2160 4165 2307 4205 eum
2345 4142 2702 4223 cognitione
2744 4141 3055 4223 diligenti,
3090 4142 3189 4205 vel
3237 4162 3351 4225 per
3384 4163 3499 4225 gu-
3548 4153 3553 4158 “

393 4253 498 4308 tus
537 4243 749 4307 Sancti
791 4243 855 4305 in
894 4243 996 4306 die
1034 4242 1430 4306 Pentecostes
1470 4243 1889 4306 confirmandi
1925 4249 1974 4312 D
2004 4252 2172 4306 stum
2222 4241 2585 4304 divinorum
2628 4248 2691 4302 et
2733 4240 3190 4322 experientiam
3240 4243 3499 4324 spiritu-

393 4350 608 4405 essent
639 4342 703 4404 in
737 4341 926 4414 bono,
962 4339 1054 4402 sic
1090 4341 1262 4420 quod
1302 4340 1532 4402 deinde
1563 4359 1890 4423 nunquam

395 4447 736 4522 peccarent
794 4437 1164 4512 mortaliter,
1216 4446 1278 4500 et
1333 4455 1448 4519 per
1495 4457 1892 4520 consequens

395 4556 729 4619 nunquam
776 4537 1140 4599 amitterent
1185 4537 1452 4618 gratiam
1507 4545 1756 4618 gratum
1806 4537 1896 4600 fa-

393 4638 671 4701 cientem
702 4635 976 4718 Spiritus
1007 4634 1239 4709 Sancti,
1265 4654 1377 4697 seu
1409 4635 1716 4718 Spiritum
1747 4635 1895 4698 San—

395 4744 595 4808 ctum,
631 4735 744 4817 qui
785 4742 938 4797 tunc
965 4734 1171 4796 amitti
1212 4742 1405 4815 atque
1439 4736 1730 4798 recedere
1761 4753 1897 4817 per—

396 4835 678 4908 hibetur,
725 4834 876 4895 dum
935 4833 1077 4912 ejus
1135 4834 1299 4895 dona
1358 4835 1733 4915 perduntur,
1786 4833 1896 4895 illa

398 4933 724 5016 praecipue
761 4949 906 5012 quae
951 4930 1218 5011 gratiam
1265 4940 1515 5011 gratum
1555 4931 1894 4994 facientem

397 5036 814 5103 concernunt,
849 5035 911 5090 et
950 5047 1064 5110 per
1105 5037 1434 5110 peccatum
1474 5030 1736 5093 mortale
1777 5030 1898 5092 tol—

397 5133 643 5194 luntur.
681 5127 746 5190 Si
796 5145 946 5190 vero
992 5128 1373 5208 generaliter
1420 5127 1779 5190 referantur
1818 5130 1894 5190 ad

397 5245 646 5301 omneS,
681 5225 1022 5288 dicendum
1058 5227 1231 5307 quod
1270 5224 1434 5288 Deus
1475 5225 1671 5300 Pater,
1706 5245 1900 5308 quan·

400 5335 540 5389 tum
589 5325 655 5386 in
707 5341 774 5386 se
822 5331 937 5400 est,
992 5324 1098 5386 dat
1144 5323 1318 5386 omni
1368 5323 1544 5387 fideli
1591 5322 1898 5405 Spiritum

2003 4342 2201 4403 alium
2245 4340 2714 4403 exercitiorum.
2748 4339 3057 4400 Animalis
3099 4340 3335 4402 etenim
3384 4340 3788 4414 ho—160r.n,u.

2003 4458 2109 4503 mo
2139 4458 2265 4502 non
2299 4438 2572 4520 percipit
2602 4456 2674 4498 ea
2703 4457 2847 4518 quae
2886 4444 3034 4499 sunt
3064 4435 3337 4519 Spiritus
3366 4439 3495 4516 Dei,

2004 4538 2357 4600 secundum
2388 4536 2785 4618 Apostolum.
2820 4533 3030 4598 Nihilo
3064 4535 3278 4598 minus
3309 4537 3497 4599 multi

2005 4643 2153 4698 sunt
2204 4634 2471 4698 subtiles
2515 4642 2579 4696 et
2624 4633 2855 4695 eruditi
2901 4633 2965 4695 in
3016 4632 3349 4716 theologia,
3384 4635 3497 4717 qui

2007 4735 2230 4815 utique
2257 4733 2475 4795 vident
2516 4739 2577 4795 et
2606 4732 2817 4794 sciunt
2854 4731 3163 4814 Spiritum
3198 4731 3495 4796 Sanctum

2005 4833 2135 4895 fide
2166 4831 2462 4911 informi3
2497 4832 2605 4893 sed
2638 4849 2762 4894 non
2794 4830 3117 4912 recipiunt
3143 4849 3314 4907 eum,
3347 4832 3502 4914 quia

2007 4951 2132 4994 non
2186 4930 2405 4994 vident
2448 4947 2595 4990 eum
2648 4947 2763 5010 per
2812 4929 3019 4992 cordis
3076 4930 3175 4991 sui
3224 4932 3303 4993 ad
3351 4949 3499 4993 eum

2008 5029 2444 5100 directionem,
2480 5045 2598 5089 nec
2640 5026 2853 5088 sciunt
2892 5045 3039 5089 eum
3084 5046 3198 5110 per
3242 5029 3503 5110 diligen-

2008 5136 2133 5190 tem
2165 5145 2237 5188 ac
2268 5125 2545 5188 debitam
2578 5124 3147 5188 considerationem.
3171 5125 3298 5189 Nee
3326 5128 3497 5190 enim

2008 5231 2467 5289 convertuntur
2514 5224 2591 5284 ad
2642 5241 2769 5296 cor,
2822 5230 2885 5284 et
2933 5222 3130 5286 Deum
3188 5243 3382 5307 quem
3430 5245 3499 5289 se
3526 5221 3573 5329 ξ’
3571 5231 3791 5268 ¹¹¹¹¹¹¹¹

2009 5323 2235 5386 dicunt
2282 5338 2682 5402 cognoscere,
2730 5327 2961 5402 negant
3005 5323 3328 5404 operibus.
3380 5324 3497 5398 Qui
3551 5316 3778 5397 rianio.
