<?xml version="1.0" encoding="UTF-8"?>
<!DOCTYPE html PUBLIC "-//W3C//DTD XHTML 1.0 Transitional//EN"
    "http://www.w3.org/TR/xhtml1/DTD/xhtml1-transitional.dtd">
<html xmlns="http://www.w3.org/1999/xhtml" xml:lang="en" lang="en">
 <head>
  <title>
</title>
<meta http-equiv="Content-Type" content="text/html;charset=utf-8" />
  <meta name='ocr-system' content='tesseract 3.04.00' />
  <meta name='ocr-capabilities' content='ocr_page ocr_carea ocr_par ocr_line ocrx_word'/>
</head>
<body>
  <div class='ocr_page' id='page_1' title='image "./doctorisecstati09unkngoog_0167.png"; bbox 0 0 4300 6259; ppageno 0'>
   <div class='ocr_carea' id='block_1_1' title="bbox 1086 527 2674 576">
    <p class='ocr_par' dir='ltr' id='par_1_1' title="bbox 1086 527 2674 576">
     <span class='ocr_line' id='line_1_1' title="bbox 1086 527 2674 576; baseline 0 -2"><span class='ocrx_word' id='word_1_1' title='bbox 1086 528 1439 576; x_wconf 63' lang='lat' dir='ltr'><strong>[manuario</strong></span> <span class='ocrx_word' id='word_1_2' title='bbox 1482 527 1545 574; x_wconf 80' lang='grc' dir='ltr'><strong>ΙΝ</strong></span> <span class='ocrx_word' id='word_1_3' title='bbox 1588 529 1725 575; x_wconf 80' lang='lat' dir='ltr'><strong>cAr.</strong></span> <span class='ocrx_word' id='word_1_4' title='bbox 1772 527 1853 574; x_wconf 77' lang='lat' dir='ltr'><strong>XV</strong></span> <span class='ocrx_word' id='word_1_5' title='bbox 1896 527 2082 574; x_wconf 77' lang='lat' dir='ltr'><strong>LUCAE.</strong></span> <span class='ocrx_word' id='word_1_6' title='bbox 2128 549 2209 559; x_wconf 95' lang='lat'><strong>—</strong></span> <span class='ocrx_word' id='word_1_7' title='bbox 2251 528 2393 576; x_wconf 66' lang='grc' dir='ltr'>ΛΒΤ.</span> <span class='ocrx_word' id='word_1_8' title='bbox 2440 527 2674 576; x_wconf 80' lang='lat' dir='ltr'><strong>xxxvul</strong></span> 
     </span>
    </p>
   </div>
   <div class='ocr_carea' id='block_1_2' title="bbox 3309 507 3424 578">
    <p class='ocr_par' dir='ltr' id='par_1_2' title="bbox 3309 507 3424 578">
     <span class='ocr_line' id='line_1_2' title="bbox 3309 507 3424 578; baseline 0.035 -5"><span class='ocrx_word' id='word_1_9' title='bbox 3309 507 3424 578; x_wconf 74' lang='lat'><strong>115</strong></span> 
     </span>
    </p>
   </div>
   <div class='ocr_carea' id='block_1_3' title="bbox 46 697 3426 783">
    <p class='ocr_par' dir='ltr' id='par_1_3' title="bbox 46 697 3426 783">
     <span class='ocr_line' id='line_1_3' title="bbox 46 697 3426 783; baseline 0.001 -25"><span class='ocrx_word' id='word_1_10' title='bbox 46 717 261 765; x_wconf 51' lang='lat' dir='ltr'><strong>Aetas.</strong></span> <span class='ocrx_word' id='word_1_11' title='bbox 308 707 485 760; x_wconf 91' lang='lat' dir='ltr'><strong>trum</strong></span> <span class='ocrx_word' id='word_1_12' title='bbox 543 700 704 761; x_wconf 90' lang='lat' dir='ltr'><strong>illud</strong></span> <span class='ocrx_word' id='word_1_13' title='bbox 758 699 1035 762; x_wconf 90' lang='lat' dir='ltr'><strong>Actuum</strong></span> <span class='ocrx_word' id='word_1_14' title='bbox 1089 719 1103 763; x_wconf 92' lang='lat'><strong>:</strong></span> <span class='ocrx_word' id='word_1_15' title='bbox 1156 699 1361 773; x_wconf 89' lang='lat' dir='ltr'><strong>Quare</strong></span> <span class='ocrx_word' id='word_1_16' title='bbox 1414 700 1690 764; x_wconf 79' lang='lat' dir='ltr'><strong>introisti</strong></span> <span class='ocrx_word' id='word_1_17' title='bbox 1742 701 1819 761; x_wconf 93' lang='lat' dir='ltr'><strong>ad</strong></span> <span class='ocrx_word' id='word_1_18' title='bbox 1850 697 1901 758; x_wconf 87' lang='grc' dir='ltr'><strong>Α</strong></span> <span class='ocrx_word' id='word_1_19' title='bbox 1932 698 1995 761; x_wconf 93' lang='lat' dir='ltr'><strong>id</strong></span> <span class='ocrx_word' id='word_1_20' title='bbox 2026 707 2141 775; x_wconf 90' lang='lat' dir='ltr'><strong>est,</strong></span> <span class='ocrx_word' id='word_1_21' title='bbox 2177 707 2349 762; x_wconf 90' lang='lat' dir='ltr'><strong>tanta</strong></span> <span class='ocrx_word' id='word_1_22' title='bbox 2377 700 2536 762; x_wconf 92' lang='lat' dir='ltr'><strong>mihi</strong></span> <span class='ocrx_word' id='word_1_23' title='bbox 2567 699 2880 762; x_wconf 87' lang='lat' dir='ltr'><strong>beneficia</strong></span> <span class='ocrx_word' id='word_1_24' title='bbox 2911 718 3036 763; x_wconf 90' lang='lat' dir='ltr'><strong>non</strong></span> <span class='ocrx_word' id='word_1_25' title='bbox 3080 699 3426 783; x_wconf 81' lang='lat' dir='ltr'><strong>praestitisti</strong></span> 
     </span>
    </p>
   </div>
   <div class='ocr_carea' id='block_1_4' title="bbox 35 1695 199 1802">
    <p class='ocr_par' dir='ltr' id='par_1_4' title="bbox 35 1695 199 1802">
     <span class='ocr_line' id='line_1_4' title="bbox 42 1695 199 1740; baseline 0.013 -2"><span class='ocrx_word' id='word_1_26' title='bbox 42 1695 199 1740; x_wconf 69' lang='lat' dir='ltr'><strong>llatae.</strong></span> 
     </span>
     <span class='ocr_line' id='line_1_5' title="bbox 35 1763 90 1802; baseline 0 0"><span class='ocrx_word' id='word_1_27' title='bbox 35 1763 90 1802; x_wconf 71' lang='grc'><strong>13.</strong></span> 
     </span>
    </p>
   </div>
   <div class='ocr_carea' id='block_1_5' title="bbox 38 2591 275 2694">
    <p class='ocr_par' dir='ltr' id='par_1_5' title="bbox 38 2591 275 2694">
     <span class='ocr_line' id='line_1_6' title="bbox 48 2591 275 2640; baseline -0.004 -10"><span class='ocrx_word' id='word_1_28' title='bbox 48 2591 133 2631; x_wconf 70' lang='lat' dir='ltr'><strong>Aet.</strong></span> <span class='ocrx_word' id='word_1_29' title='bbox 144 2603 198 2639; x_wconf 81' lang='lat' dir='ltr'><strong>m,</strong></span> <span class='ocrx_word' id='word_1_30' title='bbox 213 2591 275 2640; x_wconf 75' lang='lat'><strong>¹7,</strong></span> 
     </span>
     <span class='ocr_line' id='line_1_7' title="bbox 38 2653 95 2694; baseline 0 0"><span class='ocrx_word' id='word_1_31' title='bbox 38 2653 95 2694; x_wconf 77' lang='lat'><strong>1⁹.</strong></span> 
     </span>
    </p>
   </div>
   <div class='ocr_carea' id='block_1_6' title="bbox 64 2976 277 3029">
    <p class='ocr_par' dir='ltr' id='par_1_6' title="bbox 64 2976 277 3029">
     <span class='ocr_line' id='line_1_8' title="bbox 64 2976 277 3029; baseline -0.005 -9"><span class='ocrx_word' id='word_1_32' title='bbox 64 2976 93 3020; x_wconf 87' lang='grc' dir='ltr'><strong>ΙΙ</strong></span> <span class='ocrx_word' id='word_1_33' title='bbox 114 2977 211 3021; x_wconf 75' lang='lat' dir='ltr'><strong>Cor.</strong></span> <span class='ocrx_word' id='word_1_34' title='bbox 234 2992 277 3029; x_wconf 71' lang='grc' dir='ltr'><strong>ν,</strong></span> 
     </span>
    </p>
   </div>
   <div class='ocr_carea' id='block_1_7' title="bbox 116 3170 179 3224">
    <p class='ocr_par' dir='ltr' id='par_1_7' title="bbox 116 3170 179 3224">
     <span class='ocr_line' id='line_1_9' title="bbox 116 3170 179 3224; baseline 0.032 -2"><span class='ocrx_word' id='word_1_35' title='bbox 116 3170 179 3224; x_wconf 76' lang='lat'><strong>29</strong></span> 
     </span>
    </p>
   </div>
   <div class='ocr_carea' id='block_1_8' title="bbox 76 4155 265 4200">
    <p class='ocr_par' dir='ltr' id='par_1_8' title="bbox 76 4155 265 4200">
     <span class='ocr_line' id='line_1_10' title="bbox 76 4155 265 4200; baseline 0.021 -4"><span class='ocrx_word' id='word_1_36' title='bbox 76 4155 211 4200; x_wconf 63' lang='lat' dir='ltr'><strong>nrm</strong></span> <span class='ocrx_word' id='word_1_37' title='bbox 226 4172 265 4200; x_wconf 74' lang='lat' dir='ltr'><strong>ui</strong></span> 
     </span>
    </p>
   </div>
   <div class='ocr_carea' id='block_1_9' title="bbox 76 4350 212 4397">
    <p class='ocr_par' dir='ltr' id='par_1_9' title="bbox 76 4350 212 4397">
     <span class='ocr_line' id='line_1_11' title="bbox 76 4350 212 4397; baseline 0.037 -5"><span class='ocrx_word' id='word_1_38' title='bbox 76 4350 87 4392; x_wconf 88' lang='lat' dir='ltr'><strong>l</strong></span> <span class='ocrx_word' id='word_1_39' title='bbox 98 4351 212 4397; x_wconf 62' lang='lat' dir='ltr'><strong>ane.</strong></span> 
     </span>
    </p>
   </div>
   <div class='ocr_carea' id='block_1_10' title="bbox 228 4339 1096 4407">
    <p class='ocr_par' dir='ltr' id='par_1_10' title="bbox 228 4339 1096 4407">
     <span class='ocr_line' id='line_1_12' title="bbox 228 4339 1096 4407; baseline -0.006 -2"><span class='ocrx_word' id='word_1_40' title='bbox 228 4369 285 4407; x_wconf 69' lang='grc' dir='ltr'><strong>ιι.</strong></span> <span class='ocrx_word' id='word_1_41' title='bbox 314 4340 623 4404; x_wconf 88' lang='lat' dir='ltr'><strong>similiter</strong></span> <span class='ocrx_word' id='word_1_42' title='bbox 678 4339 1021 4402; x_wconf 83' lang='lat' dir='ltr'><strong>confitetur</strong></span> <span class='ocrx_word' id='word_1_43' title='bbox 1083 4357 1096 4401; x_wconf 89' lang='lat'>:</span> 
     </span>
    </p>
   </div>
   <div class='ocr_carea' id='block_1_11' title="bbox 300 798 1823 1668">
    <p class='ocr_par' dir='ltr' id='par_1_11' title="bbox 300 798 1823 1370">
     <span class='ocr_line' id='line_1_13' title="bbox 308 798 1819 880; baseline 0 -20"><span class='ocrx_word' id='word_1_44' title='bbox 308 798 483 861; x_wconf 86' lang='lat' dir='ltr'><strong>viros</strong></span> <span class='ocrx_word' id='word_1_45' title='bbox 528 799 919 880; x_wconf 80' lang='lat' dir='ltr'><strong>praeputium</strong></span> <span class='ocrx_word' id='word_1_46' title='bbox 962 798 1293 874; x_wconf 90' lang='lat' dir='ltr'><strong>habentes,</strong></span> <span class='ocrx_word' id='word_1_47' title='bbox 1327 809 1392 862; x_wconf 93' lang='lat' dir='ltr'><strong>et</strong></span> <span class='ocrx_word' id='word_1_48' title='bbox 1422 799 1819 862; x_wconf 82' lang='lat' dir='ltr'><strong>manducasti</strong></span> 
     </span>
     <span class='ocr_line' id='line_1_14' title="bbox 304 896 1821 980; baseline 0.001 -22"><span class='ocrx_word' id='word_1_49' title='bbox 304 913 459 958; x_wconf 89' lang='lat' dir='ltr'><strong>cum</strong></span> <span class='ocrx_word' id='word_1_50' title='bbox 490 896 631 958; x_wconf 67' lang='lat' dir='ltr'><strong>eis?</strong></span> <span class='ocrx_word' id='word_1_51' title='bbox 662 901 749 958; x_wconf 80' lang='lat' dir='ltr'><strong>Ec</strong></span> <span class='ocrx_word' id='word_1_52' title='bbox 777 901 1033 959; x_wconf 79' lang='lat' dir='ltr'><strong>nolebat</strong></span> <span class='ocrx_word' id='word_1_53' title='bbox 1062 900 1339 960; x_wconf 81' lang='lat' dir='ltr'><strong>introire</strong></span> <span class='ocrx_word' id='word_1_54' title='bbox 1369 901 1446 960; x_wconf 92' lang='lat' dir='ltr'><strong>ad</strong></span> <span class='ocrx_word' id='word_1_55' title='bbox 1488 897 1821 980; x_wconf 80' lang='lat' dir='ltr'><strong>spirituale</strong></span> 
     </span>
     <span class='ocr_line' id='line_1_15' title="bbox 300 995 1822 1076; baseline 0.001 -20"><span class='ocrx_word' id='word_1_56' title='bbox 300 995 705 1069; x_wconf 86' lang='lat' dir='ltr'><strong>convivium,</strong></span> <span class='ocrx_word' id='word_1_57' title='bbox 759 997 933 1076; x_wconf 90' lang='lat' dir='ltr'><strong>quod</strong></span> <span class='ocrx_word' id='word_1_58' title='bbox 982 996 1147 1058; x_wconf 90' lang='lat' dir='ltr'><strong>Deus</strong></span> <span class='ocrx_word' id='word_1_59' title='bbox 1200 997 1377 1058; x_wconf 90' lang='lat' dir='ltr'><strong>Pater</strong></span> <span class='ocrx_word' id='word_1_60' title='bbox 1426 997 1489 1058; x_wconf 91' lang='lat' dir='ltr'><strong>in</strong></span> <span class='ocrx_word' id='word_1_61' title='bbox 1544 996 1822 1058; x_wconf 84' lang='lat' dir='ltr'><strong>Ecclesia</strong></span> 
     </span>
     <span class='ocr_line' id='line_1_16' title="bbox 300 1093 1820 1176; baseline 0.001 -22"><span class='ocrx_word' id='word_1_62' title='bbox 300 1093 572 1155; x_wconf 88' lang='lat' dir='ltr'><strong>exbibet</strong></span> <span class='ocrx_word' id='word_1_63' title='bbox 620 1093 1018 1170; x_wconf 80' lang='lat' dir='ltr'><strong>ChristianiS,</strong></span> <span class='ocrx_word' id='word_1_64' title='bbox 1055 1113 1175 1157; x_wconf 89' lang='lat' dir='ltr'><strong>nec</strong></span> <span class='ocrx_word' id='word_1_65' title='bbox 1225 1095 1427 1159; x_wconf 91' lang='lat' dir='ltr'><strong>voluit</strong></span> <span class='ocrx_word' id='word_1_66' title='bbox 1472 1095 1820 1176; x_wconf 85' lang='lat' dir='ltr'><strong>gentilibus</strong></span> 
     </span>
     <span class='ocr_line' id='line_1_17' title="bbox 301 1191 1823 1256; baseline 0.001 -4"><span class='ocrx_word' id='word_1_67' title='bbox 301 1191 635 1254; x_wconf 89' lang='lat' dir='ltr'><strong>conversis</strong></span> <span class='ocrx_word' id='word_1_68' title='bbox 676 1193 1151 1255; x_wconf 90' lang='lat' dir='ltr'><strong>communicare</strong></span> <span class='ocrx_word' id='word_1_69' title='bbox 1190 1192 1256 1255; x_wconf 91' lang='lat' dir='ltr'><strong>in</strong></span> <span class='ocrx_word' id='word_1_70' title='bbox 1298 1191 1429 1255; x_wconf 83' lang='lat' dir='ltr'><strong>side</strong></span> <span class='ocrx_word' id='word_1_71' title='bbox 1468 1211 1823 1256; x_wconf 87' lang='lat' dir='ltr'><strong>sacramen-</strong></span> 
     </span>
     <span class='ocr_line' id='line_1_18' title="bbox 303 1288 825 1370; baseline 0.004 -20"><span class='ocrx_word' id='word_1_72' title='bbox 303 1288 523 1370; x_wconf 88' lang='lat' dir='ltr'><strong>tisque</strong></span> <span class='ocrx_word' id='word_1_73' title='bbox 566 1288 825 1352; x_wconf 80' lang='lat' dir='ltr'><strong>Christi.</strong></span> 
     </span>
    </p>

    <p class='ocr_par' dir='ltr' id='par_1_12' title="bbox 302 1389 1821 1668">
     <span class='ocr_line' id='line_1_19' title="bbox 384 1389 1819 1472; baseline 0.002 -24"><span class='ocrx_word' id='word_1_74' title='bbox 384 1389 595 1448; x_wconf 80' lang='lat' dir='ltr'><strong>Pater</strong></span> <span class='ocrx_word' id='word_1_75' title='bbox 620 1409 769 1466; x_wconf 71' lang='lat' dir='ltr'><strong>eryo</strong></span> <span class='ocrx_word' id='word_1_76' title='bbox 798 1391 987 1450; x_wconf 82' lang='lat' dir='ltr'><strong>illius</strong></span> <span class='ocrx_word' id='word_1_77' title='bbox 1024 1410 1335 1467; x_wconf 61' lang='lat' dir='ltr'><strong>egressus,</strong></span> <span class='ocrx_word' id='word_1_78' title='bbox 1370 1409 1495 1454; x_wconf 92' lang='lat' dir='ltr'><strong>non</strong></span> <span class='ocrx_word' id='word_1_79' title='bbox 1542 1408 1655 1472; x_wconf 91' lang='lat' dir='ltr'><strong>per</strong></span> <span class='ocrx_word' id='word_1_80' title='bbox 1698 1389 1819 1452; x_wconf 88' lang='lat' dir='ltr'><strong>loci</strong></span> 
     </span>
     <span class='ocr_line' id='line_1_20' title="bbox 302 1475 1816 1568; baseline 0.003 -22"><span class='ocrx_word' id='word_1_81' title='bbox 302 1485 755 1568; x_wconf 80' lang='lat' dir='ltr'><strong>mutationem,</strong></span> <span class='ocrx_word' id='word_1_82' title='bbox 796 1495 907 1549; x_wconf 90' lang='lat' dir='ltr'><strong>aut</strong></span> <span class='ocrx_word' id='word_1_83' title='bbox 944 1475 1293 1551; x_wconf 89' lang='lat' dir='ltr'><strong>motionem</strong></span> <span class='ocrx_word' id='word_1_84' title='bbox 1334 1488 1400 1551; x_wconf 92' lang='lat' dir='ltr'><strong>in</strong></span> <span class='ocrx_word' id='word_1_85' title='bbox 1450 1507 1520 1551; x_wconf 90' lang='lat' dir='ltr'><strong>se</strong></span> <span class='ocrx_word' id='word_1_86' title='bbox 1562 1487 1816 1562; x_wconf 85' lang='lat' dir='ltr'><strong>factam,</strong></span> 
     </span>
     <span class='ocr_line' id='line_1_21' title="bbox 302 1583 1821 1668; baseline 0.004 -24"><span class='ocrx_word' id='word_1_87' title='bbox 302 1583 421 1646; x_wconf 90' lang='lat' dir='ltr'><strong>sed</strong></span> <span class='ocrx_word' id='word_1_88' title='bbox 480 1603 595 1666; x_wconf 91' lang='lat' dir='ltr'><strong>per</strong></span> <span class='ocrx_word' id='word_1_89' title='bbox 643 1593 966 1648; x_wconf 84' lang='lat' dir='ltr'><strong>recentem</strong></span> <span class='ocrx_word' id='word_1_90' title='bbox 1024 1586 1352 1662; x_wconf 78' lang='lat' dir='ltr'><strong>effectum,</strong></span> <span class='ocrx_word' id='word_1_91' title='bbox 1407 1588 1821 1668; x_wconf 87' lang='lat' dir='ltr'><strong>quemadmo-</strong></span> 
     </span>
    </p>
   </div>
   <div class='ocr_carea' id='block_1_12' title="bbox 212 1681 1822 1766">
    <p class='ocr_par' dir='ltr' id='par_1_13' title="bbox 212 1681 1822 1766">
     <span class='ocr_line' id='line_1_22' title="bbox 212 1681 1822 1766; baseline 0.005 -28"><span class='ocrx_word' id='word_1_92' title='bbox 212 1710 273 1742; x_wconf 77' lang='grc' dir='ltr'><strong>ω.</strong></span> <span class='ocrx_word' id='word_1_93' title='bbox 304 1681 465 1744; x_wconf 89' lang='lat' dir='ltr'><strong>dum</strong></span> <span class='ocrx_word' id='word_1_94' title='bbox 498 1681 791 1746; x_wconf 88' lang='lat' dir='ltr'><strong>Habacuc</strong></span> <span class='ocrx_word' id='word_1_95' title='bbox 830 1683 987 1747; x_wconf 92' lang='lat' dir='ltr'><strong>dicit</strong></span> <span class='ocrx_word' id='word_1_96' title='bbox 1025 1685 1084 1746; x_wconf 93' lang='lat' dir='ltr'><strong>ei</strong></span> <span class='ocrx_word' id='word_1_97' title='bbox 1120 1704 1135 1747; x_wconf 91' lang='lat'>:</span> <span class='ocrx_word' id='word_1_98' title='bbox 1172 1684 1476 1766; x_wconf 82' lang='lat' dir='ltr'><strong>Egressus</strong></span> <span class='ocrx_word' id='word_1_99' title='bbox 1515 1703 1583 1747; x_wconf 92' lang='lat' dir='ltr'><strong>es</strong></span> <span class='ocrx_word' id='word_1_100' title='bbox 1622 1685 1690 1747; x_wconf 93' lang='lat' dir='ltr'><strong>in</strong></span> <span class='ocrx_word' id='word_1_101' title='bbox 1725 1704 1822 1746; x_wconf 90' lang='lat' dir='ltr'><strong>sa-</strong></span> 
     </span>
    </p>
   </div>
   <div class='ocr_carea' id='block_1_13' title="bbox 303 1779 1821 1864">
    <p class='ocr_par' dir='ltr' id='par_1_14' title="bbox 303 1779 1821 1864">
     <span class='ocr_line' id='line_1_23' title="bbox 303 1779 1821 1864; baseline 0.003 -24"><span class='ocrx_word' id='word_1_102' title='bbox 303 1779 515 1842; x_wconf 88' lang='lat' dir='ltr'><strong>lutem</strong></span> <span class='ocrx_word' id='word_1_103' title='bbox 556 1782 777 1864; x_wconf 92' lang='lat' dir='ltr'><strong>populi</strong></span> <span class='ocrx_word' id='word_1_104' title='bbox 819 1782 937 1856; x_wconf 90' lang='lat' dir='ltr'><strong>tui,</strong></span> <span class='ocrx_word' id='word_1_105' title='bbox 972 1783 1039 1845; x_wconf 90' lang='lat' dir='ltr'><strong>in</strong></span> <span class='ocrx_word' id='word_1_106' title='bbox 1080 1783 1351 1846; x_wconf 89' lang='lat' dir='ltr'><strong>salutem</strong></span> <span class='ocrx_word' id='word_1_107' title='bbox 1393 1802 1537 1846; x_wconf 90' lang='lat' dir='ltr'><strong>cum</strong></span> <span class='ocrx_word' id='word_1_108' title='bbox 1572 1781 1821 1846; x_wconf 90' lang='lat' dir='ltr'><strong>Christo</strong></span> 
     </span>
    </p>
   </div>
   <div class='ocr_carea' id='block_1_14' title="bbox 1928 797 3433 1765">
    <p class='ocr_par' dir='ltr' id='par_1_15' title="bbox 1928 797 3433 1765">
     <span class='ocr_line' id='line_1_24' title="bbox 1932 797 3426 881; baseline 0.001 -21"><span class='ocrx_word' id='word_1_109' title='bbox 1932 797 1998 860; x_wconf 94' lang='lat' dir='ltr'><strong>in</strong></span> <span class='ocrx_word' id='word_1_110' title='bbox 2045 798 2244 860; x_wconf 90' lang='lat' dir='ltr'><strong>veteri</strong></span> <span class='ocrx_word' id='word_1_111' title='bbox 2287 797 2704 872; x_wconf 87' lang='lat' dir='ltr'><strong>Testamento,</strong></span> <span class='ocrx_word' id='word_1_112' title='bbox 2740 799 2905 862; x_wconf 87' lang='lat' dir='ltr'><strong>sicut</strong></span> <span class='ocrx_word' id='word_1_113' title='bbox 2955 819 3124 861; x_wconf 88' lang='lat' dir='ltr'><strong>nunc</strong></span> <span class='ocrx_word' id='word_1_114' title='bbox 3169 807 3426 881; x_wconf 83' lang='lat' dir='ltr'><strong>praestas</strong></span> 
     </span>
     <span class='ocr_line' id='line_1_25' title="bbox 1928 895 3430 979; baseline 0.002 -22"><span class='ocrx_word' id='word_1_115' title='bbox 1928 896 2276 976; x_wconf 88' lang='lat' dir='ltr'><strong>gentilibus</strong></span> <span class='ocrx_word' id='word_1_116' title='bbox 2310 895 2373 956; x_wconf 90' lang='lat' dir='ltr'><strong>in</strong></span> <span class='ocrx_word' id='word_1_117' title='bbox 2415 896 2778 976; x_wconf 88' lang='lat' dir='ltr'><strong>evangelica</strong></span> <span class='ocrx_word' id='word_1_118' title='bbox 2819 897 2977 978; x_wconf 87' lang='lat' dir='ltr'><strong>lege.</strong></span> <span class='ocrx_word' id='word_1_119' title='bbox 3012 897 3121 958; x_wconf 89' lang='lat' dir='ltr'><strong>Vel</strong></span> <span class='ocrx_word' id='word_1_120' title='bbox 3154 915 3270 979; x_wconf 91' lang='lat' dir='ltr'><strong>per</strong></span> <span class='ocrx_word' id='word_1_121' title='bbox 3297 897 3430 961; x_wconf 87' lang='lat' dir='ltr'><strong>hoe-</strong></span> 
     </span>
     <span class='ocr_line' id='line_1_26' title="bbox 1931 994 3433 1076; baseline 0.001 -20"><span class='ocrx_word' id='word_1_122' title='bbox 1931 995 2085 1056; x_wconf 90' lang='lat' dir='ltr'><strong>dum</strong></span> <span class='ocrx_word' id='word_1_123' title='bbox 2132 994 2513 1075; x_wconf 80' lang='lat' dir='ltr'><strong>intelligitur</strong></span> <span class='ocrx_word' id='word_1_124' title='bbox 2561 994 2868 1070; x_wconf 78' lang='lat' dir='ltr'><strong>ChristuS‚</strong></span> <span class='ocrx_word' id='word_1_125' title='bbox 2912 995 3024 1076; x_wconf 91' lang='lat' dir='ltr'><strong>qui</strong></span> <span class='ocrx_word' id='word_1_126' title='bbox 3076 996 3274 1058; x_wconf 88' lang='lat' dir='ltr'><strong>veteri</strong></span> <span class='ocrx_word' id='word_1_127' title='bbox 3323 1015 3433 1076; x_wconf 92' lang='lat' dir='ltr'><strong>po-</strong></span> 
     </span>
     <span class='ocr_line' id='line_1_27' title="bbox 1931 1091 3432 1174; baseline 0.001 -21"><span class='ocrx_word' id='word_1_128' title='bbox 1931 1091 2084 1174; x_wconf 93' lang='lat' dir='ltr'><strong>pulo</strong></span> <span class='ocrx_word' id='word_1_129' title='bbox 2144 1092 2498 1174; x_wconf 91' lang='lat' dir='ltr'><strong>promissus</strong></span> <span class='ocrx_word' id='word_1_130' title='bbox 2555 1091 2700 1166; x_wconf 87' lang='lat' dir='ltr'><strong>fuit,</strong></span> <span class='ocrx_word' id='word_1_131' title='bbox 2763 1111 2888 1156; x_wconf 92' lang='lat' dir='ltr'><strong>non</strong></span> <span class='ocrx_word' id='word_1_132' title='bbox 2945 1093 3290 1155; x_wconf 82' lang='lat' dir='ltr'><strong>exhibitus.</strong></span> <span class='ocrx_word' id='word_1_133' title='bbox 3357 1097 3432 1156; x_wconf 77' lang='lat' dir='ltr'><strong>Ut</strong></span> 
     </span>
     <span class='ocr_line' id='line_1_28' title="bbox 1930 1191 3430 1268; baseline 0.003 -18"><span class='ocrx_word' id='word_1_134' title='bbox 1930 1211 2079 1251; x_wconf 82' lang='lat' dir='ltr'><strong>eum</strong></span> <span class='ocrx_word' id='word_1_135' title='bbox 2126 1192 2358 1252; x_wconf 82' lang='lat' dir='ltr'><strong>amicis</strong></span> <span class='ocrx_word' id='word_1_136' title='bbox 2407 1192 2565 1252; x_wconf 84' lang='lat' dir='ltr'><strong>meis</strong></span> <span class='ocrx_word' id='word_1_137' title='bbox 2611 1195 2938 1268; x_wconf 80' lang='lat' dir='ltr'><strong>epularer,</strong></span> <span class='ocrx_word' id='word_1_138' title='bbox 2991 1191 3055 1252; x_wconf 91' lang='lat' dir='ltr'><strong>id</strong></span> <span class='ocrx_word' id='word_1_139' title='bbox 3112 1199 3229 1266; x_wconf 86' lang='lat' dir='ltr'><strong>est,</strong></span> <span class='ocrx_word' id='word_1_140' title='bbox 3283 1210 3430 1254; x_wconf 88' lang='lat' dir='ltr'><strong>cum</strong></span> 
     </span>
     <span class='ocr_line' id='line_1_29' title="bbox 1931 1288 3430 1364; baseline 0.001 -14"><span class='ocrx_word' id='word_1_141' title='bbox 1931 1289 2158 1350; x_wconf 89' lang='lat' dir='ltr'><strong>ceteris</strong></span> <span class='ocrx_word' id='word_1_142' title='bbox 2207 1288 2324 1350; x_wconf 92' lang='lat' dir='ltr'><strong>tibi</strong></span> <span class='ocrx_word' id='word_1_143' title='bbox 2369 1288 2881 1350; x_wconf 85' lang='lat' dir='ltr'><strong>ministrantibus</strong></span> <span class='ocrx_word' id='word_1_144' title='bbox 2923 1289 3082 1350; x_wconf 90' lang='lat' dir='ltr'><strong>mihi</strong></span> <span class='ocrx_word' id='word_1_145' title='bbox 3132 1289 3316 1364; x_wconf 80' lang='lat' dir='ltr'><strong>cariS,</strong></span> <span class='ocrx_word' id='word_1_146' title='bbox 3353 1292 3430 1351; x_wconf 92' lang='lat' dir='ltr'><strong>de</strong></span> 
     </span>
     <span class='ocr_line' id='line_1_30' title="bbox 1930 1387 3425 1470; baseline 0 -21"><span class='ocrx_word' id='word_1_147' title='bbox 1930 1389 2058 1450; x_wconf 92' lang='lat' dir='ltr'><strong>tuis</strong></span> <span class='ocrx_word' id='word_1_148' title='bbox 2108 1388 2445 1451; x_wconf 71' lang='lat' dir='ltr'><strong>beneficiis</strong></span> <span class='ocrx_word' id='word_1_149' title='bbox 2500 1388 2807 1470; x_wconf 80' lang='lat' dir='ltr'><strong>gloriarer</strong></span> <span class='ocrx_word' id='word_1_150' title='bbox 2855 1396 3046 1470; x_wconf 90' lang='lat' dir='ltr'><strong>atque</strong></span> <span class='ocrx_word' id='word_1_151' title='bbox 3103 1387 3425 1451; x_wconf 76' lang='lat' dir='ltr'><strong>reficerer.</strong></span> 
     </span>
     <span class='ocr_line' id='line_1_31' title="bbox 1931 1484 3427 1568; baseline 0.003 -22"><span class='ocrx_word' id='word_1_152' title='bbox 1931 1484 2137 1548; x_wconf 88' lang='lat' dir='ltr'><strong>Potest</strong></span> <span class='ocrx_word' id='word_1_153' title='bbox 2186 1487 2378 1550; x_wconf 92' lang='lat' dir='ltr'><strong>etiam</strong></span> <span class='ocrx_word' id='word_1_154' title='bbox 2428 1487 2547 1551; x_wconf 87' lang='lat' dir='ltr'><strong>hoc</strong></span> <span class='ocrx_word' id='word_1_155' title='bbox 2599 1486 2822 1549; x_wconf 80' lang='lat' dir='ltr'><strong>referri</strong></span> <span class='ocrx_word' id='word_1_156' title='bbox 2871 1488 2950 1549; x_wconf 91' lang='lat' dir='ltr'><strong>ad</strong></span> <span class='ocrx_word' id='word_1_157' title='bbox 2997 1487 3427 1568; x_wconf 88' lang='lat' dir='ltr'><strong>epulationem</strong></span> 
     </span>
     <span class='ocr_line' id='line_1_32' title="bbox 1930 1583 3430 1667; baseline 0.002 -22"><span class='ocrx_word' id='word_1_158' title='bbox 1930 1583 2252 1647; x_wconf 79' lang='lat' dir='ltr'><strong>felicitatis</strong></span> <span class='ocrx_word' id='word_1_159' title='bbox 2298 1593 2547 1648; x_wconf 83' lang='lat' dir='ltr'><strong>aeternae</strong></span> <span class='ocrx_word' id='word_1_160' title='bbox 2595 1585 2661 1647; x_wconf 92' lang='lat' dir='ltr'><strong>in</strong></span> <span class='ocrx_word' id='word_1_161' title='bbox 2713 1585 2934 1667; x_wconf 89' lang='lat' dir='ltr'><strong>patria,</strong></span> <span class='ocrx_word' id='word_1_162' title='bbox 2967 1587 3044 1647; x_wconf 90' lang='lat' dir='ltr'><strong>ad</strong></span> <span class='ocrx_word' id='word_1_163' title='bbox 3093 1605 3284 1666; x_wconf 92' lang='lat' dir='ltr'><strong>quam</strong></span> <span class='ocrx_word' id='word_1_164' title='bbox 3325 1586 3430 1648; x_wconf 90' lang='lat' dir='ltr'><strong>Ju-</strong></span> 
     </span>
     <span class='ocr_line' id='line_1_33' title="bbox 1931 1683 3429 1765; baseline 0.001 -20"><span class='ocrx_word' id='word_1_165' title='bbox 1931 1683 2050 1745; x_wconf 84' lang='lat' dir='ltr'><strong>daei</strong></span> <span class='ocrx_word' id='word_1_166' title='bbox 2083 1683 2346 1765; x_wconf 88' lang='lat' dir='ltr'><strong>perduci</strong></span> <span class='ocrx_word' id='word_1_167' title='bbox 2391 1702 2516 1746; x_wconf 92' lang='lat' dir='ltr'><strong>non</strong></span> <span class='ocrx_word' id='word_1_168' title='bbox 2556 1690 2845 1764; x_wconf 88' lang='lat' dir='ltr'><strong>poterant</strong></span> <span class='ocrx_word' id='word_1_169' title='bbox 2881 1691 3027 1745; x_wconf 91' lang='lat' dir='ltr'><strong>ante</strong></span> <span class='ocrx_word' id='word_1_170' title='bbox 3057 1683 3286 1746; x_wconf 87' lang='lat' dir='ltr'><strong>Christi</strong></span> <span class='ocrx_word' id='word_1_171' title='bbox 3325 1703 3429 1747; x_wconf 92' lang='lat' dir='ltr'><strong>oc-</strong></span> 
     </span>
    </p>
   </div>
   <div class='ocr_carea' id='block_1_15' title="bbox 1932 1781 3634 1859">
    <p class='ocr_par' dir='ltr' id='par_1_16' title="bbox 1932 1781 3634 1859">
     <span class='ocr_line' id='line_1_34' title="bbox 1932 1781 3634 1859; baseline 0.002 -17"><span class='ocrx_word' id='word_1_172' title='bbox 1932 1781 2263 1844; x_wconf 87' lang='lat' dir='ltr'><strong>cisionem.</strong></span> <span class='ocrx_word' id='word_1_173' title='bbox 2309 1784 2441 1843; x_wconf 86' lang='lat' dir='ltr'><strong>Sed</strong></span> <span class='ocrx_word' id='word_1_174' title='bbox 2477 1789 2822 1859; x_wconf 77' lang='lat' dir='ltr'><strong>postquam</strong></span> <span class='ocrx_word' id='word_1_175' title='bbox 2867 1783 3052 1858; x_wconf 76' lang='lat' dir='ltr'><strong>filius</strong></span> <span class='ocrx_word' id='word_1_176' title='bbox 3102 1792 3250 1842; x_wconf 78' lang='lat' dir='ltr'><strong>mus</strong></span> <span class='ocrx_word' id='word_1_177' title='bbox 3296 1784 3424 1842; x_wconf 77' lang='lat' dir='ltr'><strong>hic.</strong></span> <span class='ocrx_word' id='word_1_178' title='bbox 3561 1789 3634 1846; x_wconf 91' lang='grc'><strong>30</strong></span> 
     </span>
    </p>
   </div>
   <div class='ocr_carea' id='block_1_16' title="bbox 302 1875 3430 1965">
    <p class='ocr_par' dir='ltr' id='par_1_17' title="bbox 302 1875 3430 1965">
     <span class='ocr_line' id='line_1_35' title="bbox 302 1875 3430 1965; baseline 0.001 -27"><span class='ocrx_word' id='word_1_179' title='bbox 302 1887 441 1942; x_wconf 87' lang='lat' dir='ltr'><strong>tuo.</strong></span> <span class='ocrx_word' id='word_1_180' title='bbox 496 1877 802 1960; x_wconf 79' lang='lat' dir='ltr'><strong>Egressus</strong></span> <span class='ocrx_word' id='word_1_181' title='bbox 862 1889 959 1942; x_wconf 89' lang='lat' dir='ltr'><strong>est</strong></span> <span class='ocrx_word' id='word_1_182' title='bbox 1015 1889 1230 1944; x_wconf 89' lang='lat' dir='ltr'><strong>autem</strong></span> <span class='ocrx_word' id='word_1_183' title='bbox 1278 1901 1317 1944; x_wconf 87' lang='lat' dir='ltr'><strong>a</strong></span> <span class='ocrx_word' id='word_1_184' title='bbox 1364 1881 1691 1965; x_wconf 87' lang='lat' dir='ltr'><strong>Synagoga</strong></span> <span class='ocrx_word' id='word_1_185' title='bbox 1740 1882 1817 1943; x_wconf 93' lang='lat' dir='ltr'><strong>ad</strong></span> <span class='ocrx_word' id='word_1_186' title='bbox 1858 1875 1903 1938; x_wconf 88' lang='lat' dir='ltr'>B</span> <span class='ocrx_word' id='word_1_187' title='bbox 1930 1879 2346 1962; x_wconf 82' lang='lat' dir='ltr'><strong>Asper-nando</strong></span> <span class='ocrx_word' id='word_1_188' title='bbox 2377 1881 2497 1943; x_wconf 87' lang='lat' dir='ltr'><strong>hoc</strong></span> <span class='ocrx_word' id='word_1_189' title='bbox 2534 1880 2710 1954; x_wconf 90' lang='lat' dir='ltr'><strong>dicit,</strong></span> <span class='ocrx_word' id='word_1_190' title='bbox 2745 1880 2898 1961; x_wconf 91' lang='lat' dir='ltr'><strong>quia</strong></span> <span class='ocrx_word' id='word_1_191' title='bbox 2925 1881 3120 1944; x_wconf 82' lang='lat' dir='ltr'><strong>Judaei</strong></span> <span class='ocrx_word' id='word_1_192' title='bbox 3156 1889 3430 1944; x_wconf 90' lang='lat' dir='ltr'><strong>contem-</strong></span> 
     </span>
    </p>
   </div>
   <div class='ocr_carea' id='block_1_17' title="bbox 302 1975 1827 4127">
    <p class='ocr_par' dir='ltr' id='par_1_18' title="bbox 302 1975 1827 3125">
     <span class='ocr_line' id='line_1_36' title="bbox 302 1975 1819 2062; baseline 0.003 -25"><span class='ocrx_word' id='word_1_193' title='bbox 302 1975 682 2050; x_wconf 87' lang='lat' dir='ltr'><strong>Ecclesiam‚</strong></span> <span class='ocrx_word' id='word_1_194' title='bbox 718 1978 893 2040; x_wconf 91' lang='lat' dir='ltr'><strong>illam</strong></span> <span class='ocrx_word' id='word_1_195' title='bbox 920 1979 1093 2060; x_wconf 84' lang='lat' dir='ltr'><strong>juste</strong></span> <span class='ocrx_word' id='word_1_196' title='bbox 1132 1980 1525 2062; x_wconf 76' lang='lat' dir='ltr'><strong>relinquen8‚</strong></span> <span class='ocrx_word' id='word_1_197' title='bbox 1559 1987 1623 2042; x_wconf 90' lang='lat' dir='ltr'><strong>et</strong></span> <span class='ocrx_word' id='word_1_198' title='bbox 1658 1980 1819 2042; x_wconf 91' lang='lat' dir='ltr'><strong>hanc</strong></span> 
     </span>
     <span class='ocr_line' id='line_1_37' title="bbox 302 2076 1821 2156; baseline 0 -18"><span class='ocrx_word' id='word_1_199' title='bbox 302 2076 811 2140; x_wconf 87' lang='lat' dir='ltr'><strong>misericorditer</strong></span> <span class='ocrx_word' id='word_1_200' title='bbox 869 2079 1157 2140; x_wconf 89' lang='lat' dir='ltr'><strong>visitans.</strong></span> <span class='ocrx_word' id='word_1_201' title='bbox 1210 2081 1410 2156; x_wconf 81' lang='lat' dir='ltr'><strong>Coepic</strong></span> <span class='ocrx_word' id='word_1_202' title='bbox 1457 2099 1687 2156; x_wconf 73' lang='lat' dir='ltr'><strong>royare</strong></span> <span class='ocrx_word' id='word_1_203' title='bbox 1734 2081 1821 2138; x_wconf 82' lang='lat' dir='ltr'><strong>il-</strong></span> 
     </span>
     <span class='ocr_line' id='line_1_38' title="bbox 302 2175 1824 2259; baseline 0.003 -25"><span class='ocrx_word' id='word_1_204' title='bbox 302 2179 477 2246; x_wconf 82' lang='lat' dir='ltr'><strong>lum,</strong></span> <span class='ocrx_word' id='word_1_205' title='bbox 510 2175 572 2237; x_wconf 92' lang='lat' dir='ltr'><strong>id</strong></span> <span class='ocrx_word' id='word_1_206' title='bbox 614 2183 711 2237; x_wconf 89' lang='lat' dir='ltr'><strong>est</strong></span> <span class='ocrx_word' id='word_1_207' title='bbox 736 2175 985 2239; x_wconf 79' lang='lat' dir='ltr'><strong>Judaeos</strong></span> <span class='ocrx_word' id='word_1_208' title='bbox 1031 2177 1133 2258; x_wconf 91' lang='lat' dir='ltr'><strong>pie</strong></span> <span class='ocrx_word' id='word_1_209' title='bbox 1173 2195 1247 2239; x_wconf 96' lang='lat' dir='ltr'><strong>ac</strong></span> <span class='ocrx_word' id='word_1_210' title='bbox 1285 2177 1698 2259; x_wconf 86' lang='lat' dir='ltr'><strong>paternaliter</strong></span> <span class='ocrx_word' id='word_1_211' title='bbox 1727 2178 1824 2239; x_wconf 93' lang='lat' dir='ltr'><strong>in-</strong></span> 
     </span>
     <span class='ocr_line' id='line_1_39' title="bbox 302 2272 1817 2357; baseline 0.001 -21"><span class='ocrx_word' id='word_1_212' title='bbox 302 2273 513 2336; x_wconf 87' lang='lat' dir='ltr'><strong>vitare</strong></span> <span class='ocrx_word' id='word_1_213' title='bbox 556 2275 637 2336; x_wconf 90' lang='lat' dir='ltr'><strong>ad</strong></span> <span class='ocrx_word' id='word_1_214' title='bbox 686 2272 1031 2348; x_wconf 89' lang='lat' dir='ltr'><strong>Christum,</strong></span> <span class='ocrx_word' id='word_1_215' title='bbox 1078 2275 1497 2357; x_wconf 88' lang='lat' dir='ltr'><strong>inspiratione</strong></span> <span class='ocrx_word' id='word_1_216' title='bbox 1546 2276 1817 2348; x_wconf 85' lang='lat' dir='ltr'><strong>interna,</strong></span> 
     </span>
     <span class='ocr_line' id='line_1_40' title="bbox 302 2372 1823 2457; baseline 0.002 -23"><span class='ocrx_word' id='word_1_217' title='bbox 302 2372 751 2435; x_wconf 89' lang='lat' dir='ltr'><strong>exhortatione</strong></span> <span class='ocrx_word' id='word_1_218' title='bbox 806 2373 1113 2453; x_wconf 88' lang='lat' dir='ltr'><strong>angelica,</strong></span> <span class='ocrx_word' id='word_1_219' title='bbox 1173 2373 1621 2456; x_wconf 79' lang='lat' dir='ltr'><strong>praedicatione</strong></span> <span class='ocrx_word' id='word_1_220' title='bbox 1673 2394 1823 2457; x_wconf 92' lang='lat' dir='ltr'><strong>apo-</strong></span> 
     </span>
     <span class='ocr_line' id='line_1_41' title="bbox 302 2471 1821 2536; baseline 0.002 -4"><span class='ocrx_word' id='word_1_221' title='bbox 302 2471 555 2534; x_wconf 89' lang='lat' dir='ltr'><strong>stolica.</strong></span> <span class='ocrx_word' id='word_1_222' title='bbox 607 2471 784 2533; x_wconf 89' lang='lat' dir='ltr'><strong>Unde</strong></span> <span class='ocrx_word' id='word_1_223' title='bbox 837 2471 901 2533; x_wconf 93' lang='lat' dir='ltr'><strong>in</strong></span> <span class='ocrx_word' id='word_1_224' title='bbox 950 2471 1214 2534; x_wconf 81' lang='lat' dir='ltr'><strong>Actibus</strong></span> <span class='ocrx_word' id='word_1_225' title='bbox 1263 2472 1482 2536; x_wconf 89' lang='lat' dir='ltr'><strong>Petrus</strong></span> <span class='ocrx_word' id='word_1_226' title='bbox 1534 2473 1695 2536; x_wconf 84' lang='lat' dir='ltr'><strong>dixit</strong></span> <span class='ocrx_word' id='word_1_227' title='bbox 1742 2473 1821 2535; x_wconf 91' lang='lat' dir='ltr'><strong>ad</strong></span> 
     </span>
     <span class='ocr_line' id='line_1_42' title="bbox 305 2568 1821 2652; baseline 0.002 -21"><span class='ocrx_word' id='word_1_228' title='bbox 305 2569 457 2633; x_wconf 93' lang='lat' dir='ltr'><strong>illos</strong></span> <span class='ocrx_word' id='word_1_229' title='bbox 494 2588 509 2630; x_wconf 88' lang='lat'><strong>:</strong></span> <span class='ocrx_word' id='word_1_230' title='bbox 542 2568 813 2643; x_wconf 79' lang='lat' dir='ltr'><strong>FratreS,</strong></span> <span class='ocrx_word' id='word_1_231' title='bbox 850 2570 982 2632; x_wconf 90' lang='lat' dir='ltr'><strong>scio</strong></span> <span class='ocrx_word' id='word_1_232' title='bbox 1031 2570 1185 2651; x_wconf 88' lang='lat' dir='ltr'><strong>quia</strong></span> <span class='ocrx_word' id='word_1_233' title='bbox 1234 2589 1349 2652; x_wconf 88' lang='lat' dir='ltr'><strong>per</strong></span> <span class='ocrx_word' id='word_1_234' title='bbox 1398 2571 1821 2652; x_wconf 86' lang='lat' dir='ltr'><strong>ignorantiam</strong></span> 
     </span>
     <span class='ocr_line' id='line_1_43' title="bbox 304 2665 1824 2750; baseline 0.002 -22"><span class='ocrx_word' id='word_1_235' title='bbox 304 2665 580 2742; x_wconf 87' lang='lat' dir='ltr'><strong>fecistis,</strong></span> <span class='ocrx_word' id='word_1_236' title='bbox 634 2667 803 2729; x_wconf 89' lang='lat' dir='ltr'><strong>sicut</strong></span> <span class='ocrx_word' id='word_1_237' title='bbox 850 2675 915 2729; x_wconf 91' lang='lat' dir='ltr'><strong>et</strong></span> <span class='ocrx_word' id='word_1_238' title='bbox 972 2668 1298 2750; x_wconf 88' lang='lat' dir='ltr'><strong>principes</strong></span> <span class='ocrx_word' id='word_1_239' title='bbox 1348 2669 1565 2730; x_wconf 89' lang='lat' dir='ltr'><strong>vestri.</strong></span> <span class='ocrx_word' id='word_1_240' title='bbox 1619 2669 1824 2731; x_wconf 88' lang='lat' dir='ltr'><strong>Poeni-</strong></span> 
     </span>
     <span class='ocr_line' id='line_1_44' title="bbox 304 2765 1825 2845; baseline 0.002 -19"><span class='ocrx_word' id='word_1_241' title='bbox 304 2765 539 2827; x_wconf 89' lang='lat' dir='ltr'><strong>tcmini</strong></span> <span class='ocrx_word' id='word_1_242' title='bbox 572 2782 743 2845; x_wconf 87' lang='lat' dir='ltr'><strong>erg0,</strong></span> <span class='ocrx_word' id='word_1_243' title='bbox 776 2773 841 2828; x_wconf 90' lang='lat' dir='ltr'><strong>et</strong></span> <span class='ocrx_word' id='word_1_244' title='bbox 871 2765 1346 2840; x_wconf 86' lang='lat' dir='ltr'><strong>convertimini,</strong></span> <span class='ocrx_word' id='word_1_245' title='bbox 1384 2773 1450 2828; x_wconf 89' lang='lat' dir='ltr'><strong>ut</strong></span> <span class='ocrx_word' id='word_1_246' title='bbox 1489 2765 1825 2829; x_wconf 87' lang='lat' dir='ltr'><strong>deleantur</strong></span> 
     </span>
     <span class='ocr_line' id='line_1_45' title="bbox 306 2862 1822 2946; baseline 0.001 -20"><span class='ocrx_word' id='word_1_247' title='bbox 306 2871 527 2926; x_wconf 82' lang='lat' dir='ltr'><strong>vestra</strong></span> <span class='ocrx_word' id='word_1_248' title='bbox 586 2871 865 2945; x_wconf 86' lang='lat' dir='ltr'><strong>peccata.</strong></span> <span class='ocrx_word' id='word_1_249' title='bbox 916 2862 1096 2926; x_wconf 91' lang='lat' dir='ltr'><strong>Sicut</strong></span> <span class='ocrx_word' id='word_1_250' title='bbox 1138 2871 1202 2926; x_wconf 87' lang='lat' dir='ltr'><strong>et</strong></span> <span class='ocrx_word' id='word_1_251' title='bbox 1248 2863 1478 2926; x_wconf 90' lang='lat' dir='ltr'><strong>Paulus</strong></span> <span class='ocrx_word' id='word_1_252' title='bbox 1522 2865 1822 2946; x_wconf 90' lang='lat' dir='ltr'><strong>gentibus</strong></span> 
     </span>
     <span class='ocr_line' id='line_1_46' title="bbox 306 2962 1827 3047; baseline 0 -22"><span class='ocrx_word' id='word_1_253' title='bbox 306 2965 398 3025; x_wconf 89' lang='lat' dir='ltr'><strong>ait</strong></span> <span class='ocrx_word' id='word_1_254' title='bbox 444 2982 461 3026; x_wconf 75' lang='grc' dir='ltr'>ε</span> <span class='ocrx_word' id='word_1_255' title='bbox 506 2962 925 3026; x_wconf 83' lang='lat' dir='ltr'><strong>obsecramus</strong></span> <span class='ocrx_word' id='word_1_256' title='bbox 975 2983 1091 3047; x_wconf 95' lang='lat' dir='ltr'><strong>pro</strong></span> <span class='ocrx_word' id='word_1_257' title='bbox 1142 2963 1411 3038; x_wconf 91' lang='lat' dir='ltr'><strong>Christo,</strong></span> <span class='ocrx_word' id='word_1_258' title='bbox 1456 2964 1827 3026; x_wconf 91' lang='lat' dir='ltr'><strong>reconcilia-</strong></span> 
     </span>
     <span class='ocr_line' id='line_1_47' title="bbox 310 3061 673 3125; baseline -0.006 -1"><span class='ocrx_word' id='word_1_259' title='bbox 310 3062 479 3124; x_wconf 90' lang='lat' dir='ltr'><strong>mini</strong></span> <span class='ocrx_word' id='word_1_260' title='bbox 526 3061 673 3125; x_wconf 90' lang='lat' dir='ltr'><strong>Deo.</strong></span> 
     </span>
    </p>

    <p class='ocr_par' dir='ltr' id='par_1_19' title="bbox 304 3162 1827 4127">
     <span class='ocr_line' id='line_1_48' title="bbox 392 3162 1827 3239; baseline 0 -16"><span class='ocrx_word' id='word_1_261' title='bbox 392 3168 489 3223; x_wconf 84' lang='lat' dir='ltr'><strong>Ac</strong></span> <span class='ocrx_word' id='word_1_262' title='bbox 526 3163 643 3222; x_wconf 80' lang='lat' dir='ltr'><strong>ille</strong></span> <span class='ocrx_word' id='word_1_263' title='bbox 670 3165 1083 3239; x_wconf 78' lang='lat' dir='ltr'><strong>respondens,</strong></span> <span class='ocrx_word' id='word_1_264' title='bbox 1112 3163 1291 3222; x_wconf 72' lang='lat' dir='ltr'><strong>dixit</strong></span> <span class='ocrx_word' id='word_1_265' title='bbox 1322 3162 1511 3239; x_wconf 81' lang='lat' dir='ltr'><strong>patri</strong></span> <span class='ocrx_word' id='word_1_266' title='bbox 1548 3181 1685 3232; x_wconf 78' lang='lat' dir='ltr'><strong>suu,</strong></span> <span class='ocrx_word' id='word_1_267' title='bbox 1718 3180 1827 3223; x_wconf 90' lang='lat' dir='ltr'><strong>cu-</strong></span> 
     </span>
     <span class='ocr_line' id='line_1_49' title="bbox 304 3259 1827 3341; baseline 0.001 -21"><span class='ocrx_word' id='word_1_268' title='bbox 304 3259 413 3340; x_wconf 86' lang='lat' dir='ltr'><strong>jus</strong></span> <span class='ocrx_word' id='word_1_269' title='bbox 456 3259 941 3340; x_wconf 80' lang='lat' dir='ltr'><strong>benignissimae</strong></span> <span class='ocrx_word' id='word_1_270' title='bbox 978 3259 1397 3323; x_wconf 84' lang='lat' dir='ltr'><strong>exhortationi</strong></span> <span class='ocrx_word' id='word_1_271' title='bbox 1443 3277 1569 3322; x_wconf 92' lang='lat' dir='ltr'><strong>non</strong></span> <span class='ocrx_word' id='word_1_272' title='bbox 1608 3260 1827 3341; x_wconf 91' lang='lat' dir='ltr'><strong>acqui-</strong></span> 
     </span>
     <span class='ocr_line' id='line_1_50' title="bbox 304 3357 1824 3433; baseline 0 -15"><span class='ocrx_word' id='word_1_273' title='bbox 304 3359 463 3433; x_wconf 82' lang='lat' dir='ltr'><strong>evit,</strong></span> <span class='ocrx_word' id='word_1_274' title='bbox 522 3358 632 3420; x_wconf 87' lang='lat' dir='ltr'><strong>sed</strong></span> <span class='ocrx_word' id='word_1_275' title='bbox 684 3357 917 3420; x_wconf 80' lang='lat' dir='ltr'><strong>restitit</strong></span> <span class='ocrx_word' id='word_1_276' title='bbox 968 3376 981 3420; x_wconf 74' lang='grc' dir='ltr'>ε</span> <span class='ocrx_word' id='word_1_277' title='bbox 1028 3361 1189 3420; x_wconf 80' lang='lat' dir='ltr'><strong>Ecce</strong></span> <span class='ocrx_word' id='word_1_278' title='bbox 1239 3367 1325 3420; x_wconf 77' lang='lat' dir='ltr'><strong>tot</strong></span> <span class='ocrx_word' id='word_1_279' title='bbox 1372 3361 1569 3419; x_wconf 81' lang='lat' dir='ltr'><strong>annis</strong></span> <span class='ocrx_word' id='word_1_280' title='bbox 1614 3361 1824 3419; x_wconf 80' lang='lat' dir='ltr'><strong>servio</strong></span> 
     </span>
     <span class='ocr_line' id='line_1_51' title="bbox 304 3456 1825 3538; baseline 0.001 -21"><span class='ocrx_word' id='word_1_281' title='bbox 304 3459 451 3527; x_wconf 76' lang='lat' dir='ltr'><strong>tibi,</strong></span> <span class='ocrx_word' id='word_1_282' title='bbox 490 3457 553 3520; x_wconf 93' lang='lat' dir='ltr'><strong>id</strong></span> <span class='ocrx_word' id='word_1_283' title='bbox 585 3463 702 3531; x_wconf 90' lang='lat' dir='ltr'><strong>est,</strong></span> <span class='ocrx_word' id='word_1_284' title='bbox 736 3456 958 3519; x_wconf 89' lang='lat' dir='ltr'><strong>multis</strong></span> <span class='ocrx_word' id='word_1_285' title='bbox 998 3457 1183 3519; x_wconf 91' lang='lat' dir='ltr'><strong>annis</strong></span> <span class='ocrx_word' id='word_1_286' title='bbox 1221 3456 1341 3518; x_wconf 90' lang='lat' dir='ltr'><strong>tibi</strong></span> <span class='ocrx_word' id='word_1_287' title='bbox 1382 3456 1686 3538; x_wconf 87' lang='lat' dir='ltr'><strong>perlegis</strong></span> <span class='ocrx_word' id='word_1_288' title='bbox 1719 3474 1825 3518; x_wconf 90' lang='lat' dir='ltr'><strong>ve-</strong></span> 
     </span>
     <span class='ocr_line' id='line_1_52' title="bbox 304 3554 1824 3630; baseline -0.001 -14"><span class='ocrx_word' id='word_1_289' title='bbox 304 3556 460 3618; x_wconf 89' lang='lat' dir='ltr'><strong>teris</strong></span> <span class='ocrx_word' id='word_1_290' title='bbox 513 3555 985 3618; x_wconf 87' lang='lat' dir='ltr'><strong>observantiam</strong></span> <span class='ocrx_word' id='word_1_291' title='bbox 1038 3554 1420 3630; x_wconf 87' lang='lat' dir='ltr'><strong>ministravi,</strong></span> <span class='ocrx_word' id='word_1_292' title='bbox 1452 3565 1511 3616; x_wconf 77' lang='lat' dir='ltr'><strong>et</strong></span> <span class='ocrx_word' id='word_1_293' title='bbox 1548 3557 1824 3616; x_wconf 79' lang='lat' dir='ltr'><strong>manda-</strong></span> 
     </span>
     <span class='ocr_line' id='line_1_53' title="bbox 304 3651 1823 3731; baseline 0.001 -17"><span class='ocrx_word' id='word_1_294' title='bbox 304 3663 449 3714; x_wconf 76' lang='lat' dir='ltr'><strong>tum</strong></span> <span class='ocrx_word' id='word_1_295' title='bbox 495 3663 685 3714; x_wconf 78' lang='lat' dir='ltr'><strong>tuum</strong></span> <span class='ocrx_word' id='word_1_296' title='bbox 722 3671 1067 3731; x_wconf 78' lang='lat' dir='ltr'><strong>nunquam</strong></span> <span class='ocrx_word' id='word_1_297' title='bbox 1102 3653 1460 3730; x_wconf 75' lang='lat' dir='ltr'><strong>proeterivi.</strong></span> <span class='ocrx_word' id='word_1_298' title='bbox 1496 3651 1823 3724; x_wconf 89' lang='lat' dir='ltr'><strong>Quomodo</strong></span> 
     </span>
     <span class='ocr_line' id='line_1_54' title="bbox 304 3749 1825 3832; baseline -0.001 -19"><span class='ocrx_word' id='word_1_299' title='bbox 304 3769 539 3813; x_wconf 87' lang='lat' dir='ltr'><strong>verum</strong></span> <span class='ocrx_word' id='word_1_300' title='bbox 568 3758 665 3812; x_wconf 89' lang='lat' dir='ltr'><strong>est</strong></span> <span class='ocrx_word' id='word_1_301' title='bbox 694 3751 838 3824; x_wconf 91' lang='lat' dir='ltr'><strong>hoc,</strong></span> <span class='ocrx_word' id='word_1_302' title='bbox 871 3769 1076 3832; x_wconf 91' lang='lat' dir='ltr'><strong>quum</strong></span> <span class='ocrx_word' id='word_1_303' title='bbox 1108 3749 1291 3832; x_wconf 91' lang='lat' dir='ltr'><strong>plebs</strong></span> <span class='ocrx_word' id='word_1_304' title='bbox 1323 3750 1433 3811; x_wconf 92' lang='lat' dir='ltr'><strong>illa</strong></span> <span class='ocrx_word' id='word_1_305' title='bbox 1464 3767 1628 3832; x_wconf 91' lang='lat' dir='ltr'><strong>pene</strong></span> <span class='ocrx_word' id='word_1_306' title='bbox 1660 3767 1825 3812; x_wconf 91' lang='lat' dir='ltr'><strong>sem-</strong></span> 
     </span>
     <span class='ocr_line' id='line_1_55' title="bbox 304 3847 1826 3930; baseline -0.001 -20"><span class='ocrx_word' id='word_1_307' title='bbox 304 3867 425 3930; x_wconf 86' lang='lat' dir='ltr'><strong>per</strong></span> <span class='ocrx_word' id='word_1_308' title='bbox 475 3848 605 3911; x_wconf 90' lang='lat' dir='ltr'><strong>Deo</strong></span> <span class='ocrx_word' id='word_1_309' title='bbox 654 3847 911 3910; x_wconf 89' lang='lat' dir='ltr'><strong>rebellis</strong></span> <span class='ocrx_word' id='word_1_310' title='bbox 960 3847 1295 3923; x_wconf 87' lang='lat' dir='ltr'><strong>exstiterit,</strong></span> <span class='ocrx_word' id='word_1_311' title='bbox 1340 3855 1403 3909; x_wconf 92' lang='lat' dir='ltr'><strong>et</strong></span> <span class='ocrx_word' id='word_1_312' title='bbox 1452 3847 1826 3929; x_wconf 75' lang='lat' dir='ltr'><strong>frequenter</strong></span> 
     </span>
     <span class='ocr_line' id='line_1_56' title="bbox 307 3946 1823 4028; baseline -0.001 -20"><span class='ocrx_word' id='word_1_313' title='bbox 307 3948 373 4009; x_wconf 90' lang='lat' dir='ltr'><strong>in</strong></span> <span class='ocrx_word' id='word_1_314' title='bbox 410 3947 839 4010; x_wconf 89' lang='lat' dir='ltr'><strong>idololatriam</strong></span> <span class='ocrx_word' id='word_1_315' title='bbox 880 3946 1057 4028; x_wconf 88' lang='lat' dir='ltr'><strong>lapsa</strong></span> <span class='ocrx_word' id='word_1_316' title='bbox 1093 3946 1220 4008; x_wconf 66' lang='lat' dir='ltr'><strong>sit?</strong></span> <span class='ocrx_word' id='word_1_317' title='bbox 1251 3946 1514 4028; x_wconf 88' lang='lat' dir='ltr'><strong>Propter</strong></span> <span class='ocrx_word' id='word_1_318' title='bbox 1543 3947 1715 4028; x_wconf 90' lang='lat' dir='ltr'><strong>quod</strong></span> <span class='ocrx_word' id='word_1_319' title='bbox 1758 3946 1823 4008; x_wconf 92' lang='lat' dir='ltr'><strong>in</strong></span> 
     </span>
     <span class='ocr_line' id='line_1_57' title="bbox 310 4044 1827 4127; baseline 0 -19"><span class='ocrx_word' id='word_1_320' title='bbox 310 4046 591 4109; x_wconf 87' lang='lat' dir='ltr'><strong>Threnis</strong></span> <span class='ocrx_word' id='word_1_321' title='bbox 626 4044 927 4108; x_wconf 75' lang='lat' dir='ltr'><strong>Ieremias</strong></span> <span class='ocrx_word' id='word_1_322' title='bbox 970 4045 1035 4106; x_wconf 91' lang='lat' dir='ltr'><strong>in</strong></span> <span class='ocrx_word' id='word_1_323' title='bbox 1087 4062 1360 4126; x_wconf 87' lang='lat' dir='ltr'><strong>persona</strong></span> <span class='ocrx_word' id='word_1_324' title='bbox 1398 4045 1685 4127; x_wconf 88' lang='lat' dir='ltr'><strong>loquitur</strong></span> <span class='ocrx_word' id='word_1_325' title='bbox 1718 4045 1827 4108; x_wconf 85' lang='lat' dir='ltr'><strong>Ju-</strong></span> 
     </span>
    </p>
   </div>
   <div class='ocr_carea' id='block_1_18' title="bbox 271 4142 1828 4224">
    <p class='ocr_par' dir='ltr' id='par_1_20' title="bbox 271 4142 1828 4224">
     <span class='ocr_line' id='line_1_58' title="bbox 271 4142 1828 4224; baseline -0.002 -15"><span class='ocrx_word' id='word_1_326' title='bbox 271 4193 283 4211; x_wconf 93' lang='lat'><strong>.</strong></span> <span class='ocrx_word' id='word_1_327' title='bbox 312 4147 604 4208; x_wconf 84' lang='lat' dir='ltr'><strong>daeorum</strong></span> <span class='ocrx_word' id='word_1_328' title='bbox 638 4163 653 4206; x_wconf 78' lang='lat' dir='ltr'><strong><em>z</em></strong></span> <span class='ocrx_word' id='word_1_329' title='bbox 683 4143 807 4207; x_wconf 88' lang='lat' dir='ltr'><strong>Nos</strong></span> <span class='ocrx_word' id='word_1_330' title='bbox 840 4143 1061 4224; x_wconf 90' lang='lat' dir='ltr'><strong>inique</strong></span> <span class='ocrx_word' id='word_1_331' title='bbox 1090 4142 1354 4223; x_wconf 80' lang='lat' dir='ltr'><strong>egimuS,</strong></span> <span class='ocrx_word' id='word_1_332' title='bbox 1381 4151 1445 4205; x_wconf 89' lang='lat' dir='ltr'><strong>et</strong></span> <span class='ocrx_word' id='word_1_333' title='bbox 1471 4145 1551 4206; x_wconf 90' lang='lat' dir='ltr'><strong>ad</strong></span> <span class='ocrx_word' id='word_1_334' title='bbox 1582 4143 1828 4206; x_wconf 90' lang='lat' dir='ltr'><strong>iracun-</strong></span> 
     </span>
    </p>
   </div>
   <div class='ocr_carea' id='block_1_19' title="bbox 1929 1979 3718 3047">
    <p class='ocr_par' dir='ltr' id='par_1_21' title="bbox 1929 1979 3718 3047">
     <span class='ocr_line' id='line_1_59' title="bbox 1933 1979 3429 2061; baseline -0.001 -20"><span class='ocrx_word' id='word_1_335' title='bbox 1933 1979 2168 2042; x_wconf 90' lang='lat' dir='ltr'><strong>nebant</strong></span> <span class='ocrx_word' id='word_1_336' title='bbox 2195 1979 2464 2060; x_wconf 88' lang='lat' dir='ltr'><strong>gentiles</strong></span> <span class='ocrx_word' id='word_1_337' title='bbox 2501 1997 2513 2042; x_wconf 93' lang='lat'>:</span> <span class='ocrx_word' id='word_1_338' title='bbox 2549 1987 2851 2060; x_wconf 89' lang='lat' dir='ltr'><strong>tanquam</strong></span> <span class='ocrx_word' id='word_1_339' title='bbox 2882 1980 3069 2054; x_wconf 89' lang='lat' dir='ltr'><strong>dicat,</strong></span> <span class='ocrx_word' id='word_1_340' title='bbox 3093 1979 3429 2061; x_wconf 87' lang='lat' dir='ltr'><strong>Postquam</strong></span> 
     </span>
     <span class='ocr_line' id='line_1_60' title="bbox 1932 2075 3433 2160; baseline 0.002 -22"><span class='ocrx_word' id='word_1_341' title='bbox 1932 2077 2051 2140; x_wconf 90' lang='lat' dir='ltr'><strong>iste</strong></span> <span class='ocrx_word' id='word_1_342' title='bbox 2101 2096 2440 2160; x_wconf 88' lang='lat' dir='ltr'><strong>perversus</strong></span> <span class='ocrx_word' id='word_1_343' title='bbox 2480 2086 2543 2140; x_wconf 90' lang='lat' dir='ltr'><strong>et</strong></span> <span class='ocrx_word' id='word_1_344' title='bbox 2580 2078 2748 2152; x_wconf 90' lang='lat' dir='ltr'><strong>vilis,</strong></span> <span class='ocrx_word' id='word_1_345' title='bbox 2781 2096 2974 2158; x_wconf 89' lang='lat' dir='ltr'><strong>quem</strong></span> <span class='ocrx_word' id='word_1_346' title='bbox 3021 2075 3282 2140; x_wconf 87' lang='lat' dir='ltr'><strong>fratrem</strong></span> <span class='ocrx_word' id='word_1_347' title='bbox 3323 2097 3433 2141; x_wconf 92' lang='lat' dir='ltr'><strong>vo-</strong></span> 
     </span>
     <span class='ocr_line' id='line_1_61' title="bbox 1932 2175 3432 2257; baseline -0.001 -19"><span class='ocrx_word' id='word_1_348' title='bbox 1932 2194 2074 2238; x_wconf 89' lang='lat' dir='ltr'><strong>care</strong></span> <span class='ocrx_word' id='word_1_349' title='bbox 2135 2175 2438 2257; x_wconf 91' lang='lat' dir='ltr'><strong>despicio.</strong></span> <span class='ocrx_word' id='word_1_350' title='bbox 2493 2175 2668 2237; x_wconf 91' lang='lat' dir='ltr'><strong>Unde</strong></span> <span class='ocrx_word' id='word_1_351' title='bbox 2719 2176 2782 2238; x_wconf 91' lang='lat' dir='ltr'><strong>in</strong></span> <span class='ocrx_word' id='word_1_352' title='bbox 2833 2175 3093 2237; x_wconf 85' lang='lat' dir='ltr'><strong>Actibus</strong></span> <span class='ocrx_word' id='word_1_353' title='bbox 3149 2175 3432 2257; x_wconf 91' lang='lat' dir='ltr'><strong>loquitur</strong></span> 
     </span>
     <span class='ocr_line' id='line_1_62' title="bbox 1931 2273 3718 2354; baseline 0.002 -18"><span class='ocrx_word' id='word_1_354' title='bbox 1931 2274 2149 2336; x_wconf 88' lang='lat' dir='ltr'><strong>Petrus</strong></span> <span class='ocrx_word' id='word_1_355' title='bbox 2188 2292 2202 2336; x_wconf 91' lang='lat'><strong>:</strong></span> <span class='ocrx_word' id='word_1_356' title='bbox 2237 2274 2358 2338; x_wconf 87' lang='lat' dir='ltr'><strong>Vos</strong></span> <span class='ocrx_word' id='word_1_357' title='bbox 2409 2273 2585 2336; x_wconf 92' lang='lat' dir='ltr'><strong>scitis</strong></span> <span class='ocrx_word' id='word_1_358' title='bbox 2628 2275 2948 2354; x_wconf 90' lang='lat' dir='ltr'><strong>quomodo</strong></span> <span class='ocrx_word' id='word_1_359' title='bbox 2995 2274 3430 2337; x_wconf 90' lang='lat' dir='ltr'><strong>abominatum</strong></span> <span class='ocrx_word' id='word_1_360' title='bbox 3473 2296 3718 2348; x_wconf 40' lang='lat' dir='ltr'><strong>Aetate,</strong></span> 
     </span>
     <span class='ocr_line' id='line_1_63' title="bbox 1932 2372 3431 2453; baseline 0.001 -19"><span class='ocrx_word' id='word_1_361' title='bbox 1932 2373 2015 2434; x_wconf 92' lang='lat' dir='ltr'><strong>sit</strong></span> <span class='ocrx_word' id='word_1_362' title='bbox 2058 2373 2196 2436; x_wconf 88' lang='lat' dir='ltr'><strong>viro</strong></span> <span class='ocrx_word' id='word_1_363' title='bbox 2243 2372 2456 2436; x_wconf 84' lang='lat' dir='ltr'><strong>Judaeo</strong></span> <span class='ocrx_word' id='word_1_364' title='bbox 2504 2372 2806 2453; x_wconf 88' lang='lat' dir='ltr'><strong>conjungi</strong></span> <span class='ocrx_word' id='word_1_365' title='bbox 2857 2379 2965 2434; x_wconf 93' lang='lat' dir='ltr'><strong>aut</strong></span> <span class='ocrx_word' id='word_1_366' title='bbox 3013 2375 3312 2436; x_wconf 88' lang='lat' dir='ltr'><strong>accedere</strong></span> <span class='ocrx_word' id='word_1_367' title='bbox 3353 2375 3431 2436; x_wconf 91' lang='lat' dir='ltr'><strong>ad</strong></span> 
     </span>
     <span class='ocr_line' id='line_1_64' title="bbox 1932 2471 3432 2551; baseline 0.001 -19"><span class='ocrx_word' id='word_1_368' title='bbox 1932 2471 2379 2551; x_wconf 86' lang='lat' dir='ltr'><strong>alienigenam.</strong></span> <span class='ocrx_word' id='word_1_369' title='bbox 2438 2473 2564 2538; x_wconf 81' lang='lat' dir='ltr'><strong>Qui</strong></span> <span class='ocrx_word' id='word_1_370' title='bbox 2611 2473 2949 2532; x_wconf 81' lang='lat' dir='ltr'><strong>devoravit</strong></span> <span class='ocrx_word' id='word_1_371' title='bbox 3001 2473 3432 2534; x_wconf 77' lang='lat' dir='ltr'><strong>substantiam</strong></span> 
     </span>
     <span class='ocr_line' id='line_1_65' title="bbox 1929 2569 3437 2652; baseline 0.003 -23"><span class='ocrx_word' id='word_1_372' title='bbox 1929 2590 2119 2630; x_wconf 76' lang='lat' dir='ltr'><strong>suam</strong></span> <span class='ocrx_word' id='word_1_373' title='bbox 2165 2589 2312 2630; x_wconf 84' lang='lat' dir='ltr'><strong>cum</strong></span> <span class='ocrx_word' id='word_1_374' title='bbox 2361 2570 2805 2629; x_wconf 78' lang='lat' dir='ltr'><strong>meretricibus</strong></span> <span class='ocrx_word' id='word_1_375' title='bbox 2851 2569 3002 2650; x_wconf 90' lang='lat' dir='ltr'><strong>(hoc</strong></span> <span class='ocrx_word' id='word_1_376' title='bbox 3049 2577 3196 2631; x_wconf 89' lang='lat' dir='ltr'><strong>ante</strong></span> <span class='ocrx_word' id='word_1_377' title='bbox 3243 2587 3437 2652; x_wconf 87' lang='lat' dir='ltr'><strong>expo-</strong></span> 
     </span>
     <span class='ocr_line' id='line_1_66' title="bbox 1934 2667 3429 2749; baseline 0.001 -21"><span class='ocrx_word' id='word_1_378' title='bbox 1934 2667 2127 2729; x_wconf 88' lang='lat' dir='ltr'><strong>situm</strong></span> <span class='ocrx_word' id='word_1_379' title='bbox 2179 2667 2324 2743; x_wconf 84' lang='lat' dir='ltr'><strong>est),</strong></span> <span class='ocrx_word' id='word_1_380' title='bbox 2369 2669 2546 2727; x_wconf 75' lang='lat' dir='ltr'><strong>ven-it</strong></span> <span class='ocrx_word' id='word_1_381' title='bbox 2587 2667 2664 2728; x_wconf 90' lang='lat' dir='ltr'><strong>ad</strong></span> <span class='ocrx_word' id='word_1_382' title='bbox 2707 2672 2769 2728; x_wconf 88' lang='lat' dir='ltr'><strong>te</strong></span> <span class='ocrx_word' id='word_1_383' title='bbox 2810 2685 2926 2749; x_wconf 91' lang='lat' dir='ltr'><strong>per</strong></span> <span class='ocrx_word' id='word_1_384' title='bbox 2967 2668 3429 2749; x_wconf 90' lang='lat' dir='ltr'><strong>poenitentiam,</strong></span> 
     </span>
     <span class='ocr_line' id='line_1_67' title="bbox 1932 2766 3428 2842; baseline 0.003 -17"><span class='ocrx_word' id='word_1_385' title='bbox 1932 2766 2228 2826; x_wconf 80' lang='lat' dir='ltr'><strong>occidisti</strong></span> <span class='ocrx_word' id='word_1_386' title='bbox 2275 2767 2384 2825; x_wconf 77' lang='lat' dir='ltr'><em>illi</em></span> <span class='ocrx_word' id='word_1_387' title='bbox 2435 2766 2718 2826; x_wconf 75' lang='lat' dir='ltr'><strong>vitulum</strong></span> <span class='ocrx_word' id='word_1_388' title='bbox 2763 2768 3160 2842; x_wconf 62' lang='lat' dir='ltr'><strong>seminatum,</strong></span> <span class='ocrx_word' id='word_1_389' title='bbox 3202 2767 3265 2828; x_wconf 90' lang='lat' dir='ltr'><strong>id</strong></span> <span class='ocrx_word' id='word_1_390' title='bbox 3314 2775 3428 2842; x_wconf 87' lang='lat' dir='ltr'><strong>est,</strong></span> 
     </span>
     <span class='ocr_line' id='line_1_68' title="bbox 1934 2863 3434 2945; baseline 0.001 -20"><span class='ocrx_word' id='word_1_391' title='bbox 1934 2863 2168 2925; x_wconf 87' lang='lat' dir='ltr'><strong>Christi</strong></span> <span class='ocrx_word' id='word_1_392' title='bbox 2201 2863 2561 2945; x_wconf 90' lang='lat' dir='ltr'><strong>passionem</strong></span> <span class='ocrx_word' id='word_1_393' title='bbox 2589 2863 2647 2924; x_wconf 93' lang='lat' dir='ltr'><strong>ei</strong></span> <span class='ocrx_word' id='word_1_394' title='bbox 2677 2863 3081 2941; x_wconf 86' lang='lat' dir='ltr'><strong>annuntiasti,</strong></span> <span class='ocrx_word' id='word_1_395' title='bbox 3101 2863 3434 2928; x_wconf 90' lang='lat' dir='ltr'><strong>Christum-</strong></span> 
     </span>
     <span class='ocr_line' id='line_1_69' title="bbox 1932 2961 3436 3047; baseline 0.003 -23"><span class='ocrx_word' id='word_1_396' title='bbox 1932 2981 2061 3044; x_wconf 89' lang='lat' dir='ltr'><strong>que</strong></span> <span class='ocrx_word' id='word_1_397' title='bbox 2093 2982 2350 3045; x_wconf 89' lang='lat' dir='ltr'><strong>passum</strong></span> <span class='ocrx_word' id='word_1_398' title='bbox 2383 2961 2442 3024; x_wconf 90' lang='lat' dir='ltr'><strong>ei</strong></span> <span class='ocrx_word' id='word_1_399' title='bbox 2473 2962 2844 3037; x_wconf 86' lang='lat' dir='ltr'><strong>exhibuisti,</strong></span> <span class='ocrx_word' id='word_1_400' title='bbox 2878 2971 2940 3024; x_wconf 89' lang='lat' dir='ltr'><strong>et</strong></span> <span class='ocrx_word' id='word_1_401' title='bbox 2969 2965 3266 3026; x_wconf 88' lang='lat' dir='ltr'><strong>meritum</strong></span> <span class='ocrx_word' id='word_1_402' title='bbox 3298 2984 3436 3047; x_wconf 88' lang='lat' dir='ltr'><strong>pas·</strong></span> 
     </span>
    </p>
   </div>
   <div class='ocr_carea' id='block_1_20' title="bbox 1862 3059 3004 3141">
    <p class='ocr_par' dir='ltr' id='par_1_22' title="bbox 1862 3059 3004 3141">
     <span class='ocr_line' id='line_1_70' title="bbox 1862 3059 3004 3141; baseline -0.001 -17"><span class='ocrx_word' id='word_1_403' title='bbox 1862 3061 1904 3124; x_wconf 92' lang='lat' dir='ltr'><strong>C</strong></span> <span class='ocrx_word' id='word_1_404' title='bbox 1936 3061 2131 3124; x_wconf 91' lang='lat' dir='ltr'><strong>sionis</strong></span> <span class='ocrx_word' id='word_1_405' title='bbox 2174 3059 2314 3141; x_wconf 88' lang='lat' dir='ltr'><strong>ejus</strong></span> <span class='ocrx_word' id='word_1_406' title='bbox 2359 3060 2454 3121; x_wconf 92' lang='lat' dir='ltr'><strong>illi</strong></span> <span class='ocrx_word' id='word_1_407' title='bbox 2499 3061 3004 3123; x_wconf 90' lang='lat' dir='ltr'><strong>communicasti.</strong></span> 
     </span>
    </p>
   </div>
   <div class='ocr_carea' id='block_1_21' title="bbox 1932 3158 3632 4124">
    <p class='ocr_par' dir='ltr' id='par_1_23' title="bbox 1932 3158 3632 4124">
     <span class='ocr_line' id='line_1_71' title="bbox 2014 3158 3632 3240; baseline 0 -20"><span class='ocrx_word' id='word_1_408' title='bbox 2014 3164 2102 3220; x_wconf 77' lang='lat' dir='ltr'><strong>At</strong></span> <span class='ocrx_word' id='word_1_409' title='bbox 2149 3161 2283 3236; x_wconf 77' lang='lat' dir='ltr'><strong>ipse</strong></span> <span class='ocrx_word' id='word_1_410' title='bbox 2333 3166 2510 3240; x_wconf 91' lang='lat' dir='ltr'><strong>pater</strong></span> <span class='ocrx_word' id='word_1_411' title='bbox 2550 3158 2878 3240; x_wconf 90' lang='lat' dir='ltr'><strong>piissimus</strong></span> <span class='ocrx_word' id='word_1_412' title='bbox 2916 3163 3093 3222; x_wconf 74' lang='lat' dir='ltr'><strong>dixit</strong></span> <span class='ocrx_word' id='word_1_413' title='bbox 3141 3163 3250 3222; x_wconf 80' lang='lat' dir='ltr'><em>illi</em></span> <span class='ocrx_word' id='word_1_414' title='bbox 3293 3160 3432 3226; x_wconf 87' lang='lat' dir='ltr'><strong>filio</strong></span> <span class='ocrx_word' id='word_1_415' title='bbox 3566 3165 3632 3220; x_wconf 81' lang='lat'><strong>31</strong></span> 
     </span>
     <span class='ocr_line' id='line_1_72' title="bbox 1935 3257 3434 3335; baseline 0.002 -17"><span class='ocrx_word' id='word_1_416' title='bbox 1935 3257 2170 3320; x_wconf 87' lang='lat' dir='ltr'><strong>seniori</strong></span> <span class='ocrx_word' id='word_1_417' title='bbox 2206 3276 2279 3319; x_wconf 84' lang='lat' dir='ltr'><strong>ac</strong></span> <span class='ocrx_word' id='word_1_418' title='bbox 2317 3257 2535 3319; x_wconf 87' lang='lat' dir='ltr'><strong>invido</strong></span> <span class='ocrx_word' id='word_1_419' title='bbox 2571 3276 2584 3318; x_wconf 73' lang='grc' dir='ltr'>ε</span> <span class='ocrx_word' id='word_1_420' title='bbox 2619 3260 2782 3326; x_wconf 78' lang='lat' dir='ltr'><strong>Fici,</strong></span> <span class='ocrx_word' id='word_1_421' title='bbox 2818 3268 2887 3320; x_wconf 84' lang='lat' dir='ltr'><strong>tu</strong></span> <span class='ocrx_word' id='word_1_422' title='bbox 2915 3280 3158 3335; x_wconf 82' lang='lat' dir='ltr'><strong>semper</strong></span> <span class='ocrx_word' id='word_1_423' title='bbox 3187 3257 3434 3321; x_wconf 68' lang='lat' dir='ltr'><strong>mecum</strong></span> 
     </span>
     <span class='ocr_line' id='line_1_73' title="bbox 1932 3354 3436 3439; baseline 0.003 -24"><span class='ocrx_word' id='word_1_424' title='bbox 1932 3376 2016 3416; x_wconf 84' lang='lat' dir='ltr'><strong>es.</strong></span> <span class='ocrx_word' id='word_1_425' title='bbox 2067 3355 2196 3419; x_wconf 87' lang='lat' dir='ltr'><strong>Hoc</strong></span> <span class='ocrx_word' id='word_1_426' title='bbox 2245 3355 2386 3418; x_wconf 90' lang='lat' dir='ltr'><strong>ideo</strong></span> <span class='ocrx_word' id='word_1_427' title='bbox 2432 3354 2689 3430; x_wconf 90' lang='lat' dir='ltr'><strong>dicitur,</strong></span> <span class='ocrx_word' id='word_1_428' title='bbox 2734 3356 3036 3436; x_wconf 89' lang='lat' dir='ltr'><strong>quoniam</strong></span> <span class='ocrx_word' id='word_1_429' title='bbox 3084 3357 3283 3439; x_wconf 91' lang='lat' dir='ltr'><strong>aliqui</strong></span> <span class='ocrx_word' id='word_1_430' title='bbox 3332 3359 3436 3420; x_wconf 83' lang='lat' dir='ltr'><strong>Ju-</strong></span> 
     </span>
     <span class='ocr_line' id='line_1_74' title="bbox 1934 3453 3431 3537; baseline 0.001 -22"><span class='ocrx_word' id='word_1_431' title='bbox 1934 3455 2215 3516; x_wconf 86' lang='lat' dir='ltr'><strong>daeorum</strong></span> <span class='ocrx_word' id='word_1_432' title='bbox 2263 3459 2392 3516; x_wconf 88' lang='lat' dir='ltr'><strong>toto</strong></span> <span class='ocrx_word' id='word_1_433' title='bbox 2432 3454 2664 3516; x_wconf 91' lang='lat' dir='ltr'><strong>veteris</strong></span> <span class='ocrx_word' id='word_1_434' title='bbox 2706 3453 3084 3516; x_wconf 81' lang='lat' dir='ltr'><strong>Testamenti</strong></span> <span class='ocrx_word' id='word_1_435' title='bbox 3127 3464 3431 3537; x_wconf 89' lang='lat' dir='ltr'><strong>tempore,</strong></span> 
     </span>
     <span class='ocr_line' id='line_1_75' title="bbox 1935 3551 3436 3616; baseline 0.002 -3"><span class='ocrx_word' id='word_1_436' title='bbox 1935 3551 2059 3616; x_wconf 92' lang='lat' dir='ltr'><strong>Deo</strong></span> <span class='ocrx_word' id='word_1_437' title='bbox 2105 3551 2418 3614; x_wconf 90' lang='lat' dir='ltr'><strong>stabiliter</strong></span> <span class='ocrx_word' id='word_1_438' title='bbox 2458 3553 2880 3616; x_wconf 83' lang='lat' dir='ltr'><strong>adhaeserunt.</strong></span> <span class='ocrx_word' id='word_1_439' title='bbox 2915 3556 3000 3615; x_wconf 78' lang='lat' dir='ltr'><strong>E&#39;t</strong></span> <span class='ocrx_word' id='word_1_440' title='bbox 3037 3556 3256 3614; x_wconf 81' lang='lat' dir='ltr'><strong>omnia</strong></span> <span class='ocrx_word' id='word_1_441' title='bbox 3294 3575 3436 3616; x_wconf 85' lang='lat' dir='ltr'><strong>mea</strong></span> 
     </span>
     <span class='ocr_line' id='line_1_76' title="bbox 1938 3651 3439 3735; baseline 0.001 -23"><span class='ocrx_word' id='word_1_442' title='bbox 1938 3661 2049 3712; x_wconf 77' lang='lat' dir='ltr'><strong>tua</strong></span> <span class='ocrx_word' id='word_1_443' title='bbox 2077 3661 2260 3722; x_wconf 78' lang='lat' dir='ltr'><strong>sunt,</strong></span> <span class='ocrx_word' id='word_1_444' title='bbox 2291 3651 2355 3713; x_wconf 90' lang='lat' dir='ltr'><strong>id</strong></span> <span class='ocrx_word' id='word_1_445' title='bbox 2385 3657 2501 3726; x_wconf 88' lang='lat' dir='ltr'><strong>est,</strong></span> <span class='ocrx_word' id='word_1_446' title='bbox 2538 3651 2702 3714; x_wconf 91' lang='lat' dir='ltr'><strong>dona</strong></span> <span class='ocrx_word' id='word_1_447' title='bbox 2736 3651 2952 3731; x_wconf 86' lang='lat' dir='ltr'><strong>gratiae</strong></span> <span class='ocrx_word' id='word_1_448' title='bbox 2991 3669 3147 3713; x_wconf 80' lang='lat' dir='ltr'><strong>meae</strong></span> <span class='ocrx_word' id='word_1_449' title='bbox 3181 3651 3248 3714; x_wconf 94' lang='lat' dir='ltr'><strong>in</strong></span> <span class='ocrx_word' id='word_1_450' title='bbox 3278 3671 3439 3735; x_wconf 81' lang='lat' dir='ltr'><strong>prae—</strong></span> 
     </span>
     <span class='ocr_line' id='line_1_77' title="bbox 1936 3748 3438 3831; baseline 0.001 -21"><span class='ocrx_word' id='word_1_451' title='bbox 1936 3749 2121 3823; x_wconf 86' lang='lat' dir='ltr'><strong>senti,</strong></span> <span class='ocrx_word' id='word_1_452' title='bbox 2157 3755 2221 3811; x_wconf 88' lang='lat' dir='ltr'><strong>et</strong></span> <span class='ocrx_word' id='word_1_453' title='bbox 2249 3750 2416 3812; x_wconf 91' lang='lat' dir='ltr'><strong>dona</strong></span> <span class='ocrx_word' id='word_1_454' title='bbox 2447 3748 2668 3830; x_wconf 82' lang='lat' dir='ltr'><strong>gloriae</strong></span> <span class='ocrx_word' id='word_1_455' title='bbox 2706 3749 2772 3810; x_wconf 88' lang='lat' dir='ltr'><strong>iu</strong></span> <span class='ocrx_word' id='word_1_456' title='bbox 2811 3748 3028 3811; x_wconf 86' lang='lat' dir='ltr'><strong>futuro</strong></span> <span class='ocrx_word' id='word_1_457' title='bbox 3065 3748 3182 3811; x_wconf 91' lang='lat' dir='ltr'><strong>tibi</strong></span> <span class='ocrx_word' id='word_1_458' title='bbox 3223 3757 3438 3831; x_wconf 89' lang='lat' dir='ltr'><strong>parata</strong></span> 
     </span>
     <span class='ocr_line' id='line_1_78' title="bbox 1936 3846 3432 3928; baseline 0.001 -20"><span class='ocrx_word' id='word_1_459' title='bbox 1936 3855 2087 3909; x_wconf 91' lang='lat' dir='ltr'><strong>sunt</strong></span> <span class='ocrx_word' id='word_1_460' title='bbox 2114 3847 2273 3921; x_wconf 90' lang='lat' dir='ltr'><strong>dari,</strong></span> <span class='ocrx_word' id='word_1_461' title='bbox 2308 3853 2369 3908; x_wconf 88' lang='lat' dir='ltr'><strong>et</strong></span> <span class='ocrx_word' id='word_1_462' title='bbox 2409 3865 2553 3928; x_wconf 82' lang='lat' dir='ltr'><strong>quoe</strong></span> <span class='ocrx_word' id='word_1_463' title='bbox 2581 3865 2696 3927; x_wconf 85' lang='lat' dir='ltr'><strong>ego</strong></span> <span class='ocrx_word' id='word_1_464' title='bbox 2736 3846 2938 3910; x_wconf 88' lang='lat' dir='ltr'><strong>habeo</strong></span> <span class='ocrx_word' id='word_1_465' title='bbox 2977 3865 3092 3928; x_wconf 91' lang='lat' dir='ltr'><strong>per</strong></span> <span class='ocrx_word' id='word_1_466' title='bbox 3121 3854 3432 3919; x_wconf 89' lang='lat' dir='ltr'><strong>naturam,</strong></span> 
     </span>
     <span class='ocr_line' id='line_1_79' title="bbox 1934 3945 3439 4028; baseline 0.002 -22"><span class='ocrx_word' id='word_1_467' title='bbox 1934 3945 2050 4006; x_wconf 91' lang='lat' dir='ltr'><strong>tibi</strong></span> <span class='ocrx_word' id='word_1_468' title='bbox 2096 3952 2313 4027; x_wconf 87' lang='lat' dir='ltr'><strong>parata</strong></span> <span class='ocrx_word' id='word_1_469' title='bbox 2351 3953 2520 4018; x_wconf 89' lang='lat' dir='ltr'><strong>sunt,</strong></span> <span class='ocrx_word' id='word_1_470' title='bbox 2556 3952 2626 4006; x_wconf 91' lang='lat' dir='ltr'><strong>ut</strong></span> <span class='ocrx_word' id='word_1_471' title='bbox 2663 3963 2736 4006; x_wconf 90' lang='lat' dir='ltr'><strong>ea</strong></span> <span class='ocrx_word' id='word_1_472' title='bbox 2775 3945 3114 4028; x_wconf 88' lang='lat' dir='ltr'><strong>participes</strong></span> <span class='ocrx_word' id='word_1_473' title='bbox 3149 3965 3263 4028; x_wconf 92' lang='lat' dir='ltr'><strong>per</strong></span> <span class='ocrx_word' id='word_1_474' title='bbox 3293 3947 3439 4009; x_wconf 89' lang='lat' dir='ltr'><strong>bea-</strong></span> 
     </span>
     <span class='ocr_line' id='line_1_80' title="bbox 1935 4041 3438 4124; baseline 0.001 -19"><span class='ocrx_word' id='word_1_475' title='bbox 1935 4041 2179 4105; x_wconf 82' lang='lat' dir='ltr'><strong>tificam</strong></span> <span class='ocrx_word' id='word_1_476' title='bbox 2239 4042 2636 4106; x_wconf 82' lang='lat' dir='ltr'><strong>fruitionem.</strong></span> <span class='ocrx_word' id='word_1_477' title='bbox 2689 4041 2776 4105; x_wconf 91' lang='lat' dir='ltr'><strong>De</strong></span> <span class='ocrx_word' id='word_1_478' title='bbox 2823 4042 3060 4124; x_wconf 91' lang='lat' dir='ltr'><strong>quibus</strong></span> <span class='ocrx_word' id='word_1_479' title='bbox 3118 4044 3301 4108; x_wconf 91' lang='lat' dir='ltr'><strong>bonis</strong></span> <span class='ocrx_word' id='word_1_480' title='bbox 3348 4045 3438 4107; x_wconf 92' lang='lat' dir='ltr'><strong>ait</strong></span> 
     </span>
    </p>
   </div>
   <div class='ocr_carea' id='block_1_22' title="bbox 1935 4139 3726 4223">
    <p class='ocr_par' dir='ltr' id='par_1_24' title="bbox 1935 4139 3726 4223">
     <span class='ocr_line' id='line_1_81' title="bbox 1935 4139 3726 4223; baseline -0.004 -21"><span class='ocrx_word' id='word_1_481' title='bbox 1935 4141 2274 4223; x_wconf 88' lang='lat' dir='ltr'><strong>Apostolus</strong></span> <span class='ocrx_word' id='word_1_482' title='bbox 2328 4159 2341 4203; x_wconf 92' lang='lat'><strong>:</strong></span> <span class='ocrx_word' id='word_1_483' title='bbox 2393 4139 2626 4203; x_wconf 91' lang='lat' dir='ltr'><strong>Oculus</strong></span> <span class='ocrx_word' id='word_1_484' title='bbox 2685 4161 2810 4206; x_wconf 91' lang='lat' dir='ltr'><strong>non</strong></span> <span class='ocrx_word' id='word_1_485' title='bbox 2862 4141 3040 4216; x_wconf 89' lang='lat' dir='ltr'><strong>vidit,</strong></span> <span class='ocrx_word' id='word_1_486' title='bbox 3095 4161 3212 4205; x_wconf 89' lang='lat' dir='ltr'><strong>nec</strong></span> <span class='ocrx_word' id='word_1_487' title='bbox 3263 4143 3435 4204; x_wconf 89' lang='lat' dir='ltr'><strong>auris</strong></span> <span class='ocrx_word' id='word_1_488' title='bbox 3464 4154 3726 4205; x_wconf 51' lang='lat' dir='ltr'><strong>leonum.</strong></span> 
     </span>
    </p>
   </div>
   <div class='ocr_carea' id='block_1_23' title="bbox 313 4237 3434 4324">
    <p class='ocr_par' dir='ltr' id='par_1_25' title="bbox 313 4237 3434 4324">
     <span class='ocr_line' id='line_1_82' title="bbox 313 4237 3434 4324; baseline -0.001 -18"><span class='ocrx_word' id='word_1_489' title='bbox 313 4244 493 4306; x_wconf 86' lang='lat' dir='ltr'><strong>diam</strong></span> <span class='ocrx_word' id='word_1_490' title='bbox 544 4241 1029 4324; x_wconf 89' lang='lat' dir='ltr'><strong>provocavimus</strong></span> <span class='ocrx_word' id='word_1_491' title='bbox 1078 4239 1442 4304; x_wconf 89' lang='lat' dir='ltr'><strong>Dominum.</strong></span> <span class='ocrx_word' id='word_1_492' title='bbox 1482 4240 1556 4303; x_wconf 89' lang='lat' dir='ltr'><strong>Et</strong></span> <span class='ocrx_word' id='word_1_493' title='bbox 1598 4240 1826 4304; x_wconf 84' lang='lat' dir='ltr'><strong>Esdras</strong></span> <span class='ocrx_word' id='word_1_494' title='bbox 1860 4245 1908 4305; x_wconf 92' lang='lat' dir='ltr'>D</span> <span class='ocrx_word' id='word_1_495' title='bbox 1936 4237 2203 4314; x_wconf 90' lang='lat' dir='ltr'><strong>audivit,</strong></span> <span class='ocrx_word' id='word_1_496' title='bbox 2239 4257 2357 4301; x_wconf 91' lang='lat' dir='ltr'><strong>nec</strong></span> <span class='ocrx_word' id='word_1_497' title='bbox 2407 4239 2470 4301; x_wconf 91' lang='lat' dir='ltr'><strong>in</strong></span> <span class='ocrx_word' id='word_1_498' title='bbox 2521 4258 2628 4303; x_wconf 91' lang='lat' dir='ltr'><strong>cor</strong></span> <span class='ocrx_word' id='word_1_499' title='bbox 2667 4240 2944 4303; x_wconf 90' lang='lat' dir='ltr'><strong>hominis</strong></span> <span class='ocrx_word' id='word_1_500' title='bbox 2991 4241 3434 4316; x_wconf 87' lang='lat' dir='ltr'><strong>ascenderunt,</strong></span> 
     </span>
    </p>
   </div>
   <div class='ocr_carea' id='block_1_24' title="bbox 314 4338 1831 5410">
    <p class='ocr_par' dir='ltr' id='par_1_26' title="bbox 314 4338 1831 5410">
     <span class='ocr_line' id='line_1_83' title="bbox 1158 4338 1829 4420; baseline 0.003 -20"><span class='ocrx_word' id='word_1_501' title='bbox 1158 4338 1531 4420; x_wconf 79' lang='lat' dir='ltr'><strong>iniquitates</strong></span> <span class='ocrx_word' id='word_1_502' title='bbox 1596 4347 1829 4402; x_wconf 79' lang='lat' dir='ltr'><strong>nostrae</strong></span> 
     </span>
     <span class='ocr_line' id='line_1_84' title="bbox 314 4438 1822 4522; baseline -0.003 -19"><span class='ocrx_word' id='word_1_503' title='bbox 314 4438 767 4522; x_wconf 83' lang='lat' dir='ltr'><strong>multiplicatae</strong></span> <span class='ocrx_word' id='word_1_504' title='bbox 824 4444 975 4499; x_wconf 92' lang='lat' dir='ltr'><strong>sunt</strong></span> <span class='ocrx_word' id='word_1_505' title='bbox 1032 4455 1225 4519; x_wconf 90' lang='lat' dir='ltr'><strong>super</strong></span> <span class='ocrx_word' id='word_1_506' title='bbox 1273 4444 1465 4519; x_wconf 90' lang='lat' dir='ltr'><strong>caput</strong></span> <span class='ocrx_word' id='word_1_507' title='bbox 1512 4445 1822 4512; x_wconf 89' lang='lat' dir='ltr'><strong>nostrum,</strong></span> 
     </span>
     <span class='ocr_line' id='line_1_85' title="bbox 314 4535 1829 4616; baseline -0.002 -14"><span class='ocrx_word' id='word_1_508' title='bbox 314 4549 378 4602; x_wconf 90' lang='lat' dir='ltr'><strong>et</strong></span> <span class='ocrx_word' id='word_1_509' title='bbox 416 4537 657 4603; x_wconf 90' lang='lat' dir='ltr'><strong>delicta</strong></span> <span class='ocrx_word' id='word_1_510' title='bbox 692 4544 907 4599; x_wconf 90' lang='lat' dir='ltr'><strong>nostra</strong></span> <span class='ocrx_word' id='word_1_511' title='bbox 956 4543 1295 4598; x_wconf 89' lang='lat' dir='ltr'><strong>creverunt</strong></span> <span class='ocrx_word' id='word_1_512' title='bbox 1337 4553 1539 4616; x_wconf 90' lang='lat' dir='ltr'><strong>usque</strong></span> <span class='ocrx_word' id='word_1_513' title='bbox 1586 4535 1665 4596; x_wconf 90' lang='lat' dir='ltr'><strong>ad</strong></span> <span class='ocrx_word' id='word_1_514' title='bbox 1704 4553 1829 4599; x_wconf 91' lang='lat' dir='ltr'><strong>coe-</strong></span> 
     </span>
     <span class='ocr_line' id='line_1_86' title="bbox 316 4632 1831 4715; baseline -0.004 -15"><span class='ocrx_word' id='word_1_515' title='bbox 316 4639 479 4700; x_wconf 89' lang='lat' dir='ltr'><strong>lum.</strong></span> <span class='ocrx_word' id='word_1_516' title='bbox 516 4635 611 4698; x_wconf 89' lang='lat' dir='ltr'><strong>Ad</strong></span> <span class='ocrx_word' id='word_1_517' title='bbox 661 4635 831 4697; x_wconf 88' lang='lat' dir='ltr'><strong>istud</strong></span> <span class='ocrx_word' id='word_1_518' title='bbox 872 4642 969 4696; x_wconf 89' lang='lat' dir='ltr'><strong>est</strong></span> <span class='ocrx_word' id='word_1_519' title='bbox 1004 4634 1243 4715; x_wconf 89' lang='lat' dir='ltr'><strong>duplex</strong></span> <span class='ocrx_word' id='word_1_520' title='bbox 1284 4633 1614 4715; x_wconf 88' lang='lat' dir='ltr'><strong>responsio</strong></span> <span class='ocrx_word' id='word_1_521' title='bbox 1650 4652 1663 4696; x_wconf 91' lang='lat'>:</span> <span class='ocrx_word' id='word_1_522' title='bbox 1700 4632 1831 4715; x_wconf 87' lang='lat' dir='ltr'><strong>pri-</strong></span> 
     </span>
     <span class='ocr_line' id='line_1_87' title="bbox 316 4731 1830 4818; baseline -0.003 -20"><span class='ocrx_word' id='word_1_523' title='bbox 316 4756 443 4810; x_wconf 89' lang='lat' dir='ltr'><strong>ma,</strong></span> <span class='ocrx_word' id='word_1_524' title='bbox 490 4735 667 4818; x_wconf 91' lang='lat' dir='ltr'><strong>quod</strong></span> <span class='ocrx_word' id='word_1_525' title='bbox 715 4733 885 4797; x_wconf 90' lang='lat' dir='ltr'><strong>istud</strong></span> <span class='ocrx_word' id='word_1_526' title='bbox 925 4731 1297 4797; x_wconf 80' lang='lat' dir='ltr'><strong>verificatur</strong></span> <span class='ocrx_word' id='word_1_527' title='bbox 1336 4751 1463 4795; x_wconf 91' lang='lat' dir='ltr'><strong>non</strong></span> <span class='ocrx_word' id='word_1_528' title='bbox 1505 4733 1582 4794; x_wconf 90' lang='lat' dir='ltr'><strong>de</strong></span> <span class='ocrx_word' id='word_1_529' title='bbox 1623 4733 1830 4795; x_wconf 90' lang='lat' dir='ltr'><strong>omni-</strong></span> 
     </span>
     <span class='ocr_line' id='line_1_88' title="bbox 317 4830 1825 4914; baseline -0.002 -17"><span class='ocrx_word' id='word_1_530' title='bbox 317 4835 465 4910; x_wconf 80' lang='lat' dir='ltr'><strong>buS‚</strong></span> <span class='ocrx_word' id='word_1_531' title='bbox 512 4835 623 4896; x_wconf 89' lang='lat' dir='ltr'><strong>sed</strong></span> <span class='ocrx_word' id='word_1_532' title='bbox 672 4834 751 4896; x_wconf 88' lang='lat' dir='ltr'><strong>de</strong></span> <span class='ocrx_word' id='word_1_533' title='bbox 797 4831 1122 4914; x_wconf 90' lang='lat' dir='ltr'><strong>aliquibus</strong></span> <span class='ocrx_word' id='word_1_534' title='bbox 1168 4830 1553 4904; x_wconf 83' lang='lat' dir='ltr'><strong>Judaeorum,</strong></span> <span class='ocrx_word' id='word_1_535' title='bbox 1595 4832 1709 4912; x_wconf 91' lang='lat' dir='ltr'><strong>qui</strong></span> <span class='ocrx_word' id='word_1_536' title='bbox 1760 4832 1825 4894; x_wconf 90' lang='lat' dir='ltr'><strong>in</strong></span> 
     </span>
     <span class='ocr_line' id='line_1_89' title="bbox 319 4925 1831 5012; baseline -0.001 -17"><span class='ocrx_word' id='word_1_537' title='bbox 319 4932 691 4998; x_wconf 87' lang='lat' dir='ltr'><strong>innocentia</strong></span> <span class='ocrx_word' id='word_1_538' title='bbox 747 4925 1256 5012; x_wconf 76' lang='lat' dir='ltr'><strong>permaiiserunt,</strong></span> <span class='ocrx_word' id='word_1_539' title='bbox 1320 4928 1486 4991; x_wconf 89' lang='lat' dir='ltr'><strong>sicut</strong></span> <span class='ocrx_word' id='word_1_540' title='bbox 1542 4927 1710 4992; x_wconf 87' lang='lat' dir='ltr'><strong>Elias</strong></span> <span class='ocrx_word' id='word_1_541' title='bbox 1768 4939 1831 4994; x_wconf 91' lang='lat' dir='ltr'><strong>et</strong></span> 
     </span>
     <span class='ocr_line' id='line_1_90' title="bbox 318 5026 1831 5110; baseline -0.002 -16"><span class='ocrx_word' id='word_1_542' title='bbox 318 5031 674 5110; x_wconf 78' lang='lat' dir='ltr'><strong>Jeremias3</strong></span> <span class='ocrx_word' id='word_1_543' title='bbox 727 5029 1027 5102; x_wconf 90' lang='lat' dir='ltr'><strong>secunda,</strong></span> <span class='ocrx_word' id='word_1_544' title='bbox 1080 5028 1252 5109; x_wconf 89' lang='lat' dir='ltr'><strong>quod</strong></span> <span class='ocrx_word' id='word_1_545' title='bbox 1308 5026 1477 5089; x_wconf 88' lang='lat' dir='ltr'><strong>istud</strong></span> <span class='ocrx_word' id='word_1_546' title='bbox 1528 5035 1625 5090; x_wconf 91' lang='lat' dir='ltr'><strong>est</strong></span> <span class='ocrx_word' id='word_1_547' title='bbox 1673 5047 1831 5110; x_wconf 84' lang='lat' dir='ltr'><strong>prae-</strong></span> 
     </span>
     <span class='ocr_line' id='line_1_91' title="bbox 320 5125 1831 5212; baseline -0.002 -20"><span class='ocrx_word' id='word_1_548' title='bbox 320 5130 627 5212; x_wconf 87' lang='lat' dir='ltr'><strong>sumptio,</strong></span> <span class='ocrx_word' id='word_1_549' title='bbox 662 5147 791 5192; x_wconf 87' lang='lat' dir='ltr'><strong>non</strong></span> <span class='ocrx_word' id='word_1_550' title='bbox 822 5127 1055 5189; x_wconf 88' lang='lat' dir='ltr'><strong>veritas</strong></span> <span class='ocrx_word' id='word_1_551' title='bbox 1084 5145 1097 5189; x_wconf 92' lang='lat'>:</span> <span class='ocrx_word' id='word_1_552' title='bbox 1134 5144 1253 5189; x_wconf 87' lang='lat' dir='ltr'><strong>nec</strong></span> <span class='ocrx_word' id='word_1_553' title='bbox 1284 5125 1521 5188; x_wconf 85' lang='lat' dir='ltr'><strong>mirum</strong></span> <span class='ocrx_word' id='word_1_554' title='bbox 1563 5126 1617 5188; x_wconf 91' lang='lat' dir='ltr'><strong>si</strong></span> <span class='ocrx_word' id='word_1_555' title='bbox 1652 5145 1831 5189; x_wconf 90' lang='lat' dir='ltr'><strong>men-</strong></span> 
     </span>
     <span class='ocr_line' id='line_1_92' title="bbox 324 5223 1831 5309; baseline -0.003 -19"><span class='ocrx_word' id='word_1_556' title='bbox 324 5229 592 5302; x_wconf 89' lang='lat' dir='ltr'><strong>tiuntur,</strong></span> <span class='ocrx_word' id='word_1_557' title='bbox 624 5226 741 5309; x_wconf 89' lang='lat' dir='ltr'><strong>qui</strong></span> <span class='ocrx_word' id='word_1_558' title='bbox 782 5225 1073 5289; x_wconf 89' lang='lat' dir='ltr'><strong>invident</strong></span> <span class='ocrx_word' id='word_1_559' title='bbox 1099 5223 1301 5300; x_wconf 86' lang='lat' dir='ltr'><strong>fratri,</strong></span> <span class='ocrx_word' id='word_1_560' title='bbox 1336 5232 1399 5286; x_wconf 91' lang='lat' dir='ltr'><strong>et</strong></span> <span class='ocrx_word' id='word_1_561' title='bbox 1438 5224 1695 5286; x_wconf 89' lang='lat' dir='ltr'><strong>credere</strong></span> <span class='ocrx_word' id='word_1_562' title='bbox 1736 5241 1831 5286; x_wconf 89' lang='lat' dir='ltr'><strong>re-</strong></span> 
     </span>
     <span class='ocr_line' id='line_1_93' title="bbox 324 5323 1826 5410; baseline -0.004 -20"><span class='ocrx_word' id='word_1_563' title='bbox 324 5334 579 5410; x_wconf 85' lang='lat' dir='ltr'><strong>spuunt.</strong></span> <span class='ocrx_word' id='word_1_564' title='bbox 608 5328 691 5388; x_wconf 82' lang='grc' dir='ltr'><strong>Ει</strong></span> <span class='ocrx_word' id='word_1_565' title='bbox 714 5344 1060 5404; x_wconf 80' lang='lat' dir='ltr'><strong>nunquam</strong></span> <span class='ocrx_word' id='word_1_566' title='bbox 1084 5324 1327 5385; x_wconf 78' lang='lat' dir='ltr'><strong>dedisti</strong></span> <span class='ocrx_word' id='word_1_567' title='bbox 1352 5323 1521 5384; x_wconf 76' lang='lat' dir='ltr'><strong>mihi</strong></span> <span class='ocrx_word' id='word_1_568' title='bbox 1547 5325 1826 5389; x_wconf 77' lang='lat' dir='ltr'><strong>koedum,</strong></span> 
     </span>
    </p>
   </div>
   <div class='ocr_carea' id='block_1_25' title="bbox 1938 4336 3740 5389">
    <p class='ocr_par' dir='ltr' id='par_1_27' title="bbox 1938 4336 3442 4419">
     <span class='ocr_line' id='line_1_94' title="bbox 1938 4336 3442 4419; baseline 0.002 -21"><span class='ocrx_word' id='word_1_569' title='bbox 1938 4356 2085 4418; x_wconf 81' lang='lat' dir='ltr'><strong>quae</strong></span> <span class='ocrx_word' id='word_1_570' title='bbox 2124 4338 2505 4419; x_wconf 84' lang='lat' dir='ltr'><strong>praeparavit</strong></span> <span class='ocrx_word' id='word_1_571' title='bbox 2541 4336 2705 4400; x_wconf 91' lang='lat' dir='ltr'><strong>Deus</strong></span> <span class='ocrx_word' id='word_1_572' title='bbox 2749 4337 2849 4400; x_wconf 91' lang='lat' dir='ltr'><strong>his</strong></span> <span class='ocrx_word' id='word_1_573' title='bbox 2894 4338 3005 4418; x_wconf 92' lang='lat' dir='ltr'><strong>qui</strong></span> <span class='ocrx_word' id='word_1_574' title='bbox 3056 4338 3330 4418; x_wconf 88' lang='lat' dir='ltr'><strong>diligunt</strong></span> <span class='ocrx_word' id='word_1_575' title='bbox 3367 4339 3442 4400; x_wconf 88' lang='lat' dir='ltr'><strong>il-</strong></span> 
     </span>
    </p>

    <p class='ocr_par' dir='ltr' id='par_1_28' title="bbox 1941 4435 3440 4517">
     <span class='ocr_line' id='line_1_95' title="bbox 1941 4435 3440 4517; baseline 0.003 -21"><span class='ocrx_word' id='word_1_576' title='bbox 1941 4436 2097 4498; x_wconf 93' lang='lat' dir='ltr'><strong>lum.</strong></span> <span class='ocrx_word' id='word_1_577' title='bbox 2131 4435 2477 4510; x_wconf 88' lang='lat' dir='ltr'><strong>Postremo,</strong></span> <span class='ocrx_word' id='word_1_578' title='bbox 2510 4435 2722 4498; x_wconf 90' lang='lat' dir='ltr'><strong>omnia</strong></span> <span class='ocrx_word' id='word_1_579' title='bbox 2761 4454 2904 4517; x_wconf 83' lang='lat' dir='ltr'><strong>quae</strong></span> <span class='ocrx_word' id='word_1_580' title='bbox 2933 4435 3130 4497; x_wconf 88' lang='lat' dir='ltr'><strong>Patris</strong></span> <span class='ocrx_word' id='word_1_581' title='bbox 3171 4444 3340 4512; x_wconf 88' lang='lat' dir='ltr'><strong>sunt,</strong></span> <span class='ocrx_word' id='word_1_582' title='bbox 3375 4438 3440 4500; x_wconf 91' lang='lat' dir='ltr'><strong>id</strong></span> 
     </span>
    </p>

    <p class='ocr_par' dir='ltr' id='par_1_29' title="bbox 1940 4533 3440 4614">
     <span class='ocr_line' id='line_1_96' title="bbox 1940 4533 3440 4614; baseline 0.002 -19"><span class='ocrx_word' id='word_1_583' title='bbox 1940 4540 2057 4608; x_wconf 90' lang='lat' dir='ltr'><strong>est,</strong></span> <span class='ocrx_word' id='word_1_584' title='bbox 2090 4552 2238 4614; x_wconf 78' lang='lat' dir='ltr'><strong>quae</strong></span> <span class='ocrx_word' id='word_1_585' title='bbox 2283 4533 2446 4595; x_wconf 87' lang='lat' dir='ltr'><strong>Patri</strong></span> <span class='ocrx_word' id='word_1_586' title='bbox 2494 4533 2784 4596; x_wconf 90' lang='lat' dir='ltr'><strong>absolute</strong></span> <span class='ocrx_word' id='word_1_587' title='bbox 2832 4533 3247 4610; x_wconf 89' lang='lat' dir='ltr'><strong>conveniunt,</strong></span> <span class='ocrx_word' id='word_1_588' title='bbox 3291 4543 3440 4599; x_wconf 87' lang='lat' dir='ltr'><strong>sunt</strong></span> 
     </span>
    </p>

    <p class='ocr_par' dir='ltr' id='par_1_30' title="bbox 1940 4631 3443 4813">
     <span class='ocr_line' id='line_1_97' title="bbox 1940 4631 3440 4714; baseline 0.001 -20"><span class='ocrx_word' id='word_1_589' title='bbox 1940 4632 2081 4695; x_wconf 86' lang='lat' dir='ltr'><strong>Filii</strong></span> <span class='ocrx_word' id='word_1_590' title='bbox 2124 4651 2198 4694; x_wconf 92' lang='lat' dir='ltr'><strong>ac</strong></span> <span class='ocrx_word' id='word_1_591' title='bbox 2237 4631 2510 4714; x_wconf 89' lang='lat' dir='ltr'><strong>Spiritus</strong></span> <span class='ocrx_word' id='word_1_592' title='bbox 2549 4631 2761 4694; x_wconf 86' lang='lat' dir='ltr'><strong>Sancti</strong></span> <span class='ocrx_word' id='word_1_593' title='bbox 2806 4649 2920 4713; x_wconf 90' lang='lat' dir='ltr'><strong>per</strong></span> <span class='ocrx_word' id='word_1_594' title='bbox 2959 4632 3440 4696; x_wconf 83' lang='lat' dir='ltr'><strong>substantialem</strong></span> 
     </span>
     <span class='ocr_line' id='line_1_98' title="bbox 1944 4729 3443 4813; baseline 0.001 -21"><span class='ocrx_word' id='word_1_595' title='bbox 1944 4731 2250 4794; x_wconf 89' lang='lat' dir='ltr'><strong>unitatem</strong></span> <span class='ocrx_word' id='word_1_596' title='bbox 2289 4738 2352 4792; x_wconf 90' lang='lat' dir='ltr'><strong>et</strong></span> <span class='ocrx_word' id='word_1_597' title='bbox 2388 4730 2806 4792; x_wconf 84' lang='lat' dir='ltr'><strong>identitatem.</strong></span> <span class='ocrx_word' id='word_1_598' title='bbox 2841 4729 3104 4812; x_wconf 88' lang='lat' dir='ltr'><strong>Propter</strong></span> <span class='ocrx_word' id='word_1_599' title='bbox 3132 4733 3304 4813; x_wconf 91' lang='lat' dir='ltr'><strong>quod</strong></span> <span class='ocrx_word' id='word_1_600' title='bbox 3345 4732 3443 4794; x_wconf 86' lang='lat' dir='ltr'><strong>Fi-</strong></span> 
     </span>
    </p>

    <p class='ocr_par' dir='ltr' id='par_1_31' title="bbox 1938 4827 3740 5389">
     <span class='ocr_line' id='line_1_99' title="bbox 1942 4827 3730 4906; baseline 0.001 -14"><span class='ocrx_word' id='word_1_601' title='bbox 1942 4829 2066 4892; x_wconf 91' lang='lat' dir='ltr'><strong>lius</strong></span> <span class='ocrx_word' id='word_1_602' title='bbox 2104 4829 2193 4890; x_wconf 90' lang='lat' dir='ltr'><strong>ait</strong></span> <span class='ocrx_word' id='word_1_603' title='bbox 2230 4829 2308 4890; x_wconf 90' lang='lat' dir='ltr'><strong>ad</strong></span> <span class='ocrx_word' id='word_1_604' title='bbox 2350 4827 2590 4890; x_wconf 87' lang='lat' dir='ltr'><strong>Patrem</strong></span> <span class='ocrx_word' id='word_1_605' title='bbox 2626 4846 2640 4890; x_wconf 89' lang='lat'>:</span> <span class='ocrx_word' id='word_1_606' title='bbox 2675 4827 2900 4890; x_wconf 88' lang='lat' dir='ltr'><strong>Omnia</strong></span> <span class='ocrx_word' id='word_1_607' title='bbox 2941 4835 3050 4891; x_wconf 92' lang='lat' dir='ltr'><strong>tua</strong></span> <span class='ocrx_word' id='word_1_608' title='bbox 3087 4847 3228 4892; x_wconf 88' lang='lat' dir='ltr'><strong>mea</strong></span> <span class='ocrx_word' id='word_1_609' title='bbox 3267 4838 3436 4906; x_wconf 91' lang='lat' dir='ltr'><strong>sunt,</strong></span> <span class='ocrx_word' id='word_1_610' title='bbox 3465 4849 3730 4901; x_wconf 69' lang='lat' dir='ltr'><strong>somna.</strong></span> 
     </span>
     <span class='ocr_line' id='line_1_100' title="bbox 1940 4915 3643 5023; baseline 0 -33"><span class='ocrx_word' id='word_1_611' title='bbox 1940 4936 2005 4990; x_wconf 93' lang='lat' dir='ltr'><strong>et</strong></span> <span class='ocrx_word' id='word_1_612' title='bbox 2055 4945 2195 4989; x_wconf 89' lang='lat' dir='ltr'><strong>mea</strong></span> <span class='ocrx_word' id='word_1_613' title='bbox 2245 4933 2352 4988; x_wconf 88' lang='lat' dir='ltr'><strong>tua</strong></span> <span class='ocrx_word' id='word_1_614' title='bbox 2401 4934 2572 4989; x_wconf 89' lang='lat' dir='ltr'><strong>sunt.</strong></span> <span class='ocrx_word' id='word_1_615' title='bbox 2607 4929 2897 5006; x_wconf 80' lang='lat' dir='ltr'><strong>Epulari</strong></span> <span class='ocrx_word' id='word_1_616' title='bbox 2933 4937 3150 4990; x_wconf 83' lang='lat' dir='ltr'><strong>autem</strong></span> <span class='ocrx_word' id='word_1_617' title='bbox 3189 4939 3249 4990; x_wconf 77' lang='lat' dir='ltr'><strong>et</strong></span> <span class='ocrx_word' id='word_1_618' title='bbox 3273 4947 3442 5006; x_wconf 70' lang='lat' dir='ltr'><strong>,qau-</strong></span> <span class='ocrx_word' id='word_1_619' title='bbox 3469 4915 3537 4956; x_wconf 87' lang='lat'><strong>¹⁰·</strong></span> <span class='ocrx_word' id='word_1_620' title='bbox 3573 4967 3643 5023; x_wconf 70' lang='lat'><strong>32</strong></span> 
     </span>
     <span class='ocr_line' id='line_1_101' title="bbox 1939 5026 3740 5105; baseline 0.001 -19"><span class='ocrx_word' id='word_1_621' title='bbox 1939 5030 2088 5086; x_wconf 87' lang='lat' dir='ltr'><strong>dere</strong></span> <span class='ocrx_word' id='word_1_622' title='bbox 2129 5026 2482 5102; x_wconf 78' lang='lat' dir='ltr'><strong>oportebat,</strong></span> <span class='ocrx_word' id='word_1_623' title='bbox 2510 5027 2670 5105; x_wconf 81' lang='lat' dir='ltr'><strong>quia</strong></span> <span class='ocrx_word' id='word_1_624' title='bbox 2708 5027 2921 5102; x_wconf 79' lang='lat' dir='ltr'><strong>frater</strong></span> <span class='ocrx_word' id='word_1_625' title='bbox 2960 5036 3112 5087; x_wconf 77' lang='lat' dir='ltr'><strong>tuus</strong></span> <span class='ocrx_word' id='word_1_626' title='bbox 3149 5037 3440 5088; x_wconf 77' lang='lat' dir='ltr'><strong>mortuus</strong></span> <span class='ocrx_word' id='word_1_627' title='bbox 3737 5027 3740 5036; x_wconf 87' lang='lat'>&#39;</span> 
     </span>
     <span class='ocr_line' id='line_1_102' title="bbox 1938 5122 3440 5206; baseline 0.001 -22"><span class='ocrx_word' id='word_1_628' title='bbox 1938 5124 2160 5201; x_wconf 75' lang='lat' dir='ltr'><strong>fuerat</strong></span> <span class='ocrx_word' id='word_1_629' title='bbox 2211 5139 2324 5204; x_wconf 91' lang='lat' dir='ltr'><strong>per</strong></span> <span class='ocrx_word' id='word_1_630' title='bbox 2373 5129 2726 5204; x_wconf 90' lang='lat' dir='ltr'><strong>peccatum.</strong></span> <span class='ocrx_word' id='word_1_631' title='bbox 2777 5122 2864 5186; x_wconf 89' lang='lat' dir='ltr'><strong>De</strong></span> <span class='ocrx_word' id='word_1_632' title='bbox 2914 5143 3043 5206; x_wconf 92' lang='lat' dir='ltr'><strong>qua</strong></span> <span class='ocrx_word' id='word_1_633' title='bbox 3097 5131 3300 5188; x_wconf 86' lang='lat' dir='ltr'><strong>morte</strong></span> <span class='ocrx_word' id='word_1_634' title='bbox 3351 5124 3440 5187; x_wconf 91' lang='lat' dir='ltr'><strong>ait</strong></span> 
     </span>
     <span class='ocr_line' id='line_1_103' title="bbox 1939 5220 3734 5305; baseline 0.002 -21"><span class='ocrx_word' id='word_1_635' title='bbox 1939 5221 2224 5285; x_wconf 86' lang='lat' dir='ltr'><strong>Salvator</strong></span> <span class='ocrx_word' id='word_1_636' title='bbox 2261 5240 2276 5284; x_wconf 90' lang='lat'><strong>:</strong></span> <span class='ocrx_word' id='word_1_637' title='bbox 2317 5220 2573 5284; x_wconf 89' lang='lat' dir='ltr'><strong>Dimitte</strong></span> <span class='ocrx_word' id='word_1_638' title='bbox 2622 5232 2903 5286; x_wconf 90' lang='lat' dir='ltr'><strong>mortuos</strong></span> <span class='ocrx_word' id='word_1_639' title='bbox 2951 5222 3224 5305; x_wconf 89' lang='lat' dir='ltr'><strong>sepelire</strong></span> <span class='ocrx_word' id='word_1_640' title='bbox 3269 5243 3440 5288; x_wconf 86' lang='lat' dir='ltr'><strong>mor·</strong></span> <span class='ocrx_word' id='word_1_641' title='bbox 3478 5251 3734 5304; x_wconf 53' lang='lat' dir='ltr'><strong>uanum,</strong></span> 
     </span>
     <span class='ocr_line' id='line_1_104' title="bbox 1940 5307 3534 5389; baseline 0.003 -6"><span class='ocrx_word' id='word_1_642' title='bbox 1940 5328 2083 5384; x_wconf 92' lang='lat' dir='ltr'><strong>tuos</strong></span> <span class='ocrx_word' id='word_1_643' title='bbox 2142 5337 2314 5384; x_wconf 86' lang='lat' dir='ltr'><strong>suos.</strong></span> <span class='ocrx_word' id='word_1_644' title='bbox 2367 5318 2507 5382; x_wconf 91' lang='lat' dir='ltr'><strong>Vita</strong></span> <span class='ocrx_word' id='word_1_645' title='bbox 2560 5319 2732 5382; x_wconf 91' lang='lat' dir='ltr'><strong>enim</strong></span> <span class='ocrx_word' id='word_1_646' title='bbox 2779 5307 3008 5384; x_wconf 80' lang='lat' dir='ltr'><strong>animae</strong></span> <span class='ocrx_word' id='word_1_647' title='bbox 3063 5330 3159 5384; x_wconf 91' lang='lat' dir='ltr'><strong>est</strong></span> <span class='ocrx_word' id='word_1_648' title='bbox 3209 5323 3436 5389; x_wconf 87' lang='lat' dir='ltr'><strong>caritas</strong></span> <span class='ocrx_word' id='word_1_649' title='bbox 3465 5317 3534 5360; x_wconf 74' lang='lat'><strong>²²·</strong></span> 
     </span>
    </p>
   </div>
  </div>
 </body>
</html>
