4300 6259
883 462 1006 527 482

1635 480 1982 527 mannum
2023 479 2088 525 m
2129 478 2269 525 CAP-
2316 479 2381 525 11
2420 478 2697 525 Jomls.
2742 499 2823 510 —
2865 480 3007 527 Am.
3052 480 3245 527 XXVIII

884 669 1086 733 quum
1127 660 1448 715 evocasset
1485 670 1622 715 eam
1669 650 1924 727 Martha,
1957 649 2158 712 exivit
2200 648 2381 713 obvi·
2406 649 2457 711 A
2483 648 2718 713 Martha
2758 649 2956 714 fidem
3004 650 3367 733 explicitam
3413 651 3492 713 de
3538 649 3773 713 Christi
3816 650 3983 712 divi-

883 768 986 811 am
1022 748 1165 811 Iesu
1202 769 1215 813 :
1250 749 1554 831 quoniam
1594 748 2092 830 contemplativi,
2125 747 2381 829 quando

883 848 974 911 eis
1018 848 1378 931 injungitur
1418 869 1454 911 a
1498 849 1794 932 praelatiS‚
1836 849 1950 929 qui
1996 847 2187 909 simul
2242 864 2381 908 esse

883 947 1117 1009 debent
1171 948 1360 1011 activi
1407 955 1471 1010 et
1525 946 2022 1029 contemplativi,
2077 945 2382 1027 quemad-

883 1046 1146 1109 modum
1200 1045 1454 1121 Martha‚
1509 1046 1608 1109 vel
1657 1047 1911 1128 quando
1960 1044 2039 1106 ab
2090 1043 2380 1125 indigen-

883 1143 1056 1206 tibus
1087 1144 1151 1206 id
1192 1152 1511 1225 rogantur,
1548 1145 1645 1207 vel
1681 1144 1731 1205 si
1765 1162 1890 1206 non
1931 1150 2232 1223 rogentur
2262 1159 2379 1203 nec

881 1241 1246 1322 jubeantur,
1311 1251 1518 1305 tamen
1583 1242 1986 1323 conspiciunt
2055 1241 2379 1322 proximo-

885 1358 1028 1401 rum
1059 1340 1495 1402 nccessitatem
1527 1341 1646 1403 hoc
1677 1340 1887 1422 ipsum
1919 1338 2203 1419 exigere3
2227 1346 2380 1399 tunc

885 1438 1108 1519 utique
1153 1439 1685 1521 contemplatione
1740 1437 2065 1519 paulisper
2114 1455 2380 1518 suspen-

884 1556 972 1611 sa,
1025 1555 1216 1620 opera
1265 1538 1408 1600 vitae
1455 1544 1751 1599 exercent
1800 1536 2022 1599 activae
2068 1536 2378 1616 quamdiu

883 1635 1044 1697 ratio
1093 1636 1306 1710 dictat,
1359 1636 1699 1698 necessitas
1748 1635 1963 1715 exigit,
2015 1634 2114 1697 vel
2164 1633 2380 1697 obedi-

883 1734 1056 1795 entia
1096 1743 1310 1796 sancta
1353 1733 1642 1815 requirit.

885 4504 998 4568 per
1045 4485 1240 4548 fidem
1296 4486 1711 4549 certissimam
1763 4494 2072 4567 quantum
2115 4490 2193 4550 ad
2232 4489 2375 4563 hoc,

883 4592 948 4645 et
992 4584 1167 4659 item,
1216 4601 1332 4667 per
1378 4584 1645 4646 multam
1693 4584 2176 4666 experientiam,
2224 4604 2381 4668 quo-

881 4682 1052 4743 niam
1114 4690 1204 4745 tot
1261 4682 1567 4745 miracula
1617 4682 1747 4765 vidi
1795 4691 1858 4744 et
1916 4685 2171 4765 percepi
2234 4684 2377 4746 fieri

885 4798 999 4862 per
1026 4788 1110 4854 te,
1146 4782 1306 4859 quia
1336 4801 1748 4860 quoecumque
1769 4784 2128 4859 poposceris
2158 4804 2197 4842 a
2230 4786 2376 4850 Deo,

881 4879 1065 4940 dabit
1103 4880 1222 4939 tibi
1259 4882 1449 4940 Deus.
1482 4878 1637 4941 Nam
1679 4887 1848 4941 certa
1887 4898 2026 4941 sum
2070 4882 2241 4962 quod
2286 4882 2381 4944 ni-

883 4976 975 5037 hil
1006 4977 1439 5039 irrationabile
1470 4986 1684 5060 petere
1725 4987 1923 5060 poteS,
1957 4987 2020 5040 et
2049 4981 2220 5060 quod
2256 4980 2379 5043 Deo

617 5090 854 5145 nimus,
884 5075 1100 5138 omnia
1161 5083 1754 5159 quantumcumque
1823 5096 2070 5157 magna,
2142 5078 2381 5141 diffici-

589 5156 660 5198 ’θ’
885 5171 969 5235 lia
1017 5181 1079 5234 et
1121 5174 1648 5255 supernaturalia,
1684 5175 2012 5258 possibilia
2055 5176 2203 5251 sint,
2250 5176 2379 5241 imo

885 5268 1190 5333 facillima
1254 5279 1316 5333 et
1377 5290 1557 5352 aeque
1623 5271 1856 5335 facilia.
1917 5272 1981 5335 Si
2051 5272 2379 5336 habuisset

2486 748 2699 823 nitate,
2752 750 2996 813 aestimo
3045 750 3219 831 quod
3278 750 3539 811 dixisset
3591 768 3605 811 :
3659 747 3977 829 Quidquid

2482 845 2750 926 jusseris
2791 846 2927 909 fiet.

2566 947 2743 1006 Dicit
2790 948 2899 1005 illi
2936 948 3118 1007 Jesus
3147 967 3170 1006 .·
3200 950 3507 1023 Resurqet
3548 947 3761 1023 frater
3804 955 3971 1007 tuus.

2484 1042 2618 1106 Non
2676 1052 2892 1126 aperte
2951 1044 3131 1119 dixit,
3182 1044 3363 1107 Nunc
3410 1062 3557 1106 eum
3616 1044 3972 1123 suscitab03

2486 1142 2595 1204 sed
2644 1141 3127 1205 indeterminate
3172 1143 3279 1216 ait,
3324 1142 3646 1225 Resurget,
3688 1149 3762 1204 ut
3804 1162 3977 1205 occa-

2486 1240 2663 1303 sione
2701 1241 3130 1323 responsionis
3164 1241 3435 1317 Marthae,
3468 1241 3711 1323 aliquid
3751 1243 3829 1305 de
3868 1262 3974 1303 sua

2486 1339 2815 1401 divinitate
2872 1347 3201 1413 assereret,
3254 1359 3379 1404 non
3440 1341 3645 1403 solum
3701 1341 3783 1402 ad
3828 1340 3977 1401 Mar-

2486 1438 2631 1511 thae,
2694 1438 2804 1500 sed
2862 1438 3127 1519 insuper
3181 1438 3260 1501 ad
3316 1438 3611 1501 omnium
3680 1437 3975 1502 informa-

2490 1534 2723 1599 tionem
2768 1534 3080 1598 fidelium.

2568 1635 2742 1695 Dicit
2798 1636 2861 1693 ei
2918 1637 3211 1705 Martha,
3265 1654 3411 1716 quae
3469 1634 3663 1697 verba
3724 1635 3974 1717 praefata
4092 1642 4151 1695 24

2487 1732 2777 1812 pensavit
2814 1750 2999 1814 posse
3040 1731 3307 1813 intelligi
3341 1734 3703 1815 dupliciter,
3740 1735 3977 1796 scilicet

4092 954 4151 1009 23

2487 2033 2592 2088 tua
2647 2026 2966 2108 frequenti
3027 2028 3473 2109 praedicatione
3526 2036 3589 2091 et
3644 2028 3975 2111 Propheta-

2487 2145 2631 2187 rum
2676 2125 2983 2201 doctrina,
3034 2128 3191 2206 quia
3242 2138 3525 2205 resuryet
3578 2131 3652 2189 in
3700 2150 3975 2189 resurre-

2484 2226 2691 2285 ctione
2725 2223 3097 2287 formaliter.
3133 2225 3529 2289 Resurrectio
3568 2244 3845 2308 namque
3885 2236 3974 2289 est

2485 2341 2673 2384 causa
2708 2320 2993 2385 formalis
3042 2323 3381 2397 inhaerenS‚
3426 2342 3540 2406 per
3577 2344 3772 2406 quam
3816 2344 3977 2389 mor-

2484 2427 2631 2483 tuus
2670 2421 2902 2483 dicitur
2942 2439 3297 2503 resurgens.
3332 2422 3465 2496 Vel,
3496 2422 3561 2485 ln
3609 2424 3974 2486 resurrecti-

2784 3009 2908 3090 Ego
2958 3010 3345 3074 resuscitabo
3394 3028 3539 3073 eum
3590 3012 3652 3074 in
3709 3014 3969 3076 novissi·
4014 3037 4201 3081 lma

2484 3128 2587 3170 mo
2645 3108 2767 3170 die.
2830 3107 2919 3169 Ex
2977 3108 3262 3171 doctrina
3323 3127 3581 3190 quoque
3638 3110 3969 3193 Propheta·
3996 3101 4197 3149 *⁰‘“·⁵⁵·

2485 3226 2626 3268 rum
2666 3208 2834 3268 idem
2872 3206 3166 3287 agnovit3
3210 3214 3273 3268 et
3312 3207 3501 3269 etiam
3545 3209 3701 3289 quia
3744 3210 3812 3271 in
3856 3210 3971 3275 hoc

2485 3304 2865 3386 sequebatur
2918 3305 3265 3367 doctrinam
3316 3304 3797 3382 Pharisaeorum,
3850 3328 3971 3373 non
3999 3333 4197 3375 seimus

2484 3402 2967 3467 Sadducaeorum
3008 3404 3537 3467 resurrectionem
3580 3406 3970 3486 negantium,

2483 3521 2674 3583 quam
2722 3501 3013 3564 Pharisaei
3061 3502 3436 3565 concedunt.
3474 3502 3777 3584 Denique,
3812 3504 3972 3581 Seio,

2486 3600 2604 3664 hoc
2636 3600 2771 3663 loco
2802 3600 3141 3681 significat,
3176 3600 3393 3663 Credo.
3428 3600 3780 3683 Dupliciter
3812 3622 3979 3667 nem·

2488 3717 2567 3781 pe
2614 3698 2879 3760 scientia
2928 3700 3204 3759 sumitur
3244 3717 3258 3761 :
3307 3699 3535 3780 prime,
3592 3718 3709 3782 pro
3758 3701 3977 3763 notitia

2488 3797 2756 3858 naturali
2805 3815 2949 3878 quae
2998 3796 3274 3859 humana
3328 3797 3571 3861 ratione
3630 3806 3839 3880 potest
3886 3800 3979 3861 in-

2488 3895 2713 3969 veniri,
2750 3913 2859 3956 seu
2892 3895 3323 3976 comprobari3
3357 3897 3657 3973 secundo,
3683 3917 3801 3979 pro
3830 3916 3979 3979 qua-

2487 4012 2763 4076 cumque
2810 3994 3151 4075 agnitione,
3204 3994 3338 4057 sive
3396 3994 3703 4057 habeatur
3750 4014 3829 4058 ex
3886 4015 3979 4059 re-

3819 4113 3833 4157 :
3886 4114 3975 4157 sic

2487 4290 2658 4371 quod
2698 4288 3079 4369 Redemptor
3117 4306 3297 4349 meus
3340 4288 3518 4363 vivit,
3552 4298 3615 4351 et
3654 4288 3719 4351 in
3768 4290 3977 4354 novis-

679 1832 744 1887 2¹
963 1834 1154 1893 Dioeit
1199 1852 1346 1909 erqo
1397 1834 1664 1893 Martha
1712 1834 1800 1893 ad
1833 1835 2048 1893 Iesum
2091 1852 2114 1890 .·
2156 1832 2379 1891 Domi-
2414 1832 2461 1895 B
2488 1830 2563 1890 de
2614 1830 3073 1894 resurrectione
3117 1829 3247 1911 jam
3300 1833 3742 1913 perpetranda,
3794 1842 3855 1895 et
3902 1834 3975 1895 de

881 1950 980 1999 ne,
1009 1931 1069 1990 si
1103 1931 1336 2007 fuisses
1373 1932 1498 2002 hie,
1538 1929 1600 1992 id
1640 1938 1734 1991 est
1775 1930 1840 1991 in
1883 1930 2068 1992 domo
2108 1937 2171 1990 et
2208 1929 2377 2011 apud
2486 1928 2594 1989 illa
2642 1947 2785 2010 quae
2833 1927 2947 1991 fiet
2993 1928 3058 1989 in
3109 1930 3211 1991 die
3254 1928 3600 1993 novissimo
3634 1949 3648 1993 :
3684 1934 3856 2003 Scio,
3902 1950 3974 1993 ex

881 2027 1117 2090 lectum
1156 2027 1369 2090 fratris
1412 2028 1534 2089 mei
1575 2036 1914 2109 antequam
1953 2027 2132 2099 obiit,
2166 2028 2379 2104 frater

881 2147 1058 2188 meus
1113 2148 1244 2189 non
1295 2129 1526 2205 suisset
1585 2138 1877 2189 mortuus
1931 2148 1955 2190 .·
2005 2136 2175 2189 certa
2234 2146 2375 2189 sum

881 2226 1052 2287 enim
1094 2226 1267 2307 quod
1309 2234 1496 2289 tantas
1537 2226 1622 2287 sis
1669 2226 2014 2307 potestatiS,
2058 2227 2228 2308 quod
2276 2245 2378 2308 po·

880 2323 1109 2386 tuisses
1152 2342 1299 2386 eum
1345 2341 1622 2397 curasse,
1657 2332 1845 2387 tantae
1886 2342 2146 2405 quoque
2196 2324 2377 2387 boni-

878 2422 1047 2495 tatis,
1108 2423 1280 2503 quod
1337 2440 1482 2483 eum
1547 2440 1855 2484 curasses.
1918 2421 2233 2494 Quantum
2295 2424 2375 2486 ad

879 2519 1019 2594 hoc,
1055 2539 1282 2602 magna
1320 2519 1442 2581 fuit
1479 2518 1641 2582 fides
1682 2520 2062 2583 beatissimae
2097 2520 2371 2597 Marthae,
2485 2538 2626 2593 one,
2662 2520 2781 2582 hoc
2817 2528 2915 2581 est
2950 2521 3014 2581 in
3060 2538 3327 2583 numero
3370 2522 3863 2602 resurgentium.
3896 2526 3969 2583 In

880 2619 1228 2699 praeelectae
1272 2618 1352 2680 ab
1399 2626 1636 2681 aeterno
1687 2627 1988 2681 matronae
2035 2620 2112 2681 ad
2162 2620 2377 2702 hospi·
2484 2619 2829 2679 novissimo
2866 2621 2992 2678 die.
3026 2618 3285 2681 Audivit
3322 2619 3493 2681 enim
3534 2618 3771 2682 Martha
3808 2622 3972 2702 quod

877 2717 1142 2778 tandum
1180 2735 1253 2779 ac
1293 2716 1703 2778 nutriendum
1747 2716 1975 2778 Filium
2021 2717 2125 2779 Dei
2172 2718 2377 2779 incar·
2481 2715 2657 2777 Jesus
2718 2715 3081 2797 praedicavit
3134 2716 3497 2796 generalem
3564 2718 3971 2781 resurrectio·

880 2823 1121 2889 natum,
1183 2814 1380 2877 Deum
1443 2824 1505 2877 et
1565 2814 1914 2877 hominem.
1978 2815 2098 2878 Sed
2164 2818 2376 2898 quoad
2485 2830 2630 2875 nem
2670 2812 2971 2875 futuram.
3010 2813 3183 2875 Unde
3222 2814 3517 2897 superius
3556 2816 3789 2897 saepius
3820 2817 3969 2878 dixit

877 2912 1018 2987 hoc,
1071 2912 1194 2975 fuit
1239 2914 1338 2994 (ut
1391 2914 1681 2995 apparet)
1735 2912 1897 2975 fides
1947 2914 2086 2993 ejus
2135 2915 2376 2977 incom-
2483 2911 2561 2973 de
2608 2928 3015 2993 quocumque
3062 2910 3240 2974 fideli
3284 2919 3346 2973 et
3388 2913 3576 2994 digne
3624 2914 3969 2977 communi-

877 3012 1068 3093 pleta,
1121 3012 1292 3094 quod
1350 3031 1475 3075 non
1537 3012 1714 3075 novit
1757 3012 1972 3074 Jesum
2019 3016 2372 3076 secundum
2410 3014 2453 3079 C
2483 3018 2663 3071 cante
2715 3028 2729 3072 :

877 3109 1274 3174 divinitatem
1323 3129 1503 3172 suam
1554 3110 1752 3172 fuisse
1797 3119 2197 3193 praesentem‚
2240 3121 2377 3174 tan-

875 3216 1144 3290 tumque
1186 3210 1468 3290 potuisse
1508 3218 1570 3271 et
1611 3210 1982 3290 cognovisse
2018 3209 2371 3286 absentem,

877 3315 1188 3387 quantum
1247 3314 1623 3389 praesentem
1680 3326 1692 3369 :
1749 3307 1970 3389 sicque
2019 3308 2183 3370 fides
2230 3328 2378 3371 cen-

876 3405 1148 3468 turionis
1195 3405 1335 3486 ejus
1385 3404 1538 3467 fidei
1590 3403 2018 3487 praeferretur,
2070 3408 2371 3489 quoniam

585 3514 846 3567 Macen-vm.
879 3503 987 3565 ille
1036 3503 1266 3566 Christi
1317 3504 1712 3566 divinitatem
1771 3506 2194 3586 perpendenS‚
2246 3524 2379 3568 cre-

586 3580 626 3621 ⁸'
881 3601 1043 3663 didit
1079 3618 1227 3662 eum
1269 3601 1621 3663 ministerio
1651 3602 2019 3681 angelorum
2063 3622 2248 3684 posse
2278 3623 2379 3665 cu-

885 3717 1044 3774 rare,
1097 3699 1393 3781 quamvis
1453 3701 1865 3781 corporaliter
1922 3719 2046 3764 non
2105 3703 2373 3764 adesset.

879 3796 1005 3859 Nec
1051 3798 1169 3861 hoc
1205 3796 1553 3859 absurdum
1601 3806 1880 3879 putetur,
1915 3800 2067 3881 quia
2110 3801 2188 3863 de
2233 3819 2380 3863 cen-

613 3908 733 3953 ιῡεα.
757 3911 824 3954 10.
879 3896 1131 3958 tui-ione
1172 3903 1552 3978 protestatus
1593 3904 1688 3957 est
1722 3896 1900 3959 Jesus
1937 3916 1950 3959 :
1984 3897 2117 3961 Non
2160 3899 2376 3961 inveni

879 4000 1117 4056 tantam
1175 3992 1373 4056 fidem
1429 3994 1492 4056 in
1552 3995 1762 4057 lsrael.
1817 3995 1992 4057 Unde
2051 4004 2113 4058 et
2162 4016 2380 4059 conse—

879 4099 1151 4174 quenter
1195 4092 1431 4155 Martha
1476 4093 1827 4174 alloquitur
1875 4094 2195 4157 Christum
2246 4104 2381 4157 tan-
2488 4094 2820 4167 velatione,
2874 4092 3009 4156 sive
3062 4110 3139 4153 ex
3198 4092 3467 4154 naturali
3526 4093 3765 4157 ratione

879 4210 1073 4273 quam
1125 4192 1334 4254 virum
1385 4198 1671 4254 sanctum
1723 4199 1784 4253 et
1834 4193 2211 4269 virtuosum,
2255 4194 2378 4258 Deo
2408 4199 2458 4262 D
2489 4192 2674 4253 modo
2740 4190 3071 4272 accipitur.
3133 4188 3208 4251 Et
3260 4189 3373 4252 Job
3438 4208 3452 4252 :
3514 4190 3677 4265 Scio,
3740 4192 4209 4273 inquitffoomas.

882 4289 1306 4364 carissimum,
1352 4308 1476 4352 non
1523 4290 1706 4372 quasi
1759 4290 1988 4352 Filium
2039 4291 2142 4353 Dei
2199 4300 2381 4354 natu-

675 4390 747 4445 22
883 4388 1080 4449 ralem
1120 4404 1474 4469 verumque
1517 4387 1736 4449 Deum.
1770 4392 1901 4448 Sed
1937 4398 1996 4448 et
2035 4410 2213 4451 nunc
2249 4394 2378 4451 scio
2488 4388 2649 4451 simo
2693 4388 2795 4449 die
2838 4388 2914 4449 de
2956 4394 3121 4449 terra
3164 4394 3564 4449 surrecturus
3608 4406 3775 4449 sum.

2568 4486 2744 4547 Dicit
2772 4487 2836 4545 ei
2861 4488 3043 4546 Jesus
3074 4506 3096 4544 .·
3134 4488 3264 4562 Εῃο
3302 4506 3445 4547 sum
3472 4488 3884 4557 resurrecttb,
3914 4486 3973 4549 id
4086 4492 4145 4546 25

2487 4593 2583 4647 est
2621 4603 2808 4647 causa
2847 4583 3327 4646 resurrectionis
3371 4584 3659 4648 omnium
3699 4594 3977 4649 mortuo-

2490 4702 2653 4758 rum,
2708 4690 2928 4764 potens
2979 4683 3283 4746 suscitare
3338 4682 3691 4746 defunctos.
3744 4682 3977 4745 Secun-

2488 4784 2640 4844 dum
2684 4790 3017 4863 utramque
3056 4790 3345 4843 naturam
3386 4789 3483 4843 est
3509 4781 3796 4845 Christus
3836 4800 3977 4844 cau-

2489 4880 2703 4943 saliter
2760 4880 3139 4942 resurrectio
3190 4898 3203 4941 :
3262 4880 3611 4942 secundum
3668 4880 3970 4954 divinam,

2487 4978 2789 5060 quoniam
2831 4978 3046 5039 divina
3080 4977 3312 5040 virtute
3351 4977 3467 5040 fiet
3504 4978 3569 5039 in
3610 4978 3714 5041 die
3750 4978 3971 5060 judicii

2484 5076 2883 5158 generaliter,
2935 5084 2999 5137 et
3045 5075 3300 5138 interim
3350 5075 3513 5139 facta
3558 5084 3653 5138 est
3702 5077 3974 5158 particu-

2489 5174 2723 5247 lariter,
2759 5173 3136 5235 resurrectio
3164 5180 3593 5255 mortuorum;
3626 5176 3969 5237 secundum

2488 5272 2831 5334 humanam
2887 5288 3169 5352 quoque,
3221 5272 3287 5333 in
3334 5280 3647 5354 quantum
3698 5289 3971 5335 resurre—
