4300 6259
1258 536 1607 583 emnam-10
1652 535 1711 581 ιΝ
1754 534 1890 583 ω.
1937 534 2092 583 xxm
2133 534 2320 582 Lucia.
2367 554 2448 565 —
2487 536 2629 583 aar.
2679 534 2820 581 xmx
3470 520 3590 585 243

479 700 713 763 Christi
750 702 975 766 latroni
1012 724 1135 767 non
1170 708 1634 788 respondentis,
1668 706 1770 768 Ait
1801 706 1988 789 quip-
2016 706 2065 766 A
2096 704 2372 768 sessione
2435 706 2709 789 propriae
2777 706 3003 788 culpae,
3066 708 3238 787 quod
3305 706 3589 770 Christus

480 818 559 880 pe
616 800 1102 883 Chrysostomus
1156 824 1169 867 :
1224 803 1571 868 Mirabilius
1630 813 1725 867 est
1774 806 1987 867 videre
2096 822 2244 865 eum
2301 803 2574 866 absolvit
2629 824 2664 865 a
2724 823 2906 886 poena
2967 812 3028 865 et
3086 805 3293 886 culpa.
3357 806 3590 867 Caritas
3622 823 3662 929 a1
3683 824 3884 875 Petu-‚m

186 1195 287 1250 40
558 1198 979 1275 Rae-spondens
1024 1209 1243 1259 autem
1291 1204 1479 1271 alter,
1530 1200 1773 1262 scilicet
1829 1200 1988 1261 latro
2179 1202 2266 1260 Et
2301 1201 2480 1260 dimit
2529 1202 2592 1258 ei
2628 1202 2808 1260 Jesus
2837 1222 2860 1260 .·
2891 1202 3121 1271 Amen,
3165 1201 3228 1263 id
3279 1209 3373 1262 est
3425 1218 3592 1273 vere,
3729 1213 3802 1268 43

478 1294 775 1374 pendens
830 1314 868 1355 a
926 1297 1187 1369 dextri3‚
1241 1300 1617 1377 increpabat
1663 1320 1841 1368 eum,
1887 1300 1989 1357 di·
2097 1300 2241 1357 dico
2291 1298 2411 1357 tibi
2453 1318 2477 1357 .·
2507 1300 2718 1358 Hodie
2757 1318 3002 1359 mecum
3041 1300 3170 1359 eris
3211 1300 3286 1359 in
3322 1300 3601 1377 paradi-

471 1411 627 1452 cens
658 1410 682 1453 .·
714 1394 937 1473 Neque
977 1404 1049 1454 cu
1092 1397 1275 1457 times
1314 1400 1544 1468 Deum,
1579 1397 1991 1478 quemadmo-
2097 1417 2186 1468 80,
2212 1396 2274 1457 id
2305 1402 2401 1457 est
2433 1396 2495 1458 in
2529 1403 2692 1458 statu
2725 1404 2786 1458 et
2824 1396 3158 1459 affluentia
3188 1397 3596 1460 beatitudinis

474 1490 639 1551 dum
684 1508 801 1553 nec
838 1492 1029 1553 ceteri
1059 1492 1258 1556 Judaei
1289 1501 1351 1556 et
1391 1495 1557 1555 servi
1597 1494 1775 1556 Pilati
1816 1493 1991 1556 Chri·
2100 1513 2286 1558 verae.
2321 1493 2606 1557 Christus
2639 1514 2934 1576 namque,
2969 1496 3122 1578 quia
3152 1515 3266 1577 pro
3305 1495 3596 1577 originali

472 1594 581 1650 sto
612 1588 977 1664 illudenteS,
1012 1594 1184 1671 quod
1212 1594 1281 1653 in
1316 1596 1539 1654 eadem
1570 1595 1991 1654 damnatione
2100 1592 2426 1667 satisfecit,
2471 1612 2587 1674 pro
2625 1593 2809 1674 cujus
2859 1594 3182 1655 dumtaxat
3233 1603 3408 1656 reatu
3457 1614 3598 1656 san-

468 1690 597 1747 es?
635 1687 702 1749 id
742 1695 859 1762 est,
896 1708 1021 1752 non
1064 1689 1355 1753 obstante
1395 1692 1565 1772 quod
1608 1710 1779 1753 nunc
1817 1708 1883 1751 es
1923 1690 1988 1751 in
2100 1692 2183 1755 cti
2233 1692 2297 1753 in
2347 1692 2546 1754 limbo
2596 1700 2846 1774 patrum
2893 1692 3360 1766 detinebantur,
3393 1712 3596 1774 quum

470 1786 681 1847 simili
718 1804 907 1868 poena
936 1786 1377 1852 crucifixionis
1410 1808 1555 1851 cum
1590 1788 1860 1861 Christo,
1886 1789 1993 1850 ad·
2101 1792 2168 1853 in
2217 1789 2564 1866 infernum,
2619 1791 2680 1852 id
2731 1799 2827 1852 est
2873 1792 2939 1853 in
2992 1791 3260 1853 limbum
3319 1799 3592 1873 patrum,

470 1884 615 1946 huc
656 1892 867 1946 tamen
912 1886 1109 1947 Deum
1150 1906 1275 1950 non
1326 1888 1579 1961 metuiS‚
1621 1900 1829 1968 quum·
1860 1886 1987 1967 jam
2030 1884 2074 1945 B
2104 1889 2555 1963 descendisset,
2591 1907 2736 1952 mox
2767 1890 3011 1952 animas
3054 1889 3141 1951 ibi
3175 1897 3454 1971 repertas
3488 1890 3598 1951 be-

470 1982 673 2045 morti
734 1982 822 2045 sis
882 1984 1263 2065 proximus?
1323 1986 1505 2066 quasi
1569 1986 1737 2048 dicat
1786 2004 1800 2047 :
1862 1983 1991 2045 Etsi
2100 1986 2429 2061 amicavit,
2465 1988 2670 2050 dando
2711 1987 2804 2049 eis
2854 1988 3190 2069 praemium
3238 1988 3594 2061 essentiale,

470 2090 775 2163 tempore
834 2083 1121 2145 sanitatis
1169 2101 1244 2146 ac
1298 2083 1735 2166 prosperitatis
1794 2082 1988 2143 Deum
2102 2084 2398 2148 videlicet
2437 2085 2797 2148 beatificam
2832 2086 3200 2149 fruitionem
3243 2086 3475 2149 divinae
3505 2105 3600 2149 es-

472 2198 614 2242 non
676 2178 1055 2254 formidasti,
1111 2200 1284 2243 nunc
1331 2182 1558 2244 merito
1616 2199 1763 2242 eum
1812 2180 1994 2241 time-
2102 2184 2320 2247 sentiae
2355 2203 2367 2246 :
2402 2184 2586 2263 cujus
2627 2184 3038 2247 beatitudinis
3080 2185 3280 2265 gloria
3317 2184 3444 2264 jam
3488 2204 3599 2249 no-

470 2296 638 2341 res:
672 2296 867 2359 quem
918 2280 971 2341 si
1024 2280 1303 2355 timereS,
1354 2299 1478 2343 non
1524 2279 1768 2360 justum
1820 2278 1991 2341 hunc
2102 2282 2274 2344 mine
2317 2282 2587 2363 paradisi
2625 2282 3026 2363 exprimitur.
3061 2282 3347 2345 Latronis
3387 2292 3597 2346 autem

468 2378 965 2460 blasphemares
992 2379 1336 2459 :quoniam
1369 2379 1559 2441 timor
1590 2377 1852 2439 retrahit
1880 2378 1993 2440 ho-
2102 2380 2285 2441 istius
2325 2380 2536 2441 anima
2566 2399 2602 2441 a
2632 2398 2896 2461 corpore
2935 2388 3240 2462 separata,
3275 2381 3486 2443 statim
3520 2382 3598 2443 ad

98 2498 281 2540 proc.
320 2509 431 2545 xv,
468 2475 728 2538 minem
778 2495 815 2537 a
864 2483 1141 2558 peccato,
1176 2478 1343 2539 sicut
1390 2475 1682 2539 Salomon
1731 2476 1839 2551 ait,
1878 2475 1993 2537 Per
2101 2477 2372 2539 limbum
2424 2478 2769 2551 descendit,
2805 2478 3392 2560 beatitudinemque
3442 2498 3600 2561 prae-

64 2564 149 2604 ²⁷·
174 2616 267 2671 4¹
470 2576 784 2637 timorem
824 2577 1102 2639 declinat
1142 2577 1587 2658 unusquisque
1618 2596 1654 2638 a
1684 2575 1871 2639 malo.
1903 2579 1991 2637 Ec
2102 2576 2294 2639 fatam
2345 2578 2572 2658 adepta
2620 2584 2735 2638 est.
2772 2575 3100 2638 Paradisus
3151 2578 3363 2658 itaque
3412 2578 3598 2641 modo

464 2695 603 2736 nos
638 2676 903 2754 quidem
926 2677 1129 2752 juste..
1172 2676 1233 2737 id
1280 2684 1395 2749 est,
1438 2684 1507 2737 tu
1553 2683 1615 2736 et
1661 2693 1776 2755 ego
1819 2674 1990 2754 juste
2102 2695 2226 2740 non
2280 2676 2512 2738 dicitur
2563 2676 2891 2757 paradisus
2943 2676 3276 2743 terrestris,
3319 2682 3428 2737 aut
3474 2694 3600 2739 coe-

466 2775 626 2836 haec
683 2774 1013 2856 patimur3
1067 2796 1221 2835 nam
1268 2778 1473 2851 diqna
1522 2776 1715 2854 factis
1761 2776 1991 2851 recipi·
2100 2777 2233 2838 lum
2285 2792 2680 2857 empyreum,
2735 2775 2842 2836 sed
2906 2774 3304 2856 participatio
3352 2774 3601 2836 beatifi-

467 2893 656 2943 mzae,
708 2872 771 2934 id
820 2880 917 2935 est
966 2873 1287 2956 supplicia
1345 2873 1575 2937 nostris
1624 2872 1988 2935 excessibus
2101 2893 2189 2937 cae
2231 2874 2516 2938 visioniS.
2549 2871 3089 2945 Quemadmodum
3141 2880 3350 2934 autem
3401 2874 3599 2935 medi-

462 2970 742 3050 debita3
795 2974 903 3032 hic
940 2992 1087 3032 vero
1130 2975 1305 3032 nihil
1342 2974 1508 3033 mali
1544 2973 1741 3049 gessit
1771 2992 1793 3031 .·
1826 2972 1991 3033 sicut
2100 2993 2213 3036 cus
2244 2989 2581 3053 corporum
2619 2971 2900 3052 aliquem
2943 2970 3495 3051 languidissimum
3536 2979 3601 3034 et

90 3092 297 3141 ιιι-ιι,
326 3092 395 3131 9.
462 3072 547 3133 in
595 3068 751 3130 lsaia
780 3069 1023 3131 dictum
1054 3076 1171 3142 est,
1206 3068 1609 3150 iniquitatem
1645 3088 1769 3131 non
1811 3068 1985 3141 fecit,
2028 3070 2070 3133 C
2101 3072 2502 3153 desperatum
2557 3068 2890 3131 infirmum
2940 3067 3151 3132 subito
3201 3088 3452 3144 curans,
3492 3089 3598 3130 su-

166 3183 261 3238 42
462 3186 605 3231 nec
644 3168 945 3230 inventus
983 3175 1079 3229 est
1117 3166 1298 3229 dolus
1340 3168 1403 3228 in
1436 3185 1543 3229 ore
1580 3166 1741 3247 ejus.
1780 3170 1863 3228 Ει
1889 3170 1991 3227 di-
2102 3189 2201 3231 am
2237 3168 2458 3250 pandit
2498 3168 2812 3249 peritiam,
2847 3174 2909 3227 et
2939 3185 3226 3247 magnam
3265 3168 3600 3248 consequi-

458 3267 661 3327 cebat
707 3268 799 3325 ad
834 3267 1049 3325 ¹Iesum
1084 3286 1107 3325 .·
1136 3266 1434 3332 Domine,
1478 3275 1787 3325 memento
1836 3267 1990 3333 mei,
2101 3276 2208 3330 tur
2246 3267 2516 3343 famam3
2551 3266 2642 3328 sic
2681 3265 2966 3328 Christus
3008 3266 3181 3328 hunc
3224 3265 3472 3329 salvans
3513 3266 3599 3328 la-

460 3365 545 3426 id
594 3372 711 3437 est,
746 3363 1096 3425 clementer
1137 3380 1460 3436 succurre,
1491 3384 1695 3443 quum
1741 3365 1991 3423 veneris
2100 3374 2371 3439 tronem‚
2425 3364 2725 3427 omnibus
2782 3364 2966 3427 nobis
3025 3384 3200 3426 suam
3255 3364 3599 3427 declaravit

458 3466 556 3523 in
600 3482 877 3541 reynum
918 3470 1101 3523 tuum
1144 3462 1420 3524 coeleste.
1453 3460 1586 3522 Jam
1638 3461 1809 3523 enim
1856 3478 1991 3523 cre-
2100 3464 2178 3525 ad
2210 3461 2663 3543 ignoscendum
2697 3468 2888 3541 atque
2919 3460 3289 3524 salvandum
3321 3462 3598 3523 clemen-

459 3560 650 3623 didit
695 3560 855 3622 latro
896 3558 1107 3621 Jesum
1150 3577 1289 3621 esse
1334 3576 1543 3639 regem
1592 3558 1876 3621 Messiam
1922 3558 1985 3620 in
2102 3563 2276 3635 tiam,
2325 3559 2702 3641 sapientiam
2747 3568 2937 3639 atque
2983 3559 3350 3640 potentiam.

456 3662 627 3739 lege
670 3658 1081 3740 promissum,
1126 3657 1311 3739 cujus
1356 3664 1450 3719 est
1493 3674 1755 3737 regnum
1800 3658 1992 3721 coelo-
2183 3656 2370 3719 Porro
2401 3656 2521 3717 hoc
2561 3654 2700 3717 loco
2727 3654 2964 3717 omittit
2989 3653 3189 3716 Lucas
3228 3673 3302 3716 ac
3331 3655 3438 3716 alii
3469 3658 3596 3720 duo

456 3776 657 3819 rum.
709 3754 837 3819 Hoc
882 3764 1095 3817 autem
1146 3756 1413 3818 credidit
1460 3773 1537 3817 ex
1588 3755 1989 3818 mirabilibus
2100 3754 2537 3835 Evangelistae‚
2572 3771 2716 3834 quae
2764 3753 2840 3814 de
2891 3760 3113 3814 mutua
3157 3753 3596 3834 compassione

456 3874 634 3939 quae
690 3854 999 3936 adspexit,
1053 3862 1117 3917 et
1162 3873 1237 3917 ex
1288 3853 1605 3916 ineffabili
1662 3854 1983 3934 patientia,
2100 3852 2330 3915 Christi
2372 3860 2435 3913 et
2473 3850 2904 3913 dilectissimae
2938 3849 3148 3911 Matris
3182 3849 3321 3930 ejus
3371 3851 3595 3913 scribit

454 3953 751 4018 caritate
796 3962 859 4015 et
897 3952 1385 4015 mansuetudine
1435 3951 1666 4015 Christi
1716 3970 1729 4014 ε
1780 3952 1987 4033 potius
2096 3951 2389 4023 JoanneS‚
2417 3950 2684 4012 dicendo
2721 3967 2734 4011 ε
2770 3946 2984 4009 Stabat
3011 3955 3221 4010 autem
3250 3948 3431 4028 juxta
3461 3969 3596 4012 cru·
3623 3970 3886 4075 ἑοςὲιωιι,

478 897 811 962 hominem
869 902 1148 965 convitia
1206 923 1486 985 passum,
1550 912 1611 965 et
1672 924 1795 967 non
1858 922 1987 966 mo-

477 1004 641 1071 tum,
676 1016 873 1079 quam
905 1000 1229 1062 hominem
1265 1020 1638 1083 percussum
1670 1022 1743 1065 ac
1773 1002 1987 1065 vulne-

476 1103 715 1171 ratum,
750 1105 812 1159 et
857 1117 983 1161 non
1028 1101 1383 1163 cadentem.

460 4062 703 4117 tamen
734 4069 810 4113 ex
840 4050 1310 4132 supernaturali
1340 4060 1403 4113 et
1429 4050 1887 4131 gratiosissima
1916 4051 1990 4112 il-

456 4148 911 4214 luminatione
948 4148 1227 4229 Spiritus
1266 4147 1498 4223 Sancti,
1534 4148 1687 4229 quia
1726 4167 1833 4210 vas
1872 4148 1989 4209 mi-

2097 921 2330 984 nempe
2371 904 2578 985 operit
2619 904 3093 965 multitudinem
3147 912 3590 986 peccatorum;
3651 918 3661 929 ·

2098 1008 2160 1061 et
2199 1021 2328 1082 quo
2367 1002 2562 1064 fuerit
2601 1002 2803 1083 maj0r
2841 1004 3157 1076 contritio,
3191 1022 3266 1067 eo
3307 1004 3450 1085 plus
3483 1023 3596 1066 au-

2098 1098 2302 1162 fertur
2345 1101 2420 1161 de
2465 1101 2654 1183 culpa
2695 1109 2758 1163 et
2799 1120 3007 1183 poena.

2100 4068 2240 4111 cem
2276 4049 2421 4111 Jesu
2461 4047 2652 4109 Mater
2686 4047 2849 4127 ejus.
2884 4045 2930 4107 Ο
2958 4045 3590 4121 affectuosissimam,

2100 4149 2478 4219 dolorosum,
2521 4145 2826 4226 omnique
2876 4144 3313 4226 compassione
3361 4146 3597 4227 dignis-

455 4247 850 4313 sericordiae
896 4246 1041 4308 fuit.
1094 4246 1267 4309 Unde
1315 4247 1381 4308 in
1430 4247 1623 4327 hujus
1672 4247 1992 4310 conversi·
2022 4258 2069 4319 D
2098 4248 2334 4309 simum
2376 4244 2640 4307 verbum
2671 4250 2683 4305 Ξ
2719 4243 2794 4305 Et
2834 4262 3010 4307 soror
3049 4244 3268 4305 matris
3308 4244 3470 4325 ejuS‚
3505 4246 3598 4309 vi-

454 4364 635 4427 one,
688 4345 1109 4409 illustratione
1166 4364 1239 4407 ac
1298 4346 1643 4407 salvatione
1702 4344 1984 4420 latroniS,
2102 4346 2332 4407 delicet
2365 4343 2554 4405 Maria
2603 4362 2761 4405 uxor
2801 4343 3112 4424 Cleophae.
3149 4342 3594 4407 mater-iacobi

454 4449 679 4511 datur
706 4444 879 4507 omni
912 4444 1225 4526 peccatori
1256 4451 1319 4505 et
1349 4442 1683 4526 poenitenti
1714 4441 1989 4504 maxima
2098 4442 2378 4506 Minoris.
2413 4441 2616 4514 Quum
2657 4459 2806 4522 ergo
2838 4440 3100 4503 vidisset
3124 4440 3302 4503 Iesus
3339 4440 3596 4505 Matrem

454 4561 639 4628 spes
678 4543 920 4617 salutis,
954 4542 1295 4623 omnisque
1331 4540 1707 4623 desperandi
1742 4541 1988 4604 occasio
2102 4561 2305 4615 suam,
2347 4549 2410 4603 et
2457 4540 2844 4622 discipulum
2892 4546 3162 4601 stantem
3210 4558 3404 4620 quem
3455 4541 3599 4602 dili-

456 4642 759 4716 tollitur‚
792 4660 995 4723 quum
1034 4640 1194 4704 latro
1226 4640 1343 4702 iste
1381 4640 1445 4702 in
1478 4648 1569 4703 tot
1597 4637 1988 4702 facinoribus
2098 4640 2307 4721 gebat,
2341 4639 2496 4700 dicit
2533 4637 2706 4699 Matri
2743 4655 2873 4699 suae
2908 4656 2921 4699 ε
2955 4636 3198 4711 Mulier,
3233 4656 3379 4700 ecce
3417 4638 3596 4701 filius

456 4740 952 4823 deprehensus,
994 4746 1241 4801 tantum
1286 4745 1545 4821 repente
1590 4738 1848 4801 sortitus
1896 4745 1991 4800 est
2101 4745 2272 4811 tuuS,
2308 4736 2371 4798 id
2419 4744 2534 4811 est,
2574 4736 2876 4799 Joannem
2925 4734 3285 4816 apostolum
3334 4735 3450 4797 tibi
3501 4756 3598 4799 as-

454 4838 769 4907 cai-itatis
799 4837 1139 4912 fervorem,
1166 4837 1557 4919 poenitentiae
1582 4836 1870 4917 gratiam,
1896 4854 1993 4899 ve·
2101 4835 2283 4915 signo
2333 4852 2448 4915 pro
2495 4832 2634 4895 filio
2667 4852 2680 4895 :
2715 4832 3021 4914 quoniam
3069 4851 3184 4913 ego
3228 4852 3399 4896 nunc
3450 4834 3599 4895 sub-

456 4940 613 5005 niae
655 4935 1143 5019 plenitudinem,
1177 4934 1829 5016 accelerationemque
1873 4934 1992 4996 sal-
2102 4934 2317 4996 trahor
2345 4932 2486 5005 tibi,
2520 4932 2607 4993 ita
2647 4932 2816 5012 quod
2859 4932 2936 4992 de
2970 4939 3178 4995 cetero
3216 4940 3426 4994 tecum
3469 4952 3596 4998 non

454 5035 763 5105 vationis
810 5043 1081 5097 aeternae.
1136 5033 1291 5097 Cum
1340 5041 1510 5096 tanta
1558 5031 1795 5095 etenim
1844 5051 1991 5095 con·
2101 5050 2210 5096 ero
2249 5031 2314 5093 in
2348 5030 2475 5093 vita
2514 5030 2632 5091 ista
2675 5029 2950 5103 mortali,
2984 5036 3048 5091 et
3087 5029 3367 5094 humano
3411 5033 3599 5096 modo

448 5136 748 5203 tritione
794 5140 857 5195 et
913 5132 1147 5196 amoris
1207 5131 1453 5195 fervore
1512 5130 1840 5195 confessus
1897 5138 1993 5193 est
2104 5139 2313 5194 tecum
2373 5146 2774 5191 conversans.
2827 5127 3066 5190 Deinde
3114 5127 3268 5191 dicit
3318 5128 3600 5211 discipu-

446 5234 737 5304 Christo
775 5231 1019 5313 duplici
1058 5229 1479 5305 confessione,
1514 5230 1811 5293 videlicet
1847 5248 1994 5292 con·
2102 5230 2166 5292 lo
2199 5247 2212 5291 ε
2247 5227 2406 5289 Ecce
2447 5225 2638 5288 Mater
2676 5232 2802 5301 tua,
2837 5226 2901 5288 id
2944 5234 3060 5301 est,
3093 5226 3348 5288 Matrem
3392 5244 3597 5289 meam

442 5332 767 5403 sessione
794 5329 1098 5394 bonitatis
1128 5347 1203 5391 ac
1232 5328 1437 5391 laudis
1468 5327 1721 5403 divinae,
1756 5335 1817 5389 et
1848 5346 1995 5391 con·
2104 5325 2222 5388 tibi
2271 5325 2667 5398 commendo,
2707 5330 2776 5385 ut
2823 5340 2963 5385 eam
3013 5323 3300 5390 filialiter
3347 5324 3593 5407 diligas,
