<?xml version="1.0" encoding="UTF-8"?>
<!DOCTYPE html PUBLIC "-//W3C//DTD XHTML 1.0 Transitional//EN"
    "http://www.w3.org/TR/xhtml1/DTD/xhtml1-transitional.dtd">
<html xmlns="http://www.w3.org/1999/xhtml" xml:lang="en" lang="en">
 <head>
  <title>
</title>
<meta http-equiv="Content-Type" content="text/html;charset=utf-8" />
  <meta name='ocr-system' content='tesseract 3.04.00' />
  <meta name='ocr-capabilities' content='ocr_page ocr_carea ocr_par ocr_line ocrx_word'/>
</head>
<body>
  <div class='ocr_page' id='page_1' title='image "./doctorisecstati09unkngoog_0339.png"; bbox 0 0 4300 6259; ppageno 0'>
   <div class='ocr_carea' id='block_1_1' title="bbox 384 879 3382 1413">
    <p class='ocr_par' dir='ltr' id='par_1_1' title="bbox 384 879 3382 1413">
     <span class='ocr_line' id='line_1_1' title="bbox 664 879 3119 1005; baseline -0.001 0"><span class='ocrx_word' id='word_1_1' title='bbox 664 881 1671 1005; x_wconf 83' lang='lat' dir='ltr'><strong>ENARRATIO</strong></span> <span class='ocrx_word' id='word_1_2' title='bbox 1746 882 1919 1003; x_wconf 87' lang='lat' dir='ltr'>IN</span> <span class='ocrx_word' id='word_1_3' title='bbox 1999 879 3119 1005; x_wconf 81' lang='lat' dir='ltr'><strong>EVANGELIUM</strong></span> 
     </span>
     <span class='ocr_line' id='line_1_2' title="bbox 384 1240 3382 1413; baseline -0.001 -2"><span class='ocrx_word' id='word_1_4' title='bbox 384 1244 1899 1413; x_wconf 86' lang='lat' dir='ltr'>SECUNDUM</span> <span class='ocrx_word' id='word_1_5' title='bbox 2090 1240 3382 1411; x_wconf 84' lang='lat' dir='ltr'><strong>JOANNEM</strong></span> 
     </span>
    </p>
   </div>
   <div class='ocr_carea' id='block_1_2' title="bbox 1310 1976 2464 2064">
    <p class='ocr_par' dir='ltr' id='par_1_2' title="bbox 1310 1976 2464 2064">
     <span class='ocr_line' id='line_1_3' title="bbox 1310 1976 2464 2064; baseline 0 -1"><span class='ocrx_word' id='word_1_6' title='bbox 1310 1976 1948 2064; x_wconf 77' lang='lat' dir='ltr'>ARTICULUS</span> <span class='ocrx_word' id='word_1_7' title='bbox 2024 1976 2464 2063; x_wconf 87' lang='lat' dir='ltr'>PRIMUS</span> 
     </span>
    </p>
   </div>
   <div class='ocr_carea' id='block_1_3' title="bbox 418 2260 3361 2417">
    <p class='ocr_par' dir='ltr' id='par_1_3' title="bbox 418 2260 3361 2417">
     <span class='ocr_line' id='line_1_4' title="bbox 418 2260 3361 2323; baseline -0.001 -13"><span class='ocrx_word' id='word_1_8' title='bbox 418 2266 507 2311; x_wconf 73' lang='lat' dir='ltr'>DE</span> <span class='ocrx_word' id='word_1_9' title='bbox 546 2262 882 2310; x_wconf 75' lang='lat' dir='ltr'>mGNlTA‘rE</span> <span class='ocrx_word' id='word_1_10' title='bbox 920 2262 996 2307; x_wconf 75' lang='lat' dir='ltr'>m·</span> <span class='ocrx_word' id='word_1_11' title='bbox 1041 2260 1451 2307; x_wconf 74' lang='lat' dir='ltr'><strong>EXGELLENTIA</strong></span> <span class='ocrx_word' id='word_1_12' title='bbox 1496 2260 1920 2307; x_wconf 74' lang='lat' dir='ltr'>sAanTlssml</span> <span class='ocrx_word' id='word_1_13' title='bbox 1964 2261 2395 2308; x_wconf 72' lang='lat' dir='ltr'>EvANGnms‘rAE</span> <span class='ocrx_word' id='word_1_14' title='bbox 2440 2264 2492 2308; x_wconf 90' lang='lat' dir='ltr'>S.</span> <span class='ocrx_word' id='word_1_15' title='bbox 2539 2260 2819 2323; x_wconf 80' lang='lat' dir='ltr'>JOANNIS,</span> <span class='ocrx_word' id='word_1_16' title='bbox 2868 2262 2941 2308; x_wconf 77' lang='grc' dir='ltr'>ΕΤ</span> <span class='ocrx_word' id='word_1_17' title='bbox 2983 2262 3144 2317; x_wconf 85' lang='lat' dir='ltr'><strong>QUOD</strong></span> <span class='ocrx_word' id='word_1_18' title='bbox 3185 2261 3361 2308; x_wconf 75' lang='lat' dir='ltr'>LIBER</span> 
     </span>
     <span class='ocr_line' id='line_1_5' title="bbox 733 2368 3048 2417; baseline 0 -2"><span class='ocrx_word' id='word_1_19' title='bbox 733 2369 1060 2416; x_wconf 72' lang='lat' dir='ltr'><strong>EVANGELH</strong></span> <span class='ocrx_word' id='word_1_20' title='bbox 1096 2368 1353 2415; x_wconf 68' lang='lat' dir='ltr'>somnis</span> <span class='ocrx_word' id='word_1_21' title='bbox 1394 2368 1728 2417; x_wconf 70' lang='lat' dir='ltr'>umvnnsos</span> <span class='ocrx_word' id='word_1_22' title='bbox 1770 2368 2120 2416; x_wconf 70' lang='lat' dir='ltr'>SCRIPTORE</span> <span class='ocrx_word' id='word_1_23' title='bbox 2162 2369 2482 2417; x_wconf 65' lang='lat' dir='ltr'>cmomcffl</span> <span class='ocrx_word' id='word_1_24' title='bbox 2521 2370 2730 2417; x_wconf 79' lang='lat' dir='ltr'>LIBROS</span> <span class='ocrx_word' id='word_1_25' title='bbox 2771 2368 3048 2415; x_wconf 73' lang='lat' dir='ltr'>ssxcssm&#39;r.</span> 
     </span>
    </p>
   </div>
   <div class='ocr_carea' id='block_1_4' title="bbox 485 2656 3734 2741">
    <p class='ocr_par' dir='ltr' id='par_1_4' title="bbox 485 2656 3734 2741">
     <span class='ocr_line' id='line_1_6' title="bbox 485 2656 3734 2741; baseline -0.001 -16"><span class='ocrx_word' id='word_1_26' title='bbox 485 2660 569 2725; x_wconf 85' lang='lat' dir='ltr'>lc</span> <span class='ocrx_word' id='word_1_27' title='bbox 610 2668 707 2722; x_wconf 89' lang='lat' dir='ltr'>est</span> <span class='ocrx_word' id='word_1_28' title='bbox 742 2659 1101 2741; x_wconf 89' lang='lat' dir='ltr'>discipulus</span> <span class='ocrx_word' id='word_1_29' title='bbox 1141 2658 1207 2720; x_wconf 91' lang='lat' dir='ltr'>in</span> <span class='ocrx_word' id='word_1_30' title='bbox 1256 2664 1502 2721; x_wconf 89' lang='lat' dir='ltr'>tantum</span> <span class='ocrx_word' id='word_1_31' title='bbox 1541 2657 1707 2719; x_wconf 88' lang='lat' dir='ltr'>inter</span> <span class='ocrx_word' id='word_1_32' title='bbox 1746 2658 1838 2719; x_wconf 92' lang='lat' dir='ltr'>di-</span> <span class='ocrx_word' id='word_1_33' title='bbox 1868 2657 1919 2718; x_wconf 83' lang='lat' dir='ltr'>A</span> <span class='ocrx_word' id='word_1_34' title='bbox 1948 2658 2059 2735; x_wconf 84' lang='lat' dir='ltr'>da3</span> <span class='ocrx_word' id='word_1_35' title='bbox 2093 2658 2284 2740; x_wconf 89' lang='lat' dir='ltr'>eique</span> <span class='ocrx_word' id='word_1_36' title='bbox 2310 2665 2598 2740; x_wconf 90' lang='lat' dir='ltr'>tempore</span> <span class='ocrx_word' id='word_1_37' title='bbox 2629 2658 2942 2740; x_wconf 82' lang='lat' dir='ltr'>passionis</span> <span class='ocrx_word' id='word_1_38' title='bbox 2973 2656 3228 2721; x_wconf 86' lang='lat' dir='ltr'>Matrem</span> <span class='ocrx_word' id='word_1_39' title='bbox 3260 2678 3438 2721; x_wconf 90' lang='lat' dir='ltr'>suam</span> <span class='ocrx_word' id='word_1_40' title='bbox 3483 2677 3734 2730; x_wconf 66' lang='lat' dir='ltr'>Joamm,</span> 
     </span>
    </p>
   </div>
   <div class='ocr_carea' id='block_1_5' title="bbox 38 2755 1838 3728">
    <p class='ocr_par' dir='ltr' id='par_1_5' title="bbox 507 2755 1838 2842">
     <span class='ocr_line' id='line_1_7' title="bbox 507 2755 1838 2842; baseline -0.004 -20"><span class='ocrx_word' id='word_1_41' title='bbox 507 2759 793 2842; x_wconf 85' lang='lat' dir='ltr'>scipulos</span> <span class='ocrx_word' id='word_1_42' title='bbox 835 2758 1115 2840; x_wconf 90' lang='lat' dir='ltr'>reliquos</span> <span class='ocrx_word' id='word_1_43' title='bbox 1156 2757 1557 2839; x_wconf 73' lang='lat' dir='ltr'>praedilectus</span> <span class='ocrx_word' id='word_1_44' title='bbox 1596 2775 1634 2818; x_wconf 88' lang='lat' dir='ltr'>a</span> <span class='ocrx_word' id='word_1_45' title='bbox 1670 2755 1838 2820; x_wconf 91' lang='lat' dir='ltr'>Chri-</span> 
     </span>
    </p>

    <p class='ocr_par' dir='ltr' id='par_1_6' title="bbox 38 2853 1837 3728">
     <span class='ocr_line' id='line_1_8' title="bbox 38 2853 1835 2936; baseline -0.002 -15"><span class='ocrx_word' id='word_1_46' title='bbox 38 2880 286 2933; x_wconf 66' lang='lat' dir='ltr'>Jmmm,</span> <span class='ocrx_word' id='word_1_47' title='bbox 318 2868 447 2933; x_wconf 85' lang='lat' dir='ltr'>sto,</span> <span class='ocrx_word' id='word_1_48' title='bbox 514 2865 585 2920; x_wconf 91' lang='lat' dir='ltr'>ut</span> <span class='ocrx_word' id='word_1_49' title='bbox 645 2859 763 2920; x_wconf 91' lang='lat' dir='ltr'>hac</span> <span class='ocrx_word' id='word_1_50' title='bbox 821 2856 1409 2930; x_wconf 80' lang='lat' dir='ltr'>circumlocutione,</span> <span class='ocrx_word' id='word_1_51' title='bbox 1471 2853 1835 2936; x_wconf 89' lang='lat' dir='ltr'>Discipulus</span> 
     </span>
     <span class='ocr_line' id='line_1_9' title="bbox 40 2944 1837 3049; baseline -0.003 -29"><span class='ocrx_word' id='word_1_52' title='bbox 40 2944 285 3049; x_wconf 53' lang='lat' dir='ltr'>{ffssifggf&#39;i</span> <span class='ocrx_word' id='word_1_53' title='bbox 317 2976 529 3039; x_wconf 90' lang='lat' dir='ltr'>quem</span> <span class='ocrx_word' id='word_1_54' title='bbox 568 2956 875 3037; x_wconf 84' lang='lat' dir='ltr'>diligebat</span> <span class='ocrx_word' id='word_1_55' title='bbox 905 2955 1107 3029; x_wconf 80' lang='lat' dir='ltr'>JesuS,</span> <span class='ocrx_word' id='word_1_56' title='bbox 1142 2952 1542 3035; x_wconf 81' lang='lat' dir='ltr'>significetur</span> <span class='ocrx_word' id='word_1_57' title='bbox 1572 2954 1637 3014; x_wconf 91' lang='lat' dir='ltr'>in</span> <span class='ocrx_word' id='word_1_58' title='bbox 1680 2972 1837 3035; x_wconf 78' lang='lat' dir='ltr'>prae—</span> 
     </span>
     <span class='ocr_line' id='line_1_10' title="bbox 102 3036 1836 3136; baseline -0.003 -17"><span class='ocrx_word' id='word_1_59' title='bbox 102 3038 113 3053; x_wconf 75' lang='grc'>’</span> <span class='ocrx_word' id='word_1_60' title='bbox 156 3036 252 3055; x_wconf 87' lang='lat'>...</span> <span class='ocrx_word' id='word_1_61' title='bbox 318 3056 496 3119; x_wconf 86' lang='lat' dir='ltr'>senti</span> <span class='ocrx_word' id='word_1_62' title='bbox 530 3053 883 3135; x_wconf 85' lang='lat' dir='ltr'>evangelio,</span> <span class='ocrx_word' id='word_1_63' title='bbox 916 3052 1099 3136; x_wconf 85' lang='lat' dir='ltr'>quasi</span> <span class='ocrx_word' id='word_1_64' title='bbox 1141 3052 1351 3134; x_wconf 89' lang='lat' dir='ltr'>ipsum</span> <span class='ocrx_word' id='word_1_65' title='bbox 1392 3052 1599 3115; x_wconf 90' lang='lat' dir='ltr'>solum</span> <span class='ocrx_word' id='word_1_66' title='bbox 1638 3070 1836 3114; x_wconf 90' lang='lat' dir='ltr'>amas-</span> 
     </span>
     <span class='ocr_line' id='line_1_11' title="bbox 318 3149 1833 3237; baseline -0.004 -20"><span class='ocrx_word' id='word_1_67' title='bbox 318 3163 445 3217; x_wconf 88' lang='lat' dir='ltr'>set.</span> <span class='ocrx_word' id='word_1_68' title='bbox 480 3155 625 3237; x_wconf 91' lang='lat' dir='ltr'>Ipse</span> <span class='ocrx_word' id='word_1_69' title='bbox 663 3152 907 3215; x_wconf 88' lang='lat' dir='ltr'>exstitit</span> <span class='ocrx_word' id='word_1_70' title='bbox 944 3171 1111 3214; x_wconf 91' lang='lat' dir='ltr'>unus</span> <span class='ocrx_word' id='word_1_71' title='bbox 1155 3151 1350 3213; x_wconf 89' lang='lat' dir='ltr'>trium</span> <span class='ocrx_word' id='word_1_72' title='bbox 1389 3149 1833 3233; x_wconf 83' lang='lat' dir='ltr'>Apostolorum</span> 
     </span>
     <span class='ocr_line' id='line_1_12' title="bbox 42 3247 1834 3335; baseline -0.003 -21"><span class='ocrx_word' id='word_1_73' title='bbox 42 3274 287 3325; x_wconf 40' lang='lat' dir='ltr'>amum.</span> <span class='ocrx_word' id='word_1_74' title='bbox 318 3253 440 3335; x_wconf 89' lang='lat' dir='ltr'>qui</span> <span class='ocrx_word' id='word_1_75' title='bbox 506 3250 907 3314; x_wconf 90' lang='lat' dir='ltr'>suscitationi</span> <span class='ocrx_word' id='word_1_76' title='bbox 976 3248 1229 3331; x_wconf 67' lang='lat' dir='ltr'>puellm,</span> <span class='ocrx_word' id='word_1_77' title='bbox 1292 3247 1834 3329; x_wconf 78' lang='lat' dir='ltr'>transfigurationi</span> 
     </span>
     <span class='ocr_line' id='line_1_13' title="bbox 42 3335 1836 3441; baseline -0.004 -25"><span class='ocrx_word' id='word_1_78' title='bbox 42 3335 287 3441; x_wconf 47' lang='lat' dir='ltr'>{mumffi</span> <span class='ocrx_word' id='word_1_79' title='bbox 320 3350 694 3424; x_wconf 74' lang='lat' dir='ltr'>dominicae,</span> <span class='ocrx_word' id='word_1_80' title='bbox 728 3368 801 3411; x_wconf 88' lang='lat' dir='ltr'>ac</span> <span class='ocrx_word' id='word_1_81' title='bbox 849 3348 1034 3410; x_wconf 80' lang='lat' dir='ltr'>trinae</span> <span class='ocrx_word' id='word_1_82' title='bbox 1081 3347 1351 3410; x_wconf 87' lang='lat' dir='ltr'>orationi</span> <span class='ocrx_word' id='word_1_83' title='bbox 1400 3346 1631 3410; x_wconf 86' lang='lat' dir='ltr'>Christi</span> <span class='ocrx_word' id='word_1_84' title='bbox 1681 3355 1836 3409; x_wconf 88' lang='lat' dir='ltr'>tem-</span> 
     </span>
     <span class='ocr_line' id='line_1_14' title="bbox 58 3444 1835 3537; baseline 0.001 -32"><span class='ocrx_word' id='word_1_85' title='bbox 58 3462 287 3537; x_wconf 56' lang='lat' dir='ltr'>(mann,</span> <span class='ocrx_word' id='word_1_86' title='bbox 318 3468 487 3533; x_wconf 88' lang='lat' dir='ltr'>pore</span> <span class='ocrx_word' id='word_1_87' title='bbox 529 3447 845 3531; x_wconf 89' lang='lat' dir='ltr'>passionis</span> <span class='ocrx_word' id='word_1_88' title='bbox 884 3444 1334 3508; x_wconf 87' lang='lat' dir='ltr'>interfuerunt.</span> <span class='ocrx_word' id='word_1_89' title='bbox 1368 3444 1653 3526; x_wconf 91' lang='lat' dir='ltr'>Denique</span> <span class='ocrx_word' id='word_1_90' title='bbox 1697 3445 1835 3527; x_wconf 90' lang='lat' dir='ltr'>ipse</span> 
     </span>
     <span class='ocr_line' id='line_1_15' title="bbox 44 3526 1835 3643; baseline -0.004 -30"><span class='ocrx_word' id='word_1_91' title='bbox 44 3526 285 3643; x_wconf 47' lang='lat' dir='ltr'>{gamm</span> <span class='ocrx_word' id='word_1_92' title='bbox 317 3549 505 3613; x_wconf 89' lang='lat' dir='ltr'>solus</span> <span class='ocrx_word' id='word_1_93' title='bbox 548 3547 615 3609; x_wconf 90' lang='lat' dir='ltr'>in</span> <span class='ocrx_word' id='word_1_94' title='bbox 647 3544 839 3609; x_wconf 88' lang='lat' dir='ltr'>Coena</span> <span class='ocrx_word' id='word_1_95' title='bbox 876 3564 1072 3627; x_wconf 87' lang='lat' dir='ltr'>supra</span> <span class='ocrx_word' id='word_1_96' title='bbox 1107 3552 1327 3626; x_wconf 89' lang='lat' dir='ltr'>pectus</span> <span class='ocrx_word' id='word_1_97' title='bbox 1355 3543 1499 3606; x_wconf 87' lang='lat' dir='ltr'>Jesu</span> <span class='ocrx_word' id='word_1_98' title='bbox 1542 3543 1835 3606; x_wconf 87' lang='lat' dir='ltr'>recubuit</span> 
     </span>
     <span class='ocr_line' id='line_1_16' title="bbox 316 3642 1829 3728; baseline -0.004 -19"><span class='ocrx_word' id='word_1_99' title='bbox 316 3666 439 3709; x_wconf 92' lang='lat' dir='ltr'>seu</span> <span class='ocrx_word' id='word_1_100' title='bbox 499 3644 774 3728; x_wconf 85' lang='lat' dir='ltr'>quievit,</span> <span class='ocrx_word' id='word_1_101' title='bbox 836 3644 1155 3706; x_wconf 88' lang='lat' dir='ltr'>reclinans</span> <span class='ocrx_word' id='word_1_102' title='bbox 1212 3660 1281 3705; x_wconf 90' lang='lat' dir='ltr'>se</span> <span class='ocrx_word' id='word_1_103' title='bbox 1338 3643 1403 3704; x_wconf 90' lang='lat' dir='ltr'>in</span> <span class='ocrx_word' id='word_1_104' title='bbox 1462 3642 1610 3704; x_wconf 91' lang='lat' dir='ltr'>sinu</span> <span class='ocrx_word' id='word_1_105' title='bbox 1662 3642 1829 3704; x_wconf 87' lang='lat' dir='ltr'>Jesu.</span> 
     </span>
    </p>
   </div>
   <div class='ocr_carea' id='block_1_6' title="bbox 46 3652 1833 3826">
    <p class='ocr_par' dir='ltr' id='par_1_7' title="bbox 46 3652 1833 3826">
     <span class='ocr_line' id='line_1_17' title="bbox 46 3652 181 3694; baseline 0.015 -3"><span class='ocrx_word' id='word_1_106' title='bbox 46 3652 181 3694; x_wconf 71' lang='lat'>23.25.</span> 
     </span>
     <span class='ocr_line' id='line_1_18' title="bbox 316 3739 1833 3826; baseline -0.003 -19"><span class='ocrx_word' id='word_1_107' title='bbox 316 3744 660 3826; x_wconf 87' lang='lat' dir='ltr'>Tuncque,</span> <span class='ocrx_word' id='word_1_108' title='bbox 714 3743 1069 3805; x_wconf 91' lang='lat' dir='ltr'>secundum</span> <span class='ocrx_word' id='word_1_109' title='bbox 1117 3740 1542 3822; x_wconf 81' lang='lat' dir='ltr'>Augustinum</span> <span class='ocrx_word' id='word_1_110' title='bbox 1602 3750 1663 3803; x_wconf 92' lang='lat' dir='ltr'>et</span> <span class='ocrx_word' id='word_1_111' title='bbox 1721 3739 1833 3802; x_wconf 88' lang='lat' dir='ltr'>Be-</span> 
     </span>
    </p>
   </div>
   <div class='ocr_carea' id='block_1_7' title="bbox 1945 2756 3446 3823">
    <p class='ocr_par' dir='ltr' id='par_1_8' title="bbox 1948 2756 3443 2915">
     <span class='ocr_line' id='line_1_19' title="bbox 1948 2756 3443 2838; baseline 0.001 -21"><span class='ocrx_word' id='word_1_112' title='bbox 1948 2756 2300 2837; x_wconf 80' lang='lat' dir='ltr'>virgineam</span> <span class='ocrx_word' id='word_1_113' title='bbox 2342 2775 2416 2818; x_wconf 87' lang='lat' dir='ltr'>ac</span> <span class='ocrx_word' id='word_1_114' title='bbox 2457 2756 3088 2838; x_wconf 73' lang='lat' dir='ltr'>super-dignissimam</span> <span class='ocrx_word' id='word_1_115' title='bbox 3129 2775 3443 2821; x_wconf 86' lang='lat' dir='ltr'>commen·</span> 
     </span>
     <span class='ocr_line' id='line_1_20' title="bbox 1950 2854 2142 2915; baseline -0.01 0"><span class='ocrx_word' id='word_1_116' title='bbox 1950 2854 2142 2915; x_wconf 89' lang='lat' dir='ltr'>davit.</span> 
     </span>
    </p>

    <p class='ocr_par' dir='ltr' id='par_1_9' title="bbox 1945 2950 3446 3823">
     <span class='ocr_line' id='line_1_21' title="bbox 2030 2950 3444 3034; baseline 0.003 -21"><span class='ocrx_word' id='word_1_117' title='bbox 2030 2952 2142 3015; x_wconf 88' lang='lat' dir='ltr'>Hic</span> <span class='ocrx_word' id='word_1_118' title='bbox 2190 2961 2444 3015; x_wconf 88' lang='lat' dir='ltr'>sanctus</span> <span class='ocrx_word' id='word_1_119' title='bbox 2487 2952 2823 3034; x_wconf 88' lang='lat' dir='ltr'>Apostolus</span> <span class='ocrx_word' id='word_1_120' title='bbox 2871 2953 2936 3015; x_wconf 92' lang='lat' dir='ltr'>in</span> <span class='ocrx_word' id='word_1_121' title='bbox 2983 2950 3255 3016; x_wconf 82' lang='lat' dir='ltr'>ferventi</span> <span class='ocrx_word' id='word_1_122' title='bbox 3303 2954 3444 3018; x_wconf 92' lang='lat' dir='ltr'>oleo</span> 
     </span>
     <span class='ocr_line' id='line_1_22' title="bbox 1951 3051 3442 3134; baseline 0.001 -20"><span class='ocrx_word' id='word_1_123' title='bbox 1951 3052 2215 3133; x_wconf 79' lang='lat' dir='ltr'>posituS,</span> <span class='ocrx_word' id='word_1_124' title='bbox 2267 3051 2463 3114; x_wconf 86' lang='lat' dir='ltr'>exivit</span> <span class='ocrx_word' id='word_1_125' title='bbox 2521 3051 2777 3126; x_wconf 79' lang='lat' dir='ltr'>illaesuS‚</span> <span class='ocrx_word' id='word_1_126' title='bbox 2830 3060 3102 3134; x_wconf 89' lang='lat' dir='ltr'>quatuor</span> <span class='ocrx_word' id='word_1_127' title='bbox 3159 3060 3442 3116; x_wconf 89' lang='lat' dir='ltr'>mortuos</span> 
     </span>
     <span class='ocr_line' id='line_1_23' title="bbox 1946 3148 3444 3232; baseline 0 -20"><span class='ocrx_word' id='word_1_128' title='bbox 1946 3150 2296 3224; x_wconf 87' lang='lat' dir='ltr'>suscitavit,</span> <span class='ocrx_word' id='word_1_129' title='bbox 2331 3148 2654 3232; x_wconf 89' lang='lat' dir='ltr'>totiusque</span> <span class='ocrx_word' id='word_1_130' title='bbox 2692 3150 2855 3213; x_wconf 80' lang='lat' dir='ltr'>Asiae</span> <span class='ocrx_word' id='word_1_131' title='bbox 2903 3150 3065 3213; x_wconf 87' lang='lat' dir='ltr'>rexit</span> <span class='ocrx_word' id='word_1_132' title='bbox 3105 3170 3177 3213; x_wconf 86' lang='lat' dir='ltr'>ac</span> <span class='ocrx_word' id='word_1_133' title='bbox 3218 3150 3444 3214; x_wconf 86' lang='lat' dir='ltr'>funda-</span> 
     </span>
     <span class='ocr_line' id='line_1_24' title="bbox 1947 3248 3446 3332; baseline 0.001 -21"><span class='ocrx_word' id='word_1_134' title='bbox 1947 3249 2039 3312; x_wconf 86' lang='lat' dir='ltr'>vit</span> <span class='ocrx_word' id='word_1_135' title='bbox 2067 3248 2401 3311; x_wconf 55' lang='lat' dir='ltr'>Ecclesia&amp;</span> <span class='ocrx_word' id='word_1_136' title='bbox 2438 3248 2578 3331; x_wconf 90' lang='lat' dir='ltr'>lpse</span> <span class='ocrx_word' id='word_1_137' title='bbox 2617 3256 2713 3311; x_wconf 88' lang='lat' dir='ltr'>est</span> <span class='ocrx_word' id='word_1_138' title='bbox 2751 3248 3307 3331; x_wconf 84' lang='lat' dir='ltr'>praeclarissimum</span> <span class='ocrx_word' id='word_1_139' title='bbox 3341 3250 3446 3332; x_wconf 88' lang='lat' dir='ltr'>ju-</span> 
     </span>
     <span class='ocr_line' id='line_1_25' title="bbox 1945 3344 3443 3428; baseline 0.001 -20"><span class='ocrx_word' id='word_1_140' title='bbox 1945 3347 2059 3408; x_wconf 88' lang='lat' dir='ltr'>bar</span> <span class='ocrx_word' id='word_1_141' title='bbox 2089 3344 2408 3420; x_wconf 72' lang='lat' dir='ltr'>Ecclesiae,</span> <span class='ocrx_word' id='word_1_142' title='bbox 2444 3364 2569 3409; x_wconf 90' lang='lat' dir='ltr'>non</span> <span class='ocrx_word' id='word_1_143' title='bbox 2603 3346 2927 3408; x_wconf 82' lang='lat' dir='ltr'>dumtaxat-</span> <span class='ocrx_word' id='word_1_144' title='bbox 2964 3346 3298 3428; x_wconf 83' lang='lat' dir='ltr'>evangelii,</span> <span class='ocrx_word' id='word_1_145' title='bbox 3333 3350 3443 3411; x_wconf 87' lang='lat' dir='ltr'>sed</span> 
     </span>
     <span class='ocr_line' id='line_1_26' title="bbox 1946 3444 3442 3529; baseline 0.001 -22"><span class='ocrx_word' id='word_1_146' title='bbox 1946 3446 2140 3507; x_wconf 90' lang='lat' dir='ltr'>trium</span> <span class='ocrx_word' id='word_1_147' title='bbox 2183 3463 2442 3526; x_wconf 88' lang='lat' dir='ltr'>quoquc</span> <span class='ocrx_word' id='word_1_148' title='bbox 2479 3444 2892 3527; x_wconf 88' lang='lat' dir='ltr'>epistolarum</span> <span class='ocrx_word' id='word_1_149' title='bbox 2930 3453 2994 3507; x_wconf 90' lang='lat' dir='ltr'>et</span> <span class='ocrx_word' id='word_1_150' title='bbox 3030 3445 3442 3529; x_wconf 80' lang='lat' dir='ltr'>Apocalypsis</span> 
     </span>
     <span class='ocr_line' id='line_1_27' title="bbox 1946 3543 3442 3626; baseline 0.001 -21"><span class='ocrx_word' id='word_1_151' title='bbox 1946 3544 2232 3605; x_wconf 88' lang='lat' dir='ltr'>radiosus</span> <span class='ocrx_word' id='word_1_152' title='bbox 2271 3544 2645 3626; x_wconf 84' lang='lat' dir='ltr'>descriptor.</span> <span class='ocrx_word' id='word_1_153' title='bbox 2677 3543 3002 3619; x_wconf 70' lang='lat' dir='ltr'>Praeterea,</span> <span class='ocrx_word' id='word_1_154' title='bbox 3035 3552 3313 3625; x_wconf 87' lang='lat' dir='ltr'>quantus</span> <span class='ocrx_word' id='word_1_155' title='bbox 3347 3544 3442 3607; x_wconf 88' lang='lat' dir='ltr'>fu-</span> 
     </span>
     <span class='ocr_line' id='line_1_28' title="bbox 1945 3640 3438 3726; baseline 0.001 -23"><span class='ocrx_word' id='word_1_156' title='bbox 1945 3642 2068 3703; x_wconf 89' lang='lat' dir='ltr'>erit</span> <span class='ocrx_word' id='word_1_157' title='bbox 2123 3641 2191 3702; x_wconf 91' lang='lat' dir='ltr'>in</span> <span class='ocrx_word' id='word_1_158' title='bbox 2242 3643 2431 3705; x_wconf 91' lang='lat' dir='ltr'>corde</span> <span class='ocrx_word' id='word_1_159' title='bbox 2487 3640 2690 3704; x_wconf 86' lang='lat' dir='ltr'>divini</span> <span class='ocrx_word' id='word_1_160' title='bbox 2741 3660 2814 3704; x_wconf 90' lang='lat' dir='ltr'>ac</span> <span class='ocrx_word' id='word_1_161' title='bbox 2874 3642 3086 3723; x_wconf 81' lang='lat' dir='ltr'>magni</span> <span class='ocrx_word' id='word_1_162' title='bbox 3134 3640 3438 3726; x_wconf 83' lang='lat' dir='ltr'>Dionysii,</span> 
     </span>
     <span class='ocr_line' id='line_1_29' title="bbox 1947 3739 3442 3823; baseline 0.001 -22"><span class='ocrx_word' id='word_1_163' title='bbox 1947 3739 2286 3803; x_wconf 86' lang='lat' dir='ltr'>innotescit</span> <span class='ocrx_word' id='word_1_164' title='bbox 2335 3739 2399 3801; x_wconf 91' lang='lat' dir='ltr'>in</span> <span class='ocrx_word' id='word_1_165' title='bbox 2451 3758 2524 3801; x_wconf 90' lang='lat' dir='ltr'>ea</span> <span class='ocrx_word' id='word_1_166' title='bbox 2568 3758 2762 3822; x_wconf 89' lang='lat' dir='ltr'>quam</span> <span class='ocrx_word' id='word_1_167' title='bbox 2806 3739 3028 3803; x_wconf 87' lang='lat' dir='ltr'>Joanni</span> <span class='ocrx_word' id='word_1_168' title='bbox 3085 3741 3260 3803; x_wconf 88' lang='lat' dir='ltr'>misit</span> <span class='ocrx_word' id='word_1_169' title='bbox 3307 3742 3442 3823; x_wconf 90' lang='lat' dir='ltr'>epi-</span> 
     </span>
    </p>
   </div>
   <div class='ocr_carea' id='block_1_8' title="bbox 315 3837 3442 3921">
    <p class='ocr_par' dir='ltr' id='par_1_10' title="bbox 315 3837 3442 3921">
     <span class='ocr_line' id='line_1_30' title="bbox 315 3837 3442 3921; baseline -0.001 -15"><span class='ocrx_word' id='word_1_170' title='bbox 315 3845 495 3918; x_wconf 90' lang='lat' dir='ltr'>dam,</span> <span class='ocrx_word' id='word_1_171' title='bbox 560 3861 639 3904; x_wconf 87' lang='lat' dir='ltr'>ex</span> <span class='ocrx_word' id='word_1_172' title='bbox 707 3841 885 3905; x_wconf 85' lang='lat' dir='ltr'>l&#39;onte</span> <span class='ocrx_word' id='word_1_173' title='bbox 946 3839 1250 3903; x_wconf 90' lang='lat' dir='ltr'>dominici</span> <span class='ocrx_word' id='word_1_174' title='bbox 1328 3840 1601 3921; x_wconf 90' lang='lat' dir='ltr'>pectoris</span> <span class='ocrx_word' id='word_1_175' title='bbox 1670 3838 1835 3902; x_wconf 91' lang='lat' dir='ltr'>bibit</span> <span class='ocrx_word' id='word_1_176' title='bbox 1872 3845 1917 3907; x_wconf 91' lang='lat' dir='ltr'>B</span> <span class='ocrx_word' id='word_1_177' title='bbox 1945 3840 2123 3913; x_wconf 87' lang='lat' dir='ltr'>stola,</span> <span class='ocrx_word' id='word_1_178' title='bbox 2160 3838 2272 3901; x_wconf 91' lang='lat' dir='ltr'>ubi</span> <span class='ocrx_word' id='word_1_179' title='bbox 2303 3839 2470 3901; x_wconf 89' lang='lat' dir='ltr'>inter</span> <span class='ocrx_word' id='word_1_180' title='bbox 2500 3847 2706 3900; x_wconf 87' lang='lat' dir='ltr'>cetera</span> <span class='ocrx_word' id='word_1_181' title='bbox 2740 3837 3024 3919; x_wconf 89' lang='lat' dir='ltr'>loquitur</span> <span class='ocrx_word' id='word_1_182' title='bbox 3058 3858 3072 3901; x_wconf 90' lang='lat'>:</span> <span class='ocrx_word' id='word_1_183' title='bbox 3105 3839 3258 3914; x_wconf 88' lang='lat' dir='ltr'>Ave,</span> <span class='ocrx_word' id='word_1_184' title='bbox 3294 3858 3442 3903; x_wconf 86' lang='lat' dir='ltr'>vere</span> 
     </span>
    </p>
   </div>
   <div class='ocr_carea' id='block_1_9' title="bbox 54 3936 1836 5006">
    <p class='ocr_par' dir='ltr' id='par_1_11' title="bbox 54 3936 1836 5006">
     <span class='ocr_line' id='line_1_31' title="bbox 314 3936 1833 4025; baseline -0.003 -21"><span class='ocrx_word' id='word_1_185' title='bbox 314 3944 499 4025; x_wconf 91' lang='lat' dir='ltr'>quod</span> <span class='ocrx_word' id='word_1_186' title='bbox 532 3948 754 4024; x_wconf 88' lang='lat' dir='ltr'>postea</span> <span class='ocrx_word' id='word_1_187' title='bbox 782 3940 849 4002; x_wconf 90' lang='lat' dir='ltr'>in</span> <span class='ocrx_word' id='word_1_188' title='bbox 880 3938 1211 4020; x_wconf 85' lang='lat' dir='ltr'>evangelio</span> <span class='ocrx_word' id='word_1_189' title='bbox 1246 3936 1625 4020; x_wconf 86' lang='lat' dir='ltr'>propinavit.</span> <span class='ocrx_word' id='word_1_190' title='bbox 1659 3937 1833 4011; x_wconf 89' lang='lat' dir='ltr'>Quod</span> 
     </span>
     <span class='ocr_line' id='line_1_32' title="bbox 316 4036 1834 4119; baseline -0.004 -16"><span class='ocrx_word' id='word_1_191' title='bbox 316 4060 451 4104; x_wconf 87' lang='lat' dir='ltr'>non</span> <span class='ocrx_word' id='word_1_192' title='bbox 504 4047 605 4102; x_wconf 87' lang='lat' dir='ltr'>est</span> <span class='ocrx_word' id='word_1_193' title='bbox 647 4038 1138 4119; x_wconf 85' lang='lat' dir='ltr'>intelligendum</span> <span class='ocrx_word' id='word_1_194' title='bbox 1181 4036 1365 4118; x_wconf 84' lang='lat' dir='ltr'>quasi</span> <span class='ocrx_word' id='word_1_195' title='bbox 1415 4037 1480 4098; x_wconf 92' lang='lat' dir='ltr'>in</span> <span class='ocrx_word' id='word_1_196' title='bbox 1527 4036 1681 4100; x_wconf 87' lang='lat' dir='ltr'>hora</span> <span class='ocrx_word' id='word_1_197' title='bbox 1727 4036 1834 4098; x_wconf 87' lang='lat' dir='ltr'>illa</span> 
     </span>
     <span class='ocr_line' id='line_1_33' title="bbox 314 4135 1834 4223; baseline -0.004 -21"><span class='ocrx_word' id='word_1_198' title='bbox 314 4139 633 4223; x_wconf 89' lang='lat' dir='ltr'>impletus</span> <span class='ocrx_word' id='word_1_199' title='bbox 673 4138 756 4200; x_wconf 91' lang='lat' dir='ltr'>sit</span> <span class='ocrx_word' id='word_1_200' title='bbox 796 4136 1027 4219; x_wconf 89' lang='lat' dir='ltr'>spiritu</span> <span class='ocrx_word' id='word_1_201' title='bbox 1072 4136 1422 4218; x_wconf 85' lang='lat' dir='ltr'>sapientiae‚</span> <span class='ocrx_word' id='word_1_202' title='bbox 1456 4143 1519 4198; x_wconf 87' lang='lat' dir='ltr'>et</span> <span class='ocrx_word' id='word_1_203' title='bbox 1557 4135 1834 4197; x_wconf 90' lang='lat' dir='ltr'>illustra-</span> 
     </span>
     <span class='ocr_line' id='line_1_34' title="bbox 316 4234 1835 4316; baseline -0.003 -16"><span class='ocrx_word' id='word_1_204' title='bbox 316 4246 422 4301; x_wconf 89' lang='lat' dir='ltr'>tus</span> <span class='ocrx_word' id='word_1_205' title='bbox 468 4256 509 4300; x_wconf 89' lang='lat' dir='ltr'>a</span> <span class='ocrx_word' id='word_1_206' title='bbox 547 4235 798 4300; x_wconf 90' lang='lat' dir='ltr'>Christo</span> <span class='ocrx_word' id='word_1_207' title='bbox 844 4235 1209 4316; x_wconf 85' lang='lat' dir='ltr'>evangelica</span> <span class='ocrx_word' id='word_1_208' title='bbox 1254 4234 1538 4311; x_wconf 85' lang='lat' dir='ltr'>veritate,</span> <span class='ocrx_word' id='word_1_209' title='bbox 1574 4252 1835 4316; x_wconf 82' lang='lat' dir='ltr'>praeser-</span> 
     </span>
     <span class='ocr_line' id='line_1_35' title="bbox 318 4334 1835 4418; baseline -0.003 -19"><span class='ocrx_word' id='word_1_210' title='bbox 318 4338 439 4399; x_wconf 87' lang='lat' dir='ltr'>tim</span> <span class='ocrx_word' id='word_1_211' title='bbox 482 4354 691 4418; x_wconf 86' lang='lat' dir='ltr'>quum</span> <span class='ocrx_word' id='word_1_212' title='bbox 737 4335 877 4417; x_wconf 88' lang='lat' dir='ltr'>ipso</span> <span class='ocrx_word' id='word_1_213' title='bbox 915 4341 1205 4407; x_wconf 84' lang='lat' dir='ltr'>testante,</span> <span class='ocrx_word' id='word_1_214' title='bbox 1240 4334 1391 4395; x_wconf 90' lang='lat' dir='ltr'>dum</span> <span class='ocrx_word' id='word_1_215' title='bbox 1438 4340 1580 4415; x_wconf 91' lang='lat' dir='ltr'>post</span> <span class='ocrx_word' id='word_1_216' title='bbox 1628 4350 1835 4394; x_wconf 86' lang='lat' dir='ltr'>resur-</span> 
     </span>
     <span class='ocr_line' id='line_1_36' title="bbox 318 4429 1836 4511; baseline -0.001 -16"><span class='ocrx_word' id='word_1_217' title='bbox 318 4434 678 4497; x_wconf 84' lang='lat' dir='ltr'>rectionem</span> <span class='ocrx_word' id='word_1_218' title='bbox 718 4431 907 4494; x_wconf 78' lang='lat' dir='ltr'>Maria</span> <span class='ocrx_word' id='word_1_219' title='bbox 944 4430 1303 4511; x_wconf 82' lang='lat' dir='ltr'>Magdalene</span> <span class='ocrx_word' id='word_1_220' title='bbox 1346 4429 1469 4492; x_wconf 91' lang='lat' dir='ltr'>sibi</span> <span class='ocrx_word' id='word_1_221' title='bbox 1514 4430 1836 4493; x_wconf 87' lang='lat' dir='ltr'>retulisset</span> 
     </span>
     <span class='ocr_line' id='line_1_37' title="bbox 54 4528 1833 4611; baseline -0.002 -16"><span class='ocrx_word' id='word_1_222' title='bbox 54 4554 233 4607; x_wconf 60' lang='lat' dir='ltr'>man,</span> <span class='ocrx_word' id='word_1_223' title='bbox 251 4562 291 4605; x_wconf 78' lang='lat'>2,</span> <span class='ocrx_word' id='word_1_224' title='bbox 318 4532 675 4597; x_wconf 87' lang='lat' dir='ltr'>Dominum</span> <span class='ocrx_word' id='word_1_225' title='bbox 725 4550 763 4592; x_wconf 87' lang='lat' dir='ltr'>a</span> <span class='ocrx_word' id='word_1_226' title='bbox 822 4536 1237 4593; x_wconf 90' lang='lat' dir='ltr'>monumento</span> <span class='ocrx_word' id='word_1_227' title='bbox 1296 4528 1640 4604; x_wconf 90' lang='lat' dir='ltr'>sublatum,</span> <span class='ocrx_word' id='word_1_228' title='bbox 1696 4529 1833 4611; x_wconf 89' lang='lat' dir='ltr'>ipse</span> 
     </span>
     <span class='ocr_line' id='line_1_38' title="bbox 64 4626 1835 4707; baseline -0.003 -12"><span class='ocrx_word' id='word_1_229' title='bbox 64 4654 279 4707; x_wconf 61' lang='lat' dir='ltr'>maan,</span> <span class='ocrx_word' id='word_1_230' title='bbox 322 4632 418 4693; x_wconf 86' lang='lat' dir='ltr'>sic</span> <span class='ocrx_word' id='word_1_231' title='bbox 460 4647 605 4693; x_wconf 89' lang='lat' dir='ltr'>esse</span> <span class='ocrx_word' id='word_1_232' title='bbox 636 4627 978 4691; x_wconf 88' lang='lat' dir='ltr'>crediderit</span> <span class='ocrx_word' id='word_1_233' title='bbox 1010 4646 1024 4690; x_wconf 92' lang='lat'><strong>:</strong></span> <span class='ocrx_word' id='word_1_234' title='bbox 1060 4629 1343 4692; x_wconf 91' lang='lat' dir='ltr'>nondum</span> <span class='ocrx_word' id='word_1_235' title='bbox 1383 4627 1555 4689; x_wconf 90' lang='lat' dir='ltr'>enim</span> <span class='ocrx_word' id='word_1_236' title='bbox 1596 4626 1835 4690; x_wconf 87' lang='lat' dir='ltr'>sciebat</span> 
     </span>
     <span class='ocr_line' id='line_1_39' title="bbox 318 4722 1834 4810; baseline -0.003 -20"><span class='ocrx_word' id='word_1_237' title='bbox 318 4730 425 4810; x_wconf 88' lang='lat' dir='ltr'>(ut</span> <span class='ocrx_word' id='word_1_238' title='bbox 456 4728 734 4809; x_wconf 89' lang='lat' dir='ltr'>ipsemet</span> <span class='ocrx_word' id='word_1_239' title='bbox 764 4726 881 4805; x_wconf 89' lang='lat' dir='ltr'>ait)</span> <span class='ocrx_word' id='word_1_240' title='bbox 906 4724 1289 4806; x_wconf 88' lang='lat' dir='ltr'>Scripturas.</span> <span class='ocrx_word' id='word_1_241' title='bbox 1322 4722 1647 4797; x_wconf 88' lang='lat' dir='ltr'>Quomodo</span> <span class='ocrx_word' id='word_1_242' title='bbox 1685 4742 1834 4805; x_wconf 82' lang='lat' dir='ltr'>ergo</span> 
     </span>
     <span class='ocr_line' id='line_1_40' title="bbox 323 4821 1835 4905; baseline -0.003 -16"><span class='ocrx_word' id='word_1_243' title='bbox 323 4834 485 4889; x_wconf 85' lang='lat' dir='ltr'>tunc</span> <span class='ocrx_word' id='word_1_244' title='bbox 544 4824 731 4899; x_wconf 90' lang='lat' dir='ltr'>bibit,</span> <span class='ocrx_word' id='word_1_245' title='bbox 784 4824 909 4885; x_wconf 90' lang='lat' dir='ltr'>nisi</span> <span class='ocrx_word' id='word_1_246' title='bbox 959 4824 1131 4905; x_wconf 91' lang='lat' dir='ltr'>quod</span> <span class='ocrx_word' id='word_1_247' title='bbox 1182 4821 1290 4884; x_wconf 91' lang='lat' dir='ltr'>ille</span> <span class='ocrx_word' id='word_1_248' title='bbox 1340 4821 1662 4885; x_wconf 84' lang='lat' dir='ltr'>recubitus</span> <span class='ocrx_word' id='word_1_249' title='bbox 1710 4821 1835 4885; x_wconf 81' lang='lat' dir='ltr'>fuit</span> 
     </span>
     <span class='ocr_line' id='line_1_41' title="bbox 323 4922 1835 5006; baseline -0.003 -19"><span class='ocrx_word' id='word_1_250' title='bbox 323 4925 591 5006; x_wconf 77' lang='lat' dir='ltr'>signum</span> <span class='ocrx_word' id='word_1_251' title='bbox 638 4942 713 4985; x_wconf 87' lang='lat' dir='ltr'>ac</span> <span class='ocrx_word' id='word_1_252' title='bbox 760 4922 1117 5004; x_wconf 90' lang='lat' dir='ltr'>dispositio,</span> <span class='ocrx_word' id='word_1_253' title='bbox 1165 4939 1353 4984; x_wconf 87' lang='lat' dir='ltr'>causa</span> <span class='ocrx_word' id='word_1_254' title='bbox 1398 4939 1657 5003; x_wconf 90' lang='lat' dir='ltr'>quoque</span> <span class='ocrx_word' id='word_1_255' title='bbox 1704 4938 1835 4983; x_wconf 87' lang='lat' dir='ltr'>me-</span> 
     </span>
    </p>
   </div>
   <div class='ocr_carea' id='block_1_10' title="bbox 1942 3937 3443 4997">
    <p class='ocr_par' dir='ltr' id='par_1_12' title="bbox 1943 3937 3443 4100">
     <span class='ocr_line' id='line_1_42' title="bbox 1945 3937 3443 4011; baseline 0.001 -11"><span class='ocrx_word' id='word_1_256' title='bbox 1945 3937 2378 4011; x_wconf 88' lang='lat' dir='ltr'>dilectissime‚</span> <span class='ocrx_word' id='word_1_257' title='bbox 2413 3955 2560 3999; x_wconf 89' lang='lat' dir='ltr'>vere</span> <span class='ocrx_word' id='word_1_258' title='bbox 2601 3938 2974 4000; x_wconf 83' lang='lat' dir='ltr'>amabilium</span> <span class='ocrx_word' id='word_1_259' title='bbox 3021 3947 3085 4000; x_wconf 88' lang='lat' dir='ltr'>et</span> <span class='ocrx_word' id='word_1_260' title='bbox 3126 3938 3443 4002; x_wconf 87' lang='lat' dir='ltr'>desidera-</span> 
     </span>
     <span class='ocr_line' id='line_1_43' title="bbox 1943 4034 3437 4100; baseline 0.001 -3"><span class='ocrx_word' id='word_1_261' title='bbox 1943 4034 2174 4097; x_wconf 90' lang='lat' dir='ltr'>bilium</span> <span class='ocrx_word' id='word_1_262' title='bbox 2225 4053 2298 4097; x_wconf 85' lang='lat' dir='ltr'>ac</span> <span class='ocrx_word' id='word_1_263' title='bbox 2346 4034 2722 4098; x_wconf 88' lang='lat' dir='ltr'>dilectorum</span> <span class='ocrx_word' id='word_1_264' title='bbox 2773 4035 2954 4099; x_wconf 88' lang='lat' dir='ltr'>valde</span> <span class='ocrx_word' id='word_1_265' title='bbox 3004 4036 3437 4100; x_wconf 85' lang='lat' dir='ltr'>dilectissime.</span> 
     </span>
    </p>

    <p class='ocr_par' dir='ltr' id='par_1_13' title="bbox 1942 4133 3443 4997">
     <span class='ocr_line' id='line_1_44' title="bbox 2023 4133 3442 4217; baseline 0.004 -22"><span class='ocrx_word' id='word_1_266' title='bbox 2023 4133 2330 4215; x_wconf 89' lang='lat' dir='ltr'>Denique,</span> <span class='ocrx_word' id='word_1_267' title='bbox 2364 4134 2659 4216; x_wconf 88' lang='lat' dir='ltr'>quamvis</span> <span class='ocrx_word' id='word_1_268' title='bbox 2707 4142 2837 4198; x_wconf 83' lang='lat' dir='ltr'>tota</span> <span class='ocrx_word' id='word_1_269' title='bbox 2885 4133 3212 4217; x_wconf 88' lang='lat' dir='ltr'>Scriptura</span> <span class='ocrx_word' id='word_1_270' title='bbox 3254 4155 3442 4201; x_wconf 87' lang='lat' dir='ltr'>cano-</span> 
     </span>
     <span class='ocr_line' id='line_1_45' title="bbox 1945 4231 3435 4315; baseline 0.003 -22"><span class='ocrx_word' id='word_1_271' title='bbox 1945 4232 2088 4294; x_wconf 87' lang='lat' dir='ltr'>nica</span> <span class='ocrx_word' id='word_1_272' title='bbox 2134 4239 2358 4295; x_wconf 84' lang='lat' dir='ltr'>tractet</span> <span class='ocrx_word' id='word_1_273' title='bbox 2405 4233 2482 4294; x_wconf 93' lang='lat' dir='ltr'>de</span> <span class='ocrx_word' id='word_1_274' title='bbox 2521 4231 2645 4295; x_wconf 88' lang='lat' dir='ltr'>Deo</span> <span class='ocrx_word' id='word_1_275' title='bbox 2697 4240 2994 4315; x_wconf 91' lang='lat' dir='ltr'>tanquam</span> <span class='ocrx_word' id='word_1_276' title='bbox 3040 4234 3119 4296; x_wconf 90' lang='lat' dir='ltr'>de</span> <span class='ocrx_word' id='word_1_277' title='bbox 3163 4233 3435 4315; x_wconf 88' lang='lat' dir='ltr'>objecto,</span> 
     </span>
     <span class='ocr_line' id='line_1_46' title="bbox 1944 4329 3443 4414; baseline 0.003 -22"><span class='ocrx_word' id='word_1_278' title='bbox 1944 4329 2306 4412; x_wconf 87' lang='lat' dir='ltr'>specialiter</span> <span class='ocrx_word' id='word_1_279' title='bbox 2353 4349 2610 4413; x_wconf 92' lang='lat' dir='ltr'>quoque</span> <span class='ocrx_word' id='word_1_280' title='bbox 2656 4330 3004 4413; x_wconf 85' lang='lat' dir='ltr'>Prophetae,</span> <span class='ocrx_word' id='word_1_281' title='bbox 3047 4332 3330 4414; x_wconf 83' lang='lat' dir='ltr'>Apostoli</span> <span class='ocrx_word' id='word_1_282' title='bbox 3380 4343 3443 4397; x_wconf 91' lang='lat' dir='ltr'>et</span> 
     </span>
     <span class='ocr_line' id='line_1_47' title="bbox 1947 4427 3440 4513; baseline 0.003 -23"><span class='ocrx_word' id='word_1_283' title='bbox 1947 4427 2358 4509; x_wconf 81' lang='lat' dir='ltr'>Evangelistae</span> <span class='ocrx_word' id='word_1_284' title='bbox 2397 4428 2740 4510; x_wconf 88' lang='lat' dir='ltr'>loquantur</span> <span class='ocrx_word' id='word_1_285' title='bbox 2779 4431 2856 4493; x_wconf 88' lang='lat' dir='ltr'>de</span> <span class='ocrx_word' id='word_1_286' title='bbox 2896 4429 3142 4494; x_wconf 89' lang='lat' dir='ltr'>Christo</span> <span class='ocrx_word' id='word_1_287' title='bbox 3184 4438 3252 4492; x_wconf 93' lang='lat' dir='ltr'>ut</span> <span class='ocrx_word' id='word_1_288' title='bbox 3292 4450 3440 4513; x_wconf 91' lang='lat' dir='ltr'>pro-</span> 
     </span>
     <span class='ocr_line' id='line_1_48' title="bbox 1942 4527 3442 4611; baseline 0.002 -22"><span class='ocrx_word' id='word_1_289' title='bbox 1942 4527 2138 4590; x_wconf 90' lang='lat' dir='ltr'>misso</span> <span class='ocrx_word' id='word_1_290' title='bbox 2188 4527 2288 4589; x_wconf 88' lang='lat' dir='ltr'>vel</span> <span class='ocrx_word' id='word_1_291' title='bbox 2336 4527 2567 4609; x_wconf 82' lang='lat' dir='ltr'>miss03</span> <span class='ocrx_word' id='word_1_292' title='bbox 2611 4528 2813 4591; x_wconf 92' lang='lat' dir='ltr'>nihilo</span> <span class='ocrx_word' id='word_1_293' title='bbox 2862 4528 3075 4591; x_wconf 92' lang='lat' dir='ltr'>minus</span> <span class='ocrx_word' id='word_1_294' title='bbox 3123 4531 3442 4611; x_wconf 86' lang='lat' dir='ltr'>evangeli-</span> 
     </span>
     <span class='ocr_line' id='line_1_49' title="bbox 1943 4625 3441 4691; baseline 0.001 -2"><span class='ocrx_word' id='word_1_295' title='bbox 1943 4644 2089 4689; x_wconf 88' lang='lat' dir='ltr'>cum</span> <span class='ocrx_word' id='word_1_296' title='bbox 2142 4625 2441 4690; x_wconf 89' lang='lat' dir='ltr'>volumen</span> <span class='ocrx_word' id='word_1_297' title='bbox 2493 4626 2554 4688; x_wconf 91' lang='lat' dir='ltr'>S.</span> <span class='ocrx_word' id='word_1_298' title='bbox 2602 4626 2858 4690; x_wconf 87' lang='lat' dir='ltr'>Joannis</span> <span class='ocrx_word' id='word_1_299' title='bbox 2909 4627 3224 4691; x_wconf 87' lang='lat' dir='ltr'>universis</span> <span class='ocrx_word' id='word_1_300' title='bbox 3275 4627 3441 4691; x_wconf 88' lang='lat' dir='ltr'>Scri-</span> 
     </span>
     <span class='ocr_line' id='line_1_50' title="bbox 1944 4724 3438 4808; baseline 0.004 -23"><span class='ocrx_word' id='word_1_301' title='bbox 1944 4732 2147 4807; x_wconf 84' lang='lat' dir='ltr'>pturae</span> <span class='ocrx_word' id='word_1_302' title='bbox 2196 4724 2522 4789; x_wconf 90' lang='lat' dir='ltr'>codicibus</span> <span class='ocrx_word' id='word_1_303' title='bbox 2573 4725 2691 4787; x_wconf 90' lang='lat' dir='ltr'>rite</span> <span class='ocrx_word' id='word_1_304' title='bbox 2742 4725 3096 4807; x_wconf 81' lang='lat' dir='ltr'>praefertur,</span> <span class='ocrx_word' id='word_1_305' title='bbox 3133 4728 3438 4808; x_wconf 90' lang='lat' dir='ltr'>quoniam</span> 
     </span>
     <span class='ocr_line' id='line_1_51' title="bbox 1942 4822 3440 4899; baseline 0.002 -13"><span class='ocrx_word' id='word_1_306' title='bbox 1942 4825 2021 4886; x_wconf 88' lang='lat' dir='ltr'>de</span> <span class='ocrx_word' id='word_1_307' title='bbox 2067 4822 2407 4885; x_wconf 88' lang='lat' dir='ltr'>Divinitate</span> <span class='ocrx_word' id='word_1_308' title='bbox 2453 4842 2527 4886; x_wconf 87' lang='lat' dir='ltr'>ac</span> <span class='ocrx_word' id='word_1_309' title='bbox 2571 4823 2895 4899; x_wconf 87' lang='lat' dir='ltr'>Trinitate,</span> <span class='ocrx_word' id='word_1_310' title='bbox 2935 4824 3016 4887; x_wconf 94' lang='lat' dir='ltr'>de</span> <span class='ocrx_word' id='word_1_311' title='bbox 3062 4824 3294 4889; x_wconf 78' lang='lat' dir='ltr'>divinae</span> <span class='ocrx_word' id='word_1_312' title='bbox 3341 4844 3440 4889; x_wconf 85' lang='lat' dir='ltr'>es—</span> 
     </span>
     <span class='ocr_line' id='line_1_52' title="bbox 1943 4908 3440 4997; baseline 0.003 -14"><span class='ocrx_word' id='word_1_313' title='bbox 1943 4922 2162 4985; x_wconf 85' lang='lat' dir='ltr'>sentiae</span> <span class='ocrx_word' id='word_1_314' title='bbox 2205 4921 2466 4997; x_wconf 87' lang='lat' dir='ltr'>unitate,</span> <span class='ocrx_word' id='word_1_315' title='bbox 2501 4923 2578 4984; x_wconf 91' lang='lat' dir='ltr'>de</span> <span class='ocrx_word' id='word_1_316' title='bbox 2622 4922 3037 4987; x_wconf 86' lang='lat' dir='ltr'>Personarum</span> <span class='ocrx_word' id='word_1_317' title='bbox 3087 4908 3440 4989; x_wconf 54' lang='lat' dir='ltr'>distinctioss</span> 
     </span>
    </p>
   </div>
   <div class='ocr_carea' id='block_1_11' title="bbox 324 5018 3441 5103">
    <p class='ocr_par' dir='ltr' id='par_1_14' title="bbox 324 5018 3441 5103">
     <span class='ocr_line' id='line_1_53' title="bbox 324 5018 3441 5103; baseline 0 -18"><span class='ocrx_word' id='word_1_318' title='bbox 324 5022 573 5097; x_wconf 84' lang='lat' dir='ltr'>ritoria,</span> <span class='ocrx_word' id='word_1_319' title='bbox 617 5021 684 5083; x_wconf 91' lang='lat' dir='ltr'>in</span> <span class='ocrx_word' id='word_1_320' title='bbox 734 5027 1047 5102; x_wconf 89' lang='lat' dir='ltr'>quantum</span> <span class='ocrx_word' id='word_1_321' title='bbox 1097 5037 1175 5081; x_wconf 87' lang='lat' dir='ltr'>ex</span> <span class='ocrx_word' id='word_1_322' title='bbox 1222 5036 1449 5101; x_wconf 81' lang='lat' dir='ltr'>magna</span> <span class='ocrx_word' id='word_1_323' title='bbox 1496 5018 1835 5083; x_wconf 88' lang='lat' dir='ltr'>dilectione</span> <span class='ocrx_word' id='word_1_324' title='bbox 1870 5031 1914 5095; x_wconf 83' lang='lat' dir='ltr'>c</span> <span class='ocrx_word' id='word_1_325' title='bbox 1944 5038 2046 5096; x_wconf 89' lang='lat' dir='ltr'>ne,</span> <span class='ocrx_word' id='word_1_326' title='bbox 2080 5021 2159 5082; x_wconf 93' lang='lat' dir='ltr'>de</span> <span class='ocrx_word' id='word_1_327' title='bbox 2205 5026 2439 5082; x_wconf 81' lang='lat' dir='ltr'>aeterna</span> <span class='ocrx_word' id='word_1_328' title='bbox 2484 5028 2676 5102; x_wconf 89' lang='lat' dir='ltr'>atque</span> <span class='ocrx_word' id='word_1_329' title='bbox 2726 5020 2942 5085; x_wconf 87' lang='lat' dir='ltr'>divina</span> <span class='ocrx_word' id='word_1_330' title='bbox 2980 5020 3210 5084; x_wconf 88' lang='lat' dir='ltr'>Christi</span> <span class='ocrx_word' id='word_1_331' title='bbox 3249 5040 3441 5103; x_wconf 81' lang='lat' dir='ltr'>gene-</span> 
     </span>
    </p>
   </div>
   <div class='ocr_carea' id='block_1_12' title="bbox 48 5116 1833 5393">
    <p class='ocr_par' dir='ltr' id='par_1_15' title="bbox 48 5116 1833 5393">
     <span class='ocr_line' id='line_1_54' title="bbox 324 5116 1832 5205; baseline -0.003 -21"><span class='ocrx_word' id='word_1_332' title='bbox 324 5120 663 5205; x_wconf 86' lang='lat' dir='ltr'>processit,</span> <span class='ocrx_word' id='word_1_333' title='bbox 723 5118 957 5181; x_wconf 81' lang='lat' dir='ltr'>futurae</span> <span class='ocrx_word' id='word_1_334' title='bbox 1015 5117 1502 5181; x_wconf 87' lang='lat' dir='ltr'>illuminationis</span> <span class='ocrx_word' id='word_1_335' title='bbox 1559 5116 1832 5200; x_wconf 89' lang='lat' dir='ltr'>Spiritus</span> 
     </span>
     <span class='ocr_line' id='line_1_55' title="bbox 48 5216 1831 5300; baseline 0.004 -28"><span class='ocrx_word' id='word_1_336' title='bbox 48 5231 293 5287; x_wconf 54' lang='lat' dir='ltr'>mamm.</span> <span class='ocrx_word' id='word_1_337' title='bbox 320 5219 574 5283; x_wconf 68' lang='lat' dir='ltr'>Sancti?</span> <span class='ocrx_word' id='word_1_338' title='bbox 595 5218 778 5281; x_wconf 86' lang='lat' dir='ltr'>Hunc</span> <span class='ocrx_word' id='word_1_339' title='bbox 808 5217 1097 5281; x_wconf 88' lang='lat' dir='ltr'>Christus</span> <span class='ocrx_word' id='word_1_340' title='bbox 1125 5236 1163 5279; x_wconf 87' lang='lat' dir='ltr'>a</span> <span class='ocrx_word' id='word_1_341' title='bbox 1193 5217 1434 5299; x_wconf 88' lang='lat' dir='ltr'>nuptiis</span> <span class='ocrx_word' id='word_1_342' title='bbox 1466 5216 1576 5280; x_wconf 91' lang='lat' dir='ltr'>ubi</span> <span class='ocrx_word' id='word_1_343' title='bbox 1607 5236 1831 5300; x_wconf 87' lang='lat' dir='ltr'>aquam</span> 
     </span>
     <span class='ocr_line' id='line_1_56' title="bbox 324 5315 1833 5393; baseline -0.001 -12"><span class='ocrx_word' id='word_1_344' title='bbox 324 5320 391 5381; x_wconf 92' lang='lat' dir='ltr'>in</span> <span class='ocrx_word' id='word_1_345' title='bbox 424 5319 653 5382; x_wconf 80' lang='lat' dir='ltr'>vinum</span> <span class='ocrx_word' id='word_1_346' title='bbox 694 5316 1028 5392; x_wconf 86' lang='lat' dir='ltr'>convertit,</span> <span class='ocrx_word' id='word_1_347' title='bbox 1064 5316 1331 5393; x_wconf 87' lang='lat' dir='ltr'>vocavit,</span> <span class='ocrx_word' id='word_1_348' title='bbox 1367 5322 1438 5378; x_wconf 87' lang='lat' dir='ltr'>ut</span> <span class='ocrx_word' id='word_1_349' title='bbox 1478 5317 1696 5379; x_wconf 83' lang='lat' dir='ltr'>recitat</span> <span class='ocrx_word' id='word_1_350' title='bbox 1729 5315 1833 5379; x_wconf 92' lang='lat' dir='ltr'>Be-</span> 
     </span>
    </p>
   </div>
   <div class='ocr_carea' id='block_1_13' title="bbox 1943 5117 3441 5403">
    <p class='ocr_par' dir='ltr' id='par_1_16' title="bbox 1943 5117 3441 5403">
     <span class='ocr_line' id='line_1_57' title="bbox 1944 5117 3441 5202; baseline 0.002 -20"><span class='ocrx_word' id='word_1_351' title='bbox 1944 5119 2186 5182; x_wconf 86' lang='lat' dir='ltr'>ratione</span> <span class='ocrx_word' id='word_1_352' title='bbox 2226 5125 2288 5181; x_wconf 90' lang='lat' dir='ltr'>et</span> <span class='ocrx_word' id='word_1_353' title='bbox 2326 5117 2533 5182; x_wconf 89' lang='lat' dir='ltr'>Sancti</span> <span class='ocrx_word' id='word_1_354' title='bbox 2576 5118 2850 5202; x_wconf 90' lang='lat' dir='ltr'>Spiritus</span> <span class='ocrx_word' id='word_1_355' title='bbox 2901 5121 3326 5202; x_wconf 89' lang='lat' dir='ltr'>processione,</span> <span class='ocrx_word' id='word_1_356' title='bbox 3362 5124 3441 5185; x_wconf 90' lang='lat' dir='ltr'>de</span> 
     </span>
     <span class='ocr_line' id='line_1_58' title="bbox 1943 5217 3440 5301; baseline 0.002 -20"><span class='ocrx_word' id='word_1_357' title='bbox 1943 5217 2186 5300; x_wconf 89' lang='lat' dir='ltr'>duplici</span> <span class='ocrx_word' id='word_1_358' title='bbox 2237 5217 2466 5282; x_wconf 88' lang='lat' dir='ltr'>Christi</span> <span class='ocrx_word' id='word_1_359' title='bbox 2516 5225 2760 5293; x_wconf 88' lang='lat' dir='ltr'>natura,</span> <span class='ocrx_word' id='word_1_360' title='bbox 2797 5218 3142 5301; x_wconf 90' lang='lat' dir='ltr'>multiplici</span> <span class='ocrx_word' id='word_1_361' title='bbox 3191 5220 3440 5285; x_wconf 86' lang='lat' dir='ltr'>actione</span> 
     </span>
     <span class='ocr_line' id='line_1_59' title="bbox 1943 5316 3439 5403; baseline 0.003 -22"><span class='ocrx_word' id='word_1_362' title='bbox 1943 5326 2005 5381; x_wconf 90' lang='lat' dir='ltr'>et</span> <span class='ocrx_word' id='word_1_363' title='bbox 2035 5337 2162 5379; x_wconf 91' lang='lat' dir='ltr'>una</span> <span class='ocrx_word' id='word_1_364' title='bbox 2193 5336 2482 5400; x_wconf 88' lang='lat' dir='ltr'>persona,</span> <span class='ocrx_word' id='word_1_365' title='bbox 2514 5317 2788 5400; x_wconf 80' lang='lat' dir='ltr'>pleniuS‚</span> <span class='ocrx_word' id='word_1_366' title='bbox 2813 5316 3046 5381; x_wconf 89' lang='lat' dir='ltr'>clarius</span> <span class='ocrx_word' id='word_1_367' title='bbox 3075 5324 3268 5401; x_wconf 86' lang='lat' dir='ltr'>atque</span> <span class='ocrx_word' id='word_1_368' title='bbox 3299 5339 3439 5403; x_wconf 82' lang='lat' dir='ltr'>pro-</span> 
     </span>
    </p>
   </div>
   <div class='ocr_carea' id='block_1_14' title="bbox 3470 2742 3539 2785">
    <p class='ocr_par' dir='ltr' id='par_1_17' title="bbox 3470 2742 3539 2785">
     <span class='ocr_line' id='line_1_60' title="bbox 3470 2742 3539 2785; baseline 0.029 -3"><span class='ocrx_word' id='word_1_369' title='bbox 3470 2742 3539 2785; x_wconf 77' lang='lat'>27.</span> 
     </span>
    </p>
   </div>
  </div>
 </body>
</html>
