4300 6259
81 1461 242 1506 lauhs

73 1529 124 1566 u.

91 2741 152 2784 1²2.
164 2756 222 2794 cv,
233 2745 295 2794 32.

77 2804 128 2845 2³.

77 3025 196 3077 Bm.
205 3043 280 3073 xm

149 3221 202 3277 11

85 4111 114 4214 5Ι
125 4114 213 4170 Rq.
224 4132 298 4170 m,

89 4383 172 4416 Um.

103 4984 302 5045 hdie-vm,

93 5051 244 5102 Ιςμιιιί

1129 494 1476 542 manuue
1517 493 1582 539 m
1621 493 1760 541 CAP-
1806 494 1898 541 Π·
1931 493 2120 542 LUGAE.
2166 513 2246 526 -·
2286 495 2427 542 Am.
2473 496 2619 543 me

3300 478 3419 544 175

325 668 530 724 ctores
565 661 929 744 Synagogoe,
961 671 1026 726 et
1051 663 1309 726 tandem
1345 661 1574 724 Filium
1605 680 1816 736 suum,
1847 660 1901 723 A
1923 661 2080 724 luda
2127 662 2333 725 vinxit
2387 661 2774 739 samsonem,
2829 671 2897 727 ut
2947 666 3222 728 traderet
3268 683 3415 728 eum
3470 686 3705 740 ,Μαι-ων,

326 776 540 839 regem
587 758 896 822 Messiam.
939 759 1166 842 Aptius
1214 777 1363 840 ergo
1411 778 1526 842 per
1569 767 1822 841 tempus

323 857 662 922 vindemiae
719 858 971 921 videtur
1027 857 1300 940 intelligi
1363 865 1618 940 tempus
1676 857 1822 921 vitae

326 956 680 1037 praesentiS‚
715 955 782 1018 in
819 975 948 1037 quo
979 957 1168 1020 certis
1208 955 1382 1020 horis
1421 962 1718 1018 tenentur
1745 955 1824 1016 fi-

323 1053 500 1116 deles
537 1053 833 1116 insistere
859 1053 1046 1117 bonis
1083 1054 1410 1136 operibuS,
1443 1061 1506 1116 et
1541 1053 1820 1116 fructum

323 1151 612 1234 proferre
643 1153 976 1216 virtutum.
1009 1153 1248 1235 ltaque,
1268 1155 1340 1214 in
1375 1163 1649 1230 tempore
1677 1147 1834 1213 vin-'

321 1253 578 1324 demioe,
631 1252 754 1315 hoc
799 1259 896 1314 est
952 1259 1240 1333 tempore
1296 1251 1634 1331 colligendi
1690 1250 1824 1313 fru-

326 1355 502 1410 ctum
564 1369 579 1412 z
640 1351 810 1413 unde
870 1351 1042 1431 apud
1104 1348 1460 1413 Matthaeum
1529 1349 1816 1424 hahetur,

245 1475 298 1514 n,
325 1445 534 1519 Quum
567 1457 780 1511 autem
815 1455 1073 1531 tempus
1111 1447 1436 1510 fructuum
1479 1447 1822 1530 appropin-

323 1553 614 1626 quasset3
635 1548 818 1608 misit
834 1549 924 1608 ad
941 1549 1232 1614 cultores,
1251 1546 1372 1608 hoc
1401 1553 1496 1607 est
1527 1545 1820 1627 praelatos

319 1644 628 1724 agricolas
677 1647 904 1721 vineae,
953 1665 1213 1708 servum
1256 1666 1472 1719 suum,
1525 1645 1820 1708 videlicet

315 1742 592 1826 Moysen,
639 1744 1002 1807 ludaeorum
1060 1743 1509 1824 legislatorem,
1562 1750 1625 1806 ct
1682 1743 1814 1825 pri-

1929 759 1996 822 in
2027 779 2252 822 manus
2290 761 2786 825 Philistinorum.
2820 761 3010 826 Porro
3048 761 3296 826 Samuel
3330 764 3422 826 ul·
3447 751 3512 793 ¹³·

1928 859 2122 920 timus
2168 858 2455 939 judicum
2506 861 2650 922 fuit.
2702 860 2779 923 Et
2824 862 3038 924 omnia
3084 861 3215 941 jam
3264 880 3420 944 prae-

1930 962 2093 1018 tacta
2134 956 2200 1018 in
2246 955 2409 1020 libro
2447 957 2737 1020 Judicum
2782 965 2931 1021 sunt
2972 960 3347 1041 conscripta.

2011 1057 2095 1116 Ec
2136 1056 2399 1116 addidit
2448 1058 2711 1118 tercium
2756 1059 3025 1118 mittere.
3058 1057 3201 1121 Post
3249 1059 3413 1134 iIIOS,

1931 1152 2104 1214 misit
2137 1153 2218 1215 ad
2247 1151 2635 1237 Synagogam
2676 1155 2941 1218 chorum
2980 1173 3091 1218 seu
3133 1157 3421 1219 multitu-

1930 1250 2142 1312 dinem
2183 1249 2657 1333 Prophetarum,
2704 1253 2816 1334 qui
2862 1253 2982 1315 sub
3025 1252 3317 1317 Samuele
3358 1262 3420 1317 et

1930 1347 2125 1411 David
2170 1368 2242 1411 ac
2278 1349 2419 1412 aliis
2466 1350 2743 1430 regibuS,
2785 1351 2993 1433 primo
3032 1353 3111 1414 ad
3155 1353 3417 1415 unicum

1929 1453 2128 1510 totum
2171 1465 2460 1528 regnum,
2494 1448 2723 1510 deinde
2752 1450 2830 1511 ad
2868 1450 3201 1531 utriusque
3240 1451 3417 1532 regni

1929 1546 2199 1627 populos
2246 1546 2450 1620 missi,
2503 1553 2655 1628 puta
2700 1547 2777 1608 ad
2830 1565 3093 1628 regnum
3141 1548 3301 1611 Juda
3346 1568 3419 1612 ac

1927 1643 2145 1705 decem
2192 1643 2500 1717 tribuum,
2554 1644 2863 1726 populum
2914 1645 3305 1720 erudierunt,
3357 1653 3420 1708 et

1925 1758 2146 1822 regum
2190 1760 2262 1804 ac
2310 1741 2711 1805 subditorum
2750 1742 2904 1805 vitia
2948 1743 3177 1806 acriter
3215 1744 3419 1807 incre-

3552 1075 3620 1130 12

315 1857 494 1902 mum
543 1859 764 1905 eorum
812 1841 880 1904 in
930 1843 1180 1905 deserto
1229 1841 1584 1924 praelatum,
1626 1851 1700 1903 uc
1737 1845 1816 1902 de
1851 1844 1898 1906 Β
1927 1847 2259 1921 paverunt.
2298 1842 2423 1908 Qui
2448 1849 2509 1901 et
2540 1841 2735 1902 illum
2764 1845 3199 1915 vulnerantes,
3228 1844 3420 1920 ejece-

311 1939 544 2014 ἶνας-ιιι
591 1940 798 2002 vineae
843 1942 1077 2002 darent
1124 1940 1254 2012 illi,
1297 1939 1418 2003 hoc
1464 1947 1579 2013 est,
1621 1957 1816 2021 opera

312 2035 614 2111 virtuosa,
635 2039 716 2100 ad
745 2056 891 2118 quae
921 2037 1256 2100 tenebatur
1285 2035 1632 2120 Synagoga,
1655 2035 1815 2120 Moy-

313 2134 364 2195 si
408 2135 830 2216 assignarent,
884 2135 1282 2198 ostendendo
1327 2135 1536 2197 eidem
1588 2151 1656 2195 se
1703 2133 1816 2196 ob-

314 2250 568 2296 servare
605 2235 810 2315 legem
849 2233 942 2296 eis
983 2234 1258 2315 desuper
1305 2233 1536 2295 datam.
1571 2231 1813 2295 Praelati

317 2349 594 2414 namque
641 2350 836 2414 opera
882 2332 1050 2395 bona
1095 2350 1134 2393 a
1179 2331 1312 2394 suis
1357 2331 1620 2412 exigunt
1669 2330 1819 2392 sub-

318 2430 486 2492 ditis.
511 2433 638 2500 Qui
665 2451 899 2492 coesum
924 2433 1322 2492 dimiserunt
1347 2450 1496 2491 eum
1525 2432 1812 2497 inanem,

319 2528 438 2592 hoc
477 2537 596 2605 est,
633 2528 886 2612 Moysen
935 2528 1381 2611 multipliciter
1418 2527 1812 2605 afflixerunt,

323 2645 440 2689 nec
485 2627 1112 2709 obtemperaverunt,
1156 2627 1266 2690 sed
1314 2626 1583 2689 rebelles
1621 2626 1681 2688 ei
1719 2625 1820 2688 fu-

323 2733 530 2799 erunt,
583 2725 766 2806 juxta
821 2724 982 2787 illud
1040 2722 1270 2787 Psalmi
1325 2743 1341 2787 :
1391 2724 1667 2788 Vexatus
1723 2731 1819 2786 est

321 2823 558 2906 Moyses
608 2830 869 2906 propter
915 2841 1044 2898 θος,
1086 2823 1238 2903 quia
1284 2822 1822 2886 exacerbaverunt

323 2922 624 3004 spiritum
663 2921 825 3002 ejus.
860 2919 1122 3002 Propter
1159 2922 1332 3001 quod
1380 2920 1540 2983 dixit
1585 2921 1663 2982 ad
1705 2919 1823 2984 Do-

325 3117 682 3198 pauxillum
723 3124 788 3178 et
828 3115 1138 3198 lapidabit
1178 3133 1301 3178 me.

399 3219 484 3278 Et
513 3217 780 3278 addidit
809 3218 1092 3276 alterum
1117 3235 1378 3276 servum
1405 3216 1676 3286 mittere,
1699 3215 1820 3279 hoc

320 3322 432 3390 est,
469 3320 616 3397 post
649 3312 899 3396 Moysen
941 3312 1117 3375 misit
1155 3313 1234 3374 ad
1275 3311 1664 3395 Synagogam
1707 3313 1822 3375 ali—

323 3431 429 3475 um
463 3430 749 3488 servum,
783 3429 897 3493 per
925 3428 1121 3493 quem
1152 3411 1414 3492 quidam
1454 3411 1822 3493 intelligunt

321 3510 514 3575 David
571 3527 829 3591 regem3
879 3519 944 3572 et
1000 3517 1207 3591 potest
1263 3509 1453 3572 etiam
1512 3528 1627 3591 per
1673 3528 1820 3573 eum

321 3608 574 3673 Samuel
619 3609 930 3691 propheta
969 3607 1240 3688 intelligi
1282 3626 1296 3670 :
1339 3627 1614 3689 quorum
1653 3617 1824 3672 uter-

321 3726 446 3789 que
473 3707 755 3771 multum
783 3706 1055 3787 diligens
1086 3704 1113 3767 l'
1115 3706 1210 3769 uit
1237 3725 1354 3788 pro
1383 3706 1731 3770 directione
1758 3715 1821 3769 et

323 3806 524 3869 salute
567 3804 928 3868 Israeliticae
975 3803 1204 3886 plebis,
1235 3805 1357 3866 Illi
1392 3813 1610 3866 autem
1647 3808 1822 3867 laune

323 3923 572 3985 quoque
616 3905 945 3974 caedentes,
993 3911 1054 3962 et
1102 3903 1445 3976 afficientes
1499 3912 1823 3964 contume-

325 4003 437 4074 lia,
481 4002 879 4062 dimiserunt
925 3999 1214 4060 inanem.
1260 3997 1415 4062 Nam
1461 3998 1819 4063 Samuelem

325 4098 650 4180 ejecerunt
675 4116 754 4161 ex
793 4096 1182 4180 principatu,
1214 4096 1495 4159 dicentes
1529 4116 1542 4160 :
1579 4097 1823 4160 Consti-

1922 1947 2080 1999 runt
2106 1959 2130 1998 .·
2161 1939 2282 2001 hoc
2328 1945 2443 2014 est,
2486 1957 2613 2002 non
2662 1939 2869 2002 solum
2918 1940 3154 2015 verbiS,
3197 1943 3306 2005 sed
3354 1950 3417 2004 et

1924 2036 2295 2099 verberibus
2336 2037 2702 2100 restiterunt
2742 2037 3067 2120 Prophetis
3087 2059 3103 2120 ;
3136 2047 3199 2102 et
3226 2058 3417 2121 quos-

1921 2135 2064 2196 dam
2107 2133 2586 2210 interfecerunt,
2629 2135 2925 2198 videlicet
2965 2136 3210 2213 lsaiam,
3250 2137 3417 2201 lere-

1922 2233 2136 2308 miam,
2162 2233 2373 2308 AmOS,
2398 2233 2631 2308 Uriam,
2655 2243 2718 2297 et
2746 2253 2852 2298 eos
2883 2254 2919 2297 a
2947 2254 3062 2299 suo
3090 2237 3417 2318 ejecerunt

1923 2331 2260 2395 consortio.
2286 2331 2459 2394 Unde
2488 2331 2555 2394 Β.
2587 2331 2943 2416 Stephanus
2974 2334 3134 2397 dixit
3168 2353 3182 2398 ε
3216 2334 3413 2408 Quem
3441 2355 3705 2405 ,ιαμ-ωε.

1921 2429 2376 2511 Prophetarum
2433 2448 2560 2494 non
2618 2439 2768 2494 sunt
2824 2433 3143 2513 persecuti
3202 2441 3413 2515 patres

1923 2527 2170 2591 vestri?

2013 2627 2205 2688 Dioeit
2249 2635 2467 2688 autem
2511 2629 2817 2688 dominus
2865 2629 3091 2698 vineoe,
3142 2630 3264 2694 hoc
3320 2638 3415 2693 est

1925 2723 2088 2786 Deus
2129 2723 2307 2786 Pater
2355 2724 2780 2806 omnipotenS,
2823 2724 3141 2807 legislator
3188 2747 3259 2790 ac
3305 2727 3417 2792 Do-

1925 2821 2139 2896 minus
2169 2820 2505 2904 Synagogae
2538 2840 2552 2884 :
2588 2823 2761 2892 Quid
2785 2825 3077 2903 faciam?
3102 2823 3277 2897 Quod
3306 2826 3413 2904 ait,

1927 2918 2086 2992 Quid
2115 2918 2388 2982 faciam?
2430 2937 2558 2982 non
2590 2919 2873 3002 loquitur
2904 2921 3272 2998 dubitando,
3308 2926 3417 2987 sed

3551 2642 3619 2697 13

283 3063 295 3082 ,
323 3020 576 3082 minum
606 3038 622 3083 ε
654 3018 816 3092 Quid
844 3017 1074 3080 faciam
1107 3019 1344 3100 populo
1374 3018 1568 3080 huic?
1597 3017 1822 3080 Adhuc
1856 3018 1899 3083 C
1928 3016 2268 3079 maximam
2309 3016 2532 3099 populi
2575 3018 3053 3099 perversitatem
3092 3020 3419 3083 insinuan-

1929 3115 2028 3189 do,
2061 3123 2126 3178 et
2152 3116 2335 3196 quasi
2369 3116 2463 3178 eis
2502 3116 2965 3198 compatiendO,
2998 3125 3063 3180 et
3090 3119 3169 3181 de
3196 3137 3416 3182 eorum

1929 3212 2381 3294 ingratitudine
2428 3213 2611 3294 quasi
2657 3214 3049 3279 admirando.
3095 3215 3417 3299 Tanquam

1929 3311 2096 3374 dicat
2137 3330 2150 3374 :
2195 3311 2345 3374 'l'am
2393 3312 2616 3394 inique
2662 3330 2731 3374 se
2771 3313 3027 3390 habent,
3067 3323 3136 3377 ut
3183 3317 3417 3379 mirum

1929 3409 2045 3488 sit:
2095 3417 2159 3472 et
2214 3409 2371 3492 quid
2420 3419 2612 3473 restet
2666 3411 3007 3492 agendum,
3064 3415 3247 3494 quasi
3305 3433 3421 3497 per

1931 3508 2191 3570 modum
2219 3507 2627 3570 deliberantis
2658 3507 3002 3590 inquiram.
3020 3510 3203 3573 Juxta
3224 3530 3417 3593 quem

1931 3607 2193 3669 modum
2239 3606 2329 3669 ait
2366 3606 2433 3668 in
2472 3605 2695 3668 Genesi
2745 3607 2825 3668 de
2870 3606 3211 3671 Sodomitis
3252 3628 3265 3672 :
3310 3610 3420 3673 De-
3466 3631 3709 3687 amum,

1929 3706 2249 3780 scendam,
2298 3712 2365 3766 et
2419 3704 2647 3767 videbo
2704 3723 2785 3766 an
2840 3704 3020 3785 juxta
3078 3707 3417 3772 clamorem
3446 3697 3514 3740 ²¹·

1928 3802 2042 3884 qui
2093 3803 2266 3867 venit
2311 3803 2390 3865 ad
2436 3820 2559 3877 me,
2613 3801 2973 3884 perficiant,
3022 3823 3102 3866 an
3152 3824 3301 3882 non,
3350 3814 3420 3869 ut

1930 3901 2146 3964 sciam.
2179 3901 2249 3963 ln
2288 3899 2497 3964 Exodo
2526 3918 2784 3983 quoque
2822 3901 2981 3964 dixit
3008 3903 3088 3965 ad
3121 3903 3293 3968 filios
3330 3906 3421 3968 ls-

1932 3999 2058 4061 rael
2099 3997 2566 4062 idololatrantes
2599 4018 2614 4061 :
2644 3999 2781 4061 Jam
2822 4018 2996 4062 nunc
3036 4002 3283 4084 depone
3319 4022 3419 4069 or—
3494 4025 3648 4071 Em.

1930 4105 2148 4160 natum
2197 4104 2400 4172 tuum,
2444 4104 2513 4158 ut
2558 4097 2753 4160 sciam
2803 4097 2960 4178 quid
3005 4098 3235 4162 faciam
3274 4102 3415 4165 tibi.
3446 4103 3587 4142 ’‘⁸¹¹¹'’
3617 4094 3659 4134 ⁵·

325 4205 428 4260 tue
467 4196 656 4261 nobis
700 4213 936 4276 regem.
970 4193 1276 4257 Similiter
1316 4196 1632 4277 persecuti
1673 4205 1822 4258 sunt
1849 4199 1902 4262 D
1931 4196 2213 4276 Denique
2240 4194 2403 4257 Deus
2434 4195 2721 4270 dicendo,
2750 4194 2909 4268 Quid
2940 4194 3213 4260 faciam?
3241 4200 3423 4265 docet

107 4307 302 4366 naq-n
324 4294 538 4370 David,
572 4294 965 4358 adhaerentes
1003 4292 1142 4373 ejus
1181 4290 1321 4356 lilio
1357 4293 1678 4369 Absaloni,
1714 4313 1822 4358 vo—
1930 4313 2043 4358 nos
2078 4301 2148 4355 ut
2176 4311 2292 4356 suo
2328 4293 2666 4375 exemplo
2649 4312 2717 4355 ιιι
2750 4294 2965 4357 arduis
2996 4295 3421 4362 deliberemus

327 4393 712 4475 lueruntque
774 4399 1064 4454 sanctum
1125 4391 1320 4454 David
1382 4391 1636 4474 privare
1694 4395 1821 4456 vita

327 4500 388 4554 et
445 4510 666 4574 regn0,
726 4497 797 4552 ut
853 4490 918 4552 in
983 4489 1166 4552 libris
1223 4489 1464 4571 Regum
1525 4491 1815 4554 hahetur.

328 4589 536 4654 Nihilo
595 4589 810 4652 minus
873 4605 989 4670 per
1049 4587 1222 4650 hunc
1277 4605 1534 4651 servum
1593 4607 1820 4652 secun-

331 4689 500 4764 dum,
535 4694 747 4770 potest
783 4686 1051 4767 intelligi
1093 4686 1324 4748 chorus
1362 4704 1476 4748 seu
1511 4687 1824 4751 universi—

328 4792 418 4848 tas
469 4785 788 4867 judicum,
837 4785 950 4865 qui
1009 4782 1403 4866 praefuerunt
1460 4783 1634 4865 plebi
1680 4793 1823 4867 post

328 4883 646 4968 Moysen:
697 4902 975 4966 quorum
1033 4884 1339 4964 quosdam
1401 4882 1822 4964 injustissime

329 4982 716 5058 afflixerunt,
769 4984 1309 5065 quemadmodum
1358 4980 1671 5064 Ephrataei
1721 4982 1821 5045 in·

331 5090 740 5146 surrexerunt
781 5089 998 5146 contra
1035 5079 1391 5144 Gedeonem
1431 5088 1494 5143 et
1526 5080 1816 5163 lephthe,

95 5177 234 5227 Max
237 5189 305 5238 ..³
331 5187 390 5241 et
433 5181 554 5244 viri
612 5179 1041 5243 Sichimorum
1103 5178 1512 5260 ingratissimi
1569 5179 1824 5242 exstite-

333 5287 477 5342 runt
519 5277 858 5342 beneficiis
895 5276 1220 5342 Gedeonis,
1258 5276 1566 5340 Similiter
1612 5277 1820 5341 trihus

1927 4399 1991 4455 et
2021 4390 2425 4455 consulamus
2454 4391 2612 4473 quid
2638 4409 2823 4472 agere
2853 4392 3216 4457 debeamus.
3243 4395 3420 4460 Unde

1929 4489 2155 4553 Tobias
2200 4495 2461 4552 monet:
2496 4489 2843 4553 Consilium
2884 4507 3137 4574 semper
3174 4512 3212 4555 a
3252 4495 3707 4577 sapi-10⁶.1v,1⁹.

1929 4595 2074 4650 ente
2122 4587 2445 4669 perquire.
2498 4588 2567 4650 In
2615 4587 3057 4653 Ecclesiastico
3105 4608 3411 4672 quoque:

1929 4685 2076 4748 Sine
2123 4685 2391 4750 consilio
2440 4685 2600 4748 nihil
2637 4685 2853 4762 faciaS,
2896 4694 2958 4750 et
3000 4695 3143 4769 post
3178 4687 3415 4753 factum
3496 4711 3647 4757 εοοιι.

1929 4803 2058 4847 ιιοιι
2099 4784 2463 4866 poenitebis.
3443 4787 3569 4826 “¹¹⁸
3593 4777 3662 4820 ²⁴·

2009 4885 2276 4944 Mittam
2301 4881 2521 4959 filium
2548 4902 2760 4943 meum
2792 4885 3124 4953 dilectum,
3146 4884 3267 4948 hoc
3296 4894 3411 4962 est,

1927 4981 2335 5062 Unigenitum
2377 4999 2590 5043 meum
2632 4999 2745 5063 per
2788 4982 3239 5047 incarnationis
3283 5006 3419 5068 my-

1929 5081 2193 5142 sterium
2254 5079 2499 5141 mittam
2547 5080 2625 5142 ad
2673 5078 3081 5162 Synagogam.
3134 5081 3307 5145 Unde
3355 5091 3418 5146 et

1928 5178 2124 5242 Filius
2164 5177 2230 5239 in
2262 5177 2602 5258 Evangelio
2635 5185 3017 5260 protestatur
3050 5198 3063 5242 :
3096 5179 3229 5243 Non
3270 5199 3413 5243 sum
3452 5207 3701 5263 uanmv,

1929 5277 2163 5339 missus
2202 5275 2326 5338 nisi
2350 5276 2428 5338 ad
2461 5293 2611 5340 oves
2641 5295 2785 5358 quae
2822 5277 3149 5360 perierunt
3186 5278 3411 5343 domus
3439 5271 3507 5313 ²⁴·
