4300 6259
592 1283 860 1329 Ivaunum,

595 1348 684 1387 4-8.

641 3453 800 3496 loann.
821 3465 866 3502 u,

604 3518 669 3567 ¹⁵3
695 3513 864 3557 Manli.

603 3591 688 3630 xxi,
711 3579 776 3621 ¹2.

691 4515 764 4572 49

885 479 1006 542 224

1648 495 1994 542 ENARRA‘rlo
2035 495 2100 540 m
2142 494 2281 541 CAP.
2328 493 2457 540 xxn
2500 493 2689 540 LUGAE.
2734 514 2814 524 —
2855 494 2997 541 ΛΒΤ.
3044 496 3230 542 XLVIII

887 687 1035 730 nam
1094 666 1597 730 erubescentiam
1657 666 2229 748 poenitentiamque
2287 665 2385 727 in-
2409 665 2461 725 A
2491 665 2917 730 conscissione
2948 665 3221 747 piscium
3254 664 3345 726 uti
3376 665 3580 728 solent
3614 663 3981 746 piscatores,

887 766 1146 828 duceret
1180 785 1193 828 :
1230 785 1375 827 nam
1423 773 1485 826 et
1524 765 1665 827 ideo
1704 764 1961 846 proprio
2003 764 2261 826 nomine
2310 763 2385 825 il-

888 865 1022 926 lum
1081 864 1404 946 appellare
1464 864 1754 943 dignatus
1810 870 1925 936 est,
1979 870 2048 924 ut
2102 863 2381 924 animam

889 963 1247 1025 induratam
1290 964 1368 1024 ad
1413 961 1850 1044 poenitentiam
1894 960 2229 1022 emolliret.

967 1061 1094 1124 Hoc
1153 1062 1290 1124 loco
1349 1061 1640 1142 quaedam
1697 1059 1899 1121 Lucas
1948 1059 2187 1132 omisit,
2239 1075 2382 1139 quae

887 1161 1153 1224 Joannes
1213 1161 1613 1242 postmodum
1673 1157 1980 1231 scribenS,
2033 1155 2377 1239 supplevit,

891 1259 1160 1322 dicendo
1213 1277 1226 1321 :
1277 1259 1455 1320 Jesus
1503 1257 1718 1320 omnia
1774 1256 1980 1318 sciens
2033 1273 2178 1336 quae
2234 1272 2383 1318 ven-

891 1365 1034 1420 tura
1079 1365 1258 1420 erant
1301 1374 1493 1438 super
1531 1373 1700 1430 eum,
1746 1354 2074 1437 processit,
2122 1360 2185 1414 et
2224 1353 2383 1414 dixit

891 1458 969 1520 ad
1015 1475 1121 1519 eos
1165 1475 1178 1518 :
1220 1454 1416 1528 Quem
1465 1453 1794 1537 quaeritisi
1837 1452 2323 1533 Responderunt
2363 1469 2377 1512 :

887 1556 1102 1618 Jesum
1147 1553 1560 1616 Nazarenum.
1613 1552 1775 1614 Dicit
1827 1551 1918 1614 eis
1964 1551 2143 1612 lesus
2192 1569 2206 1612 :
2256 1549 2383 1630 Ego

890 1674 1053 1716 sum.
1088 1652 1300 1715 Stabat
1338 1659 1549 1714 autem
1588 1659 1649 1712 et
1679 1651 1868 1712 Judas
1907 1669 2054 1712 eum
2095 1648 2273 1729 ipsis,
2308 1647 2384 1710 Ut

887 1770 1034 1833 ergo
1083 1752 1173 1815 eis
1223 1751 1402 1824 dixit,
1445 1749 1572 1830 Ego
1611 1769 1776 1824 sum,
1817 1747 2113 1810 abierunt
2164 1755 2385 1808 retror-

2490 763 2609 825 Sed
2660 765 2979 845 quomodo
3027 763 3307 845 Apostoli
3358 761 3749 826 formidolosi
3800 762 3992 823 aude-

2491 862 2643 924 bant
2683 863 2803 926 hoc
2843 863 3073 935 dicere,
3110 861 3231 936 vel,
3267 864 3435 924 unde
3474 860 3881 924 confidebant
3924 877 3991 920 se

2492 961 2553 1022 id
2604 960 2813 1022 facere
2863 978 3067 1042 posse,
3118 979 3318 1042 quum
3362 958 3548 1020 turba
3596 959 3705 1020 illa
3750 966 3995 1020 armata

2490 1067 2654 1120 esset
2686 1067 2811 1121 tam
2846 1061 3111 1139 magnai
3143 1057 3219 1120 Et
3249 1058 3787 1140 respondendum,
3822 1056 3992 1136 quod

2490 1156 2773 1237 Apostoli
2826 1157 2960 1219 visa
3019 1155 3221 1218 turbae
3280 1155 3652 1237 dejectione,
3708 1161 3773 1215 et
3822 1154 3995 1234 quod

2491 1274 2693 1337 quum
2746 1255 3125 1317 surrexisset
3164 1273 3201 1316 a
3237 1261 3425 1327 terra,
3464 1254 3671 1315 adhuc
3720 1251 3995 1314 tremula

2492 1361 2685 1416 staret
2730 1372 2803 1415 ac
2851 1353 3237 1435 perturbata,
3280 1357 3695 1434 sumpserunt
3738 1350 3994 1412 audaci-

2491 1470 2615 1524 am,
2653 1451 3045 1515 conl'identes
3076 1451 3246 1532 quod
3276 1450 3463 1512 turba
3492 1449 3721 1513 Christi
3754 1448 3991 1510 virtute

2492 1550 2755 1623 frenata,
2802 1549 2893 1610 eis
2938 1568 3062 1612 non
3106 1555 3319 1631 posset
3361 1547 3673 1610 resistere.

2570 1651 2657 1709 Ει
2684 1651 2999 1725 percussit
3032 1669 3205 1709 unus
3237 1668 3319 1708 em
3350 1649 3511 1716 illis,
3544 1646 3843 1709 videlicet
3880 1645 3991 1707 Pe·-

2491 1755 2650 1822 truS,
2712 1747 3187 1828 responsionem
3248 1745 3477 1809 Christi
3539 1764 3664 1808 non
3724 1753 3989 1827 praesto·

4110 1647 4173 1702 50

887 1869 1052 1924 sum,
1095 1857 1157 1912 et
1205 1849 1572 1912 ceciderunt
1610 1848 1675 1909 in
1715 1855 1969 1908 terram.
2013 1845 2247 1907 lterum
2289 1845 2385 1906 in-
2418 1848 2465 1910 B
2493 1847 2651 1920 lanS,
2706 1853 2769 1908 et
2822 1845 3068 1907 ardenti
3126 1845 3226 1907 sui
3280 1845 3557 1925 magistri
3615 1863 3831 1907 amore
3879 1844 3991 1907 ad-

887 1948 1226 2028 terrogavit
1255 1965 1360 2010 eos
1397 1966 1410 2009 :
1444 1945 1640 2019 Quem
1671 1945 2000 2026 quaeritis?
2031 1944 2386 2025 Responde-

891 2055 1039 2109 runt
1063 2065 1076 2110 :
1100 2047 1312 2108 Jesum
1342 2045 1754 2107 Nazarenum.
1783 2042 2130 2126 Respondit
2159 2042 2336 2104 lesus
2366 2059 2379 2103 :

889 2144 1028 2206 Dixi
1088 2143 1290 2218 vobiS,
1342 2143 1495 2224 quia
1551 2161 1666 2224 ego
1725 2160 1918 2221 sum;
1971 2141 2024 2202 si
2082 2158 2232 2220 ergo
2284 2157 2385 2200 me

891 2243 1197 2325 quaeritis,
1253 2243 1442 2304 sinite
1498 2243 1614 2305 hos
1672 2240 1868 2302 abire.
1921 2239 2116 2301 Tanta
2173 2239 2387 2321 itaque

890 2343 1014 2405 fuit
1059 2341 1518 2424 omnipotentia
1566 2339 1818 2414 Christi,
1860 2339 2032 2420 quod
2082 2356 2211 2400 uno
2252 2355 2389 2399 ver-

890 2441 971 2504 bo
1010 2439 1401 2504 adversarios
1445 2458 1591 2501 suos
1633 2437 2019 2520 prostravit:
2053 2436 2226 2518 quod
2270 2435 2391 2496 mi-

892 2539 1176 2602 raculose
1219 2537 1468 2612 accidit,
1510 2538 1745 2599 virtute
1791 2535 2027 2609 divina,
2071 2533 2389 2596 mediante

892 2638 1010 2701 hoc
1044 2635 1257 2710 verbo,
1287 2636 1428 2698 illos
1460 2643 1735 2696 terrente
1764 2653 1837 2696 ac
1868 2632 2220 2713 dejiciente,
2245 2649 2389 2712 quae

892 2736 1022 2800 vim
1073 2743 1309 2798 tantam
1348 2733 1550 2798 voluit
1596 2733 1660 2795 in
1708 2732 1920 2795 verbis
1960 2731 2191 2794 Christi
2243 2749 2390 2792 con-

893 2835 1136 2906 sistere,
1189 2853 1334 2915 quae
1380 2832 1642 2895 auribus
1703 2831 2050 2914 impiorum
2100 2829 2387 2911 ipsorum

891 2932 1261 2995 terribiliter
1329 2932 1773 2994 insonuerunt.
1846 2929 2153 3009 Denique,
2224 2927 2388 2989 sicut

2494 1945 2915 2008 versariorum
2958 1945 3198 2007 crimen
3233 1944 3598 2016 exhorrenS,
3636 1943 3992 2024 ulciscique

2494 2043 2781 2124 cupiens,
2804 2063 3062 2103 servum
3084 2044 3411 2120 principis
3438 2045 3867 2110 sacerdotum,
3899 2041 3993 2102 vi-

2494 2141 2721 2204 delicet
2748 2139 3061 2202 Malchum
3096 2159 3350 2203 servum
3382 2140 3653 2222 Caiphae,
3685 2139 3803 2220 qui
3834 2158 3993 2221 pon·
4016 2155 4242 2200 amn-222

2493 2239 2650 2301 tifex
2688 2239 2811 2301 ruit
2840 2239 2989 2301 anni
3022 2239 3209 2311 iuius,
3244 2249 3304 2300 ec
3333 2240 3701 2315 amputavit
3728 2241 3993 2299 aurau-
4022 2221 4083 2260 ¹⁰·

2496 2343 2629 2400 lam
2656 2340 2797 2416 ejus
2818 2341 3165 2398 deaeteram.
3188 2337 3665 2420 Chrysostomus
3697 2338 3788 2398 ait
3816 2337 3990 2417 quod

2497 2436 2865 2498 intendebat
2896 2436 2954 2498 ei
2994 2443 3323 2519 amputare
3368 2443 3577 2517 caput.
3611 2434 3988 2499 Ambrosius

2496 2535 2721 2598 asserit
2776 2533 3027 2597 Petrum
3084 2534 3403 2596 eruditum
3456 2532 3655 2595 fuisse
3705 2533 3771 2595 in
3823 2534 3985 2614 lege,

2496 2635 2583 2697 ita
2637 2636 2807 2716 quod
2860 2641 3122 2697 noverat
3166 2631 3432 2695 Phinees
3479 2632 3689 2694 filium
3738 2631 3991 2694 Eleaza-
4032 2650 4242 2702 Num,

2498 2733 2549 2794 ri
2594 2732 2934 2794 sacerdotis
2978 2731 3283 2795 divinitus
3334 2731 3870 2805 commendatum,
3916 2717 4116 2794 eo⁷’¹³‘

2496 2832 2667 2914 quod
2709 2830 2842 2894 zelo
2884 2829 2991 2892 Dei
3040 2847 3363 2902 accensuS,
3408 2828 3683 2911 perfodit
3724 2848 3995 2911 peccan-

2496 2936 2590 2989 tes
2634 2947 2648 2991 :
2694 2933 2954 3009 propter
2999 2927 3167 3008 quod
3219 2926 3413 2987 simili
3462 2924 3595 2988 zelo
3632 2926 3836 2988 voluit
3885 2926 3997 2988 Pe-

891 3030 1176 3094 Christus
1219 3031 1468 3094 vultum
1513 3047 1697 3091 suum
1741 3027 2018 3091 ostendit
2050 3025 2281 3088 Judaeis
2322 3025 2386 3087 in
2423 3025 2467 3087 C
2498 3034 2632 3088 trus
2691 3025 2800 3088 Dei
2856 3025 3088 3087 Filium
3150 3024 3493 3087 vindicare.
3554 3023 3764 3098 Porro,
3820 3026 3996 3106 quod

891 3137 1129 3192 terrore
1158 3147 1230 3190 ac
1260 3127 1606 3208 majestate,
1632 3125 2104 3208 egredientibus
2135 3141 2213 3185 ex
2242 3142 2391 3186 ocu-

893 3226 971 3291 lis
1001 3227 1140 3308 ejus
1172 3225 1373 3307 igneis
1405 3225 1617 3300 radiiS,
1645 3234 1836 3306 atque
1867 3223 2084 3286 divino
2113 3223 2386 3304 quodam

891 3325 1138 3407 fulgore
1186 3325 1250 3386 in
1300 3323 1438 3404 ejus
1489 3323 1670 3386 vultu
1720 3321 2098 3384 mirabiliter
2149 3321 2391 3382 radian-

893 3431 977 3498 te,
1028 3423 1282 3504 quaudo
1329 3439 1547 3484 omnes
1597 3428 1878 3482 ementes
1927 3439 1999 3482 ac
2041 3419 2388 3480 vendentes

895 3521 1084 3602 ejecit
1111 3538 1145 3582 e
1183 3519 1422 3603 templo
1456 3538 1469 3582 :
1506 3519 1591 3581 ita
1624 3518 1776 3581 fecit
1812 3525 1876 3580 et
1913 3536 2126 3597 nunc;
2170 3517 2391 3597 sicque

894 3627 1020 3682 tam
1053 3619 1265 3682 verbis
1296 3637 1487 3700 quam
1516 3624 1821 3700 apparatu
1854 3617 1952 3678 sui
1985 3616 2221 3689 vultuS,
2245 3615 2387 3678 illos

895 3718 1200 3780 exterruit
1257 3725 1320 3779 et
1375 3716 1734 3798 prostravit.
1801 3715 1974 3787 Quod
2038 3714 2389 3776 secundum

892 3815 1224 3896 Origenem
1255 3823 1317 3877 et
1354 3815 1830 3897 Hieronymum,
1867 3813 2074 3893 majus
2115 3811 2239 3873 suit
2278 3812 2391 3872 mi-

893 3915 1180 3976 raculum
1223 3932 1415 3994 quam
1459 3912 1670 3975 Lazari
1717 3911 2061 3984 suscitatio,
2107 3910 2260 3992 quia
2300 3918 2391 3974 tot

894 4013 1224 4075 hominum
1259 4013 1513 4092 ingenia
1543 4028 1942 4092 compescere
1976 4029 2049 4072 ac
2079 4010 2247 4072 vires
2277 4008 2393 4070 eli-

893 4113 1063 4188 dere,
1124 4109 1671 4172 mirabilissimum
1731 4108 1874 4170 ruit.
1927 4108 2034 4170 His
2093 4107 2385 4190 peractis,

2496 3124 2807 3186 Malchum
2852 3123 3050 3204 magis
3090 3141 3283 3204 quam
3331 3123 3527 3185 alium
3567 3122 3747 3198 laesit,
3792 3123 3998 3185 conti-

2496 3223 2609 3304 git,
2653 3223 2805 3303 quia
2851 3221 2957 3284 hic
2999 3221 3275 3283 Malchus
3316 3240 3447 3303 prae
3484 3221 3709 3283 ceteris
3750 3221 3998 3283 niteba-

2502 3331 2601 3383 tur
2630 3322 2881 3384 mittere
2910 3339 3135 3382 manus
3166 3321 3232 3382 in
3260 3320 3489 3394 Jesum,
3509 3320 3586 3382 ad
3616 3319 3803 3400 cujus
3834 3320 3994 3382 latus

2496 3420 2671 3482 stetit
2719 3418 2937 3481 Petrus
2994 3425 3295 3499 tanquam
3354 3417 3649 3481 audacior
3696 3425 3761 3479 et
3818 3437 3996 3500 para·

2501 3518 2621 3582 tior
2672 3517 2991 3582 Christum
3032 3516 3219 3602 tueri,
3264 3535 3454 3598 quam
3497 3515 3777 3598 Apostoli
3820 3517 3959 3578 alii.

2586 3619 2993 3694 Rea-spondens
3042 3624 3258 3676 autem
3303 3616 3508 3683 Jesu8‚
3554 3615 3651 3674 ait
3699 3635 3722 3673 .·
3772 3617 3993 3676 Sinite
4112 3623 4169 3677 5¹

2498 3735 2696 3795 usque
2724 3715 2869 3774 huc.
2904 3713 3032 3775 Hoc
3060 3712 3403 3794 dupliciter
3432 3711 3824 3794 explanatur.
3858 3712 3993 3775 Pri-

2498 3833 2602 3876 mo
2649 3813 2741 3874 sic
2794 3831 2807 3874 :
2860 3811 3061 3873 Sinite
3110 3829 3314 3892 usque
3360 3811 3507 3884 huc,
3560 3811 3622 3872 id
3681 3818 3797 3886 est,
3848 3831 3994 3894 per-

2496 3911 2728 3973 mittite
2773 3911 2944 3972 hunc
2980 3909 3293 3972 Malchum
3344 3927 3716 3991 percussum
3762 3928 3996 3992 appro-

2499 4009 2809 4091 pinquare
2856 4009 2933 4070 ad
2985 4025 3106 4076 me,
3160 4014 3229 4067 ut
3276 4025 3492 4068 curem
3539 4025 3708 4068 eum.
3759 4006 3995 4089 Sicque

2499 4107 2783 4171 Christus
2823 4106 2923 4167 his
2960 4105 3171 4168 verbis
3213 4105 3558 4187 respondit,
3594 4105 3657 4167 id
3697 4112 3812 4179 est,
3844 4116 3995 4187 apte

894 4211 1048 4271 dum
1092 4208 1337 4272 Christo
1383 4208 1807 4289 permittente,
1850 4206 2038 4268 turba
2081 4206 2391 4267 surrexis-
2425 4212 2470 4273 D
2500 4213 2560 4266 et
2600 4205 2943 4268 corrective
2982 4205 3230 4267 locutus
3270 4211 3385 4272 est.
3422 4204 3500 4265 ad
3531 4203 3768 4265 factum
3799 4203 3990 4280 Petri,

895 4317 1011 4382 set,
1061 4308 1247 4370 Judas
1305 4313 1477 4369 tanto
1526 4305 1814 4388 prodigio
1864 4324 1989 4369 non
2045 4313 2387 4378 correctuS,

895 4406 1161 4470 accessit
1201 4404 1494 4470 osculans
1534 4404 1769 4466 Jesum.

965 4508 1254 4567 Vidences
1274 4513 1490 4565 autem
1513 4503 1587 4562 hi
1605 4504 1722 4581 qui
1741 4503 1914 4562 cirea
1946 4504 2161 4579 ipsum
2181 4510 2388 4570 erant,

898 4605 962 4667 id
1021 4610 1116 4665 est
1173 4602 1450 4684 Apostoli
1519 4619 1715 4683 prope
1777 4600 2093 4663 Christum
2156 4607 2392 4662 stantes

897 4704 1084 4767 corde
1135 4710 1197 4763 et
1243 4720 1526 4782 corpore,
1569 4703 1740 4779 quod
1777 4702 2085 4779 futurum
2123 4708 2285 4768 erat,
2330 4699 2392 4761 id

897 4809 1012 4875 est,
1065 4801 1236 4883 quod
1284 4798 1461 4861 Jesus
1521 4798 1866 4879 capiendus
1924 4805 2090 4859 esset
2146 4797 2225 4859 ab
2278 4797 2393 4858 im-

898 4899 1044 4982 piis,
1077 4899 1392 4958 diruerunt
1429 4899 1514 4966 ei,
1556 4895 1798 4958 seilicet
1842 4894 2088 4974 Christo
2123 4913 2136 4958 :
2171 4898 2395 4957 Domi-

895 5017 1000 5066 ne,
1039 4999 1100 5056 si
1142 4997 1538 5072 percutimus
1587 4997 1660 5054 in
1703 4995 1971 5071 qladio?
2009 4993 2072 5054 id
2121 5000 2235 5066 est,
2282 4993 2391 5055 das

895 5095 1080 5160 nobis
1122 5093 1440 5156 licentiam
1483 5093 1748 5155 laedendi
1790 5092 1942 5155 istos
1982 5110 2128 5154 cum
2166 5091 2391 5171 gladiis

895 5214 1057 5278 quos
1095 5193 1447 5256 habemus?
1478 5192 1614 5274 qui,
1649 5193 2000 5254 secundum
2032 5189 2394 5272 Chrysosto-

895 5313 1096 5368 mum,
1148 5291 1410 5355 fuerunt
1464 5290 1675 5371 magni
1735 5288 1976 5352 cultelli
2035 5288 2272 5370 quibus
2324 5288 2390 5351 in

2500 4302 2774 4365 innuens
2824 4320 2971 4364 eum
3022 4300 3609 4382 reprehensibiliter
3649 4301 3714 4363 id
3762 4301 3989 4382 egisse.

2500 4399 2788 4463 Secundo
2846 4400 2937 4462 sic
2990 4417 3003 4462 τ
3056 4398 3254 4461 Sinite
3307 4416 3509 4481 usque
3556 4399 3703 4474 huc,
3756 4399 3816 4462 id
3868 4409 3989 4475 est,

2498 4498 2751 4561 turbam
2794 4497 3140 4580 permittite
3172 4497 3389 4560 venire
3420 4514 3624 4579 usque
3650 4499 3726 4560 ad
3762 4515 3885 4570 me,
3923 4507 3994 4559 ut

2500 4597 2994 4679 comprehendat
3030 4614 3153 4670 me,
3188 4602 3251 4658 et
3292 4596 3487 4658 nolite
3526 4595 3828 4658 resistere.
3858 4595 3995 4658 Sic—

2500 4715 2627 4780 que
2666 4696 2951 4759 Christus
2997 4695 3322 4777 respondit
3362 4695 3699 4776 quaestioni
3737 4694 3995 4776 Aposto-

2501 4797 2707 4860 lorum
2756 4795 3177 4877 quaerentium
3225 4813 3238 4856 :
3282 4794 3563 4867 Domine,
3616 4794 3666 4856 si
3716 4794 3992 4876 percuti-

2501 4914 2643 4956 mus
2684 4894 2749 4954 in
2785 4893 3038 4974 gladio?
3078 4891 3154 4953 Ut
3187 4899 3398 4954 autem
3436 4892 3543 4954 alii
3577 4891 3991 4972 Evangelistae

2499 4991 2929 5066 conscribunt,
2982 5009 3185 5072 quum
3232 4985 3450 5052 Pet'rus
3496 5009 3750 5052 servum
3793 4989 3988 5051 istum

2501 5091 2784 5164 laesisset,
2819 5089 3068 5153 locutus
3108 5096 3203 5149 est
3230 5087 3410 5151 Petro
3448 5088 3732 5152 Christus
3768 5105 3782 5150 :
3814 5087 3989 5150 Mitte
4015 5103 4231 5146 Jmmsx

2498 5189 2779 5270 gladium
2822 5196 3000 5250 tuum
3039 5187 3102 5249 in
3141 5187 3444 5268 vaginam.
3481 5186 3749 5250 Calicem
3788 5205 3985 5268 quem
4016 5171 4077 5210 ¹¹·
4241 5185 4242 5196 *

2501 5287 2674 5351 dedit
2705 5286 2865 5349 mihi
2892 5285 3086 5361 Pater,
3120 5305 3247 5350 non
3279 5286 3375 5349 vis
3416 5291 3487 5347 ut
3512 5284 3728 5348 bibam
3754 5284 3980 5347 illum?
