4300 6259
620 3996 683 4051 11

622 5274 691 5329 12

809 448 887 511 5ss
1598 467 1946 514 ENARRATIO
1989 466 2053 512 IN
2094 465 2232 512 cAP.
2279 466 2368 512 111
2407 466 2595 514 LUGAE.
2640 487 2721 497 —
2763 469 2906 514 ΛΒΤ.
2953 469 3124 514 xxxu

809 637 1102 710 cendum,
1156 638 1327 718 quod
1384 644 1693 718 quantum
1744 638 1822 698 ad
1879 637 2053 698 illam
2111 635 2305 717 hujus
2334 636 2596 706 Altera,
2638 656 2840 719 quum
2889 639 3144 701 adducti
3191 638 3442 700 fueritis
3491 658 3700 702 coram
3747 637 3902 700 fidei

810 735 1049 814 peccati
1090 735 1367 816 speciem
1406 755 1550 817 quae
1586 735 1801 797 finalis
1843 735 2307 817 impoenitentia

811 833 1196 907 nominatur,
1231 833 1673 895 irremissibile
1702 841 1799 895 est
1835 834 2118 909 omnino,
2154 834 2307 914 quia

812 949 929 993 nec
968 931 1032 992 in
1076 931 1371 1012 praesenti
1415 932 1645 995 saeculo
1685 950 1802 994 nec
1846 932 1912 994 in
1956 931 2175 995 future
2214 933 2308 993 di-

812 1028 1126 1110 mittitur3
1170 1032 1280 1092 sed
1318 1039 1630 1112 quantum
1666 1032 1746 1092 ad
1788 1031 1941 1093 alias
1984 1030 2123 1112 ejus
2163 1049 2308 1113 spe-

813 1129 940 1190 cies
972 1129 1413 1192 irremissibile
1442 1129 1693 1203 dicitur,
1728 1149 1853 1192 non
1885 1129 2037 1211 quia
2068 1129 2304 1191 remitti

811 1246 937 1290 non
997 1228 1215 1309 possit,
1266 1230 1375 1290 sed
1433 1228 1585 1309 quia
1633 1227 1983 1290 difficulter
2040 1229 2307 1290 remitti-

810 1334 916 1387 tur
949 1345 962 1389 :
1000 1346 1125 1389 non
1156 1344 1232 1388 ex
1275 1334 1451 1408 parte
1480 1326 1611 1400 Dei,
1648 1327 1831 1409 cujus
1870 1327 2306 1390 misericordia

811 1432 907 1486 est
955 1424 1264 1486 immensa
1312 1432 1373 1486 et
1420 1423 1675 1486 infinita
1722 1425 2023 1506 potentia,
2072 1426 2182 1487 sed
2229 1443 2306 1487 ex

811 1529 987 1605 parte
1026 1522 1381 1598 hominum,
1415 1523 1527 1604 qui
1570 1524 1647 1584 de
1685 1523 2051 1604 hujusmodi
2094 1542 2308 1606 pecca-

813 1629 873 1684 te
906 1640 1043 1684 rare
1076 1620 1553 1703 difficulterque
1593 1622 1925 1703 poenitent.
1961 1622 2301 1696 Postrem0‚

811 1728 883 1782 ut
928 1721 1128 1802 aliqui
1188 1721 1428 1793 dicunt,
1482 1721 1922 1784 irremissibile
1968 1722 2308 1804 tripliciter

2413 735 2716 810 inimiciS,
2743 758 2885 815 quae
2919 747 3159 814 oportet
3186 739 3421 809 dicere,
3455 738 3517 799 id
3547 746 3662 812 est,
3698 756 3908 819 prem·

2415 843 2540 916 pta,
2594 835 3012 917 sapientialia,
3074 844 3266 917 atque
3321 835 3671 898 constantia
3725 835 3906 899 vobis

2413 932 2752 1015 inspirabit
2791 952 3091 1015 responsa
3125 952 3138 996 ε
3173 935 3322 1016 quia
3361 935 3480 998 hec
3509 934 3746 996 bellum
3781 953 3906 998 nen

2413 1040 2507 1093 est
2557 1039 2862 1106 vestrum,
2911 1033 3018 1093 sed
3071 1031 3214 1110 Dei;
3265 1041 3490 1113 estque
3535 1040 3910 1114 supernatu-

2415 1130 2566 1209 rale,
2619 1130 2683 1191 in
2744 1148 2872 1210 quo
2931 1127 3273 1192 infirmitas
3331 1130 3608 1192 humana
3660 1131 3908 1212 petissi-

2414 1247 2589 1290 mum
2633 1228 2873 1308 indiget
2910 1246 3031 1310 epe
3071 1229 3307 1291 divina.
3342 1228 3540 1301 Quam
3579 1229 3908 1291 verissima

2413 1325 2608 1387 fuerit
2646 1327 2780 1388 haec
2819 1325 3053 1389 Christi
3093 1326 3452 1408 promissio,
3486 1335 3549 1388 et
3585 1346 3776 1409 quam
3813 1327 3910 1389 in-

2416 1424 2899 1486 numerabiliter
2933 1444 3006 1487 ac
3036 1424 3474 1507 copiosissime
3505 1426 3587 1488 sit
3623 1425 3906 1508 impleta,

2415 1522 2960 1585 abundantissime
2993 1532 3164 1605 patet
3195 1524 3261 1585 in
3293 1523 3662 1587 Sanctorum
3701 1525 3911 1604 legen-

2415 1623 2533 1695 dis,
2569 1629 2630 1683 et
2661 1622 2726 1683 in
2759 1621 2914 1684 viris
2945 1641 3018 1684 ac
3046 1621 3306 1685 feminis
3339 1641 3454 1704 pro
3484 1621 3729 1686 Christo
3757 1642 3914 1684 mar-

2413 1720 2692 1803 tyrizatis
2744 1729 2841 1783 est
2897 1721 3284 1803 superplene
3333 1740 3406 1783 ac
3459 1720 3912 1801 gloriosissime

812 1820 1065 1894 dicitur,
1118 1820 1360 1882 scilicet
1408 1820 1717 1900 negative,
1774 1820 2103 1902 privative,
2158 1841 2306 1885 con-
2341 1817 2388 1880 B
2415 1819 2760 1900 adimpleta
2792 1839 2805 1881 :
2843 1819 3008 1880 sicut
3047 1819 3112 1881 in
3151 1819 3535 1880 beatissimis
3571 1819 3907 1900 ApostoliS,

812 1918 1023 1980 trarie.
1055 1918 1374 1998 Negative,
1409 1919 1580 1999 quod
1625 1919 1803 1981 nullo
1846 1921 2031 1983 mode
2074 1928 2169 1982 est
2213 1939 2306 1982 re-

810 2016 1143 2091 missibile,
1189 2024 1259 2078 ut
1307 2025 1633 2098 peccatum
1683 2019 2040 2080 daemenum
2080 2026 2143 2081 et
2179 2038 2307 2082 om-

812 2115 991 2176 nium
1050 2116 1511 2178 damnatorum.
1563 2114 1895 2188 Privative,
1947 2118 2117 2198 quod
2177 2138 2304 2181 non

810 2214 1001 2276 habet
1028 2213 1449 2295 aptitudinem
1480 2221 1551 2275 ut
1580 2214 1972 2278 remittatur:
1999 2215 2089 2278 sic
2116 2235 2306 2278 omne

814 2320 1141 2394 peccatum
1190 2311 1455 2375 mortale
1502 2319 1598 2374 est
1642 2312 2102 2376 irremissibile.
2149 2314 2306 2378 Con·

811 2409 1024 2486 trarie,
1071 2412 1243 2492 quod
1292 2411 1483 2472 habet
1531 2411 2011 2492 dispositionem
2058 2422 2305 2476 contra-

812 2510 970 2570 riam
1030 2508 1510 2571 remissibilitati
1568 2529 1582 2572 :
1644 2511 1864 2591 sicque
1923 2519 2182 2592 peccata
2236 2513 2302 2574 in

810 2608 1114 2690 Spiritum
1146 2606 1444 2670 Sanctum
1475 2607 1939 2671 irremissibilia
1970 2611 2306 2692 perhiben-

810 2715 934 2781 tur,
988 2707 1139 2788 quia
1196 2707 1543 2769 excludunt
1588 2715 1652 2769 et
1698 2717 2008 2791 spernunt
2062 2728 2136 2771 ea
2191 2729 2304 2792 per

812 2823 955 2886 quae
1003 2804 1293 2867 remissio
1340 2803 1419 2866 fit
1458 2804 1813 2886 culparum,
1848 2805 2144 2869 videlicet
2187 2808 2305 2869 mi-

812 2902 1239 2976 sericordiam,
1280 2903 1675 2983 gratiamque
1723 2903 2025 2965 divinam.
2061 2940 2137 2950 —
2177 2905 2304 2969 Hoc

2414 1925 2605 1999 atque
2649 1917 2713 1978 in
2759 1915 2821 1978 S.
2853 1917 3212 1991 Laurentio,
3248 1917 3600 1991 Vincentie,
3639 1916 3910 1997 aliisque

2416 2015 2795 2090 innumeriS,
2830 2016 2940 2097 qui
2981 2016 3172 2077 etiam
3213 2015 3582 2078 naturaliter
3619 2016 3806 2076 rudes
3843 2022 3908 2076 et

2417 2114 2627 2177 idiotae
2682 2113 2965 2176 fuerunt.
3024 2113 3508 2176 Praeclarissime
3566 2121 3776 2176 tamen
3835 2112 3904 2174 in

2417 2214 2650 2275 sanctis
2683 2213 2913 2294 puellis
2943 2232 3015 2274 ac
3045 2212 3300 2274 feminis
3333 2220 3574 2275 constat
3601 2228 3738 2273 eam
3767 2229 3904 2274 csse

2417 2311 2822 2393 completam,
2854 2311 3020 2372 sicut
3062 2310 3127 2372 in
3171 2310 3592 2373 sacratissima
3633 2309 3907 2372 Cathari-

2417 2429 2519 2487 na,
2571 2410 2828 2491 Agatha,
2876 2409 3134 2490 Agnete,
3187 2417 3333 2484 etc.,
3386 2409 3452 2470 in
3499 2407 3736 2490 quibus
3782 2407 3906 2469 fuit

2417 2508 2970 2572 evidentissimum
3009 2527 3170 2589 epus
3218 2506 3574 2569 Divinitatis
3620 2506 3908 2588 omnipo-

2417 2609 2629 2681 tentiS,
2664 2609 2836 2689 qued
2864 2615 2991 2669 tam
3028 2614 3320 2688 prompte
3350 2625 3423 2668 ac
3455 2604 3907 2687 sapientialiter

2420 2699 2904 2787 responderunt,
2943 2714 3196 2787 tamque
3227 2704 3648 2788 imperterrite
3675 2710 3738 2766 et
3765 2723 3909 2766 cen-

2419 2812 2653 2868 stantes
2696 2811 3202 2886 permanserunt.

2497 2905 2764 2986 Insuper
2815 2904 3100 2967 Christus
3153 2903 3478 2966 avaritiam
3534 2904 3716 2965 docet
3767 2919 3909 2964 esse

812 3018 1069 3083 queque
1121 3000 1473 3074 sciendum,
1526 3001 1697 3081 quod
1752 3001 2040 3082 quolibet
2086 3021 2308 3085 pecca-
2344 3003 2388 3068 C
2420 3003 2762 3066 vitandam.
2795 3005 2910 3064 Ait
2956 3012 3174 3064 autem
3218 3002 3302 3070 ei,
3348 3001 3591 3063 scilicet
3635 2999 3903 3075 Christe,

812 3107 877 3164 to
915 3107 1042 3162 tota
1090 3099 1615 3181 superbenedicta
1662 3099 1931 3162 Trinitas
1980 3103 2309 3183 aequaliter

813 3197 1211 3278 offenditur3
1264 3199 1372 3261 sed
1430 3199 1718 3278 quaedam
1778 3208 2033 3280 peccata
2090 3201 2312 3264 dicun-

814 3307 918 3358 tur
948 3304 1165 3360 centra
1193 3295 1451 3370 Patrem,
1483 3297 1773 3377 quaedam
1805 3305 2023 3361 centra
2050 3297 2306 3376 Filium,

814 3397 1105 3478 quaedam
1170 3402 1387 3458 contra
1445 3393 1749 3476 Spiritum
1814 3394 2133 3472 Sanctum,
2198 3418 2310 3481 per

817 3494 1396 3577 appropriationem
1451 3500 1710 3576 prepter
1761 3512 2014 3558 causam
2064 3498 2308 3578 praeha-

819 3592 1037 3655 bitam.

899 3692 1020 3755 Sed
1065 3691 1218 3773 quia
1264 3697 1393 3752 tam
1452 3689 1844 3752 horribiliter
1892 3690 2311 3756 comminatus

820 3800 915 3855 est
956 3790 1240 3855 Christus
1285 3787 1661 3869 negantibus
1704 3807 1873 3864 eum,
1920 3808 2314 3872 consequen-

820 3901 916 3954 ter
947 3897 1198 3973 praestat
1226 3887 1554 3961 fiduciam,
1588 3886 2021 3969 auxiliumque
2055 3891 2316 3970 promit-

819 3990 896 4052 tit
945 3987 1246 4051 fidelihus
1296 3986 1451 4047 suis·
1488 3988 1701 4054 Quum
1742 3994 1957 4048 autem
2002 3989 2314 4050 inducent

821 4109 951 4156 vos,
983 4087 1225 4149 scilicet
1262 4082 1512 4167 tyranni
1552 4101 1625 4145 ac
1654 4082 1908 4164 perfidi,
1943 4087 2017 4145 in
2044 4106 2314 4164 synayo-

2417 3105 2688 3183 quidam
2739 3105 2818 3162 de
2869 3104 3055 3162 turba
3107 3121 3130 3160 .·
3171 3102 3504 3178 Mayister,
3551 3101 3660 3160 dic
3703 3100 3910 3176 fratri

2418 3221 2552 3261 meo
2601 3211 2673 3261 ut
2725 3203 2986 3261 dividat
3043 3220 3288 3260 mecum
3347 3200 3784 3268 hereditatem,
3845 3197 3910 3259 id

2419 3307 2534 3372 est,
2557 3299 2792 3381 justam
2823 3298 3013 3361 faciat
3041 3296 3567 3360 hereditarierum
3597 3295 3909 3359 benorum

2421 3406 2782 3462 nostrerum
2825 3398 3204 3461 divisionem
3248 3395 3414 3458 inter
3459 3413 3526 3456 se
3561 3402 3624 3456 et
3665 3412 3788 3456 me.
3821 3400 3909 3456 At

2421 3499 2535 3556 ille
2578 3498 2756 3558 dimit
2803 3497 2868 3556 ei
2903 3513 2928 3556 .·
2967 3499 3194 3567 Home,
3238 3495 3387 3575 quis
3433 3513 3534 3554 me
3579 3493 3912 3553 constituit

2407 3597 2707 3674 judicem
2755 3605 2871 3656 aut
2919 3595 3268 3655 divisorem
3319 3591 3765 3674 temporalium
3821 3589 3914 3652 fa-

2422 3695 2728 3757 cultatum
2759 3694 2966 3754 inter*
2997 3712 3125 3764 υοε,
3159 3692 3222 3755 id
3263 3698 3358 3753 est
3395 3691 3560 3752 inter
3591 3697 3653 3751 te
3689 3697 3753 3751 et
3786 3687 3912 3750 fra·
3981 3717 4007 3736 ·

2421 3801 2583 3855 trem
2633 3795 2868 3854 tuum?
2918 3790 3202 3853 Christus
3261 3789 3435 3850 hunc
3481 3787 3906 3870 reprehendit,

2421 3893 2574 3974 quia
2612 3910 2722 3954 cor
2757 3890 2898 3971 ejus
2939 3889 3212 3951 intendit
3250 3907 3363 3950 seu
3402 3887 3580 3951 vidit.
3615 3885 3910 3958 Quamvis

2422 3990 2593 4052 enim
2643 3989 2784 4051 talis
2835 3988 3065 4050 divisio
3113 3987 3286 4049 licite
3335 3985 3534 4067 possit
3586 3984 3736 4066 peti,
3787 3983 3913 4045 Sal-

2423 4094 2600 4152 vator
2629 4095 2840 4149 tamen
2871 4094 3151 4148 mentem
3182 4084 3374 4165 hujus
3407 4082 3776 4165 inspicienS,
3809 4100 3911 4146 ce-

812 4206 955 4264 yas,
989 4186 1053 4248 id
1083 4192 1178 4246 est
1212 4184 1290 4246 ad
1330 4181 1621 4264 publicos
1662 4200 1808 4244 suos
1840 4192 2210 4258 conventus,
2245 4193 2316 4248 ut
2343 4186 2392 4247 D
2419 4187 2639 4267 gnovit
2668 4187 2838 4267 quod
2867 4203 2944 4246 ex
2974 4184 3237 4248 avaritia
3267 4183 3330 4245 id
3365 4182 3602 4264 petivit,
3620 4187 3807 4262 prout
3835 4197 3910 4241 ex

821 4283 1231 4346 multitudine
1270 4299 1385 4342 sua
1422 4279 1601 4343 vobis
1640 4279 1933 4342 timorem
1978 4280 2309 4358 incutiant,

818 4393 877 4444 et
916 4386 1003 4444 ad
1042 4382 1485 4459 maqistratus‚
1518 4377 1584 4439 id
1624 4384 1719 4439 est
1760 4378 2081 4461 principes
2121 4380 2315 4464 Syna-

816 4500 1012 4564 gogae,
1066 4477 1604 4560 quemadmodum
1665 4475 1984 4538 Christum
2042 4486 2104 4540 et
2150 4480 2314 4562 Apo-

818 4580 1011 4643 stolos
1060 4578 1449 4639 induxerunt
1493 4574 1712 4649 Judaei,
1752 4585 1813 4635 et
1847 4586 2205 4652 potestates,
2247 4581 2311 4644 id

818 4685 913 4741 est
950 4679 1029 4740 ad
1068 4674 1369 4758 praesides
1412 4673 1785 4754 saeculares3
1817 4676 2017 4735 nolite
2046 4679 2314 4740 solliciti

817 4797 965 4850 esse,
999 4776 1063 4838 id
1094 4781 1189 4837 est
1225 4772 1618 4836 formidolosi
1657 4781 1769 4835 aut
1803 4773 1996 4849 anxii,
2030 4779 2315 4856 qualiter

819 4885 936 4937 aut
974 4875 1138 4954 quid
1172 4872 1607 4950 respondeatis
1645 4893 1669 4931 .·
1708 4871 1795 4933 ita
1844 4891 1961 4935 nec
2004 4874 2081 4936 de
2124 4878 2314 4941 modo

821 4969 1268 5055 respondendi,
1321 4987 1439 5032 nec
1487 4970 1565 5031 de
1610 4969 1976 5034 inventione
2026 4975 2314 5055 responsi

822 5070 961 5133 sitis
1008 5068 1334 5151 perplexi3
1374 5077 1491 5128 aut
1532 5069 1694 5148 quid
1730 5070 1965 5130 dicatis
2004 5087 2120 5152 pre
2157 5069 2313 5135 fidei

823 5167 1189 5232 defensione
1218 5174 1281 5228 et
1315 5166 1816 5230 adversariorum
1858 5166 2308 5233 confutatione.

822 5269 1115 5345 Spiritus
1141 5267 1317 5326 enim
1345 5267 1624 5327 Sanctus
1652 5267 1891 5326 docebit
1925 5285 2031 5326 vos
2062 5268 2136 5328 in
2168 5269 2310 5346 ipsa

2423 4284 2633 4348 verbis
2683 4283 2878 4345 claret
2927 4281 3364 4364 sequentibus
3411 4282 3664 4354 Iterum,
3706 4280 3913 4340 redar-

2418 4383 2557 4464 guit
2587 4401 2755 4457 eum,
2789 4381 2942 4464 quia
2981 4381 3164 4443 istam
3196 4379 3576 4443 divisionem
3607 4396 3732 4440 nen
3767 4395 3914 4439 con-

2419 4500 2578 4562 gruo
2635 4490 2920 4562 tempore
2980 4478 3342 4561 postulavit,
3392 4475 3912 4557 interrumpendo

2422 4579 2652 4643 Christi
2692 4578 3204 4662 praedicationem
3234 4577 3312 4638 de
3343 4575 3532 4637 rebus
3571 4573 3914 4656 spirituali-

2422 4678 2543 4740 bus
2581 4697 2654 4740 ac
2687 4677 2923 4740 divinis
2963 4682 3356 4751 tractantem,
3393 4692 3505 4755 per
3549 4671 3914 4754 prepositio-

2423 4795 2569 4839 nem
2620 4776 2812 4857 hujus
2863 4794 3068 4838 causae
3112 4782 3402 4848 terrente,
3445 4779 3507 4834 et
3553 4770 3914 4852 temporali-

2422 4895 2531 4938 um
2562 4894 2816 4938 causam
2853 4873 3143 4936 tractatui
3173 4870 3536 4934 divinorum
3567 4869 3907 4932 miscendo.

2421 4973 2683 5049 Rursus,
2747 4971 3068 5053 redarguit
3134 4989 3305 5043 eum,
3367 4968 3520 5050 quia
3587 4965 3813 5050 petivit
3877 4986 3914 5028 a

2421 5071 2668 5136 Christo
2695 5073 2866 5153 quod
2895 5072 2975 5132 ad
3016 5069 3228 5150 ipsum
3260 5066 3578 5130 Christum
3609 5085 3735 5129 nen
3777 5083 3914 5146 per-

2418 5171 2680 5246 tinebat,
2715 5169 3012 5232 videlicet
3041 5165 3490 5249 temperalium
3521 5183 3730 5226 rerum
3765 5181 3911 5226 cau-

2419 5289 2518 5332 sas
2568 5269 2904 5341 discutere,
2956 5273 3018 5329 et
3076 5283 3190 5348 per
3238 5265 3359 5328 hec
3415 5262 3630 5326 divina
3685 5261 3904 5324 saltem

4045 3008 4116 3064 ¹3

4055 3406 4124 3460 ss
