4300 6259
545 2359 681 2404 Pron.
697 2376 750 2405 xv

502 2423 573 2467 2⁹.

532 2485 612 2529 Pe.
630 2498 767 2536 cxviii,

504 2549 597 2590 ¹⁵⁵.

524 3847 648 3892 Deut-
660 3861 754 3890 xxxi

507 3913 573 3954 16.

536 4045 647 4088 Osee
660 4059 689 4097 ι,
704 4047 744 4087 2.

790 475 909 542 108

1550 494 1905 542 tuamne
1946 493 2013 540 m
2052 492 2193 540 cn.
2237 493 2322 540 IV
2361 491 2555 540 mu.
2597 513 2678 525 —
2719 495 2863 543 Am.
2909 496 3148 543 mvn!

790 667 1215 748 peregrinatio
1266 667 1451 743 mala,
1502 685 1633 749 qua
1676 666 1823 748 quis
1879 666 1999 730 hoc
2046 667 2288 728 mundo
2315 661 2370 724 A
2400 664 2627 728 ulcisci
2653 674 2866 730 autem
2903 669 3206 751 competit
3234 669 3292 731 ei
3326 677 3584 752 propter
3613 677 3890 734 nostram

787 772 979 846 atque
1028 766 1323 848 praesenti
1372 765 1599 829 exsilio
1642 784 1757 848 pro
1800 766 2003 848 patria
2043 766 2284 846 utitur3

778 866 1111 943 profectus
1146 876 1262 937 est,
1290 884 1418 928 non
1458 873 1587 927 tam
1630 864 2044 947 corporaliter
2083 872 2288 927 trans-

788 965 1019 1036 eundo,
1055 983 1249 1046 quam
1286 971 1567 1027 mentem
1608 983 1789 1026 suam
1818 984 1857 1026 a
1884 963 2009 1028 Deo
2048 965 2290 1046 impro-

787 1060 869 1124 be
907 1065 1269 1126 avertendo
1314 1061 1490 1125 Sicut
1526 1063 1700 1126 enim
1737 1064 1814 1125 ad
1853 1062 2052 1125 Deum
2096 1063 2289 1126 incir-

788 1163 1272 1245 cumscriptum,
1316 1163 1559 1245 ubique
1600 1162 2101 1226 substantialiter
2138 1180 2288 1226 vere

791 1270 1191 1342 praesentem,
1231 1262 1555 1324 acceditur
1591 1262 1824 1325 mentis
1862 1261 2122 1336 affectu,
2159 1281 2286 1325 non

792 1360 1077 1441 corporis
1109 1377 1354 1440 gressu,
1388 1361 1515 1423 nisi
1552 1360 1617 1423 in
1656 1369 1971 1442 quantum
2010 1361 2288 1424 exterior

791 1467 967 1520 actus
1014 1458 1203 1521 habet
1244 1459 1552 1522 rationem
1589 1459 1845 1522 virtutis
1884 1478 1961 1521 ex
1998 1459 2286 1523 interiori

789 1556 1150 1620 intellectus
1196 1558 1670 1640 voluntatisque
1715 1565 1903 1638 actu3
1948 1558 2035 1620 ita
2080 1577 2117 1620 a
2163 1557 2290 1622 Deo

793 1657 1110 1718 receditur
1157 1657 1390 1718 mentis
1428 1656 1780 1731 aversione,
1824 1675 1950 1720 non
2002 1658 2288 1739 corporis

793 1755 1095 1830 motione,
1149 1755 1271 1818 nisi
1312 1755 1378 1817 in
1427 1764 1739 1838 quantum
1788 1763 1967 1818 actus
2014 1756 2293 1820 exterior

2401 764 2730 827 malitiam.

2480 868 2566 926 Et
2601 876 2946 944 postquam
2976 870 3200 928 omnia
3229 877 3743 938 consummasset,
3773 868 3894 930 hoc

2401 970 2516 1036 est,
2549 964 2714 1027 dona
2757 965 2881 1026 sibi
2925 965 3234 1028 divinitus
3278 967 3557 1048 praestita
3596 975 3706 1029 aut
3745 967 3897 1029 ami-

2399 1062 2606 1136 sisset,
2648 1070 2759 1125 aut
2803 1066 3324 1147 consumpsisset,
3363 1073 3475 1128 aut
3520 1065 3892 1128 infecisset:

2401 1179 2550 1223 nam
2591 1169 2656 1223 et
2696 1169 2855 1223 teste
2893 1163 3213 1244 Apostolo‚
3256 1163 3372 1237 Qui
3415 1164 3787 1239 fornicatur,
3827 1165 3896 1227 in
3969 1180 4212 1225 teor-u.

2402 1261 2738 1344 proprium
2779 1279 3011 1343 corpus
3055 1271 3295 1345 peccat,
3327 1263 3480 1345 quia
3524 1283 3639 1346 per
3673 1265 3900 1328 immo-
3929 1245 4000 1286 ¹⁸·

2403 1362 2680 1423 deratam
2711 1360 3031 1423 luxuriam
3063 1362 3251 1426 homo
3279 1362 3582 1426 interiora
3609 1383 3724 1426 sua
3749 1383 3898 1446 qua·

2403 1459 2455 1522 si
2515 1459 2836 1523 consumit
2891 1467 2954 1521 et
3011 1461 3178 1524 vires
3236 1470 3534 1541 enervat3
3584 1465 3761 1542 facta
3809 1473 3898 1524 est

2401 1559 2610 1636 fames
2647 1561 2872 1620 valida
2912 1562 2982 1620 in
3023 1562 3282 1638 reqione
3321 1563 3446 1620 illa
3477 1583 3499 1621 .·
3530 1561 3594 1623 id
3643 1569 3758 1633 est,
3802 1561 3899 1623 in-

2404 1664 2502 1719 ter
2539 1657 2772 1739 impios
2811 1667 2873 1720 et
2920 1659 3202 1721 carnales
3249 1660 3507 1741 grandis
3554 1660 3899 1742 spirituali-.-

2405 1774 2513 1817 um
2554 1756 2871 1820 bonorum
2911 1757 3188 1820 carentia
3227 1759 3522 1840 contigit3
3551 1759 3897 1840 gentilibus

793 1873 869 1917 ex
910 1853 1196 1918 interiori
1235 1854 1471 1917 mentis
1510 1855 1977 1917 inordinatione
2015 1873 2127 1916 seu
2161 1855 2294 1918 cul·
2329 1853 2378 1916 B
2403 1873 2662 1937 quoque
2711 1855 3056 1936 gratiarum
3108 1857 3485 1919 charismata
3541 1857 3898 1940 specialiter

794 1973 877 2036 pa
914 1953 1201 2016 efficitur
1236 1953 1525 2016 vitiosus.
1552 1957 1637 2016 In
1673 1955 2000 2031 reqionem
2041 1956 2294 2032 lonqin-

793 2071 1017 2133 quam,
1058 2052 1123 2115 id
1168 2059 1265 2114 est
1314 2051 1556 2136 peccati
1605 2059 1859 2126 statum,
1902 2052 2293 2115 dissimilitu-

794 2151 1010 2213 dinem
1038 2159 1102 2214 et
1130 2151 1694 2225 continuationem,
1729 2169 1844 2232 per
1871 2169 2063 2232 quam
2104 2151 2292 2233 longe

794 2268 833 2310 a
868 2249 993 2313 Deo
1029 2249 1319 2322 distatur,
1349 2248 1531 2330 juxta
1568 2249 1727 2311 illud
1760 2249 2287 2314 Proverbiorum:

756 2347 1007 2429 ‚Longe
1052 2355 1150 2410 est
1196 2347 1500 2411 Dominus
1546 2347 1628 2410 ab
1676 2347 1935 2429 impiis3
1985 2355 2178 2429 atque
2223 2348 2291 2411 in

798 2447 1063 2522 Psalmo,
1104 2446 1315 2528 Longe
1350 2467 1388 2509 a
1426 2446 1865 2528 peccatoribus
1913 2447 2106 2509 saluS.
2148 2446 2294 2511 Haec

798 2554 893 2610 est
947 2545 1298 2629 spiritualis
1353 2545 1673 2620 distantia,
1732 2553 1953 2628 utpote
2009 2546 2291 2609 dissimi-

796 2645 1022 2709 litudo.

876 2747 961 2807 Ec
998 2745 1096 2804 ibi
1128 2745 1479 2823 dissipavit
1514 2744 1944 2805 substantiam
1980 2763 2196 2816 suam,
2226 2743 2289 2806 id

794 2850 911 2916 est,
954 2843 1116 2905 dona
1160 2841 1377 2922 gratiae
1421 2848 1672 2922 gratum
1721 2839 2013 2904 facientis
2053 2841 2288 2916 amisit,

793 2942 961 3004 bona
1017 2939 1289 3003 fortunas
1346 2939 1764 3021 consumpsit,
1828 2941 1991 3003 dona
2050 2947 2294 3002 naturae

2405 1952 2763 2016 defuerunt.
2777 1953 3034 2017 Vitiosis
3063 1973 3322 2037 quoque
3351 1955 3733 2026 hominibus,
3760 1975 3900 2038 pro-

2406 2059 2548 2133 pter
2575 2069 2796 2116 eorum
2835 2061 3112 2134 peccata,
3146 2053 3466 2116 interdum
3505 2053 3753 2136 corpori
3791 2073 3901 2118 ne-

2407 2150 2679 2213 cessaria
2716 2150 3200 2213 subtrahuntur.
3234 2153 3323 2214 Ec
3351 2155 3486 2230 ipse
3509 2155 3698 2230 coepit
3723 2173 3901 2230 eyere

2407 2249 2706 2342 omnibus
2761 2248 3230 2331 pertinentibus
3287 2251 3366 2312 ad
3415 2250 3703 2325 salutem,
3755 2270 3900 2332 quae

2408 2348 2727 2431 peccando
2753 2347 2988 2423 amisit,
3013 2348 3309 2412 videlicet
3333 2349 3536 2430 gratia
3561 2357 3751 2431 atque
3781 2350 3898 2412 vir-

2407 2447 2649 2510 tutibus
2685 2465 2699 2508 :
2734 2447 3273 2529 quemadmodum
3315 2447 3620 2512 acediosis
3657 2449 3901 2511 contin-

2404 2564 2554 2627 gere
2583 2545 2764 2620 solet,
2797 2546 3150 2608 secundum
3180 2545 3341 2609 illud
3370 2545 3894 2611 Proverbiorum:

2405 2645 2747 2725 Usquequo
2797 2643 2976 2725 piger
3023 2643 3344 2706 dormies?
3379 2643 3712 2707 Paululum
3762 2646 3902 2708 dor-

2405 2741 2587 2817 mieS‚
2623 2740 2956 2824 paululum
3001 2741 3394 2818 dormitabiS‚
3427 2749 3490 2805 et
3531 2743 3744 2807 veniet
3780 2743 3899 2807 tibi

2406 2842 2589 2924 quasi
2634 2841 2733 2903 vir
2772 2847 3052 2902 armatus
3095 2849 3359 2922 egestas.

2486 2943 2570 3003 Ει
2599 2941 2780 3011 abiit,
2815 2957 2882 3000 se
2910 2957 2947 3000 a
2981 2938 3103 3002 Deo
3139 2939 3462 3003 infelicius
3498 2940 3850 3022 elongando
3881 2960 3895 3004 ε

794 3037 1039 3112 infecit,
1096 3057 1171 3100 ac
1229 3036 1561 3119 pejoravit,
1614 3039 1887 3098 vivendo
1933 3039 2291 3107 luoeuriose,
2331 3038 2375 3101 C
2404 3059 2443 3101 a
2469 3057 2597 3120 quo
2625 3045 2800 3101 tanto
2831 3037 3272 3100 vehementius
3301 3039 3900 3120 elongamur,quan-

794 3135 1104 3219 corporali
1148 3133 1588 3208 fornicatione,
1630 3153 1775 3216 quae
1816 3142 1913 3197 est
1961 3143 2294 3217 peccatum

796 3234 1101 3308 mortale;
1153 3232 1437 3314 itemque
1483 3232 1900 3296 fornicatione
1948 3232 2291 3315 spirituali,

795 3351 939 3415 quae
978 3339 1075 3394 est
1110 3331 1357 3394 aversio
1398 3331 1629 3393 mentis
1658 3350 1695 3393 a
1733 3330 1902 3394 bono
1942 3330 2298 3395 incommu-

796 3430 975 3493 tabili
1026 3437 1088 3492 et
1136 3428 1472 3503 immenso,
1522 3435 1713 3511 atque
1770 3429 2102 3492 conversio
2155 3429 2296 3510 ejus

797 3529 875 3592 ad
923 3530 1165 3592 bonum
1225 3535 1505 3590 creatum
1564 3528 1873 3590 caducum
1923 3537 1987 3591 et
2034 3547 2292 3591 vanum.

800 3627 1204 3690 Potissimum
1262 3633 1472 3689 tamen
1534 3625 1887 3689 idololatria
1944 3625 2298 3708 spiritualis

799 3725 1133 3791 fornicatio
1175 3723 1430 3799 dicitur,
1467 3731 1654 3805 prout
1696 3724 1761 3787 in
1811 3723 2300 3788 Deuteronomio

760 3879 771 3900 ,
804 3824 963 3886 Deus
1004 3823 1252 3887 locutus
1292 3830 1386 3884 est
1426 3821 1615 3904 Moysi
1650 3841 1663 3884 :
1699 3822 1977 3904 Populus
2016 3822 2135 3886 iste
2173 3821 2301 3885 for-

803 3921 1119 3985 nicabitur
1167 3928 1310 4003 post
1356 3922 1505 3984 deos
1563 3921 1845 4000 alienos3
1898 3929 1961 3982 et
2008 3921 2073 3982 in
2118 3919 2296 3994 Osee,

2404 3145 2469 3200 to
2513 3135 2770 3217 gravius
2819 3134 3303 3216 frequentiusve
3352 3155 3708 3218 peccamus.
3759 3137 3904 3200 Pec-

2406 3242 2615 3297 catum
2658 3241 2871 3296 autem
2916 3235 3088 3315 quod
3135 3252 3248 3316 per
3287 3235 3726 3316 poenitentiam
3775 3254 3900 3298 non

2408 3334 2620 3398 statim
2670 3332 2957 3408 diluitur,
3013 3351 3130 3396 suo
3179 3353 3326 3396 mox
3385 3335 3664 3416 pondere
3710 3335 3904 3398 trahit

2407 3433 2483 3495 ad
2522 3432 2720 3506 aliud,
2757 3439 2828 3493 ut
2865 3431 2956 3492 ait
2991 3430 3348 3512 Gregorius
3376 3435 3460 3495 Ει
3488 3434 3903 3494 adhoesitum‘

2408 3533 2652 3592 civium
2703 3531 2986 3607 reqionis
3033 3532 3244 3602 illius,
3298 3530 3418 3594 hoc
3475 3537 3573 3592 est
3627 3531 3897 3606 diabolo,

2411 3637 2482 3692 ut
2530 3629 2955 3692 communiter
2995 3627 3354 3710 exponitur.
3393 3627 3690 3692 Diabolus
3729 3630 3900 3692 enim

2407 3726 2646 3810 jugiter
2690 3734 2905 3789 manet
2945 3734 3008 3789 et
3050 3726 3293 3789 habitat
3329 3727 3394 3789 in
3446 3733 3611 3789 statu
3661 3730 3900 3810 peccati

2411 3835 2473 3890 et
2531 3824 3054 3889 dissimilitudine
3110 3825 3413 3889 vitiorum
3468 3843 3483 3888 t
3539 3826 3654 3907 qui
3711 3827 3902 3890 etiam

2412 3944 2538 3989 non
2589 3923 2794 3987 solum
2848 3923 3028 3998 civiS,
3071 3923 3180 3985 sed
3223 3931 3286 3985 et
3333 3923 3632 4006 princeps
3679 3925 3901 3988 mundi
3957 3947 4232 3995 ποιμα.

4033 867 4116 922 14

3935 2661 4104 2765 Ῥω.
4119 2665 4224 2712 πθ·

3969 2727 3990 2766 Ι
3999 2756 4014 2767 .

4063 2943 4138 2998 15

510 5089 557 5130 ²¹
601 5039 773 5079 amn,
806 5014 1028 5068 natura
1088 5003 1178 5065 rei
1238 5002 1541 5077 alienum,
1594 5002 1759 5065 sicut
1807 5003 1873 5065 in
1929 5004 2087 5066 Isaia
2142 5004 2303 5068 ultio

804 4021 1143 4084 Fornicans
1204 4018 1627 4082 fornicabitur
1688 4026 1856 4082 terra
1915 4038 1952 4081 a
2007 4019 2296 4083 Domino.
2411 4021 2606 4102 hujus
2649 4026 2910 4084 vocatur
2955 4039 2992 4082 a
3041 4019 3287 4083 Christo
3333 4022 3503 4101 apud
3548 4020 3848 4085 loannem
3885 4013 4020 4086 1³¹·

801 4119 1012 4193 Porro,
1054 4118 1407 4180 secundum
1452 4116 1741 4179 divinum
1787 4116 2158 4199 Dionysium
2202 4136 2302 4180 ca-
2412 4121 2524 4183 ubi
2566 4137 2680 4202 per
2710 4119 3045 4193 mundum,
3080 4119 3386 4181 mundani
3418 4118 3760 4201 vitiosique
3797 4121 3910 4185 ho-

804 4216 1008 4299 pitulo
1064 4215 1103 4278 4
1162 4216 1239 4278 de
1295 4214 1539 4277 Divinis
1599 4214 1990 4289 nominibuS,
2044 4223 2301 4296 peccata
2331 4217 2382 4281 D
2411 4218 2616 4281 mines
2677 4217 3110 4297 designantur,
3165 4217 3567 4298 potissimum
3627 4218 3904 4302 reprobi,

802 4315 1096 4398 quamvis
1144 4315 1309 4378 dona
1368 4321 1607 4377 naturae
1666 4333 1790 4378 non
1853 4314 2108 4396 penitus
2167 4333 2302 4378 cor·
2412 4319 2490 4380 de
2527 4315 2764 4399 quibus
2805 4315 3037 4377 iterum
3079 4314 3364 4396 loquitur
3391 4314 3678 4379 Christus
3716 4315 3904 4389 Patri,
4276 4377 4277 4400 ἶ

805 4422 1113 4496 rumpunt
1159 4422 1269 4477 aut
1307 4412 1563 4484 tollunt,
1606 4432 1681 4476 ea
1720 4421 1931 4475 tamen
1974 4412 2296 4488 inficiunt,
2408 4415 2542 4478 Non
2595 4433 2709 4496 pro
2750 4414 2992 4476 mundo
3032 4431 3203 4494 rogo.
3246 4411 3454 4476 Potest
3493 4432 3752 4496 quoque
3793 4433 3909 4498 per
3935 4441 4234 4493 medana.
4276 4453 4277 4468 2

802 4521 866 4576 et
895 4512 1200 4576 rationem
1232 4511 1673 4576 obtenebrant.
1711 4510 1969 4594 Propter
1997 4513 2168 4593 quod
2198 4531 2300 4574 as·
2411 4512 2616 4576 civem
2653 4512 2846 4574 istum
2887 4510 3283 4593 quicumque
3321 4511 3758 4588 haeresiarcha,
3791 4531 3906 4576 seu
4276 4509 4277 4512 ’

802 4612 957 4676 serit
1002 4610 1425 4673 Damascenus
1472 4629 1486 4674 :
1533 4610 1863 4673 Peccatum
1913 4619 2009 4673 est
2053 4611 2302 4676 aversio
2412 4611 2774 4694 praecipuus
2807 4617 3098 4692 peccator
3130 4609 3196 4672 in
3227 4609 3400 4673 vitiis
3432 4609 3784 4682 induratus,
3811 4611 3910 4675 in-

801 4711 881 4774 ab
922 4729 996 4774 eo
1033 4710 1205 4792 quod
1245 4715 1339 4771 est
1377 4710 1727 4771 secundum
1771 4716 2082 4784 naturam,
2118 4710 2197 4773 ad
2237 4709 2301 4773 id
2409 4708 2634 4790 telligi.
2668 4707 3048 4788 Hujusmodi
3089 4707 3283 4787 igitur
3321 4707 3470 4780 civi,
3504 4715 3658 4790 puta
3696 4709 3912 4774 diabo-

801 4809 973 4892 quod
1012 4815 1107 4871 est
1148 4814 1375 4890 praeter
1413 4815 1726 4868 naturam.
1761 4806 1919 4870 Hinc
1958 4807 2150 4870 etiam
2195 4824 2304 4889 pe-
2410 4809 2495 4882 lo‚
2529 4806 2708 4869 filius
2740 4807 2860 4868 iste
2892 4824 3065 4868 nunc
3095 4805 3332 4868 dicitur
3358 4806 3698 4869 adhaesisse
3734 4826 3748 4871 ε
3781 4827 3908 4872 non

804 4906 1129 4988 regrinum
1182 4923 1309 4968 uno
1358 4905 1543 4967 modo
1592 4912 1873 4980 vocatur,
1919 4908 2089 4987 quod
2134 4915 2230 4968 est
2266 4927 2304 4969 a
2411 4905 2566 4988 quia
2611 4912 2757 4968 ante
2815 4923 2944 4967 non
3002 4902 3338 4966 adhaeserit
3387 4903 3469 4980 ei,
3520 4903 3650 4968 imo
3697 4905 3911 4968 statim

2410 5023 2615 5087 quum
2656 5021 2722 5065 se
2762 5023 2800 5065 a
2837 5000 3016 5064 Patre
3055 5001 3296 5064 coelesti
3337 5001 3585 5075 avertit,
3620 5003 3770 5066 huic
3805 5005 3916 5067 ad—

2412 5102 2645 5182 haesit3
2700 5100 2809 5163 sed
2865 5099 2995 5180 jam
3056 5098 3290 5162 dicitur
3345 5099 3706 5176 adhaesisse,
3760 5102 3915 5183 quia

2414 5199 2700 5262 tenacius
2741 5198 2833 5261 illi
2879 5196 3144 5260 adhaesit
3180 5215 3371 5279 quam
3415 5205 3584 5274 ante,
3613 5201 3920 5281 quemad-

2419 5299 2681 5361 modum
2731 5314 2848 5380 per
2887 5294 3116 5359 ‘Isaiam
3167 5293 3562 5378 pravissimis
3609 5296 3842 5360 dicitur
3893 5317 3908 5362 :

806 5102 1043 5166 dicitur
1077 5120 1239 5185 opus
1279 5099 1410 5174 Dei,
1447 5101 1555 5162 sed
1603 5101 2009 5183 peregrinum
2052 5101 2131 5164 ab
2175 5121 2250 5165 eo
2284 5121 2298 5165 ε

805 5199 1110 5283 quoniam
1153 5198 1278 5262 Deo
1323 5199 1672 5261 secundum
1714 5216 1781 5260 se
1824 5206 1887 5261 et
1928 5217 2005 5261 ex
2049 5199 2308 5282 propria

811 5304 1036 5361 natura
1076 5295 1407 5379 proprium
1438 5303 1535 5358 est
1563 5295 1853 5360 misereri
1892 5315 1966 5360 ac
1995 5315 2254 5380 parcere
2286 5316 2303 5379 3
