<?xml version="1.0" encoding="UTF-8"?>
<!DOCTYPE html PUBLIC "-//W3C//DTD XHTML 1.0 Transitional//EN"
    "http://www.w3.org/TR/xhtml1/DTD/xhtml1-transitional.dtd">
<html xmlns="http://www.w3.org/1999/xhtml" xml:lang="en" lang="en">
 <head>
  <title>
</title>
<meta http-equiv="Content-Type" content="text/html;charset=utf-8" />
  <meta name='ocr-system' content='tesseract 3.04.00' />
  <meta name='ocr-capabilities' content='ocr_page ocr_carea ocr_par ocr_line ocrx_word'/>
</head>
<body>
  <div class='ocr_page' id='page_1' title='image "./doctorisecstati09unkngoog_0247.png"; bbox 0 0 4300 6259; ppageno 0'>
   <div class='ocr_carea' id='block_1_1' title="bbox 1165 492 3470 558">
    <p class='ocr_par' dir='ltr' id='par_1_1' title="bbox 1165 492 3470 558">
     <span class='ocr_line' id='line_1_1' title="bbox 1165 492 3470 558; baseline -0.001 0"><span class='ocrx_word' id='word_1_1' title='bbox 1165 511 1515 558; x_wconf 60' lang='lat' dir='ltr'><strong>snanauio</strong></span> <span class='ocrx_word' id='word_1_2' title='bbox 1557 509 1622 556; x_wconf 76' lang='lat' dir='ltr'><strong>m</strong></span> <span class='ocrx_word' id='word_1_3' title='bbox 1661 509 1800 558; x_wconf 69' lang='lat' dir='ltr'><strong>car.</strong></span> <span class='ocrx_word' id='word_1_4' title='bbox 1845 511 1954 558; x_wconf 75' lang='lat' dir='ltr'><strong>xxi</strong></span> <span class='ocrx_word' id='word_1_5' title='bbox 1995 511 2184 558; x_wconf 68' lang='lat' dir='ltr'><strong>meat.</strong></span> <span class='ocrx_word' id='word_1_6' title='bbox 2231 531 2311 543; x_wconf 91' lang='lat'><strong>--</strong></span> <span class='ocrx_word' id='word_1_7' title='bbox 2352 511 2495 558; x_wconf 56' lang='lat' dir='ltr'><strong>aar.</strong></span> <span class='ocrx_word' id='word_1_8' title='bbox 2542 512 2681 557; x_wconf 79' lang='lat' dir='ltr'><strong>xuv</strong></span> <span class='ocrx_word' id='word_1_9' title='bbox 3353 492 3470 557; x_wconf 75' lang='lat'><strong>187</strong></span> 
     </span>
    </p>
   </div>
   <div class='ocr_carea' id='block_1_2' title="bbox 75 679 3763 1262">
    <p class='ocr_par' dir='ltr' id='par_1_2' title="bbox 75 679 3763 1262">
     <span class='ocr_line' id='line_1_2' title="bbox 75 679 3471 766; baseline 0 -21"><span class='ocrx_word' id='word_1_10' title='bbox 75 702 326 758; x_wconf 51' lang='lat' dir='ltr'><strong>{vacam</strong></span> <span class='ocrx_word' id='word_1_11' title='bbox 361 685 430 748; x_wconf 90' lang='lat' dir='ltr'><strong>in</strong></span> <span class='ocrx_word' id='word_1_12' title='bbox 480 686 664 748; x_wconf 89' lang='lat' dir='ltr'><strong>libris</strong></span> <span class='ocrx_word' id='word_1_13' title='bbox 709 685 948 766; x_wconf 81' lang='lat' dir='ltr'>Regum</span> <span class='ocrx_word' id='word_1_14' title='bbox 989 684 1255 748; x_wconf 80' lang='lat' dir='ltr'><strong>musach</strong></span> <span class='ocrx_word' id='word_1_15' title='bbox 1299 682 1542 745; x_wconf 89' lang='lat' dir='ltr'><strong>sabbati</strong></span> <span class='ocrx_word' id='word_1_16' title='bbox 1587 681 1871 764; x_wconf 87' lang='lat' dir='ltr'><strong>appella-</strong></span> <span class='ocrx_word' id='word_1_17' title='bbox 1899 679 1948 740; x_wconf 87' lang='lat' dir='ltr'>A</span> <span class='ocrx_word' id='word_1_18' title='bbox 1976 680 2258 756; x_wconf 86' lang='lat' dir='ltr'><strong>ferenda,</strong></span> <span class='ocrx_word' id='word_1_19' title='bbox 2313 686 2423 747; x_wconf 92' lang='lat' dir='ltr'><strong>sed</strong></span> <span class='ocrx_word' id='word_1_20' title='bbox 2480 684 2763 760; x_wconf 80' lang='lat' dir='ltr'><strong>meliora,</strong></span> <span class='ocrx_word' id='word_1_21' title='bbox 2814 684 3349 766; x_wconf 87' lang='lat' dir='ltr'><strong>quemadmodum</strong></span> <span class='ocrx_word' id='word_1_22' title='bbox 3402 685 3471 746; x_wconf 91' lang='lat' dir='ltr'><strong>in</strong></span> 
     </span>
     <span class='ocr_line' id='line_1_3' title="bbox 77 768 3762 866; baseline 0 -22"><span class='ocrx_word' id='word_1_23' title='bbox 77 768 134 807; x_wconf 70' lang='lat'><strong>¹³·</strong></span> <span class='ocrx_word' id='word_1_24' title='bbox 359 792 514 864; x_wconf 78' lang='lat' dir='ltr'><strong>tui-3</strong></span> <span class='ocrx_word' id='word_1_25' title='bbox 557 786 934 858; x_wconf 90' lang='lat' dir='ltr'><strong>secundum,</strong></span> <span class='ocrx_word' id='word_1_26' title='bbox 972 786 1036 847; x_wconf 94' lang='lat' dir='ltr'><strong>in</strong></span> <span class='ocrx_word' id='word_1_27' title='bbox 1077 802 1208 866; x_wconf 93' lang='lat' dir='ltr'><strong>quo</strong></span> <span class='ocrx_word' id='word_1_28' title='bbox 1259 781 1660 864; x_wconf 89' lang='lat' dir='ltr'><strong>ponebantur</strong></span> <span class='ocrx_word' id='word_1_29' title='bbox 1697 779 1872 842; x_wconf 83' lang='lat' dir='ltr'><strong>obla-</strong></span> <span class='ocrx_word' id='word_1_30' title='bbox 1977 778 2201 842; x_wconf 80' lang='lat' dir='ltr'><strong>Genesi</strong></span> <span class='ocrx_word' id='word_1_31' title='bbox 2248 782 2500 862; x_wconf 84' lang='lat' dir='ltr'><strong>legitur,</strong></span> <span class='ocrx_word' id='word_1_32' title='bbox 2542 783 2713 864; x_wconf 90' lang='lat' dir='ltr'><strong>quod</strong></span> <span class='ocrx_word' id='word_1_33' title='bbox 2750 782 2907 845; x_wconf 85' lang='lat' dir='ltr'><strong>Abel</strong></span> <span class='ocrx_word' id='word_1_34' title='bbox 2952 782 3186 846; x_wconf 89' lang='lat' dir='ltr'><strong>obtulit</strong></span> <span class='ocrx_word' id='word_1_35' title='bbox 3230 781 3355 844; x_wconf 90' lang='lat' dir='ltr'><strong>Deo</strong></span> <span class='ocrx_word' id='word_1_36' title='bbox 3394 783 3471 844; x_wconf 92' lang='lat' dir='ltr'><strong>de</strong></span> <span class='ocrx_word' id='word_1_37' title='bbox 3525 797 3762 848; x_wconf 44' lang='lat' dir='ltr'><strong>Genaua.</strong></span> 
     </span>
     <span class='ocr_line' id='line_1_4' title="bbox 121 861 3541 963; baseline 0.001 -22"><span class='ocrx_word' id='word_1_38' title='bbox 121 898 282 942; x_wconf 64' lang='lat' dir='ltr'><strong>Mum.</strong></span> <span class='ocrx_word' id='word_1_39' title='bbox 355 883 574 946; x_wconf 85' lang='lat' dir='ltr'><strong>tiones</strong></span> <span class='ocrx_word' id='word_1_40' title='bbox 632 885 1052 958; x_wconf 79' lang='lat' dir='ltr'><strong>sacerdotum,</strong></span> <span class='ocrx_word' id='word_1_41' title='bbox 1119 882 1588 962; x_wconf 78' lang='lat' dir='ltr'><strong>vocabaturque</strong></span> <span class='ocrx_word' id='word_1_42' title='bbox 1646 879 1869 942; x_wconf 86' lang='lat' dir='ltr'><strong>corbo·</strong></span> <span class='ocrx_word' id='word_1_43' title='bbox 1980 880 2418 962; x_wconf 88' lang='lat' dir='ltr'><strong>primogenitis</strong></span> <span class='ocrx_word' id='word_1_44' title='bbox 2466 882 2673 963; x_wconf 88' lang='lat' dir='ltr'><strong>gregis</strong></span> <span class='ocrx_word' id='word_1_45' title='bbox 2722 883 2845 962; x_wconf 91' lang='lat' dir='ltr'><strong>sui,</strong></span> <span class='ocrx_word' id='word_1_46' title='bbox 2894 881 3321 963; x_wconf 88' lang='lat' dir='ltr'><strong>adipibusque</strong></span> <span class='ocrx_word' id='word_1_47' title='bbox 3369 899 3475 944; x_wconf 94' lang='lat' dir='ltr'><strong>eo-</strong></span> <span class='ocrx_word' id='word_1_48' title='bbox 3499 861 3541 904; x_wconf 77' lang='lat'><strong>⁴·</strong></span> 
     </span>
     <span class='ocr_line' id='line_1_5' title="bbox 76 965 3475 1063; baseline -0 -21"><span class='ocrx_word' id='word_1_49' title='bbox 76 975 190 1010; x_wconf 60' lang='grc' dir='ltr'><strong>’Μ’</strong></span> <span class='ocrx_word' id='word_1_50' title='bbox 218 965 258 1004; x_wconf 78' lang='lat'><strong>⁶·</strong></span> <span class='ocrx_word' id='word_1_51' title='bbox 357 1001 448 1043; x_wconf 90' lang='lat' dir='ltr'><strong>na</strong></span> <span class='ocrx_word' id='word_1_52' title='bbox 487 1002 504 1058; x_wconf 84' lang='lat'><em>3</em></span> <span class='ocrx_word' id='word_1_53' title='bbox 572 983 863 1057; x_wconf 90' lang='lat' dir='ltr'><strong>tertium,</strong></span> <span class='ocrx_word' id='word_1_54' title='bbox 932 983 1000 1044; x_wconf 92' lang='lat' dir='ltr'><strong>in</strong></span> <span class='ocrx_word' id='word_1_55' title='bbox 1067 1001 1196 1063; x_wconf 91' lang='lat' dir='ltr'><strong>quo</strong></span> <span class='ocrx_word' id='word_1_56' title='bbox 1269 981 1441 1061; x_wconf 86' lang='lat' dir='ltr'><strong>vulgi</strong></span> <span class='ocrx_word' id='word_1_57' title='bbox 1514 977 1870 1042; x_wconf 89' lang='lat' dir='ltr'><strong>oblationes</strong></span> <span class='ocrx_word' id='word_1_58' title='bbox 1981 999 2144 1053; x_wconf 88' lang='lat' dir='ltr'><strong>rum,</strong></span> <span class='ocrx_word' id='word_1_59' title='bbox 2181 979 2329 1043; x_wconf 89' lang='lat' dir='ltr'><strong>Cain</strong></span> <span class='ocrx_word' id='word_1_60' title='bbox 2362 999 2512 1044; x_wconf 86' lang='lat' dir='ltr'><strong>vero</strong></span> <span class='ocrx_word' id='word_1_61' title='bbox 2550 982 2627 1043; x_wconf 90' lang='lat' dir='ltr'><strong>de</strong></span> <span class='ocrx_word' id='word_1_62' title='bbox 2657 980 2973 1042; x_wconf 81' lang='lat' dir='ltr'><strong>fructibus</strong></span> <span class='ocrx_word' id='word_1_63' title='bbox 3012 988 3215 1042; x_wconf 83' lang='lat' dir='ltr'><strong>terrae.</strong></span> <span class='ocrx_word' id='word_1_64' title='bbox 3248 979 3315 1040; x_wconf 91' lang='lat' dir='ltr'><strong>In</strong></span> <span class='ocrx_word' id='word_1_65' title='bbox 3354 978 3475 1041; x_wconf 87' lang='lat' dir='ltr'><strong>Ma-</strong></span> 
     </span>
     <span class='ocr_line' id='line_1_6' title="bbox 355 1076 3763 1164; baseline -0.001 -22"><span class='ocrx_word' id='word_1_66' title='bbox 355 1082 862 1164; x_wconf 86' lang='lat' dir='ltr'><strong>reponebantur‚</strong></span> <span class='ocrx_word' id='word_1_67' title='bbox 902 1082 1075 1163; x_wconf 93' lang='lat' dir='ltr'><strong>quod</strong></span> <span class='ocrx_word' id='word_1_68' title='bbox 1115 1080 1439 1144; x_wconf 88' lang='lat' dir='ltr'><strong>communi</strong></span> <span class='ocrx_word' id='word_1_69' title='bbox 1478 1078 1739 1142; x_wconf 90' lang='lat' dir='ltr'><strong>nomine</strong></span> <span class='ocrx_word' id='word_1_70' title='bbox 1765 1095 1871 1158; x_wconf 87' lang='lat' dir='ltr'><strong>ga·</strong></span> <span class='ocrx_word' id='word_1_71' title='bbox 1978 1079 2186 1141; x_wconf 90' lang='lat' dir='ltr'><strong>lachia</strong></span> <span class='ocrx_word' id='word_1_72' title='bbox 2222 1098 2479 1161; x_wconf 90' lang='lat' dir='ltr'><strong>quoque</strong></span> <span class='ocrx_word' id='word_1_73' title='bbox 2520 1079 2788 1141; x_wconf 86' lang='lat' dir='ltr'><strong>habetur</strong></span> <span class='ocrx_word' id='word_1_74' title='bbox 2823 1097 2836 1141; x_wconf 75' lang='grc' dir='ltr'>ε</span> <span class='ocrx_word' id='word_1_75' title='bbox 2872 1078 2933 1141; x_wconf 92' lang='lat' dir='ltr'><strong>Si</strong></span> <span class='ocrx_word' id='word_1_76' title='bbox 2974 1076 3257 1141; x_wconf 76' lang='lat' dir='ltr'><strong>offeratis</strong></span> <span class='ocrx_word' id='word_1_77' title='bbox 3302 1077 3475 1140; x_wconf 85' lang='lat' dir='ltr'><strong>clau-</strong></span> <span class='ocrx_word' id='word_1_78' title='bbox 3514 1099 3763 1151; x_wconf 59' lang='lat' dir='ltr'><strong>uatum,</strong></span> 
     </span>
     <span class='ocr_line' id='line_1_7' title="bbox 353 1167 3543 1262; baseline -0.001 -20"><span class='ocrx_word' id='word_1_79' title='bbox 353 1180 808 1262; x_wconf 81' lang='lat' dir='ltr'><strong>zophylacium</strong></span> <span class='ocrx_word' id='word_1_80' title='bbox 830 1179 1495 1260; x_wconf 88' lang='lat' dir='ltr'><strong>nominabatur:quod</strong></span> <span class='ocrx_word' id='word_1_81' title='bbox 1528 1177 1868 1240; x_wconf 89' lang='lat' dir='ltr'><strong>secundum</strong></span> <span class='ocrx_word' id='word_1_82' title='bbox 1981 1179 2134 1240; x_wconf 91' lang='lat' dir='ltr'><strong>dum</strong></span> <span class='ocrx_word' id='word_1_83' title='bbox 2183 1187 2293 1241; x_wconf 88' lang='lat' dir='ltr'><strong>aut</strong></span> <span class='ocrx_word' id='word_1_84' title='bbox 2341 1179 2734 1260; x_wconf 88' lang='lat' dir='ltr'><strong>languidum,</strong></span> <span class='ocrx_word' id='word_1_85' title='bbox 2778 1195 2991 1241; x_wconf 90' lang='lat' dir='ltr'><strong>nonne</strong></span> <span class='ocrx_word' id='word_1_86' title='bbox 3041 1177 3276 1240; x_wconf 87' lang='lat' dir='ltr'><strong>malum</strong></span> <span class='ocrx_word' id='word_1_87' title='bbox 3324 1185 3421 1239; x_wconf 90' lang='lat' dir='ltr'><strong>est</strong></span> <span class='ocrx_word' id='word_1_88' title='bbox 3447 1179 3471 1238; x_wconf 74' lang='lat'><em>3</em></span> <span class='ocrx_word' id='word_1_89' title='bbox 3502 1167 3543 1207; x_wconf 81' lang='lat'><strong>⁸·</strong></span> 
     </span>
    </p>
   </div>
   <div class='ocr_carea' id='block_1_3' title="bbox 91 5029 282 5078">
    <p class='ocr_par' dir='ltr' id='par_1_3' title="bbox 91 5029 282 5078">
     <span class='ocr_line' id='line_1_8' title="bbox 91 5029 282 5078; baseline 0.042 -8"><span class='ocrx_word' id='word_1_90' title='bbox 91 5029 208 5076; x_wconf 68' lang='lat' dir='ltr'><strong>chr.</strong></span> <span class='ocrx_word' id='word_1_91' title='bbox 217 5049 282 5078; x_wconf 74' lang='lat' dir='ltr'><strong>xxi</strong></span> 
     </span>
    </p>
   </div>
   <div class='ocr_carea' id='block_1_4' title="bbox 350 1276 1870 1758">
    <p class='ocr_par' dir='ltr' id='par_1_4' title="bbox 350 1276 1870 1758">
     <span class='ocr_line' id='line_1_9' title="bbox 351 1276 1870 1360; baseline -0.002 -20"><span class='ocrx_word' id='word_1_92' title='bbox 351 1279 817 1360; x_wconf 86' lang='lat' dir='ltr'><strong>Augustinum,</strong></span> <span class='ocrx_word' id='word_1_93' title='bbox 856 1278 980 1341; x_wconf 80' lang='lat' dir='ltr'><strong>fuit</strong></span> <span class='ocrx_word' id='word_1_94' title='bbox 1015 1297 1160 1340; x_wconf 90' lang='lat' dir='ltr'><strong>arca</strong></span> <span class='ocrx_word' id='word_1_95' title='bbox 1199 1277 1263 1340; x_wconf 91' lang='lat' dir='ltr'><strong>in</strong></span> <span class='ocrx_word' id='word_1_96' title='bbox 1305 1297 1434 1358; x_wconf 86' lang='lat' dir='ltr'><strong>qua</strong></span> <span class='ocrx_word' id='word_1_97' title='bbox 1468 1276 1870 1359; x_wconf 91' lang='lat' dir='ltr'><strong>ponebantur</strong></span> 
     </span>
     <span class='ocr_line' id='line_1_10' title="bbox 350 1375 1869 1440; baseline -0.002 0"><span class='ocrx_word' id='word_1_98' title='bbox 350 1377 719 1440; x_wconf 88' lang='lat' dir='ltr'><strong>oblationes</strong></span> <span class='ocrx_word' id='word_1_99' title='bbox 751 1378 831 1440; x_wconf 87' lang='lat' dir='ltr'><strong>ad</strong></span> <span class='ocrx_word' id='word_1_100' title='bbox 870 1377 1392 1440; x_wconf 81' lang='lat' dir='ltr'><strong>sustentationem</strong></span> <span class='ocrx_word' id='word_1_101' title='bbox 1434 1375 1869 1438; x_wconf 88' lang='lat' dir='ltr'><strong>ministrorum</strong></span> 
     </span>
     <span class='ocr_line' id='line_1_11' title="bbox 352 1475 1870 1559; baseline -0.001 -21"><span class='ocrx_word' id='word_1_102' title='bbox 352 1476 615 1559; x_wconf 87' lang='lat' dir='ltr'><strong>templi,</strong></span> <span class='ocrx_word' id='word_1_103' title='bbox 666 1477 769 1539; x_wconf 87' lang='lat' dir='ltr'><strong>vel</strong></span> <span class='ocrx_word' id='word_1_104' title='bbox 823 1477 1016 1538; x_wconf 90' lang='lat' dir='ltr'><strong>etiam</strong></span> <span class='ocrx_word' id='word_1_105' title='bbox 1075 1476 1153 1537; x_wconf 92' lang='lat' dir='ltr'><strong>ad</strong></span> <span class='ocrx_word' id='word_1_106' title='bbox 1214 1475 1676 1556; x_wconf 83' lang='lat' dir='ltr'><strong>reparationem</strong></span> <span class='ocrx_word' id='word_1_107' title='bbox 1726 1475 1870 1537; x_wconf 78' lang='lat' dir='ltr'><strong>aedi-</strong></span> 
     </span>
     <span class='ocr_line' id='line_1_12' title="bbox 356 1573 1870 1657; baseline -0.001 -20"><span class='ocrx_word' id='word_1_108' title='bbox 356 1574 669 1638; x_wconf 83' lang='lat' dir='ltr'><strong>ficiorum</strong></span> <span class='ocrx_word' id='word_1_109' title='bbox 719 1575 946 1657; x_wconf 91' lang='lat' dir='ltr'><strong>ipsius.</strong></span> <span class='ocrx_word' id='word_1_110' title='bbox 996 1573 1322 1636; x_wconf 86' lang='lat' dir='ltr'><strong>Interdum</strong></span> <span class='ocrx_word' id='word_1_111' title='bbox 1381 1591 1640 1655; x_wconf 82' lang='lat' dir='ltr'><strong>quoque</strong></span> <span class='ocrx_word' id='word_1_112' title='bbox 1690 1591 1870 1654; x_wconf 87' lang='lat' dir='ltr'><strong>gazo-</strong></span> 
     </span>
     <span class='ocr_line' id='line_1_13' title="bbox 357 1671 1870 1758; baseline -0.001 -22"><span class='ocrx_word' id='word_1_113' title='bbox 357 1675 740 1758; x_wconf 80' lang='lat' dir='ltr'><strong>phylacium</strong></span> <span class='ocrx_word' id='word_1_114' title='bbox 789 1673 1024 1735; x_wconf 88' lang='lat' dir='ltr'><strong>dicitur</strong></span> <span class='ocrx_word' id='word_1_115' title='bbox 1062 1673 1238 1735; x_wconf 94' lang='lat' dir='ltr'><strong>locus</strong></span> <span class='ocrx_word' id='word_1_116' title='bbox 1288 1672 1352 1733; x_wconf 91' lang='lat' dir='ltr'><strong>in</strong></span> <span class='ocrx_word' id='word_1_117' title='bbox 1405 1689 1535 1752; x_wconf 92' lang='lat' dir='ltr'><strong>quo</strong></span> <span class='ocrx_word' id='word_1_118' title='bbox 1579 1678 1715 1733; x_wconf 81' lang='lat' dir='ltr'><strong>erat</strong></span> <span class='ocrx_word' id='word_1_119' title='bbox 1752 1671 1870 1734; x_wconf 89' lang='lat' dir='ltr'><strong>hu-</strong></span> 
     </span>
    </p>
   </div>
   <div class='ocr_carea' id='block_1_5' title="bbox 179 1769 1869 1855">
    <p class='ocr_par' dir='ltr' id='par_1_5' title="bbox 179 1769 1869 1855">
     <span class='ocr_line' id='line_1_14' title="bbox 179 1769 1869 1855; baseline 0 -25"><span class='ocrx_word' id='word_1_120' title='bbox 179 1801 322 1838; x_wconf 64' lang='grc' dir='ltr'><strong>ιιιιιι,</strong></span> <span class='ocrx_word' id='word_1_121' title='bbox 353 1773 646 1855; x_wconf 85' lang='lat' dir='ltr'><strong>jusmodi</strong></span> <span class='ocrx_word' id='word_1_122' title='bbox 705 1790 875 1851; x_wconf 82' lang='lat' dir='ltr'><strong>arca,</strong></span> <span class='ocrx_word' id='word_1_123' title='bbox 933 1770 1114 1852; x_wconf 87' lang='lat' dir='ltr'><strong>juxta</strong></span> <span class='ocrx_word' id='word_1_124' title='bbox 1170 1769 1328 1831; x_wconf 89' lang='lat' dir='ltr'><strong>illud</strong></span> <span class='ocrx_word' id='word_1_125' title='bbox 1385 1769 1664 1843; x_wconf 60' lang='lat' dir='ltr'><strong>hannis,</strong></span> <span class='ocrx_word' id='word_1_126' title='bbox 1725 1769 1869 1831; x_wconf 84' lang='lat' dir='ltr'><strong>Haec</strong></span> 
     </span>
    </p>
   </div>
   <div class='ocr_carea' id='block_1_6' title="bbox 1976 1275 3475 1556">
    <p class='ocr_par' dir='ltr' id='par_1_6' title="bbox 1976 1275 3475 1556">
     <span class='ocr_line' id='line_1_15' title="bbox 1979 1275 3471 1358; baseline -0.001 -20"><span class='ocrx_word' id='word_1_127' title='bbox 1979 1275 2155 1339; x_wconf 80' lang='lat' dir='ltr'><strong>Offer</strong></span> <span class='ocrx_word' id='word_1_128' title='bbox 2192 1277 2350 1339; x_wconf 92' lang='lat' dir='ltr'><strong>illud</strong></span> <span class='ocrx_word' id='word_1_129' title='bbox 2390 1277 2535 1339; x_wconf 91' lang='lat' dir='ltr'><strong>duci</strong></span> <span class='ocrx_word' id='word_1_130' title='bbox 2576 1285 2704 1350; x_wconf 90' lang='lat' dir='ltr'><strong>tuo,</strong></span> <span class='ocrx_word' id='word_1_131' title='bbox 2740 1277 2793 1339; x_wconf 90' lang='lat' dir='ltr'><strong>si</strong></span> <span class='ocrx_word' id='word_1_132' title='bbox 2834 1276 3145 1358; x_wconf 86' lang='lat' dir='ltr'><strong>placuerit</strong></span> <span class='ocrx_word' id='word_1_133' title='bbox 3172 1275 3252 1338; x_wconf 90' lang='lat' dir='ltr'><strong>ei.</strong></span> <span class='ocrx_word' id='word_1_134' title='bbox 3286 1275 3471 1348; x_wconf 86' lang='lat' dir='ltr'><strong>Quasi</strong></span> 
     </span>
     <span class='ocr_line' id='line_1_16' title="bbox 1980 1373 3475 1458; baseline -0.002 -21"><span class='ocrx_word' id='word_1_135' title='bbox 1980 1375 2146 1438; x_wconf 81' lang='lat' dir='ltr'><strong>(licat</strong></span> <span class='ocrx_word' id='word_1_136' title='bbox 2196 1395 2209 1438; x_wconf 91' lang='lat'>:</span> <span class='ocrx_word' id='word_1_137' title='bbox 2256 1375 2567 1438; x_wconf 87' lang='lat' dir='ltr'><strong>Terrenus</strong></span> <span class='ocrx_word' id='word_1_138' title='bbox 2615 1376 2913 1458; x_wconf 90' lang='lat' dir='ltr'><strong>princeps</strong></span> <span class='ocrx_word' id='word_1_139' title='bbox 2957 1383 3105 1437; x_wconf 90' lang='lat' dir='ltr'><strong>tuus</strong></span> <span class='ocrx_word' id='word_1_140' title='bbox 3148 1373 3266 1436; x_wconf 89' lang='lat' dir='ltr'><strong>tibi</strong></span> <span class='ocrx_word' id='word_1_141' title='bbox 3311 1373 3475 1435; x_wconf 90' lang='lat' dir='ltr'><strong>indi-</strong></span> 
     </span>
     <span class='ocr_line' id='line_1_17' title="bbox 1976 1471 3475 1556; baseline -0.002 -20"><span class='ocrx_word' id='word_1_142' title='bbox 1976 1483 2300 1556; x_wconf 88' lang='lat' dir='ltr'><strong>gnaretur,</strong></span> <span class='ocrx_word' id='word_1_143' title='bbox 2336 1475 2387 1536; x_wconf 91' lang='lat' dir='ltr'><strong>si</strong></span> <span class='ocrx_word' id='word_1_144' title='bbox 2424 1475 2481 1536; x_wconf 90' lang='lat' dir='ltr'><strong>ei</strong></span> <span class='ocrx_word' id='word_1_145' title='bbox 2518 1473 2784 1537; x_wconf 85' lang='lat' dir='ltr'><strong>offerres</strong></span> <span class='ocrx_word' id='word_1_146' title='bbox 2815 1475 2987 1555; x_wconf 89' lang='lat' dir='ltr'><strong>quod</strong></span> <span class='ocrx_word' id='word_1_147' title='bbox 3018 1472 3209 1536; x_wconf 90' lang='lat' dir='ltr'><strong>vilius</strong></span> <span class='ocrx_word' id='word_1_148' title='bbox 3250 1479 3365 1535; x_wconf 89' lang='lat' dir='ltr'><strong>est.</strong></span> <span class='ocrx_word' id='word_1_149' title='bbox 3400 1471 3475 1534; x_wconf 86' lang='lat' dir='ltr'><strong>Et</strong></span> 
     </span>
    </p>
   </div>
   <div class='ocr_carea' id='block_1_7' title="bbox 1978 1570 3740 1652">
    <p class='ocr_par' dir='ltr' id='par_1_7' title="bbox 1978 1570 3740 1652">
     <span class='ocr_line' id='line_1_18' title="bbox 1978 1570 3740 1652; baseline 0.001 -16"><span class='ocrx_word' id='word_1_150' title='bbox 1978 1575 2210 1636; x_wconf 87' lang='lat' dir='ltr'><strong>iterum</strong></span> <span class='ocrx_word' id='word_1_151' title='bbox 2240 1572 2474 1636; x_wconf 89' lang='lat' dir='ltr'><strong>dicitur</strong></span> <span class='ocrx_word' id='word_1_152' title='bbox 2504 1573 2592 1635; x_wconf 90' lang='lat' dir='ltr'><strong>ibi</strong></span> <span class='ocrx_word' id='word_1_153' title='bbox 2623 1592 2637 1636; x_wconf 91' lang='lat'>:</span> <span class='ocrx_word' id='word_1_154' title='bbox 2664 1572 3028 1635; x_wconf 89' lang='lat' dir='ltr'><strong>Maledictus</strong></span> <span class='ocrx_word' id='word_1_155' title='bbox 3058 1571 3335 1646; x_wconf 80' lang='lat' dir='ltr'><strong>dolosuS,</strong></span> <span class='ocrx_word' id='word_1_156' title='bbox 3358 1570 3473 1652; x_wconf 91' lang='lat' dir='ltr'><strong>qui</strong></span> <span class='ocrx_word' id='word_1_157' title='bbox 3528 1592 3649 1636; x_wconf 72' lang='grc' dir='ltr'><em>ιῡεα.</em></span> <span class='ocrx_word' id='word_1_158' title='bbox 3672 1595 3740 1640; x_wconf 76' lang='lat' dir='ltr'><strong>u.</strong></span> 
     </span>
    </p>
   </div>
   <div class='ocr_carea' id='block_1_8' title="bbox 1977 1670 3477 1834">
    <p class='ocr_par' dir='ltr' id='par_1_8' title="bbox 1977 1670 3477 1834">
     <span class='ocr_line' id='line_1_19' title="bbox 1977 1670 3473 1753; baseline -0.003 -19"><span class='ocrx_word' id='word_1_159' title='bbox 1977 1673 2171 1735; x_wconf 88' lang='lat' dir='ltr'><strong>habet</strong></span> <span class='ocrx_word' id='word_1_160' title='bbox 2220 1673 2283 1734; x_wconf 91' lang='lat' dir='ltr'><strong>in</strong></span> <span class='ocrx_word' id='word_1_161' title='bbox 2330 1690 2520 1753; x_wconf 84' lang='lat' dir='ltr'><strong>grege</strong></span> <span class='ocrx_word' id='word_1_162' title='bbox 2567 1690 2682 1735; x_wconf 91' lang='lat' dir='ltr'><strong>suo</strong></span> <span class='ocrx_word' id='word_1_163' title='bbox 2728 1670 3107 1745; x_wconf 90' lang='lat' dir='ltr'><strong>masculum,</strong></span> <span class='ocrx_word' id='word_1_164' title='bbox 3150 1677 3213 1731; x_wconf 92' lang='lat' dir='ltr'><strong>et</strong></span> <span class='ocrx_word' id='word_1_165' title='bbox 3256 1677 3473 1734; x_wconf 86' lang='lat' dir='ltr'><strong>votum</strong></span> 
     </span>
     <span class='ocr_line' id='line_1_20' title="bbox 1977 1770 3477 1834; baseline -0.003 0"><span class='ocrx_word' id='word_1_166' title='bbox 1977 1771 2221 1834; x_wconf 85' lang='lat' dir='ltr'><strong>faciens</strong></span> <span class='ocrx_word' id='word_1_167' title='bbox 2264 1771 2549 1834; x_wconf 90' lang='lat' dir='ltr'><strong>immolat</strong></span> <span class='ocrx_word' id='word_1_168' title='bbox 2591 1771 2799 1832; x_wconf 92' lang='lat' dir='ltr'><strong>debile</strong></span> <span class='ocrx_word' id='word_1_169' title='bbox 2847 1770 3131 1833; x_wconf 89' lang='lat' dir='ltr'><strong>Domino.</strong></span> <span class='ocrx_word' id='word_1_170' title='bbox 3170 1772 3325 1831; x_wconf 87' lang='lat' dir='ltr'><strong>Hoec</strong></span> <span class='ocrx_word' id='word_1_171' title='bbox 3360 1791 3477 1831; x_wconf 83' lang='lat' dir='ltr'><strong>au-</strong></span> 
     </span>
    </p>
   </div>
   <div class='ocr_carea' id='block_1_9' title="bbox 357 1867 3477 1950">
    <p class='ocr_par' dir='ltr' id='par_1_9' title="bbox 357 1867 3477 1950">
     <span class='ocr_line' id='line_1_21' title="bbox 357 1867 3477 1950; baseline -0.001 -17"><span class='ocrx_word' id='word_1_172' title='bbox 357 1870 564 1934; x_wconf 85' lang='lat' dir='ltr'><strong>verba</strong></span> <span class='ocrx_word' id='word_1_173' title='bbox 610 1871 863 1933; x_wconf 91' lang='lat' dir='ltr'><strong>locutus</strong></span> <span class='ocrx_word' id='word_1_174' title='bbox 913 1877 1007 1930; x_wconf 89' lang='lat' dir='ltr'><strong>est</strong></span> <span class='ocrx_word' id='word_1_175' title='bbox 1051 1869 1229 1930; x_wconf 84' lang='lat' dir='ltr'><strong>Jesus</strong></span> <span class='ocrx_word' id='word_1_176' title='bbox 1279 1868 1346 1930; x_wconf 92' lang='lat' dir='ltr'><strong>in</strong></span> <span class='ocrx_word' id='word_1_177' title='bbox 1395 1868 1863 1949; x_wconf 83' lang='lat' dir='ltr'><strong>gazophylacio,</strong></span> <span class='ocrx_word' id='word_1_178' title='bbox 1907 1874 1953 1936; x_wconf 93' lang='lat' dir='ltr'><strong>B</strong></span> <span class='ocrx_word' id='word_1_179' title='bbox 1983 1881 2106 1931; x_wconf 82' lang='lat' dir='ltr'><strong>tem</strong></span> <span class='ocrx_word' id='word_1_180' title='bbox 2133 1891 2215 1929; x_wconf 72' lang='lat' dir='ltr'><strong>em</strong></span> <span class='ocrx_word' id='word_1_181' title='bbox 2241 1890 2309 1930; x_wconf 88' lang='lat' dir='ltr'><strong>eo</strong></span> <span class='ocrx_word' id='word_1_182' title='bbox 2337 1873 2509 1950; x_wconf 82' lang='lat' dir='ltr'><strong>quod</strong></span> <span class='ocrx_word' id='word_1_183' title='bbox 2542 1872 2709 1930; x_wconf 76' lang='lat' dir='ltr'><strong>deest</strong></span> <span class='ocrx_word' id='word_1_184' title='bbox 2746 1871 2875 1940; x_wconf 81' lang='lat' dir='ltr'><em>illi,</em></span> <span class='ocrx_word' id='word_1_185' title='bbox 2911 1868 2974 1930; x_wconf 94' lang='lat' dir='ltr'><strong>id</strong></span> <span class='ocrx_word' id='word_1_186' title='bbox 3014 1875 3129 1941; x_wconf 92' lang='lat' dir='ltr'><strong>est,</strong></span> <span class='ocrx_word' id='word_1_187' title='bbox 3165 1867 3356 1931; x_wconf 93' lang='lat' dir='ltr'><strong>vidua</strong></span> <span class='ocrx_word' id='word_1_188' title='bbox 3394 1868 3477 1930; x_wconf 86' lang='lat' dir='ltr'><strong>is·</strong></span> 
     </span>
    </p>
   </div>
   <div class='ocr_carea' id='block_1_10' title="bbox 355 1966 1871 2147">
    <p class='ocr_par' dir='ltr' id='par_1_10' title="bbox 355 1966 1871 2147">
     <span class='ocr_line' id='line_1_22' title="bbox 355 1966 1871 2049; baseline -0.004 -17"><span class='ocrx_word' id='word_1_189' title='bbox 355 1971 600 2032; x_wconf 89' lang='lat' dir='ltr'><strong>docens</strong></span> <span class='ocrx_word' id='word_1_190' title='bbox 633 1969 698 2031; x_wconf 91' lang='lat' dir='ltr'><strong>in</strong></span> <span class='ocrx_word' id='word_1_191' title='bbox 729 1968 1002 2049; x_wconf 89' lang='lat' dir='ltr'><strong>templo;</strong></span> <span class='ocrx_word' id='word_1_192' title='bbox 1039 1967 1382 2040; x_wconf 86' lang='lat' dir='ltr'><strong>interdum,</strong></span> <span class='ocrx_word' id='word_1_193' title='bbox 1407 1966 1633 2029; x_wconf 90' lang='lat' dir='ltr'><strong>domus</strong></span> <span class='ocrx_word' id='word_1_194' title='bbox 1667 1983 1871 2028; x_wconf 87' lang='lat' dir='ltr'><strong>sacer-</strong></span> 
     </span>
     <span class='ocr_line' id='line_1_23' title="bbox 356 2065 1871 2147; baseline -0.003 -17"><span class='ocrx_word' id='word_1_195' title='bbox 356 2069 584 2130; x_wconf 83' lang='lat' dir='ltr'><strong>dotum</strong></span> <span class='ocrx_word' id='word_1_196' title='bbox 616 2085 691 2129; x_wconf 85' lang='lat' dir='ltr'><strong>ac</strong></span> <span class='ocrx_word' id='word_1_197' title='bbox 719 2066 1080 2129; x_wconf 84' lang='lat' dir='ltr'><strong>Levitarum</strong></span> <span class='ocrx_word' id='word_1_198' title='bbox 1114 2083 1314 2147; x_wconf 82' lang='lat' dir='ltr'><strong>prope</strong></span> <span class='ocrx_word' id='word_1_199' title='bbox 1343 2065 1687 2145; x_wconf 84' lang='lat' dir='ltr'><strong>templum3</strong></span> <span class='ocrx_word' id='word_1_200' title='bbox 1723 2083 1871 2126; x_wconf 91' lang='lat' dir='ltr'><strong>non-</strong></span> 
     </span>
    </p>
   </div>
   <div class='ocr_carea' id='block_1_11' title="bbox 356 2161 1872 2247">
    <p class='ocr_par' dir='ltr' id='par_1_11' title="bbox 356 2161 1872 2247">
     <span class='ocr_line' id='line_1_24' title="bbox 356 2161 1872 2247; baseline -0.003 -20"><span class='ocrx_word' id='word_1_201' title='bbox 356 2184 725 2247; x_wconf 86' lang='lat' dir='ltr'><strong>nunquam,</strong></span> <span class='ocrx_word' id='word_1_202' title='bbox 770 2165 1072 2226; x_wconf 87' lang='lat' dir='ltr'><strong>horreum</strong></span> <span class='ocrx_word' id='word_1_203' title='bbox 1117 2161 1550 2226; x_wconf 88' lang='lat' dir='ltr'><strong>collocationis</strong></span> <span class='ocrx_word' id='word_1_204' title='bbox 1599 2161 1872 2244; x_wconf 90' lang='lat' dir='ltr'><strong>primiti-</strong></span> 
     </span>
    </p>
   </div>
   <div class='ocr_carea' id='block_1_12' title="bbox 344 2261 1870 3033">
    <p class='ocr_par' dir='ltr' id='par_1_12' title="bbox 351 2261 1870 2820">
     <span class='ocr_line' id='line_1_25' title="bbox 351 2261 1864 2344; baseline -0.003 -18"><span class='ocrx_word' id='word_1_205' title='bbox 351 2283 545 2326; x_wconf 87' lang='lat' dir='ltr'><strong>arum</strong></span> <span class='ocrx_word' id='word_1_206' title='bbox 606 2283 680 2325; x_wconf 89' lang='lat' dir='ltr'><strong>ae</strong></span> <span class='ocrx_word' id='word_1_207' title='bbox 738 2263 1154 2325; x_wconf 87' lang='lat' dir='ltr'><strong>decimarum.</strong></span> <span class='ocrx_word' id='word_1_208' title='bbox 1207 2261 1637 2344; x_wconf 77' lang='lat' dir='ltr'><strong>SpIritualiter</strong></span> <span class='ocrx_word' id='word_1_209' title='bbox 1693 2279 1864 2334; x_wconf 88' lang='lat' dir='ltr'><strong>vero,</strong></span> 
     </span>
     <span class='ocr_line' id='line_1_26' title="bbox 351 2359 1870 2440; baseline -0.001 -16"><span class='ocrx_word' id='word_1_210' title='bbox 351 2382 508 2425; x_wconf 88' lang='lat' dir='ltr'><strong>arca</strong></span> <span class='ocrx_word' id='word_1_211' title='bbox 566 2361 676 2424; x_wconf 88' lang='lat' dir='ltr'><strong>Dei</strong></span> <span class='ocrx_word' id='word_1_212' title='bbox 736 2361 820 2423; x_wconf 89' lang='lat' dir='ltr'><strong>sit</strong></span> <span class='ocrx_word' id='word_1_213' title='bbox 877 2361 1090 2423; x_wconf 87' lang='lat' dir='ltr'><strong>anima</strong></span> <span class='ocrx_word' id='word_1_214' title='bbox 1147 2367 1382 2433; x_wconf 88' lang='lat' dir='ltr'><strong>nostra,</strong></span> <span class='ocrx_word' id='word_1_215' title='bbox 1435 2359 1501 2421; x_wconf 90' lang='lat' dir='ltr'><strong>in</strong></span> <span class='ocrx_word' id='word_1_216' title='bbox 1561 2379 1688 2440; x_wconf 91' lang='lat' dir='ltr'><strong>qua</strong></span> <span class='ocrx_word' id='word_1_217' title='bbox 1745 2359 1870 2423; x_wconf 94' lang='lat' dir='ltr'><strong>Deo</strong></span> 
     </span>
     <span class='ocr_line' id='line_1_27' title="bbox 352 2457 1869 2543; baseline -0.002 -21"><span class='ocrx_word' id='word_1_218' title='bbox 352 2461 654 2543; x_wconf 91' lang='lat' dir='ltr'><strong>quotidie</strong></span> <span class='ocrx_word' id='word_1_219' title='bbox 686 2458 1034 2523; x_wconf 76' lang='lat' dir='ltr'><strong>offeramus</strong></span> <span class='ocrx_word' id='word_1_220' title='bbox 1067 2457 1458 2520; x_wconf 85' lang='lat' dir='ltr'><strong>sacrificium</strong></span> <span class='ocrx_word' id='word_1_221' title='bbox 1489 2457 1717 2532; x_wconf 91' lang='lat' dir='ltr'><strong>laudis,</strong></span> <span class='ocrx_word' id='word_1_222' title='bbox 1738 2458 1869 2539; x_wconf 83' lang='lat' dir='ltr'><strong>thy-</strong></span> 
     </span>
     <span class='ocr_line' id='line_1_28' title="bbox 353 2554 1868 2638; baseline -0.003 -16"><span class='ocrx_word' id='word_1_223' title='bbox 353 2559 600 2622; x_wconf 88' lang='lat' dir='ltr'><strong>miama</strong></span> <span class='ocrx_word' id='word_1_224' title='bbox 629 2560 872 2622; x_wconf 82' lang='lat' dir='ltr'><strong>devotae</strong></span> <span class='ocrx_word' id='word_1_225' title='bbox 901 2557 1221 2632; x_wconf 77' lang='lat' dir='ltr'><strong>orationiS,</strong></span> <span class='ocrx_word' id='word_1_226' title='bbox 1245 2558 1454 2638; x_wconf 87' lang='lat' dir='ltr'><strong>ignem</strong></span> <span class='ocrx_word' id='word_1_227' title='bbox 1480 2554 1868 2620; x_wconf 84' lang='lat' dir='ltr'><strong>fervidorum</strong></span> 
     </span>
     <span class='ocr_line' id='line_1_29' title="bbox 351 2655 1866 2738; baseline -0.003 -18"><span class='ocrx_word' id='word_1_228' title='bbox 351 2657 717 2721; x_wconf 79' lang='lat' dir='ltr'><strong>affectuum</strong></span> <span class='ocrx_word' id='word_1_229' title='bbox 777 2655 1078 2730; x_wconf 81' lang='lat' dir='ltr'><strong>caritatiS,</strong></span> <span class='ocrx_word' id='word_1_230' title='bbox 1138 2663 1202 2718; x_wconf 91' lang='lat' dir='ltr'><strong>et</strong></span> <span class='ocrx_word' id='word_1_231' title='bbox 1259 2655 1866 2738; x_wconf 90' lang='lat' dir='ltr'><strong>contemplationum</strong></span> 
     </span>
     <span class='ocr_line' id='line_1_30' title="bbox 353 2775 689 2820; baseline -0.003 -2"><span class='ocrx_word' id='word_1_232' title='bbox 353 2775 689 2820; x_wconf 80' lang='lat' dir='ltr'><strong>excessus,</strong></span> 
     </span>
    </p>

    <p class='ocr_par' dir='ltr' id='par_1_13' title="bbox 344 2854 1867 3033">
     <span class='ocr_line' id='line_1_31' title="bbox 459 2854 1867 2933; baseline -0.004 -15"><span class='ocrx_word' id='word_1_233' title='bbox 459 2858 642 2918; x_wconf 74' lang='lat' dir='ltr'><strong>Vidit</strong></span> <span class='ocrx_word' id='word_1_234' title='bbox 671 2865 890 2916; x_wconf 82' lang='lat' dir='ltr'><strong>autem</strong></span> <span class='ocrx_word' id='word_1_235' title='bbox 919 2865 980 2916; x_wconf 75' lang='lat' dir='ltr'><strong>ec</strong></span> <span class='ocrx_word' id='word_1_236' title='bbox 1009 2856 1366 2933; x_wconf 81' lang='lat' dir='ltr'><strong>quamdam</strong></span> <span class='ocrx_word' id='word_1_237' title='bbox 1399 2854 1668 2914; x_wconf 81' lang='lat' dir='ltr'><strong>viduam</strong></span> <span class='ocrx_word' id='word_1_238' title='bbox 1697 2873 1867 2931; x_wconf 81' lang='lat' dir='ltr'><strong>pau-</strong></span> 
     </span>
     <span class='ocr_line' id='line_1_32' title="bbox 344 2949 1866 3033; baseline -0.003 -17"><span class='ocrx_word' id='word_1_239' title='bbox 344 2959 696 3032; x_wconf 77' lang='lat' dir='ltr'><strong>perculam</strong></span> <span class='ocrx_word' id='word_1_240' title='bbox 715 2955 1070 3014; x_wconf 73' lang='lat' dir='ltr'><strong>mittentem</strong></span> <span class='ocrx_word' id='word_1_241' title='bbox 1097 2952 1164 3013; x_wconf 92' lang='lat' dir='ltr'><strong>in</strong></span> <span class='ocrx_word' id='word_1_242' title='bbox 1193 2949 1713 3033; x_wconf 83' lang='lat' dir='ltr'><strong>gazophylacium</strong></span> <span class='ocrx_word' id='word_1_243' title='bbox 1732 2971 1866 3012; x_wconf 71' lang='grc' dir='ltr'><strong>(ενα</strong></span> 
     </span>
    </p>
   </div>
   <div class='ocr_carea' id='block_1_13' title="bbox 1973 1965 3477 3036">
    <p class='ocr_par' dir='ltr' id='par_1_14' title="bbox 1973 1965 3477 3036">
     <span class='ocr_line' id='line_1_33' title="bbox 1981 1965 3473 2049; baseline -0.001 -20"><span class='ocrx_word' id='word_1_244' title='bbox 1981 1975 2043 2029; x_wconf 90' lang='lat' dir='ltr'><strong>ta</strong></span> <span class='ocrx_word' id='word_1_245' title='bbox 2082 1967 2469 2049; x_wconf 85' lang='lat' dir='ltr'><strong>paupercula</strong></span> <span class='ocrx_word' id='word_1_246' title='bbox 2498 1985 2576 2028; x_wconf 86' lang='lat' dir='ltr'><strong>ex</strong></span> <span class='ocrx_word' id='word_1_247' title='bbox 2605 1975 2857 2028; x_wconf 89' lang='lat' dir='ltr'><strong>terrena</strong></span> <span class='ocrx_word' id='word_1_248' title='bbox 2894 1965 3244 2028; x_wconf 89' lang='lat' dir='ltr'><strong>substantia</strong></span> <span class='ocrx_word' id='word_1_249' title='bbox 3280 1984 3473 2047; x_wconf 88' lang='lat' dir='ltr'><strong>quam</strong></span> 
     </span>
     <span class='ocr_line' id='line_1_34' title="bbox 1983 2065 3477 2144; baseline -0.001 -17"><span class='ocrx_word' id='word_1_250' title='bbox 1983 2084 2108 2129; x_wconf 90' lang='lat' dir='ltr'><strong>non</strong></span> <span class='ocrx_word' id='word_1_251' title='bbox 2142 2065 2352 2138; x_wconf 84' lang='lat' dir='ltr'><strong>habet,</strong></span> <span class='ocrx_word' id='word_1_252' title='bbox 2370 2085 2623 2125; x_wconf 80' lang='lat' dir='ltr'><strong>omnem</strong></span> <span class='ocrx_word' id='word_1_253' title='bbox 2655 2067 2900 2125; x_wconf 79' lang='lat' dir='ltr'><strong>victum</strong></span> <span class='ocrx_word' id='word_1_254' title='bbox 2926 2084 3121 2125; x_wconf 78' lang='lat' dir='ltr'><strong>suum</strong></span> <span class='ocrx_word' id='word_1_255' title='bbox 3150 2085 3337 2144; x_wconf 81' lang='lat' dir='ltr'><strong>quem</strong></span> <span class='ocrx_word' id='word_1_256' title='bbox 3367 2066 3477 2126; x_wconf 75' lang='lat' dir='ltr'><strong>ha·</strong></span> 
     </span>
     <span class='ocr_line' id='line_1_35' title="bbox 1980 2162 3471 2244; baseline -0.001 -18"><span class='ocrx_word' id='word_1_257' title='bbox 1980 2167 2144 2234; x_wconf 81' lang='lat' dir='ltr'><strong>buit,</strong></span> <span class='ocrx_word' id='word_1_258' title='bbox 2199 2165 2400 2231; x_wconf 78' lang='lat' dir='ltr'><strong>misit,</strong></span> <span class='ocrx_word' id='word_1_259' title='bbox 2461 2163 2525 2225; x_wconf 93' lang='lat' dir='ltr'><strong>id</strong></span> <span class='ocrx_word' id='word_1_260' title='bbox 2581 2170 2696 2236; x_wconf 91' lang='lat' dir='ltr'><strong>est,</strong></span> <span class='ocrx_word' id='word_1_261' title='bbox 2758 2163 2823 2225; x_wconf 93' lang='lat' dir='ltr'><strong>id</strong></span> <span class='ocrx_word' id='word_1_262' title='bbox 2880 2163 3091 2244; x_wconf 90' lang='lat' dir='ltr'><strong>ipsum</strong></span> <span class='ocrx_word' id='word_1_263' title='bbox 3152 2162 3471 2225; x_wconf 88' lang='lat' dir='ltr'><strong>modicum</strong></span> 
     </span>
     <span class='ocr_line' id='line_1_36' title="bbox 1979 2261 3477 2345; baseline -0.001 -21"><span class='ocrx_word' id='word_1_264' title='bbox 1979 2263 2150 2345; x_wconf 93' lang='lat' dir='ltr'><strong>quod</strong></span> <span class='ocrx_word' id='word_1_265' title='bbox 2191 2262 2435 2336; x_wconf 90' lang='lat' dir='ltr'><strong>habuit,</strong></span> <span class='ocrx_word' id='word_1_266' title='bbox 2470 2280 2547 2324; x_wconf 88' lang='lat' dir='ltr'><strong>ex</strong></span> <span class='ocrx_word' id='word_1_267' title='bbox 2577 2280 2705 2342; x_wconf 91' lang='lat' dir='ltr'><strong>quo</strong></span> <span class='ocrx_word' id='word_1_268' title='bbox 2737 2279 2805 2324; x_wconf 92' lang='lat' dir='ltr'><strong>se</strong></span> <span class='ocrx_word' id='word_1_269' title='bbox 2832 2261 3301 2342; x_wconf 90' lang='lat' dir='ltr'><strong>aliquantulum</strong></span> <span class='ocrx_word' id='word_1_270' title='bbox 3340 2280 3477 2322; x_wconf 88' lang='lat' dir='ltr'><strong>sus-</strong></span> 
     </span>
     <span class='ocr_line' id='line_1_37' title="bbox 1978 2358 3472 2443; baseline -0.001 -20"><span class='ocrx_word' id='word_1_271' title='bbox 1978 2368 2222 2424; x_wconf 88' lang='lat' dir='ltr'><strong>tentare</strong></span> <span class='ocrx_word' id='word_1_272' title='bbox 2279 2360 2505 2443; x_wconf 91' lang='lat' dir='ltr'><strong>potuit,</strong></span> <span class='ocrx_word' id='word_1_273' title='bbox 2557 2360 2809 2424; x_wconf 88' lang='lat' dir='ltr'><strong>obtulit.</strong></span> <span class='ocrx_word' id='word_1_274' title='bbox 2862 2358 3094 2441; x_wconf 91' lang='lat' dir='ltr'><strong>Sicque</strong></span> <span class='ocrx_word' id='word_1_275' title='bbox 3153 2360 3472 2423; x_wconf 90' lang='lat' dir='ltr'><strong>modicum</strong></span> 
     </span>
     <span class='ocr_line' id='line_1_38' title="bbox 1979 2457 3475 2540; baseline -0.001 -19"><span class='ocrx_word' id='word_1_276' title='bbox 1979 2459 2166 2534; x_wconf 89' lang='lat' dir='ltr'><strong>istud,</strong></span> <span class='ocrx_word' id='word_1_277' title='bbox 2211 2459 2335 2521; x_wconf 80' lang='lat' dir='ltr'><strong>fuit</strong></span> <span class='ocrx_word' id='word_1_278' title='bbox 2383 2478 2528 2540; x_wconf 89' lang='lat' dir='ltr'><strong>pars</strong></span> <span class='ocrx_word' id='word_1_279' title='bbox 2576 2465 2843 2520; x_wconf 80' lang='lat' dir='ltr'><strong>terrenae</strong></span> <span class='ocrx_word' id='word_1_280' title='bbox 2890 2457 3259 2521; x_wconf 85' lang='lat' dir='ltr'><strong>substantiae</strong></span> <span class='ocrx_word' id='word_1_281' title='bbox 3306 2477 3475 2520; x_wconf 89' lang='lat' dir='ltr'><strong>com-</strong></span> 
     </span>
     <span class='ocr_line' id='line_1_39' title="bbox 1976 2556 3473 2640; baseline -0.001 -19"><span class='ocrx_word' id='word_1_282' title='bbox 1976 2558 2257 2621; x_wconf 89' lang='lat' dir='ltr'><strong>muniter</strong></span> <span class='ocrx_word' id='word_1_283' title='bbox 2294 2566 2585 2640; x_wconf 81' lang='lat' dir='ltr'><strong>sumptae,</strong></span> <span class='ocrx_word' id='word_1_284' title='bbox 2620 2558 2697 2619; x_wconf 91' lang='lat' dir='ltr'><strong>de</strong></span> <span class='ocrx_word' id='word_1_285' title='bbox 2726 2575 2855 2638; x_wconf 90' lang='lat' dir='ltr'><strong>qua</strong></span> <span class='ocrx_word' id='word_1_286' title='bbox 2884 2556 3021 2638; x_wconf 88' lang='lat' dir='ltr'><strong>ipsa</strong></span> <span class='ocrx_word' id='word_1_287' title='bbox 3059 2575 3285 2639; x_wconf 87' lang='lat' dir='ltr'><strong>parum</strong></span> <span class='ocrx_word' id='word_1_288' title='bbox 3316 2556 3473 2638; x_wconf 90' lang='lat' dir='ltr'><strong>quid</strong></span> 
     </span>
     <span class='ocr_line' id='line_1_40' title="bbox 1975 2653 3476 2738; baseline -0.003 -19"><span class='ocrx_word' id='word_1_289' title='bbox 1975 2656 2223 2720; x_wconf 89' lang='lat' dir='ltr'><strong>habuit.</strong></span> <span class='ocrx_word' id='word_1_290' title='bbox 2267 2655 2341 2718; x_wconf 84' lang='lat' dir='ltr'><strong>Et</strong></span> <span class='ocrx_word' id='word_1_291' title='bbox 2387 2657 2555 2738; x_wconf 91' lang='lat' dir='ltr'><strong>quod</strong></span> <span class='ocrx_word' id='word_1_292' title='bbox 2605 2655 2713 2730; x_wconf 90' lang='lat' dir='ltr'><strong>ait,</strong></span> <span class='ocrx_word' id='word_1_293' title='bbox 2765 2653 3030 2717; x_wconf 90' lang='lat' dir='ltr'><strong>Omnem</strong></span> <span class='ocrx_word' id='word_1_294' title='bbox 3080 2655 3321 2716; x_wconf 86' lang='lat' dir='ltr'><strong>victum</strong></span> <span class='ocrx_word' id='word_1_295' title='bbox 3371 2675 3476 2716; x_wconf 91' lang='lat' dir='ltr'><strong>su-</strong></span> 
     </span>
     <span class='ocr_line' id='line_1_41' title="bbox 1978 2752 3468 2836; baseline -0.003 -18"><span class='ocrx_word' id='word_1_296' title='bbox 1978 2776 2110 2834; x_wconf 90' lang='lat' dir='ltr'><strong>um,</strong></span> <span class='ocrx_word' id='word_1_297' title='bbox 2153 2763 2300 2831; x_wconf 90' lang='lat' dir='ltr'><strong>etc.‚</strong></span> <span class='ocrx_word' id='word_1_298' title='bbox 2338 2753 2607 2835; x_wconf 86' lang='lat' dir='ltr'><strong>intelligi</strong></span> <span class='ocrx_word' id='word_1_299' title='bbox 2651 2761 2857 2836; x_wconf 89' lang='lat' dir='ltr'><strong>potest</strong></span> <span class='ocrx_word' id='word_1_300' title='bbox 2894 2753 3030 2815; x_wconf 87' lang='lat' dir='ltr'><strong>sive</strong></span> <span class='ocrx_word' id='word_1_301' title='bbox 3070 2752 3468 2834; x_wconf 89' lang='lat' dir='ltr'><strong>simpliciter,</strong></span> 
     </span>
     <span class='ocr_line' id='line_1_42' title="bbox 1974 2851 3467 2936; baseline -0.004 -18"><span class='ocrx_word' id='word_1_302' title='bbox 1974 2856 2062 2918; x_wconf 88' lang='lat' dir='ltr'><strong>ita</strong></span> <span class='ocrx_word' id='word_1_303' title='bbox 2097 2856 2270 2936; x_wconf 91' lang='lat' dir='ltr'><strong>quod</strong></span> <span class='ocrx_word' id='word_1_304' title='bbox 2302 2855 2379 2916; x_wconf 86' lang='lat' dir='ltr'><strong>de</strong></span> <span class='ocrx_word' id='word_1_305' title='bbox 2410 2853 2793 2915; x_wconf 84' lang='lat' dir='ltr'><strong>numismate</strong></span> <span class='ocrx_word' id='word_1_306' title='bbox 2823 2852 2984 2914; x_wconf 88' lang='lat' dir='ltr'><strong>nihil</strong></span> <span class='ocrx_word' id='word_1_307' title='bbox 3025 2851 3287 2914; x_wconf 88' lang='lat' dir='ltr'><strong>retinuit</strong></span> <span class='ocrx_word' id='word_1_308' title='bbox 3322 2851 3467 2925; x_wconf 91' lang='lat' dir='ltr'><strong>sihi,</strong></span> 
     </span>
     <span class='ocr_line' id='line_1_43' title="bbox 1973 2948 3467 3036; baseline -0.004 -19"><span class='ocrx_word' id='word_1_309' title='bbox 1973 2948 2082 3017; x_wconf 82' lang='lat' dir='ltr'><strong>&#39;aut</strong></span> <span class='ocrx_word' id='word_1_310' title='bbox 2140 2972 2254 3036; x_wconf 89' lang='lat' dir='ltr'><strong>per</strong></span> <span class='ocrx_word' id='word_1_311' title='bbox 2313 2953 2572 3015; x_wconf 89' lang='lat' dir='ltr'><strong>modum</strong></span> <span class='ocrx_word' id='word_1_312' title='bbox 2629 2950 3056 3033; x_wconf 79' lang='lat' dir='ltr'><strong>hyperbolicae</strong></span> <span class='ocrx_word' id='word_1_313' title='bbox 3108 2949 3467 3027; x_wconf 87' lang='lat' dir='ltr'><strong>locutionis,</strong></span> 
     </span>
    </p>
   </div>
   <div class='ocr_carea' id='block_1_14' title="bbox 352 3048 3217 3136">
    <p class='ocr_par' dir='ltr' id='par_1_15' title="bbox 352 3048 3217 3136">
     <span class='ocr_line' id='line_1_44' title="bbox 352 3048 3217 3136; baseline -0.001 -22"><span class='ocrx_word' id='word_1_314' title='bbox 352 3055 625 3114; x_wconf 80' lang='lat' dir='ltr'><strong>minuta</strong></span> <span class='ocrx_word' id='word_1_315' title='bbox 673 3055 827 3122; x_wconf 81' lang='lat' dir='ltr'><strong>duc,</strong></span> <span class='ocrx_word' id='word_1_316' title='bbox 871 3051 934 3113; x_wconf 92' lang='lat' dir='ltr'><strong>id</strong></span> <span class='ocrx_word' id='word_1_317' title='bbox 982 3059 1078 3113; x_wconf 90' lang='lat' dir='ltr'><strong>est</strong></span> <span class='ocrx_word' id='word_1_318' title='bbox 1128 3051 1284 3112; x_wconf 89' lang='lat' dir='ltr'><strong>duos</strong></span> <span class='ocrx_word' id='word_1_319' title='bbox 1335 3049 1597 3130; x_wconf 86' lang='lat' dir='ltr'><strong>exiguos</strong></span> <span class='ocrx_word' id='word_1_320' title='bbox 1645 3048 1864 3112; x_wconf 90' lang='lat' dir='ltr'><strong>obolos</strong></span> <span class='ocrx_word' id='word_1_321' title='bbox 1903 3055 1946 3118; x_wconf 89' lang='lat' dir='ltr'>C</span> <span class='ocrx_word' id='word_1_322' title='bbox 1975 3072 2102 3136; x_wconf 90' lang='lat' dir='ltr'><strong>quo</strong></span> <span class='ocrx_word' id='word_1_323' title='bbox 2144 3052 2389 3134; x_wconf 89' lang='lat' dir='ltr'><strong>aliquid</strong></span> <span class='ocrx_word' id='word_1_324' title='bbox 2432 3051 2665 3114; x_wconf 87' lang='lat' dir='ltr'><strong>dicitur</strong></span> <span class='ocrx_word' id='word_1_325' title='bbox 2709 3069 2823 3132; x_wconf 92' lang='lat' dir='ltr'><strong>per</strong></span> <span class='ocrx_word' id='word_1_326' title='bbox 2864 3067 3217 3113; x_wconf 88' lang='lat' dir='ltr'><strong>excessum.</strong></span> 
     </span>
    </p>
   </div>
   <div class='ocr_carea' id='block_1_15' title="bbox 349 3149 1867 4214">
    <p class='ocr_par' dir='ltr' id='par_1_16' title="bbox 349 3149 1867 4214">
     <span class='ocr_line' id='line_1_45' title="bbox 351 3149 1861 3228; baseline -0.001 -16"><span class='ocrx_word' id='word_1_327' title='bbox 351 3150 561 3214; x_wconf 80' lang='lat' dir='ltr'><strong>factos</strong></span> <span class='ocrx_word' id='word_1_328' title='bbox 603 3152 684 3213; x_wconf 90' lang='lat' dir='ltr'><strong>de</strong></span> <span class='ocrx_word' id='word_1_329' title='bbox 731 3169 877 3224; x_wconf 65' lang='lat' dir='ltr'><strong>aare,</strong></span> <span class='ocrx_word' id='word_1_330' title='bbox 921 3167 1048 3212; x_wconf 90' lang='lat' dir='ltr'><strong>non</strong></span> <span class='ocrx_word' id='word_1_331' title='bbox 1091 3149 1169 3211; x_wconf 92' lang='lat' dir='ltr'><strong>de</strong></span> <span class='ocrx_word' id='word_1_332' title='bbox 1206 3155 1466 3228; x_wconf 87' lang='lat' dir='ltr'><strong>argento</strong></span> <span class='ocrx_word' id='word_1_333' title='bbox 1513 3154 1622 3209; x_wconf 88' lang='lat' dir='ltr'><strong>aut</strong></span> <span class='ocrx_word' id='word_1_334' title='bbox 1657 3166 1812 3210; x_wconf 88' lang='lat' dir='ltr'><strong>auro</strong></span> <span class='ocrx_word' id='word_1_335' title='bbox 1847 3165 1861 3209; x_wconf 94' lang='lat'><strong>:</strong></span> 
     </span>
     <span class='ocr_line' id='line_1_46' title="bbox 350 3245 1867 3331; baseline -0.002 -20"><span class='ocrx_word' id='word_1_336' title='bbox 350 3249 474 3331; x_wconf 94' lang='lat' dir='ltr'><strong>qui</strong></span> <span class='ocrx_word' id='word_1_337' title='bbox 543 3250 900 3312; x_wconf 89' lang='lat' dir='ltr'><strong>secundum</strong></span> <span class='ocrx_word' id='word_1_338' title='bbox 967 3248 1508 3330; x_wconf 77' lang='lat' dir='ltr'><strong>chrysostomum,</strong></span> <span class='ocrx_word' id='word_1_339' title='bbox 1571 3245 1867 3308; x_wconf 85' lang='lat' dir='ltr'><strong>valebant</strong></span> 
     </span>
     <span class='ocr_line' id='line_1_47' title="bbox 351 3345 1863 3429; baseline -0.003 -21"><span class='ocrx_word' id='word_1_340' title='bbox 351 3355 656 3429; x_wconf 85' lang='lat' dir='ltr'><strong>quartam</strong></span> <span class='ocrx_word' id='word_1_341' title='bbox 689 3353 934 3429; x_wconf 86' lang='lat' dir='ltr'><strong>partem</strong></span> <span class='ocrx_word' id='word_1_342' title='bbox 966 3345 1208 3408; x_wconf 87' lang='lat' dir='ltr'><strong>denarii</strong></span> <span class='ocrx_word' id='word_1_343' title='bbox 1241 3345 1502 3407; x_wconf 82' lang='lat' dir='ltr'><strong>usualiS.</strong></span> <span class='ocrx_word' id='word_1_344' title='bbox 1522 3345 1610 3406; x_wconf 82' lang='lat' dir='ltr'><strong>Et</strong></span> <span class='ocrx_word' id='word_1_345' title='bbox 1637 3347 1816 3405; x_wconf 72' lang='lat' dir='ltr'><strong>dimit</strong></span> <span class='ocrx_word' id='word_1_346' title='bbox 1841 3365 1863 3404; x_wconf 83' lang='lat'><strong>.-</strong></span> 
     </span>
     <span class='ocr_line' id='line_1_48' title="bbox 357 3442 1866 3525; baseline -0.004 -17"><span class='ocrx_word' id='word_1_347' title='bbox 357 3449 517 3508; x_wconf 77' lang='lat' dir='ltr'><strong>Vcre</strong></span> <span class='ocrx_word' id='word_1_348' title='bbox 552 3447 698 3506; x_wconf 85' lang='lat' dir='ltr'><strong>dico</strong></span> <span class='ocrx_word' id='word_1_349' title='bbox 745 3447 914 3505; x_wconf 80' lang='lat' dir='ltr'><strong>vobis</strong></span> <span class='ocrx_word' id='word_1_350' title='bbox 961 3443 1296 3525; x_wconf 89' lang='lat' dir='ltr'><strong>discipulis</strong></span> <span class='ocrx_word' id='word_1_351' title='bbox 1346 3442 1529 3516; x_wconf 79' lang='lat' dir='ltr'><strong>meiS,</strong></span> <span class='ocrx_word' id='word_1_352' title='bbox 1571 3445 1731 3523; x_wconf 78' lang='lat' dir='ltr'><strong>quia</strong></span> <span class='ocrx_word' id='word_1_353' title='bbox 1769 3444 1866 3502; x_wconf 84' lang='lat' dir='ltr'><strong>vi-</strong></span> 
     </span>
     <span class='ocr_line' id='line_1_49' title="bbox 349 3543 1859 3622; baseline -0.003 -17"><span class='ocrx_word' id='word_1_354' title='bbox 349 3547 496 3605; x_wconf 77' lang='lat' dir='ltr'><strong>dua</strong></span> <span class='ocrx_word' id='word_1_355' title='bbox 534 3547 670 3606; x_wconf 77' lang='lat' dir='ltr'><strong>hoec</strong></span> <span class='ocrx_word' id='word_1_356' title='bbox 700 3563 954 3621; x_wconf 80' lang='lat' dir='ltr'><strong>pauper</strong></span> <span class='ocrx_word' id='word_1_357' title='bbox 983 3545 1140 3621; x_wconf 75' lang='lat' dir='ltr'><strong>plus</strong></span> <span class='ocrx_word' id='word_1_358' title='bbox 1177 3563 1374 3622; x_wconf 77' lang='lat' dir='ltr'><strong>quam</strong></span> <span class='ocrx_word' id='word_1_359' title='bbox 1407 3560 1622 3602; x_wconf 75' lang='lat' dir='ltr'><strong>omnes</strong></span> <span class='ocrx_word' id='word_1_360' title='bbox 1663 3543 1859 3614; x_wconf 77' lang='lat' dir='ltr'><strong>misit,</strong></span> 
     </span>
     <span class='ocr_line' id='line_1_50' title="bbox 352 3639 1864 3718; baseline -0.001 -14"><span class='ocrx_word' id='word_1_361' title='bbox 352 3642 420 3705; x_wconf 91' lang='lat' dir='ltr'><strong>id</strong></span> <span class='ocrx_word' id='word_1_362' title='bbox 465 3651 585 3718; x_wconf 90' lang='lat' dir='ltr'><strong>est,</strong></span> <span class='ocrx_word' id='word_1_363' title='bbox 614 3642 841 3705; x_wconf 87' lang='lat' dir='ltr'><strong>ceteris</strong></span> <span class='ocrx_word' id='word_1_364' title='bbox 880 3640 1181 3706; x_wconf 88' lang='lat' dir='ltr'><strong>omnibus</strong></span> <span class='ocrx_word' id='word_1_365' title='bbox 1221 3640 1327 3703; x_wconf 89' lang='lat' dir='ltr'><strong>hic</strong></span> <span class='ocrx_word' id='word_1_366' title='bbox 1365 3640 1552 3703; x_wconf 91' lang='lat' dir='ltr'><strong>modo</strong></span> <span class='ocrx_word' id='word_1_367' title='bbox 1590 3639 1864 3704; x_wconf 82' lang='lat' dir='ltr'><strong>offeren-</strong></span> 
     </span>
     <span class='ocr_line' id='line_1_51' title="bbox 349 3738 1864 3821; baseline -0.001 -19"><span class='ocrx_word' id='word_1_368' title='bbox 349 3741 536 3802; x_wconf 90' lang='lat' dir='ltr'><strong>tibus</strong></span> <span class='ocrx_word' id='word_1_369' title='bbox 570 3740 714 3821; x_wconf 90' lang='lat' dir='ltr'><strong>plus</strong></span> <span class='ocrx_word' id='word_1_370' title='bbox 745 3739 978 3803; x_wconf 90' lang='lat' dir='ltr'><strong>obtulit</strong></span> <span class='ocrx_word' id='word_1_371' title='bbox 1012 3757 1025 3801; x_wconf 92' lang='lat'><strong>:</strong></span> <span class='ocrx_word' id='word_1_372' title='bbox 1065 3739 1233 3821; x_wconf 80' lang='lat' dir='ltr'><strong>pluS‚</strong></span> <span class='ocrx_word' id='word_1_373' title='bbox 1270 3738 1555 3819; x_wconf 90' lang='lat' dir='ltr'><strong>inquam,</strong></span> <span class='ocrx_word' id='word_1_374' title='bbox 1589 3757 1716 3800; x_wconf 91' lang='lat' dir='ltr'><strong>non</strong></span> <span class='ocrx_word' id='word_1_375' title='bbox 1751 3757 1864 3821; x_wconf 92' lang='lat' dir='ltr'><strong>per</strong></span> 
     </span>
     <span class='ocr_line' id='line_1_52' title="bbox 353 3835 1863 3920; baseline 0 -20"><span class='ocrx_word' id='word_1_376' title='bbox 353 3846 728 3920; x_wconf 86' lang='lat' dir='ltr'><strong>respectum</strong></span> <span class='ocrx_word' id='word_1_377' title='bbox 784 3839 862 3901; x_wconf 88' lang='lat' dir='ltr'><strong>ad</strong></span> <span class='ocrx_word' id='word_1_378' title='bbox 921 3837 1429 3918; x_wconf 86' lang='lat' dir='ltr'><strong>magnitudinem</strong></span> <span class='ocrx_word' id='word_1_379' title='bbox 1487 3835 1577 3898; x_wconf 90' lang='lat' dir='ltr'><strong>rei</strong></span> <span class='ocrx_word' id='word_1_380' title='bbox 1637 3836 1863 3900; x_wconf 78' lang='lat' dir='ltr'><strong>oblatae</strong></span> 
     </span>
     <span class='ocr_line' id='line_1_53' title="bbox 353 3934 1861 4018; baseline -0.001 -20"><span class='ocrx_word' id='word_1_381' title='bbox 353 3937 420 3999; x_wconf 91' lang='lat' dir='ltr'><strong>in</strong></span> <span class='ocrx_word' id='word_1_382' title='bbox 479 3954 569 4009; x_wconf 89' lang='lat' dir='ltr'><strong>se,</strong></span> <span class='ocrx_word' id='word_1_383' title='bbox 623 3938 733 3999; x_wconf 91' lang='lat' dir='ltr'><strong>sed</strong></span> <span class='ocrx_word' id='word_1_384' title='bbox 783 3955 898 4018; x_wconf 90' lang='lat' dir='ltr'><strong>per</strong></span> <span class='ocrx_word' id='word_1_385' title='bbox 947 3943 1310 4018; x_wconf 88' lang='lat' dir='ltr'><strong>respectum</strong></span> <span class='ocrx_word' id='word_1_386' title='bbox 1366 3935 1444 3996; x_wconf 91' lang='lat' dir='ltr'><strong>ad</strong></span> <span class='ocrx_word' id='word_1_387' title='bbox 1493 3934 1861 3998; x_wconf 88' lang='lat' dir='ltr'><strong>interiorem</strong></span> 
     </span>
     <span class='ocr_line' id='line_1_54' title="bbox 352 4031 1864 4116; baseline -0.001 -19"><span class='ocrx_word' id='word_1_388' title='bbox 352 4035 790 4108; x_wconf 86' lang='lat' dir='ltr'><strong>devotionem,</strong></span> <span class='ocrx_word' id='word_1_389' title='bbox 823 4041 886 4096; x_wconf 89' lang='lat' dir='ltr'><strong>et</strong></span> <span class='ocrx_word' id='word_1_390' title='bbox 915 4033 1113 4097; x_wconf 90' lang='lat' dir='ltr'><strong>animi</strong></span> <span class='ocrx_word' id='word_1_391' title='bbox 1151 4031 1744 4116; x_wconf 86' lang='lat' dir='ltr'><strong>promptitudinem,</strong></span> <span class='ocrx_word' id='word_1_392' title='bbox 1779 4041 1864 4096; x_wconf 87' lang='lat' dir='ltr'><strong>at-</strong></span> 
     </span>
     <span class='ocr_line' id='line_1_55' title="bbox 351 4130 1861 4214; baseline 0 -20"><span class='ocrx_word' id='word_1_393' title='bbox 351 4151 492 4214; x_wconf 90' lang='lat' dir='ltr'><strong>que</strong></span> <span class='ocrx_word' id='word_1_394' title='bbox 549 4130 834 4195; x_wconf 82' lang='lat' dir='ltr'><strong>divinam</strong></span> <span class='ocrx_word' id='word_1_395' title='bbox 890 4131 1414 4213; x_wconf 89' lang='lat' dir='ltr'><strong>acceptationem,</strong></span> <span class='ocrx_word' id='word_1_396' title='bbox 1468 4139 1530 4193; x_wconf 92' lang='lat' dir='ltr'><strong>et</strong></span> <span class='ocrx_word' id='word_1_397' title='bbox 1576 4131 1861 4194; x_wconf 89' lang='lat' dir='ltr'><strong>muneris</strong></span> 
     </span>
    </p>
   </div>
   <div class='ocr_carea' id='block_1_16' title="bbox 1971 3147 3472 4216">
    <p class='ocr_par' dir='ltr' id='par_1_17' title="bbox 1971 3147 3472 4216">
     <span class='ocr_line' id='line_1_56' title="bbox 2053 3147 3469 3230; baseline -0.003 -16"><span class='ocrx_word' id='word_1_398' title='bbox 2053 3153 2115 3214; x_wconf 81' lang='lat' dir='ltr'><strong>Si</strong></span> <span class='ocrx_word' id='word_1_399' title='bbox 2166 3159 2379 3213; x_wconf 88' lang='lat' dir='ltr'><strong>autem</strong></span> <span class='ocrx_word' id='word_1_400' title='bbox 2422 3148 2782 3230; x_wconf 85' lang='lat' dir='ltr'><strong>objiciatur,</strong></span> <span class='ocrx_word' id='word_1_401' title='bbox 2824 3149 3141 3230; x_wconf 90' lang='lat' dir='ltr'><strong>quomodo</strong></span> <span class='ocrx_word' id='word_1_402' title='bbox 3187 3147 3469 3211; x_wconf 87' lang='lat' dir='ltr'><strong>Christus</strong></span> 
     </span>
     <span class='ocr_line' id='line_1_57' title="bbox 1974 3246 3471 3328; baseline -0.003 -15"><span class='ocrx_word' id='word_1_403' title='bbox 1974 3251 2187 3313; x_wconf 90' lang='lat' dir='ltr'><strong>laudet</strong></span> <span class='ocrx_word' id='word_1_404' title='bbox 2227 3249 2484 3313; x_wconf 88' lang='lat' dir='ltr'><strong>viduam</strong></span> <span class='ocrx_word' id='word_1_405' title='bbox 2534 3247 2718 3309; x_wconf 89' lang='lat' dir='ltr'><strong>istam</strong></span> <span class='ocrx_word' id='word_1_406' title='bbox 2763 3248 2843 3309; x_wconf 93' lang='lat' dir='ltr'><strong>de</strong></span> <span class='ocrx_word' id='word_1_407' title='bbox 2882 3246 3249 3328; x_wconf 89' lang='lat' dir='ltr'><strong>hujusmodi</strong></span> <span class='ocrx_word' id='word_1_408' title='bbox 3298 3246 3471 3311; x_wconf 88' lang='lat' dir='ltr'><strong>obla-</strong></span> 
     </span>
     <span class='ocr_line' id='line_1_58' title="bbox 1972 3345 3472 3429; baseline -0.002 -17"><span class='ocrx_word' id='word_1_409' title='bbox 1972 3350 2167 3424; x_wconf 89' lang='lat' dir='ltr'><strong>tione,</strong></span> <span class='ocrx_word' id='word_1_410' title='bbox 2201 3367 2401 3429; x_wconf 92' lang='lat' dir='ltr'><strong>quum</strong></span> <span class='ocrx_word' id='word_1_411' title='bbox 2446 3346 2645 3410; x_wconf 87' lang='lat' dir='ltr'><strong>virtus</strong></span> <span class='ocrx_word' id='word_1_412' title='bbox 2689 3345 2857 3408; x_wconf 91' lang='lat' dir='ltr'><strong>circa</strong></span> <span class='ocrx_word' id='word_1_413' title='bbox 2898 3346 3181 3408; x_wconf 90' lang='lat' dir='ltr'><strong>medium</strong></span> <span class='ocrx_word' id='word_1_414' title='bbox 3226 3347 3472 3409; x_wconf 89' lang='lat' dir='ltr'><strong>dicatur</strong></span> 
     </span>
     <span class='ocr_line' id='line_1_59' title="bbox 1974 3445 3470 3527; baseline -0.003 -15"><span class='ocrx_word' id='word_1_415' title='bbox 1974 3448 2319 3512; x_wconf 89' lang='lat' dir='ltr'><strong>consistere</strong></span> <span class='ocrx_word' id='word_1_416' title='bbox 2355 3465 2369 3508; x_wconf 76' lang='grc' dir='ltr'>ε</span> <span class='ocrx_word' id='word_1_417' title='bbox 2407 3446 2845 3527; x_wconf 87' lang='lat' dir='ltr'><strong>respondetur,</strong></span> <span class='ocrx_word' id='word_1_418' title='bbox 2880 3445 3051 3526; x_wconf 90' lang='lat' dir='ltr'><strong>quod</strong></span> <span class='ocrx_word' id='word_1_419' title='bbox 3088 3445 3288 3507; x_wconf 89' lang='lat' dir='ltr'><strong>virtus</strong></span> <span class='ocrx_word' id='word_1_420' title='bbox 3328 3465 3470 3508; x_wconf 91' lang='lat' dir='ltr'><strong>con-</strong></span> 
     </span>
     <span class='ocr_line' id='line_1_60' title="bbox 1974 3543 3470 3625; baseline -0.001 -17"><span class='ocrx_word' id='word_1_421' title='bbox 1974 3546 2140 3609; x_wconf 88' lang='lat' dir='ltr'><strong>sistit</strong></span> <span class='ocrx_word' id='word_1_422' title='bbox 2185 3545 2353 3608; x_wconf 90' lang='lat' dir='ltr'><strong>circa</strong></span> <span class='ocrx_word' id='word_1_423' title='bbox 2399 3543 2681 3606; x_wconf 88' lang='lat' dir='ltr'><strong>medium</strong></span> <span class='ocrx_word' id='word_1_424' title='bbox 2728 3543 2795 3606; x_wconf 89' lang='lat' dir='ltr'><strong>in</strong></span> <span class='ocrx_word' id='word_1_425' title='bbox 2838 3543 2939 3604; x_wconf 92' lang='lat' dir='ltr'><strong>his</strong></span> <span class='ocrx_word' id='word_1_426' title='bbox 2982 3561 3127 3625; x_wconf 82' lang='lat' dir='ltr'><strong>quae</strong></span> <span class='ocrx_word' id='word_1_427' title='bbox 3170 3549 3319 3606; x_wconf 89' lang='lat' dir='ltr'><strong>sunt</strong></span> <span class='ocrx_word' id='word_1_428' title='bbox 3361 3563 3470 3606; x_wconf 90' lang='lat' dir='ltr'><strong>ne-</strong></span> 
     </span>
     <span class='ocr_line' id='line_1_61' title="bbox 1973 3640 3470 3723; baseline -0.003 -16"><span class='ocrx_word' id='word_1_429' title='bbox 1973 3642 2305 3717; x_wconf 75' lang='lat' dir='ltr'><strong>cessitatis„</strong></span> <span class='ocrx_word' id='word_1_430' title='bbox 2360 3661 2485 3705; x_wconf 91' lang='lat' dir='ltr'><strong>non</strong></span> <span class='ocrx_word' id='word_1_431' title='bbox 2544 3659 2798 3723; x_wconf 82' lang='lat' dir='ltr'><strong>semper</strong></span> <span class='ocrx_word' id='word_1_432' title='bbox 2854 3641 2919 3703; x_wconf 93' lang='lat' dir='ltr'><strong>in</strong></span> <span class='ocrx_word' id='word_1_433' title='bbox 2979 3640 3079 3701; x_wconf 93' lang='lat' dir='ltr'><strong>his</strong></span> <span class='ocrx_word' id='word_1_434' title='bbox 3127 3659 3273 3722; x_wconf 83' lang='lat' dir='ltr'><strong>quae</strong></span> <span class='ocrx_word' id='word_1_435' title='bbox 3319 3649 3470 3704; x_wconf 89' lang='lat' dir='ltr'><strong>sunt</strong></span> 
     </span>
     <span class='ocr_line' id='line_1_62' title="bbox 1973 3738 3469 3824; baseline -0.001 -20"><span class='ocrx_word' id='word_1_436' title='bbox 1973 3739 2569 3824; x_wconf 81' lang='lat' dir='ltr'><strong>supererogationiS,</strong></span> <span class='ocrx_word' id='word_1_437' title='bbox 2597 3739 2662 3800; x_wconf 91' lang='lat' dir='ltr'><strong>in</strong></span> <span class='ocrx_word' id='word_1_438' title='bbox 2693 3738 2931 3820; x_wconf 88' lang='lat' dir='ltr'><strong>quibus</strong></span> <span class='ocrx_word' id='word_1_439' title='bbox 2962 3756 3129 3820; x_wconf 83' lang='lat' dir='ltr'><strong>saepe</strong></span> <span class='ocrx_word' id='word_1_440' title='bbox 3158 3740 3469 3803; x_wconf 90' lang='lat' dir='ltr'><strong>omnimo-</strong></span> 
     </span>
     <span class='ocr_line' id='line_1_63' title="bbox 1972 3837 3464 3921; baseline -0.002 -18"><span class='ocrx_word' id='word_1_441' title='bbox 1972 3841 2051 3903; x_wconf 91' lang='lat' dir='ltr'><strong>da</strong></span> <span class='ocrx_word' id='word_1_442' title='bbox 2093 3839 2542 3921; x_wconf 88' lang='lat' dir='ltr'><strong>temporalium</strong></span> <span class='ocrx_word' id='word_1_443' title='bbox 2590 3837 2916 3901; x_wconf 89' lang='lat' dir='ltr'><strong>derelictio</strong></span> <span class='ocrx_word' id='word_1_444' title='bbox 2962 3838 3464 3915; x_wconf 90' lang='lat' dir='ltr'><strong>commendatur,</strong></span> 
     </span>
     <span class='ocr_line' id='line_1_64' title="bbox 1972 3935 3468 4020; baseline -0.001 -20"><span class='ocrx_word' id='word_1_445' title='bbox 1972 3946 2042 4000; x_wconf 90' lang='lat' dir='ltr'><strong>ut</strong></span> <span class='ocrx_word' id='word_1_446' title='bbox 2080 3945 2253 4020; x_wconf 90' lang='lat' dir='ltr'><strong>patet</strong></span> <span class='ocrx_word' id='word_1_447' title='bbox 2289 3937 2355 3999; x_wconf 92' lang='lat' dir='ltr'><strong>in</strong></span> <span class='ocrx_word' id='word_1_448' title='bbox 2397 3943 2767 4019; x_wconf 87' lang='lat' dir='ltr'><strong>paupertate</strong></span> <span class='ocrx_word' id='word_1_449' title='bbox 2800 3943 2862 3999; x_wconf 93' lang='lat' dir='ltr'><strong>et</strong></span> <span class='ocrx_word' id='word_1_450' title='bbox 2895 3935 3178 3999; x_wconf 89' lang='lat' dir='ltr'><strong>castitate</strong></span> <span class='ocrx_word' id='word_1_451' title='bbox 3217 3936 3468 4017; x_wconf 88' lang='lat' dir='ltr'><strong>religio·-</strong></span> 
     </span>
     <span class='ocr_line' id='line_1_65' title="bbox 1971 4034 3464 4117; baseline -0.001 -18"><span class='ocrx_word' id='word_1_452' title='bbox 1971 4034 2532 4099; x_wconf 86' lang='lat' dir='ltr'><strong>sorum.Praeterea</strong></span> <span class='ocrx_word' id='word_1_453' title='bbox 2558 4035 3031 4106; x_wconf 85' lang='lat' dir='ltr'><strong>advertendum,</strong></span> <span class='ocrx_word' id='word_1_454' title='bbox 3062 4036 3235 4116; x_wconf 93' lang='lat' dir='ltr'><strong>quod</strong></span> <span class='ocrx_word' id='word_1_455' title='bbox 3264 4054 3464 4117; x_wconf 88' lang='lat' dir='ltr'><strong>quum</strong></span> 
     </span>
     <span class='ocr_line' id='line_1_66' title="bbox 1972 4133 3468 4216; baseline 0 -20"><span class='ocrx_word' id='word_1_456' title='bbox 1972 4134 2054 4196; x_wconf 86' lang='lat' dir='ltr'><strong>sit.</strong></span> <span class='ocrx_word' id='word_1_457' title='bbox 2112 4133 2347 4216; x_wconf 85' lang='lat' dir='ltr'><strong>duplex</strong></span> <span class='ocrx_word' id='word_1_458' title='bbox 2408 4133 2755 4215; x_wconf 88' lang='lat' dir='ltr'><strong>proportio,</strong></span> <span class='ocrx_word' id='word_1_459' title='bbox 2814 4141 3031 4215; x_wconf 89' lang='lat' dir='ltr'><strong>utpote</strong></span> <span class='ocrx_word' id='word_1_460' title='bbox 3085 4134 3468 4214; x_wconf 87' lang='lat' dir='ltr'><strong>geometrica</strong></span> 
     </span>
    </p>
   </div>
   <div class='ocr_carea' id='block_1_17' title="bbox 353 4229 3463 4314">
    <p class='ocr_par' dir='ltr' id='par_1_18' title="bbox 353 4229 3463 4314">
     <span class='ocr_line' id='line_1_67' title="bbox 353 4229 3463 4314; baseline 0 -22"><span class='ocrx_word' id='word_1_461' title='bbox 353 4230 760 4314; x_wconf 84' lang='lat' dir='ltr'><strong>qualitatem,</strong></span> <span class='ocrx_word' id='word_1_462' title='bbox 801 4230 956 4312; x_wconf 91' lang='lat' dir='ltr'><strong>quia</strong></span> <span class='ocrx_word' id='word_1_463' title='bbox 994 4231 1071 4292; x_wconf 89' lang='lat' dir='ltr'><strong>de</strong></span> <span class='ocrx_word' id='word_1_464' title='bbox 1109 4229 1484 4292; x_wconf 89' lang='lat' dir='ltr'><strong>necessariis</strong></span> <span class='ocrx_word' id='word_1_465' title='bbox 1525 4229 1670 4292; x_wconf 90' lang='lat' dir='ltr'><strong>sihi.</strong></span> <span class='ocrx_word' id='word_1_466' title='bbox 1704 4229 1862 4293; x_wconf 90' lang='lat' dir='ltr'><strong>Hinc</strong></span> <span class='ocrx_word' id='word_1_467' title='bbox 1893 4237 1945 4300; x_wconf 90' lang='lat' dir='ltr'><em>D</em></span> <span class='ocrx_word' id='word_1_468' title='bbox 1973 4240 2035 4294; x_wconf 90' lang='lat' dir='ltr'><strong>et</strong></span> <span class='ocrx_word' id='word_1_469' title='bbox 2075 4231 2493 4307; x_wconf 89' lang='lat' dir='ltr'><strong>arithmetica,</strong></span> <span class='ocrx_word' id='word_1_470' title='bbox 2536 4231 2890 4294; x_wconf 91' lang='lat' dir='ltr'><strong>secundum</strong></span> <span class='ocrx_word' id='word_1_471' title='bbox 2932 4231 3193 4293; x_wconf 89' lang='lat' dir='ltr'><strong>alteram</strong></span> <span class='ocrx_word' id='word_1_472' title='bbox 3235 4231 3463 4294; x_wconf 87' lang='lat' dir='ltr'><strong>harum</strong></span> 
     </span>
    </p>
   </div>
   <div class='ocr_carea' id='block_1_18' title="bbox 283 4329 1865 5376">
    <p class='ocr_par' dir='ltr' id='par_1_19' title="bbox 355 4329 708 4392">
     <span class='ocr_line' id='line_1_68' title="bbox 355 4329 708 4392; baseline -0.003 0"><span class='ocrx_word' id='word_1_473' title='bbox 355 4329 663 4392; x_wconf 88' lang='lat' dir='ltr'><strong>subditur</strong></span> <span class='ocrx_word' id='word_1_474' title='bbox 693 4347 708 4391; x_wconf 89' lang='lat'>:</span> 
     </span>
    </p>

    <p class='ocr_par' dir='ltr' id='par_1_20' title="bbox 283 4427 1865 5376">
     <span class='ocr_line' id='line_1_69' title="bbox 441 4427 1864 4502; baseline -0.001 -11"><span class='ocrx_word' id='word_1_475' title='bbox 441 4429 622 4492; x_wconf 87' lang='lat' dir='ltr'><strong>Nam</strong></span> <span class='ocrx_word' id='word_1_476' title='bbox 647 4447 865 4488; x_wconf 80' lang='lat' dir='ltr'><strong>omnes</strong></span> <span class='ocrx_word' id='word_1_477' title='bbox 896 4428 981 4495; x_wconf 72' lang='lat' dir='ltr'><strong>hi.</strong></span> <span class='ocrx_word' id='word_1_478' title='bbox 1005 4427 1248 4490; x_wconf 88' lang='lat' dir='ltr'><strong>scilicet</strong></span> <span class='ocrx_word' id='word_1_479' title='bbox 1277 4427 1527 4502; x_wconf 82' lang='lat' dir='ltr'><strong>divites,</strong></span> <span class='ocrx_word' id='word_1_480' title='bbox 1553 4447 1634 4487; x_wconf 82' lang='lat' dir='ltr'><strong>eoe</strong></span> <span class='ocrx_word' id='word_1_481' title='bbox 1660 4431 1864 4490; x_wconf 81' lang='lat' dir='ltr'><strong>abun-</strong></span> 
     </span>
     <span class='ocr_line' id='line_1_70' title="bbox 352 4526 1859 4601; baseline 0 -13"><span class='ocrx_word' id='word_1_482' title='bbox 352 4528 554 4588; x_wconf 76' lang='lat' dir='ltr'><strong>danti</strong></span> <span class='ocrx_word' id='word_1_483' title='bbox 578 4527 708 4586; x_wconf 78' lang='lat' dir='ltr'><strong>sibi</strong></span> <span class='ocrx_word' id='word_1_484' title='bbox 736 4527 1055 4587; x_wconf 78' lang='lat' dir='ltr'><strong>miserunt</strong></span> <span class='ocrx_word' id='word_1_485' title='bbox 1081 4529 1156 4586; x_wconf 77' lang='lat' dir='ltr'><strong>in</strong></span> <span class='ocrx_word' id='word_1_486' title='bbox 1189 4545 1462 4587; x_wconf 82' lang='lat' dir='ltr'><strong>munera</strong></span> <span class='ocrx_word' id='word_1_487' title='bbox 1489 4527 1632 4594; x_wconf 82' lang='lat' dir='ltr'><strong>Dei,</strong></span> <span class='ocrx_word' id='word_1_488' title='bbox 1655 4526 1718 4588; x_wconf 90' lang='lat' dir='ltr'><strong>id</strong></span> <span class='ocrx_word' id='word_1_489' title='bbox 1749 4535 1859 4601; x_wconf 89' lang='lat' dir='ltr'><strong>est,</strong></span> 
     </span>
     <span class='ocr_line' id='line_1_71' title="bbox 355 4623 1864 4706; baseline -0.001 -19"><span class='ocrx_word' id='word_1_490' title='bbox 355 4643 432 4687; x_wconf 82' lang='lat' dir='ltr'><strong>ex</strong></span> <span class='ocrx_word' id='word_1_491' title='bbox 481 4624 744 4706; x_wconf 88' lang='lat' dir='ltr'><strong>copiosa</strong></span> <span class='ocrx_word' id='word_1_492' title='bbox 793 4643 908 4686; x_wconf 91' lang='lat' dir='ltr'><strong>sua</strong></span> <span class='ocrx_word' id='word_1_493' title='bbox 956 4623 1311 4686; x_wconf 88' lang='lat' dir='ltr'><strong>substantia</strong></span> <span class='ocrx_word' id='word_1_494' title='bbox 1359 4633 1710 4706; x_wconf 89' lang='lat' dir='ltr'><strong>posuerunt</strong></span> <span class='ocrx_word' id='word_1_495' title='bbox 1751 4625 1864 4686; x_wconf 91' lang='lat' dir='ltr'><strong>ali-</strong></span> 
     </span>
     <span class='ocr_line' id='line_1_72' title="bbox 353 4722 1864 4805; baseline 0.001 -21"><span class='ocrx_word' id='word_1_496' title='bbox 353 4723 514 4804; x_wconf 91' lang='lat' dir='ltr'><strong>quid</strong></span> <span class='ocrx_word' id='word_1_497' title='bbox 555 4723 622 4785; x_wconf 89' lang='lat' dir='ltr'><strong>in</strong></span> <span class='ocrx_word' id='word_1_498' title='bbox 661 4723 1186 4805; x_wconf 82' lang='lat' dir='ltr'><strong>gazophylacium</strong></span> <span class='ocrx_word' id='word_1_499' title='bbox 1227 4722 1392 4785; x_wconf 89' lang='lat' dir='ltr'><strong>inter</strong></span> <span class='ocrx_word' id='word_1_500' title='bbox 1429 4722 1638 4785; x_wconf 89' lang='lat' dir='ltr'><strong>oblata</strong></span> <span class='ocrx_word' id='word_1_501' title='bbox 1671 4741 1684 4784; x_wconf 92' lang='lat'><strong>:</strong></span> <span class='ocrx_word' id='word_1_502' title='bbox 1720 4741 1864 4805; x_wconf 82' lang='lat' dir='ltr'><strong>quae</strong></span> 
     </span>
     <span class='ocr_line' id='line_1_73' title="bbox 351 4821 1863 4904; baseline 0.001 -20"><span class='ocrx_word' id='word_1_503' title='bbox 351 4823 663 4885; x_wconf 87' lang='lat' dir='ltr'><strong>dicuntur</strong></span> <span class='ocrx_word' id='word_1_504' title='bbox 704 4839 971 4884; x_wconf 90' lang='lat' dir='ltr'><strong>munera</strong></span> <span class='ocrx_word' id='word_1_505' title='bbox 1015 4821 1121 4884; x_wconf 85' lang='lat' dir='ltr'><strong>Dei</strong></span> <span class='ocrx_word' id='word_1_506' title='bbox 1158 4841 1171 4885; x_wconf 92' lang='lat'><strong>:</strong></span> <span class='ocrx_word' id='word_1_507' title='bbox 1210 4823 1434 4904; x_wconf 89' lang='lat' dir='ltr'><strong>primo,</strong></span> <span class='ocrx_word' id='word_1_508' title='bbox 1469 4822 1623 4902; x_wconf 92' lang='lat' dir='ltr'><strong>quia</strong></span> <span class='ocrx_word' id='word_1_509' title='bbox 1664 4841 1701 4883; x_wconf 96' lang='lat' dir='ltr'><strong>a</strong></span> <span class='ocrx_word' id='word_1_510' title='bbox 1742 4821 1863 4885; x_wconf 90' lang='lat' dir='ltr'><strong>Deo</strong></span> 
     </span>
     <span class='ocr_line' id='line_1_74' title="bbox 351 4919 1865 5002; baseline -0.001 -21"><span class='ocrx_word' id='word_1_511' title='bbox 351 4919 728 4982; x_wconf 89' lang='lat' dir='ltr'><strong>hominibus</strong></span> <span class='ocrx_word' id='word_1_512' title='bbox 759 4927 910 4982; x_wconf 89' lang='lat' dir='ltr'><strong>sunt</strong></span> <span class='ocrx_word' id='word_1_513' title='bbox 938 4919 1175 4994; x_wconf 85' lang='lat' dir='ltr'><strong>collata,</strong></span> <span class='ocrx_word' id='word_1_514' title='bbox 1191 4920 1726 5002; x_wconf 89' lang='lat' dir='ltr'><strong>quemadmodum</strong></span> <span class='ocrx_word' id='word_1_515' title='bbox 1761 4919 1865 4981; x_wconf 90' lang='lat' dir='ltr'><strong>Da-</strong></span> 
     </span>
     <span class='ocr_line' id='line_1_75' title="bbox 283 5018 1863 5100; baseline 0.002 -23"><span class='ocrx_word' id='word_1_516' title='bbox 283 5049 324 5088; x_wconf 74' lang='lat'><strong>1,</strong></span> <span class='ocrx_word' id='word_1_517' title='bbox 355 5019 462 5080; x_wconf 86' lang='lat' dir='ltr'><strong>vid</strong></span> <span class='ocrx_word' id='word_1_518' title='bbox 505 5018 798 5100; x_wconf 90' lang='lat' dir='ltr'><strong>loquitur</strong></span> <span class='ocrx_word' id='word_1_519' title='bbox 842 5018 1125 5092; x_wconf 87' lang='lat' dir='ltr'><strong>Domino,</strong></span> <span class='ocrx_word' id='word_1_520' title='bbox 1162 5018 1292 5080; x_wconf 86' lang='lat' dir='ltr'><strong>Tua</strong></span> <span class='ocrx_word' id='word_1_521' title='bbox 1337 5026 1487 5080; x_wconf 91' lang='lat' dir='ltr'><strong>sunt</strong></span> <span class='ocrx_word' id='word_1_522' title='bbox 1529 5018 1764 5094; x_wconf 84' lang='lat' dir='ltr'><strong>omnia,</strong></span> <span class='ocrx_word' id='word_1_523' title='bbox 1799 5026 1863 5080; x_wconf 89' lang='lat' dir='ltr'><strong>et</strong></span> 
     </span>
     <span class='ocr_line' id='line_1_76' title="bbox 353 5114 1863 5198; baseline 0 -20"><span class='ocrx_word' id='word_1_524' title='bbox 353 5134 498 5197; x_wconf 65' lang='lat' dir='ltr'><strong>quai</strong></span> <span class='ocrx_word' id='word_1_525' title='bbox 529 5117 608 5180; x_wconf 93' lang='lat' dir='ltr'><strong>de</strong></span> <span class='ocrx_word' id='word_1_526' title='bbox 649 5135 842 5180; x_wconf 90' lang='lat' dir='ltr'><strong>manu</strong></span> <span class='ocrx_word' id='word_1_527' title='bbox 883 5125 991 5178; x_wconf 88' lang='lat' dir='ltr'><strong>tua</strong></span> <span class='ocrx_word' id='word_1_528' title='bbox 1027 5114 1416 5198; x_wconf 80' lang='lat' dir='ltr'><strong>accepimuS,</strong></span> <span class='ocrx_word' id='word_1_529' title='bbox 1452 5117 1742 5178; x_wconf 88' lang='lat' dir='ltr'><strong>dedimus</strong></span> <span class='ocrx_word' id='word_1_530' title='bbox 1782 5117 1863 5179; x_wconf 91' lang='lat' dir='ltr'><strong>ti-</strong></span> 
     </span>
     <span class='ocr_line' id='line_1_77' title="bbox 353 5213 1859 5295; baseline -0.001 -18"><span class='ocrx_word' id='word_1_531' title='bbox 353 5214 454 5292; x_wconf 89' lang='lat' dir='ltr'><strong>bi;</strong></span> <span class='ocrx_word' id='word_1_532' title='bbox 485 5215 786 5288; x_wconf 89' lang='lat' dir='ltr'><strong>secund0,</strong></span> <span class='ocrx_word' id='word_1_533' title='bbox 817 5213 971 5295; x_wconf 91' lang='lat' dir='ltr'><strong>quia</strong></span> <span class='ocrx_word' id='word_1_534' title='bbox 1008 5213 1134 5277; x_wconf 90' lang='lat' dir='ltr'><strong>Deo</strong></span> <span class='ocrx_word' id='word_1_535' title='bbox 1175 5214 1254 5276; x_wconf 91' lang='lat' dir='ltr'><strong>ab</strong></span> <span class='ocrx_word' id='word_1_536' title='bbox 1293 5214 1663 5277; x_wconf 89' lang='lat' dir='ltr'><strong>hominibus</strong></span> <span class='ocrx_word' id='word_1_537' title='bbox 1707 5214 1859 5277; x_wconf 83' lang='lat' dir='ltr'><strong>offe-</strong></span> 
     </span>
     <span class='ocr_line' id='line_1_78' title="bbox 355 5311 1859 5376; baseline 0 -2"><span class='ocrx_word' id='word_1_538' title='bbox 355 5321 607 5375; x_wconf 83' lang='lat' dir='ltr'><strong>runtur.</strong></span> <span class='ocrx_word' id='word_1_539' title='bbox 640 5311 786 5376; x_wconf 89' lang='lat' dir='ltr'><strong>Ideo</strong></span> <span class='ocrx_word' id='word_1_540' title='bbox 827 5311 1054 5376; x_wconf 82' lang='lat' dir='ltr'><strong>viliora</strong></span> <span class='ocrx_word' id='word_1_541' title='bbox 1096 5329 1224 5374; x_wconf 87' lang='lat' dir='ltr'><strong>non</strong></span> <span class='ocrx_word' id='word_1_542' title='bbox 1269 5318 1420 5373; x_wconf 89' lang='lat' dir='ltr'><strong>sunt</strong></span> <span class='ocrx_word' id='word_1_543' title='bbox 1457 5311 1723 5376; x_wconf 89' lang='lat' dir='ltr'><strong>Domino</strong></span> <span class='ocrx_word' id='word_1_544' title='bbox 1764 5311 1859 5376; x_wconf 77' lang='lat' dir='ltr'><strong>ol*-</strong></span> 
     </span>
    </p>
   </div>
   <div class='ocr_carea' id='block_1_19' title="bbox 1968 4329 3469 5395">
    <p class='ocr_par' dir='ltr' id='par_1_21' title="bbox 1969 4329 3469 5081">
     <span class='ocr_line' id='line_1_79' title="bbox 1973 4329 3465 4414; baseline 0 -21"><span class='ocrx_word' id='word_1_545' title='bbox 1973 4331 2458 4414; x_wconf 89' lang='lat' dir='ltr'><strong>proportionum</strong></span> <span class='ocrx_word' id='word_1_546' title='bbox 2498 4329 2731 4392; x_wconf 89' lang='lat' dir='ltr'><strong>dicitur</strong></span> <span class='ocrx_word' id='word_1_547' title='bbox 2760 4329 2950 4392; x_wconf 87' lang='lat' dir='ltr'><strong>vidua</strong></span> <span class='ocrx_word' id='word_1_548' title='bbox 2989 4329 3109 4391; x_wconf 88' lang='lat' dir='ltr'><strong>ista</strong></span> <span class='ocrx_word' id='word_1_549' title='bbox 3144 4330 3289 4412; x_wconf 92' lang='lat' dir='ltr'><strong>plus</strong></span> <span class='ocrx_word' id='word_1_550' title='bbox 3324 4329 3465 4393; x_wconf 89' lang='lat' dir='ltr'><strong>aliis</strong></span> 
     </span>
     <span class='ocr_line' id='line_1_80' title="bbox 1971 4427 3469 4510; baseline -0.003 -17"><span class='ocrx_word' id='word_1_551' title='bbox 1971 4429 2301 4504; x_wconf 90' lang='lat' dir='ltr'><strong>obtulisse,</strong></span> <span class='ocrx_word' id='word_1_552' title='bbox 2334 4427 2489 4509; x_wconf 87' lang='lat' dir='ltr'><strong>quia</strong></span> <span class='ocrx_word' id='word_1_553' title='bbox 2525 4445 2641 4510; x_wconf 91' lang='lat' dir='ltr'><strong>per</strong></span> <span class='ocrx_word' id='word_1_554' title='bbox 2670 4435 3029 4509; x_wconf 92' lang='lat' dir='ltr'><strong>respectum</strong></span> <span class='ocrx_word' id='word_1_555' title='bbox 3060 4429 3139 4490; x_wconf 89' lang='lat' dir='ltr'><strong>ad</strong></span> <span class='ocrx_word' id='word_1_556' title='bbox 3178 4427 3469 4490; x_wconf 89' lang='lat' dir='ltr'><strong>substan-</strong></span> 
     </span>
     <span class='ocr_line' id='line_1_81' title="bbox 1973 4525 3463 4607; baseline -0.001 -17"><span class='ocrx_word' id='word_1_557' title='bbox 1973 4528 2190 4591; x_wconf 87' lang='lat' dir='ltr'><strong>tiolam</strong></span> <span class='ocrx_word' id='word_1_558' title='bbox 2240 4545 2442 4600; x_wconf 89' lang='lat' dir='ltr'><strong>suam,</strong></span> <span class='ocrx_word' id='word_1_559' title='bbox 2495 4526 2641 4607; x_wconf 93' lang='lat' dir='ltr'><strong>plus</strong></span> <span class='ocrx_word' id='word_1_560' title='bbox 2688 4525 2921 4588; x_wconf 90' lang='lat' dir='ltr'><strong>obtulit</strong></span> <span class='ocrx_word' id='word_1_561' title='bbox 2972 4544 3164 4607; x_wconf 88' lang='lat' dir='ltr'><strong>quam</strong></span> <span class='ocrx_word' id='word_1_562' title='bbox 3213 4526 3463 4601; x_wconf 80' lang='lat' dir='ltr'><strong>diviteS‚</strong></span> 
     </span>
     <span class='ocr_line' id='line_1_82' title="bbox 1974 4623 3462 4708; baseline -0.001 -20"><span class='ocrx_word' id='word_1_563' title='bbox 1974 4644 2086 4708; x_wconf 88' lang='lat' dir='ltr'><strong>per</strong></span> <span class='ocrx_word' id='word_1_564' title='bbox 2124 4623 2660 4706; x_wconf 88' lang='lat' dir='ltr'><strong>comparationem</strong></span> <span class='ocrx_word' id='word_1_565' title='bbox 2702 4624 2782 4685; x_wconf 90' lang='lat' dir='ltr'><strong>ad</strong></span> <span class='ocrx_word' id='word_1_566' title='bbox 2821 4642 2965 4684; x_wconf 88' lang='lat' dir='ltr'><strong>suas</strong></span> <span class='ocrx_word' id='word_1_567' title='bbox 3011 4624 3462 4705; x_wconf 78' lang='lat' dir='ltr'><strong>possessiones,</strong></span> 
     </span>
     <span class='ocr_line' id='line_1_83' title="bbox 1971 4722 3468 4804; baseline 0.001 -19"><span class='ocrx_word' id='word_1_568' title='bbox 1971 4757 2047 4769; x_wconf 92' lang='lat'>—</span> <span class='ocrx_word' id='word_1_569' title='bbox 2096 4723 2382 4804; x_wconf 90' lang='lat' dir='ltr'><strong>Denique</strong></span> <span class='ocrx_word' id='word_1_570' title='bbox 2430 4730 2493 4784; x_wconf 92' lang='lat' dir='ltr'><strong>et</strong></span> <span class='ocrx_word' id='word_1_571' title='bbox 2540 4741 2654 4785; x_wconf 89' lang='lat' dir='ltr'><strong>nos</strong></span> <span class='ocrx_word' id='word_1_572' title='bbox 2703 4740 2848 4784; x_wconf 90' lang='lat' dir='ltr'><strong>cum</strong></span> <span class='ocrx_word' id='word_1_573' title='bbox 2899 4722 3093 4785; x_wconf 86' lang='lat' dir='ltr'><strong>vidua</strong></span> <span class='ocrx_word' id='word_1_574' title='bbox 3140 4723 3259 4785; x_wconf 89' lang='lat' dir='ltr'><strong>ista</strong></span> <span class='ocrx_word' id='word_1_575' title='bbox 3308 4723 3468 4786; x_wconf 81' lang='lat' dir='ltr'><strong>offe—</strong></span> 
     </span>
     <span class='ocr_line' id='line_1_84' title="bbox 1972 4820 3465 4903; baseline 0 -19"><span class='ocrx_word' id='word_1_576' title='bbox 1972 4841 2185 4884; x_wconf 88' lang='lat' dir='ltr'><strong>ramus</strong></span> <span class='ocrx_word' id='word_1_577' title='bbox 2229 4821 2355 4884; x_wconf 90' lang='lat' dir='ltr'><strong>Deo</strong></span> <span class='ocrx_word' id='word_1_578' title='bbox 2398 4823 2524 4883; x_wconf 93' lang='lat' dir='ltr'><strong>duo</strong></span> <span class='ocrx_word' id='word_1_579' title='bbox 2573 4820 2839 4894; x_wconf 86' lang='lat' dir='ltr'><strong>minuta,</strong></span> <span class='ocrx_word' id='word_1_580' title='bbox 2887 4820 3185 4883; x_wconf 88' lang='lat' dir='ltr'><strong>videlicet</strong></span> <span class='ocrx_word' id='word_1_581' title='bbox 3233 4840 3465 4903; x_wconf 90' lang='lat' dir='ltr'><strong>corpus</strong></span> 
     </span>
     <span class='ocr_line' id='line_1_85' title="bbox 1969 4919 3466 5001; baseline 0.001 -19"><span class='ocrx_word' id='word_1_582' title='bbox 1969 4928 2029 4982; x_wconf 91' lang='lat' dir='ltr'><strong>et</strong></span> <span class='ocrx_word' id='word_1_583' title='bbox 2067 4921 2367 4995; x_wconf 88' lang='lat' dir='ltr'><strong>animam,</strong></span> <span class='ocrx_word' id='word_1_584' title='bbox 2403 4927 2465 4982; x_wconf 90' lang='lat' dir='ltr'><strong>et</strong></span> <span class='ocrx_word' id='word_1_585' title='bbox 2503 4919 2821 5001; x_wconf 90' lang='lat' dir='ltr'><strong>quidquid</strong></span> <span class='ocrx_word' id='word_1_586' title='bbox 2860 4938 3199 5001; x_wconf 90' lang='lat' dir='ltr'><strong>possumus</strong></span> <span class='ocrx_word' id='word_1_587' title='bbox 3238 4939 3312 4983; x_wconf 92' lang='lat' dir='ltr'><strong>ac</strong></span> <span class='ocrx_word' id='word_1_588' title='bbox 3353 4920 3466 4984; x_wconf 88' lang='lat' dir='ltr'><strong>ha-</strong></span> 
     </span>
     <span class='ocr_line' id='line_1_86' title="bbox 1969 5018 2217 5081; baseline -0.004 0"><span class='ocrx_word' id='word_1_589' title='bbox 1969 5018 2217 5081; x_wconf 74' lang='lat' dir='ltr'><strong>bemus,</strong></span> 
     </span>
    </p>

    <p class='ocr_par' dir='ltr' id='par_1_22' title="bbox 1968 5116 3461 5395">
     <span class='ocr_line' id='line_1_87' title="bbox 2049 5116 3461 5197; baseline 0.001 -18"><span class='ocrx_word' id='word_1_590' title='bbox 2049 5121 2134 5179; x_wconf 75' lang='lat' dir='ltr'><strong>Et</strong></span> <span class='ocrx_word' id='word_1_591' title='bbox 2169 5116 2557 5197; x_wconf 81' lang='lat' dir='ltr'><strong>quibusdam</strong></span> <span class='ocrx_word' id='word_1_592' title='bbox 2595 5116 2957 5177; x_wconf 74' lang='lat' dir='ltr'><strong>dicentibus</strong></span> <span class='ocrx_word' id='word_1_593' title='bbox 2988 5119 3066 5176; x_wconf 84' lang='lat' dir='ltr'><strong>de</strong></span> <span class='ocrx_word' id='word_1_594' title='bbox 3108 5121 3359 5195; x_wconf 75' lang='lat' dir='ltr'><strong>templa,</strong></span> <span class='ocrx_word' id='word_1_595' title='bbox 3398 5118 3461 5181; x_wconf 88' lang='lat' dir='ltr'><strong>id</strong></span> 
     </span>
     <span class='ocr_line' id='line_1_88' title="bbox 1968 5213 3461 5296; baseline 0.001 -19"><span class='ocrx_word' id='word_1_596' title='bbox 1968 5225 2083 5289; x_wconf 90' lang='lat' dir='ltr'><strong>est,</strong></span> <span class='ocrx_word' id='word_1_597' title='bbox 2117 5214 2439 5296; x_wconf 90' lang='lat' dir='ltr'><strong>aliquibus</strong></span> <span class='ocrx_word' id='word_1_598' title='bbox 2470 5213 2805 5296; x_wconf 89' lang='lat' dir='ltr'><strong>discipulis</strong></span> <span class='ocrx_word' id='word_1_599' title='bbox 2837 5213 3066 5278; x_wconf 89' lang='lat' dir='ltr'><strong>Christi</strong></span> <span class='ocrx_word' id='word_1_600' title='bbox 3100 5214 3461 5280; x_wconf 88' lang='lat' dir='ltr'><strong>dicentibus</strong></span> 
     </span>
     <span class='ocr_line' id='line_1_89' title="bbox 1968 5313 3458 5395; baseline 0.001 -19"><span class='ocrx_word' id='word_1_601' title='bbox 1968 5314 2026 5376; x_wconf 88' lang='lat' dir='ltr'><strong>ei</strong></span> <span class='ocrx_word' id='word_1_602' title='bbox 2066 5314 2144 5376; x_wconf 81' lang='lat' dir='ltr'><strong>de</strong></span> <span class='ocrx_word' id='word_1_603' title='bbox 2185 5313 2422 5395; x_wconf 85' lang='lat' dir='ltr'><strong>templo</strong></span> <span class='ocrx_word' id='word_1_604' title='bbox 2454 5313 2824 5390; x_wconf 80' lang='lat' dir='ltr'><strong>Jerusalem,</strong></span> <span class='ocrx_word' id='word_1_605' title='bbox 2858 5317 3030 5394; x_wconf 82' lang='lat' dir='ltr'><strong>quod</strong></span> <span class='ocrx_word' id='word_1_606' title='bbox 3068 5317 3249 5376; x_wconf 81' lang='lat' dir='ltr'><strong>bonis</strong></span> <span class='ocrx_word' id='word_1_607' title='bbox 3290 5319 3458 5395; x_wconf 80' lang='lat' dir='ltr'><strong>lapi-</strong></span> 
     </span>
    </p>
   </div>
  </div>
 </body>
</html>
