4300 6259
1137 535 1489 581 BNARRA‘rto
1530 534 1594 580 IN
1636 534 1774 580 CAP.
1823 535 1949 580 xvn
1990 534 2269 582 JOANNIS.
2315 553 2395 564 -
2438 536 2579 580 AnT.
2627 534 2725 579 xm

3362 513 3481 578 567

371 705 637 768 minum
681 725 696 770 t
740 707 894 788 quia
938 709 1138 771 oratio
1176 715 1272 770 est
1311 726 1611 770 ascensus
1653 706 1884 770 mentis
1917 705 1966 766 A
1998 706 2269 780 minum,
2330 708 2536 769 dando
2602 706 2693 768 eis
2758 705 3044 768 notitiam
3103 711 3166 765 et
3228 720 3486 767 venera-

81 821 334 872 amun,
371 805 446 867 in
492 805 715 868 Deum.
759 805 889 871 Hoc
927 806 1057 886 egit
1093 806 1413 880 EzechiaS,
1446 808 1560 889 qui
1598 807 1687 870 ait
1720 826 1734 869 t
1777 808 1884 868 At-

67 888 128 927 “·
371 905 624 966 tenuati
662 913 812 968 sunt
845 905 1014 968 oculi
1050 906 1177 967 mei
1216 907 1636 987 suspicientes
1681 907 1746 968 in
1787 924 1887 967 ex-

371 1004 652 1066 celsum.
699 1004 874 1067 Unde
924 1005 1038 1086 qui
1084 1013 1222 1069 orat
1270 1006 1458 1068 corde
1507 1024 1684 1086 vag0‚
1741 1007 1887 1068 inti-

374 1110 629 1165 morato
682 1109 746 1164 et
796 1103 1129 1178 dissoluto,
1183 1123 1311 1167 non
1365 1111 1502 1167 orat
1551 1105 1879 1179 veraciter,

375 1218 502 1262 nec
545 1201 907 1263 exauditur.

465 1301 659 1360 Dixit
699 1320 722 1359 .·
750 1301 954 1360 Pater
999 1299 1304 1362 naturalis
1354 1308 1417 1362 et
1465 1301 1883 1364 consubstan-

81 1403 344 1458 Bam-¹1¹.
375 1397 578 1471 tialis,
620 1415 658 1458 a
696 1416 826 1478 quo
866 1399 1074 1460 omnis
1124 1398 1468 1480 paternitas
1511 1399 1577 1460 in
1623 1399 1783 1463 coelo
1823 1409 1885 1462 et

67 1473 130 1512 ¹⁵·
379 1496 448 1558 in
498 1503 670 1558 terra
719 1496 1107 1571 nominatur,
1161 1497 1266 1559 cui
1325 1517 1557 1561 nomen
1615 1507 1678 1560 et
1727 1501 1885 1564 ratio

376 1595 582 1677 patris
634 1595 1079 1677 propriissime
1127 1614 1200 1658 ac
1251 1596 1584 1659 verissime
1633 1617 1886 1680 compe-

376 1697 478 1769 tit,
514 1698 696 1757 venit
733 1698 894 1756 hora
941 1695 1255 1776 passionis
1300 1714 1499 1775 meae3
1543 1695 1666 1770 vel,
1699 1696 1886 1759 Venit

375 1794 557 1868 hora,
594 1795 658 1856 id
697 1803 814 1869 est,
850 1801 1104 1877 tempus
1141 1795 1270 1876 jam
1319 1795 1612 1857 imminet
1649 1795 1885 1859 facien-

1996 804 2235 867 tionem
2287 805 2562 868 nominis
2620 805 2713 866 tui
2763 803 3080 866 altissimi.
3129 801 3261 863 Nisi
3312 800 3484 863 enim

1993 902 2173 966 Pater
2209 903 2620 966 clarificasset
2658 903 2998 976 Christum,
3043 901 3319 963 mundus
3358 918 3485 962 non

1995 1003 2369 1064 credidisset
2436 1003 2502 1063 in
2570 1019 2739 1075 cum,
2801 1009 2864 1064 et
2922 1017 3035 1082 per
3090 1015 3486 1079 consequens

1995 1120 2112 1163 nec
2144 1100 2387 1163 Patrem
2429 1101 2847 1182 cognovisset.
2883 1098 3025 1162 Ideo
3056 1097 3338 1160 Christus
3380 1114 3489 1178 pe-

1994 1201 2071 1262 tit
2119 1219 2186 1262 se
2236 1201 2596 1274 clarificari,
2651 1206 2963 1281 quatenus
3014 1197 3304 1259 homines
3353 1214 3487 1258 cre-

1995 1298 2145 1360 dant
2188 1297 2529 1378 Evangelio
2577 1298 2739 1379 ejus,
2774 1297 2996 1377 sicque
3039 1294 3323 1357 Christus
3374 1312 3488 1376 per

1993 1397 2092 1458 sui
2141 1396 2466 1477 Evangelii
2512 1395 3059 1458 annuntiationem
3109 1392 3489 1458 clarificaret

1992 1503 2054 1557 et
2097 1495 2364 1558 Patrem.

2071 1595 2260 1656 Sicut
2296 1594 2535 1654 dedisci
2576 1594 2637 1652 ei
2682 1592 2762 1654 ab
2812 1590 3261 1653 incarnationis
3311 1591 3489 1672 prin-
3625 1595 3661 1650 2

1992 1693 2184 1774 cipio,
2212 1701 2582 1770 potestatem
2610 1693 2822 1752 omnis
2849 1692 3094 1760 carni-5,
3124 1690 3186 1752 id
3228 1698 3322 1752 est
3361 1690 3488 1752 vir-

1992 1799 2193 1855 tutem
2244 1799 2307 1852 et
2352 1791 2848 1854 dominationem
2894 1807 3086 1870 super
3134 1797 3339 1852 totum
3381 1808 3487 1871 ge-

374 1893 440 1955 di
481 1893 658 1974 quod
697 1911 940 1974 precor,
967 1893 1266 1955 videlicet
1303 1892 1693 1956 clarificandi
1738 1913 1839 1956 me
1865 1913 1879 1957 :
1924 1893 1966 1954 B
1993 1911 2114 1953 nus
2146 1890 2519 1952 humanum.
2551 1889 2809 1953 Ponitur
2839 1907 2989 1969 ergo
3019 1907 3163 1971 pars
3197 1907 3311 1969 pro
3338 1896 3481 1964 tot0,

374 2009 573 2072 quam
634 1991 854 2053 horam
916 1998 981 2052 tu
1042 1991 1180 2073 ipse
1237 1997 1301 2053 et
1347 2009 1462 2072 ego
1517 1990 1595 2052 ab
1653 1999 1886 2056 aeterno

377 2087 950 2152 determinavimus
989 2097 1184 2171 atque
1231 2089 1641 2172 praefiximus,
1679 2092 1886 2152 Clari-

373 2193 502 2266 fi'ca
555 2189 814 2250 Filium
864 2197 1076 2249 tuum.
1124 2187 1486 2271 Tripliciter
1534 2188 1712 2250 Pater
1761 2189 1886 2251 cla-

377 2285 661 2350 rificavit
701 2285 1024 2349 Christum
1077 2294 1219 2368 post
1265 2288 1430 2350 hanc
1473 2286 1821 2350 orationem
1865 2307 1877 2350 :

376 2385 613 2459 Primo,
653 2403 767 2466 per
813 2385 994 2465 signa
1037 2385 1200 2447 facta
1245 2386 1310 2448 in
1362 2385 1676 2468 passione,
1712 2386 1886 2448 vide-

377 2483 530 2546 licet
557 2484 733 2565 quod
771 2484 848 2545 ad
891 2500 1084 2544 unam
1115 2482 1347 2546 Christi
1380 2483 1879 2565 responsionem,

375 2600 602 2644 omnes
632 2581 978 2644 adversarii
1009 2581 1149 2663 ejus
1179 2582 1292 2664 qui
1326 2589 1628 2645 venerant
1659 2601 1884 2664 capere

75 2701 218 2742 ama
235 2714 350 2752 mu,
377 2700 555 2754 eum,
614 2681 913 2742 abierunt
969 2688 1338 2757 retrorsum,
1399 2688 1462 2743 et
1519 2681 1885 2745 ceciderunt

77 2766 306 2870 &Maub-
380 2781 448 2842 in
492 2787 764 2860 terram;
807 2779 983 2853 item,
1018 2798 1134 2861 per
1177 2779 1328 2843 solis
1371 2779 1882 2843 obscurationem

78 2892 351 2940 nvn-⁴551-
377 2889 508 2942 tam
562 2879 816 2959 longam
866 2885 930 2940 et
977 2878 1548 2960 supernaturalem,
1601 2897 1716 2960 per
1761 2887 1885 2941 ter-

75 2957 140 2998 ⁵³'
379 2997 467 3041 rae
497 2984 768 3051 motum,
795 2976 920 3039 veli
963 2976 1187 3058 templi
1226 2977 1621 3050 scissionem,
1657 2984 1719 3038 et
1747 2997 1884 3040 sus-

1995 1989 2291 2052 videlicet
2322 2008 2465 2052 caro
2498 2009 2613 2071 pro
2643 1988 2921 2062 homin-e,
2952 1988 3486 2068 quemadmodum

1995 2089 2060 2149 in
2101 2087 2367 2162 Psalmo,
2402 2088 2495 2150 Ad
2544 2095 2605 2150 te
2653 2087 2860 2150 omnis
2911 2105 3055 2149 caro
3102 2085 3354 2166 veniet3
3399 2093 3489 2148 at-
3520 2099 3778 2150 ramma

1995 2205 2122 2268 que
2182 2188 2247 2248 in
2306 2186 2481 2260 Isaia‚
2538 2185 2791 2248 Videbit
2847 2185 3056 2247 omnis
3116 2203 3259 2247 caro
3316 2185 3487 2265 quod
3536 2201 3741 2250 laxas.

1994 2304 2064 2348 os
2113 2284 2361 2347 Domini
2414 2284 2697 2348 locutum
2746 2291 2862 2345 est.
2920 2282 3223 2364 Denique,
3279 2289 3347 2344 ut
3397 2283 3489 2344 di-

1995 2393 2168 2446 ctum
2219 2392 2316 2445 est
2361 2401 2550 2461 saepe,
2604 2401 2679 2445 eo
2726 2383 2867 2464 ipso
2914 2400 3042 2463 quo
3091 2379 3319 2442 Christi
3370 2381 3489 2442 hu-

1995 2481 2263 2544 manitas
2314 2482 2491 2543 unita
2537 2487 2631 2542 est
2669 2479 2872 2542 Verbo
2914 2479 3305 2562 hypostatica
3350 2480 3490 2541 uni-

1994 2599 2136 2654 one,
2172 2580 2428 2662 praelata
2458 2588 2553 2641 est
2580 2579 2753 2642 omni
2786 2585 3110 2652 creaturae,
3137 2576 3489 2659 habuitque

1993 2699 2030 2741 a
2075 2679 2391 2760 principio
2440 2677 2891 2739 incarnationis
2940 2683 3311 2757 potestatem
3356 2695 3489 2739 om-

1996 2777 2094 2838 nis
2127 2783 2367 2838 naturae
2396 2783 2640 2838 creatae.
2674 2773 2879 2837 Potest
2910 2791 3169 2855 quoque
3199 2774 3279 2836 ad
3309 2773 3485 2836 Chri-

1993 2883 2161 2937 stum
2211 2875 2561 2937 secundum
2612 2873 3007 2936 divinitatem
3047 2870 3293 2947 referri,
3335 2872 3488 2953 quia

1994 2992 2109 3055 per
2158 2975 2277 3035 hoc
2323 2974 2493 3054 quod
2543 2971 2719 3034 Pater
2766 2971 2939 3033 dedit
2995 2969 3154 3033 Filio
3203 2970 3481 3034 divinam

375 3077 748 3140 citationem
809 3075 1156 3138 multorum
1215 3074 1586 3138 Sanctorum
1655 3075 1722 3138 in
1782 3077 1883 3139 die
1920 3076 1964 3140 C
1993 3071 2351 3148 essentiam,
2393 3071 2565 3133 dedit
2608 3070 2798 3132 etiam
2838 3070 2894 3132 ei
2934 3068 3481 3151 omnipotentiam,

375 3175 656 3248 Paschae‚
700 3173 812 3255 qui
857 3181 1171 3236 venerunt
1221 3173 1284 3235 in
1337 3180 1616 3235 sanctam
1667 3174 1885 3238 civita-

375 3281 534 3346 tem,
567 3277 1136 3355 apparueruntque
1164 3271 1406 3334 multis.
1443 3270 1746 3346 Secund0,
1768 3292 1883 3354 per

373 3369 910 3453 glorificationem
963 3370 1247 3452 corporis
1295 3369 1548 3445 Christi,
1601 3390 1744 3452 quae
1792 3371 1883 3433 fa-

376 3477 480 3534 cta
523 3477 622 3531 est
664 3486 779 3551 per
824 3467 1375 3542 resurrectionem,
1417 3467 1876 3542 ascensionem,

376 3575 442 3630 et
491 3575 767 3648 quatuor
815 3565 1060 3628 dotium
1112 3565 1535 3639 collationem,
1585 3565 1880 3629 videlicet

377 3663 938 3748 impassibilitatis,
992 3663 1316 3737 claritatiS,
1378 3662 1767 3740 subtilitatis,
1819 3672 1881 3727 et

377 3763 707 3846 agilitatis.
750 3763 980 3836 Tertio,
1024 3761 1402 3825 clarificavit
1443 3780 1590 3824 eum
1633 3763 1699 3824 in
1745 3783 1880 3826 cor-

379 3863 572 3926 dibus
625 3860 959 3924 hominum
1011 3879 1172 3942 quos
1223 3861 1537 3923 convertit
1581 3863 1659 3923 ad
1710 3861 1882 3925 Chri-

377 3969 574 4036 stum,
628 3960 714 4022 ita
772 3961 944 4041 quod
1001 3959 1140 4040 ejus
1200 3959 1594 4040 majestatem
1655 3979 1882 4042 cogno-

377 4077 558 4123 scere
596 4078 670 4120 ac
711 4057 998 4121 venerari
1039 4066 1391 4140 coeperunt.
1426 4057 1542 4120 Pro
1581 4058 1878 4122 omnibus

377 4155 950 4221 clarificationibus
1013 4156 1151 4218 istis
1209 4156 1411 4218 oravit
1471 4175 1640 4219 nunc
1699 4147 1876 4220 Chriss

1993 3190 2105 3232 seu
2176 3177 2546 3252 potestatem
2612 3169 2819 3232 omnis
2880 3168 3087 3230 carnis
3150 3167 3487 3249 omnisque

1994 3277 2319 3342 creaturae,
2372 3269 2491 3331 hoc
2547 3276 2643 3330 est
2702 3274 3073 3349 potestatem
3132 3283 3247 3348 per
3292 3285 3485 3347 quam

1995 3368 2132 3449 ipse
2194 3367 2561 3448 unigenitus
2619 3365 2816 3426 Filius
2868 3363 3166 3426 universa
3222 3364 3481 3438 creavit,

1991 3467 2304 3546 gubernat
2343 3471 2406 3527 ct
2445 3463 2739 3546 possidet.
2777 3463 3009 3544 Itaque,
3054 3460 3219 3524 sicut
3257 3463 3482 3524 dedisti

1995 3564 2052 3625 ei
2107 3571 2481 3646 potestatem
2534 3562 2741 3623 omnis
2790 3559 3021 3633 carniS,
3068 3559 3161 3622 sic
3203 3559 3488 3623 clarifica

1993 3681 2163 3734 eum,
2196 3671 2268 3723 ut
2306 3681 2489 3721 omne
2530 3677 2731 3740 genus
2776 3657 3131 3733 hominum,
3175 3662 3346 3738 quod
3380 3663 3488 3720 de-

1991 3763 2153 3822 disti
2200 3763 2262 3820 ei
2314 3777 2428 3841 per
2486 3757 3103 3841 praedestinationem
3165 3765 3484 3832 aeternam,

1993 3878 2107 3942 per
2149 3857 2562 3939 temporalem
2606 3855 2997 3918 vocationem
3047 3863 3109 3916 et
3155 3854 3313 3917 fidei
3358 3856 3487 3917 sin-

1993 3957 2339 4020 ceritatem.
2392 3955 2555 4027 Quos
2603 3954 2775 4015 enim
2828 3953 3321 4036 praedestinavit,
3368 3953 3483 4017 hos
3536 3975 3776 4025 amm.

1991 4063 2052 4117 et
2093 4054 2360 4128 vocavit,
2395 4053 2745 4115 secundum
2786 4051 3180 4133 Apostolum.
3214 4049 3329 4122 Qui
3371 4051 3485 4113 ite·
3511 4041 3579 4082 ³⁰·

1993 4172 2135 4214 rum
2182 4153 2270 4215 ait
2314 4171 2327 4215 ε
2372 4151 2576 4232 Elegit
2624 4169 2737 4213 nos
2788 4150 2853 4212 in
2894 4150 3034 4232 ipso
3072 4157 3217 4211 ante
3258 4150 3771 4228 mundisspheae.1,⁴.

377 4267 538 4319 stus.
574 4291 650 4300 —
697 4253 819 4317 Sed
867 4273 984 4317 cur
1031 4253 1150 4316 ista
1198 4263 1489 4336 precatus
1539 4262 1633 4316 est
1674 4255 1874 4330 Jesus,
1911 4263 1960 4324 D
1990 4251 2531 4315 constitutionem.
2564 4248 2760 4312 Nemo
2798 4249 3043 4330 quippe
3075 4247 3249 4310 venit
3278 4249 3354 4310 ad
3386 4247 3485 4310 Fi-
3536 4272 3770 4324 Joannm,

376 4374 584 4438 quum
625 4354 818 4417 sciret
856 4353 1210 4415 certissime
1249 4353 1492 4414 Patrem
1532 4353 1624 4416 sic
1668 4354 1881 4416 decre-

380 4455 552 4516 visse
596 4460 663 4513 ut
702 4451 1083 4514 clarificaret
1127 4451 1336 4513 taliter
1377 4451 1606 4513 Filium
1655 4455 1878 4514 suum?

379 4551 754 4624 Dicendum,
790 4551 960 4632 quod
1001 4569 1126 4612 non
1171 4558 1266 4611 est
1309 4547 1762 4612 inconveniens
1807 4569 1880 4613 ea

382 4649 704 4732 postulare
753 4667 790 4710 a
829 4647 974 4722 Deo,
1009 4667 1153 4730 quae
1203 4648 1440 4710 scimus
1490 4649 1694 4710 danda
1742 4666 1880 4711 esse

381 4748 461 4809 ab
505 4766 603 4821 eo,
648 4745 802 4828 quia
843 4753 905 4808 et
947 4745 1108 4808 Deus
1152 4746 1246 4808 sic
1292 4745 1762 4827 praedestinavit
1811 4755 1880 4809 ut

384 4847 561 4908 daret
618 4863 692 4906 ea
749 4863 863 4926 per
922 4861 1141 4925 preces
1201 4862 1530 4906 servorum
1592 4863 1876 4908 suorum.

472 4942 780 5015 Quoniam
839 4959 989 5005 vero
1044 4941 1423 5023 glorificatio
1481 4941 1711 5004 Christi
1770 4943 1882 5006 ho-

387 5041 582 5104 minis
630 5041 960 5104 ordinatur
1009 5039 1289 5101 finaliter
1333 5041 1409 5101 ad
1457 5039 1724 5121 gloriam
1772 5041 1882 5102 Pa-

387 5140 523 5214 triS,
550 5138 964 5219 subjungitur
991 5157 1004 5201 ε
1041 5149 1112 5200 uc
1143 5138 1360 5200 Filius
1393 5147 1543 5199 tuus
1571 5141 1882 5217 clarificet

390 5250 474 5308 te,
523 5238 586 5300 id
643 5245 760 5311 est,
815 5255 928 5319 per
985 5235 1498 5318 praedicationem
1560 5236 1886 5319 Apostolo-

391 5356 536 5401 rum
598 5336 841 5398 clarum
900 5343 964 5397 te
1020 5334 1211 5397 faciat
1275 5334 1342 5396 in
1410 5335 1710 5398 cordibus
1773 5337 1884 5401 ho-

1991 4352 2172 4426 lium,
2223 4352 2344 4413 nisi
2389 4350 2567 4413 Pater
2613 4348 2875 4411 traxerit
2920 4366 3090 4410 eum.
3140 4347 3285 4411 Illos
3334 4366 3483 4430 ergo
3510 4337 3579 4378 ⁴⁴·

1989 4451 2169 4513 Pater
2207 4451 2311 4512 dat
2349 4448 2525 4522 Filio,
2570 4466 2730 4528 quos
2775 4446 3054 4508 decrevit
3097 4445 3324 4508 salvari
3370 4465 3485 4528 per

1992 4568 2164 4623 eum,
2218 4555 2280 4610 et
2330 4545 2641 4611 convertit
2695 4546 2773 4607 ad
2831 4545 3029 4607 fidem
3082 4544 3480 4620 catholicam,

1994 4648 2205 4711 vivam
2262 4653 2323 4708 et
2384 4651 2914 4727 perseverantem.
2966 4646 3086 4703 Det
3141 4645 3235 4703 eis
3281 4644 3482 4704 vitam

1990 4756 2323 4812 (eternam,
2375 4743 2439 4805 id
2491 4749 2606 4815 est,
2663 4760 2777 4823 pro
2833 4759 3053 4804 eorum
3106 4740 3309 4802 salute
3356 4760 3487 4807 mo-

1993 4843 2211 4918 riatur,
2255 4842 2475 4923 eisque
2518 4848 2814 4903 aeternam
2857 4839 3314 4903 beatitudinem
3353 4859 3486 4904 me-

1994 4950 2204 5004 reatur
2251 4948 2319 5002 ut
2364 4941 2576 5013 homo,
2619 4945 2684 5000 et
2722 4937 3025 5019 largiatur
3068 4945 3135 4999 ut
3175 4937 3360 5028 Deus:
3394 4938 3485 5002 Ex

1991 5041 2112 5104 hoc
2170 5038 2529 5110 innotescit,
2593 5037 2763 5118 quod
2822 5035 3109 5099 Christus
3168 5056 3339 5100 nunc
3397 5038 3489 5102 lo-

1991 5138 2211 5221 quitur
2253 5137 2331 5198 de
2372 5135 2623 5198 datione
2662 5135 2988 5215 potestatis
3025 5135 3233 5197 omnis
3278 5137 3485 5199 carnis

1994 5234 2347 5317 temporali,
2401 5252 2544 5315 quae
2601 5231 2906 5314 competit
2960 5232 3083 5294 sibi
3132 5235 3484 5298 secundum

1995 5344 2285 5398 naturam
2344 5339 2759 5414 assumptam,
2814 5331 3118 5414 quoniam
3173 5333 3283 5395 illa
3328 5334 3491 5397 fina-
