4300 6259
41 1196 244 1301 ¹f'phea.
265 1212 316 1247 v,

61 2883 75 2925 1
89 2883 334 2935 Iouna-15³.

152 3066 222 3122 13

69 4270 198 4375 ‘⁰3

104 4461 138 4504 11
157 4462 261 4506 Cor.
284 4476 332 4515 x,

76 4526 136 4569 18.

71 4758 278 4809 [Bidana
291 4762 329 4803 Ι.

1137 517 1488 567 malumno
1529 516 1595 564 m
1632 517 1772 565 m.
1817 517 1926 563 vm
1966 517 2245 566 mamus.
2289 538 2371 551 —-
2409 518 2551 567 Am.
2597 520 2707 567 1¹1

3354 500 3476 567 427

347 686 675 752 dixerunt
709 692 884 772 quod
919 690 1206 755 Christus
1245 696 1412 752 esset
1449 689 1544 753 sol
1579 689 1698 751 iste
1727 688 1873 752 visi·
1900 689 1950 751 A
1979 690 2114 753 lum
2145 690 2577 767 ChristuS‚sed
2602 701 2666 755 et
2694 694 2880 757 multi
2910 693 3279 759 Sanctorum
3310 694 3477 758 Chri-

349 786 522 850 bilis
555 808 570 852 :
603 792 777 871 quod
806 811 1001 873 quam
1037 792 1302 853 stultum
1334 790 1437 865 sit,
1465 808 1589 853 non
1625 796 1870 871 oportet

353 887 669 968 probare.

450 986 775 1065 Postremo
814 989 1168 1063 sciendum,
1202 990 1372 1069 quod
1415 1006 1618 1069 quum
1661 988 1738 1049 (16
1777 1006 1874 1048 ra-

353 1084 545 1147 tione
584 1084 850 1148 luminis
900 1086 983 1147 sit
1019 1085 1425 1149 manifestare
1476 1104 1588 1147 seu
1639 1083 1874 1148 clarifi-

353 1202 537 1259 care,
569 1184 752 1265 juxta
789 1186 950 1248 illud
991 1185 1300 1268 Apostoli,
1333 1184 1556 1247 Omnia
1591 1204 1736 1265 quae
1773 1202 1873 1245 ar-

351 1292 678 1365 guuntur,
719 1304 758 1346 a
785 1284 1030 1347 lumine
1057 1283 1584 1363 manifestantur;
1635 1283 1872 1346 idcirco

357 1382 592 1446 lumen
624 1402 738 1446 seu
769 1384 878 1445 lux
909 1384 1167 1466 proprie
1208 1384 1444 1446 dicitur
1473 1384 1537 1446 in
1570 1382 1872 1465 spiritua-

359 1482 547 1545 libus
573 1502 648 1545 ac
679 1482 935 1558 diviniS,
959 1482 1260 1565 quoniam
1295 1481 1720 1545 manifestatio
1750 1501 1874 1543 ma·

361 1581 544 1643 xime
594 1588 836 1664 spectat
881 1582 960 1644 ad
1011 1581 1428 1657 intellectum,
1483 1581 1547 1643 in
1601 1599 1730 1662 quo
1777 1587 1872 1642 est

363 1681 662 1743 veritatis
703 1680 1038 1764 inspectio.
1072 1680 1232 1743 Hinc
1267 1699 1416 1761 ergo
1444 1679 1607 1742 Deus
1640 1679 1872 1742 dicitur

365 1780 484 1843 lux
519 1798 632 1862 per
663 1780 1025 1855 essentiam,
1059 1780 1212 1862 quia
1238 1778 1319 1842 ab
1351 1779 1492 1861 ipso
1521 1778 1729 1843 omnis
1771 1779 1872 1840 de-

1981 790 2060 851 sti
2094 791 2427 873 utriusque
2457 792 3313 869 Testamenti,testimonium
3343 812 3479 877 per·

1982 888 2333 952 bibuerunt
2361 892 2439 953 de
2479 909 2567 965 se,
2602 900 2665 953 et
2704 892 3123 955 laudaverunt
3160 911 3227 955 se
3278 892 3472 975 ipsOS‚

1983 1005 2108 1050 non
2141 996 2399 1070 propter
2434 988 2683 1052 laudem
2726 990 3070 1053 humanam
3110 1000 3172 1053 et
3206 991 3473 1071 gloriam

1983 1103 2231 1157 vanam,
2264 1086 2373 1149 sed
2402 1088 2478 1150 ad
2510 1086 2617 1149 Dei
2651 1088 2958 1152 honorem
2986 1095 3049 1151 et
3076 1090 3348 1153 aliorum
3381 1089 3477 1153 in-

1985 1184 2419 1247 structionem.
2472 1184 2574 1249 Sic
2625 1206 2901 1268 namque
2949 1187 3275 1270 Prophetae
3323 1188 3479 1251 scri-

1983 1282 2146 1345 bunt
2192 1284 2607 1348 revelationes
2650 1286 2773 1348 sibi
2814 1286 3122 1350 divinitus
3166 1286 3383 1363 factas»,
3416 1298 3480 1352 et

1982 1386 2301 1464 quomodo
2335 1384 2495 1449 Deus
2539 1386 2639 1449 vel
2678 1387 2887 1468 angeli
2936 1387 3028 1451 eis
3068 1388 3262 1451 locuti
3302 1396 3472 1451 sunt.

1984 1478 2058 1541 Et
2105 1480 2225 1543 tale
2262 1483 2697 1547 testimonium
2740 1484 2972 1549 efficax
3020 1484 3165 1561 fuit,
3208 1486 3363 1568 quia
3399 1504 3475 1549 6)(

1984 1579 2204 1641 multis
2251 1581 2392 1643 aliis
2442 1583 2647 1664 patuit
2693 1602 2917 1647 verum
2966 1603 3105 1648 esse
3160 1586 3329 1667 quod
3380 1604 3479 1647 as-

1983 1688 2343 1755 seruerunt,
2377 1680 2672 1745 videlicet
2713 1700 2790 1745 ex
2840 1684 3167 1747 sanctitate
3217 1703 3479 1748 conver-

1983 1776 2244 1840 sationis
2283 1786 2346 1841 et
2385 1779 2731 1855 miraculis,
2767 1799 2843 1843 cx
2882 1780 3118 1844 effectu
3159 1782 3479 1865 impletio-

365 1880 621 1944 rivatur
651 1878 967 1961 cogniti03
999 1888 1064 1942 et
1094 1879 1270 1941 nulla
1308 1886 1595 1942 creatura
1627 1885 1723 1940 est
1761 1877 1870 1939 lux
1909 1877 1955 1939 B
1983 1876 2105 1951 niS,
2137 1878 2409 1960 aliisque
2437 1879 2707 1943 diversis
2740 1880 2994 1943 indiciis
3024 1881 3213 1944 certis
3252 1900 3265 1944 ε
3300 1890 3363 1944 et
3392 1882 3480 1945 ita

365 1979 733 2041 secundum
794 1977 1138 2060 perfectam
1199 1978 1362 2041 lucis
1420 1977 1872 2059 proprietatem

366 2096 446 2140 ac
490 2076 822 2151 rationem,
857 2078 965 2140 sed
1011 2077 1182 2140 solus
1222 2076 1409 2139 Deus.
1443 2074 1660 2139 Omnis
1700 2074 1871 2136 enim

367 2184 666 2239 creatura
712 2175 904 2238 habet
951 2176 1196 2258 aliquid
1246 2174 1735 2247 tenebrositati3‚
1770 2175 1874 2235 de-

367 2273 794 2338 fectibilitatis
834 2281 898 2336 et
945 2273 1448 2356 imperfectionis
1495 2273 1870 2349 admixtum,

367 2392 580 2457 quum
629 2374 715 2435 sit
767 2374 1158 2455 dependenS‚
1211 2372 1397 2435 finita
1443 2380 1506 2435 et
1556 2371 1868 2452 indigens.

371 2474 538 2536 Deus
591 2489 742 2535 vero
789 2471 1103 2552 gloriosus
1151 2477 1214 2533 et
1266 2469 1446 2534 fortis
1503 2470 1595 2532 sic
1653 2470 1870 2533 lumen

369 2580 492 2647 est,
540 2579 611 2633 ut
664 2589 792 2633 non
833 2570 916 2633 sit
951 2571 1018 2633 in
1061 2588 1135 2633 eo
1177 2569 1422 2651 aliquid
1474 2588 1596 2633 non
1649 2568 1877 2631 lucidi-

368 2672 542 2746 tatis,
577 2688 692 2733 seu
736 2668 1240 2752 imperfectionis
1285 2669 1386 2731 vel
1433 2668 1868 2749 ignobilitatis.

373 2768 640 2851 Propter
689 2770 862 2851 quod
914 2768 1005 2831 ait
1051 2768 1321 2832 Joannes
1375 2767 1441 2830 in
1497 2767 1704 2850 prima
1759 2787 1874 2830 sua

371 2867 695 2933 Canonica
738 2887 752 2931 :
799 2868 962 2930 Deus
1007 2868 1116 2929 lux
1165 2874 1281 2941 est,
1323 2873 1387 2930 et
1424 2867 1702 2929 tenebrae
1746 2885 1870 2929 non

371 2975 526 3031 sunt
569 2968 635 3030 in
679 2986 756 3031 eo
801 2966 966 3029 ullae.

1983 1993 2110 2038 non
2155 1976 2278 2059 ipsi
2319 1979 2663 2054 dumtaxat,
2699 1981 2807 2042 sed
2849 1988 2910 2041 et
2948 1980 3111 2042 Deus
3152 1979 3479 2062 perhibuit

1983 2074 2420 2138 testimonium
2451 2076 2564 2139 eis·
2585 2076 2787 2140 Simili
2822 2080 3009 2143 modo
3038 2079 3475 2143 testimonium

1982 2172 2215 2236 Christi
2248 2175 2325 2236 de
2356 2193 2424 2237 so
2454 2175 2594 2257 ipso
2623 2175 3145 2241 efficacissimum
3174 2177 3482 2260 fuit,quia

1984 2288 2059 2335 6)(
2092 2271 2440 2335 eminentia
2469 2292 2600 2337 suaa
2642 2275 2991 2357 sapientiai,
3024 2294 3099 2338 ex
3132 2276 3377 2357 magnis
3404 2295 3481 2339 ac

1985 2368 2261 2435 infinitis
2300 2370 2433 2435 suis
2465 2374 2787 2455 prodigiis,
2823 2393 2900 2436 ex
2940 2375 3358 2439 sanctimonia
3390 2376 3481 2437 vi-

1985 2476 2082 2543 tae,
2119 2468 2471 2552 multisque
2526 2472 2691 2549 aliis,
2746 2473 2949 2555 patuit
3008 2492 3155 2536 eum
3203 2492 3342 2536 esse
3389 2474 3480 2537 vi-

1985 2585 2125 2628 rum
2158 2575 2448 2630 sanctum
2479 2576 2541 2633 et
2567 2568 2836 2651 justum,
2872 2570 3046 2635 omni
3078 2570 3211 2634 fide
3240 2572 3481 2652 dignis-

1985 2665 2243 2728 simum.
2302 2664 2719 2731 Auctoritates
2779 2688 2928 2733 vero
2987 2680 3479 2752 praememoratae

1985 2764 2413 2845 intelligendas
2470 2775 2617 2831 sunt
2672 2769 3025 2831 secundum
3083 2788 3477 2833 communem

1985 2880 2266 2937 cursum,
2292 2872 2355 2926 et
2384 2865 2461 2927 de
2492 2865 2591 2929 bis
2621 2866 2859 2948 quibus
2898 2867 3157 2930 aliunde
3198 2868 3480 2933 testimo—

1983 2963 2165 3025 nium
2216 2963 2350 3025 sivo
2410 2966 2798 3045 praeconium
2858 2984 2983 3029 non
3047 2967 3422 3049 perhibetur
3458 2987 3475 3047 ;

455 3069 787 3129 Dimum
813 3086 962 3145 erqo
991 3068 1054 3127 ei
1083 3067 1429 3129 Pharisaei.
1456 3064 1588 3128 Jam
1631 3064 1872 3127 dictum
1909 3063 1953 3126 C
1983 3062 2287 3143 itemque,
2331 3062 2408 3124 de
2458 3062 2643 3125 lau‘de
2690 3064 2766 3126 ad
2817 3082 2886 3127 se
2934 3064 3171 3147 ipsum,
3225 3085 3349 3129 non
3399 3067 3477 3129 ad

367 3174 468 3229 est
516 3167 688 3249 quod
737 3164 976 3228 Scribae
1017 3172 1080 3226 et
1128 3163 1422 3227 Pharisaei
1472 3164 1586 3246 qui
1634 3164 1876 3226 adulte·

369 3284 509 3327 ram
550 3265 976 3337 adduxerunt,
1028 3263 1262 3344 egressi
1313 3270 1484 3325 sunt.
1526 3262 1630 3325 Isti
1681 3262 1874 3343 igitur

368 3362 666 3427 Pharisaei
718 3364 795 3425 de
844 3362 1082 3444 quibus
1133 3381 1304 3425 nunc
1350 3362 1578 3443 agitur,
1620 3362 1728 3423 alii
1775 3360 1873 3423 fu-

365 3469 558 3525 erunt
596 3461 679 3524 ab
718 3460 868 3523 illis.
911 3464 1006 3523 Tu
1041 3464 1122 3521 de
1161 3470 1218 3521 te
1256 3464 1392 3537 ipso
1433 3462 1868 3521 testimonium

355 3562 686 3639 perhibes,
719 3560 1035 3622 laudando
1083 3567 1257 3621 tuam
1299 3577 1634 3641 personam
1674 3558 1868 3620 subli-

364 3659 454 3721 mi
509 3657 852 3740 praeconio,
905 3656 1080 3740 quali
1144 3657 1361 3720 nullus
1408 3656 1719 3739 Propheta
1766 3656 1865 3719 vel

365 3756 728 3819 Patriarcba
775 3756 1246 3820 commendavit
1291 3773 1358 3817 se
1417 3755 1666 3837 ipsum3
1702 3757 1870 3817 testi-

363 3856 664 3917 monium
696 3864 884 3917 tuum
913 3875 1045 3916 non
1071 3863 1162 3915 est
1192 3854 1504 3923 verum,id
1536 3861 1633 3916 est
1661 3862 1868 3917 ratum

362 3962 428 4016 et
478 3951 734 4025 efficax,
761 3954 872 4015 sed
922 3951 1316 4034 increpabile
1363 3959 1426 4014 et
1473 3960 1864 4035 suspectum,

363 4070 572 4135 quum
615 4052 805 4115 homo
837 4070 964 4115 non
1007 4052 1089 4113 sit
1125 4051 1333 4115 bonus
1380 4051 1576 4132 judex
1623 4052 1720 4113 sui
1774 4052 1870 4133 ip-

363 4151 527 4225 sius,
581 4169 700 4213 nec
747 4150 988 4213 morale
1047 4158 1143 4212 est
1199 4150 1456 4213 laudare
1502 4169 1570 4213 se
1627 4150 1864 4232 ipsum,

365 4366 556 4421 enus,
588 4355 652 4409 et
690 4366 816 4411 non
856 4366 926 4410 os
965 4354 1180 4427 tuum3
1227 4353 1586 4422 extraneus,
1632 4357 1695 4411 et
1739 4366 1862 4411 non

367 4446 544 4508 labia
581 4454 711 4507 tua.
775 4445 951 4508 Unde
998 4446 1336 4528 Apostolus
1387 4464 1400 4508 :
1461 4445 1595 4510 Non
1635 4447 1746 4528 qui
1799 4466 1867 4510 se

364 4547 586 4628 ipsum
625 4545 1048 4617 commendat,
1099 4544 1208 4607 ille
1259 4544 1560 4626 probatus
1602 4554 1718 4609 est.
1776 4546 1868 4609 ld-

361 4644 563 4715 circo‚
604 4661 810 4726 quum
864 4642 1096 4705 Paulus
1153 4644 1658 4707 commendasset
1714 4663 1867 4726 quo—

359 4742 710 4806 dammodo
747 4740 1186 4823 semetipsum,
1223 4740 1557 4822 subjunxit
1591 4761 1604 4805 :
1639 4742 1864 4805 Factus

359 4859 510 4903 sum
542 4838 878 4921 insipienS,
911 4857 1024 4902 vos
1056 4856 1158 4901 me
1186 4838 1512 4919 coegistis3
1545 4858 1660 4921 ego
1690 4841 1862 4903 enim

355 4958 398 5001 a
440 4937 624 5001 vobis
657 4936 849 5000 debui
893 4937 1349 5000 commendari.

441 5036 565 5099 Sed
593 5054 800 5118 quum
832 5035 964 5097 baec
995 5036 1082 5097 ita
1113 5053 1180 5097 se
1220 5035 1513 5110 habeant,
1545 5038 1864 5117 quomodo

354 5134 646 5199 salvatur
682 5134 856 5215 quod
885 5132 1194 5207 ChristuS,
1229 5133 1414 5215 cujus
1453 5134 1662 5197 omnis
1700 5136 1864 5200 actio

353 5240 580 5298 nostra
635 5240 734 5295 est
788 5231 1146 5305 instructio,
1199 5234 1740 5296 recommendavit
1797 5252 1864 5297 se

351 5331 618 5415 ipsqu
656 5328 734 5391 Et
771 5329 1312 5411 respondendum,
1363 5332 1536 5412 quod
1591 5350 1715 5395 non
1767 5351 1864 5396 so-

1981 3159 2088 3221 Dei
2150 3160 2456 3223 bonorem
2512 3161 3081 3244 proximorumque
3140 3164 3475 3228 utilitatem

1981 3258 2213 3321 relata:
2240 3258 2385 3321 talis
2415 3258 2648 3323 etenim
2682 3259 2819 3323 laus
2862 3262 3146 3343 procedit
3182 3280 3260 3324 ex
3306 3262 3481 3326 vani-

1979 3364 2125 3431 tate,
2161 3376 2289 3421 non
2328 3375 2403 3419 ex
2448 3357 2727 3421 caritate.

2061 3455 2367 3519 Praeterea
2408 3457 2565 3521 ratio
2603 3476 2719 3520 cur
2760 3458 3195 3521 testimonium
3226 3467 3289 3521 et
3320 3479 3478 3542 prae—

1983 3554 2241 3619 conium
2292 3574 2327 3617 a
2362 3574 2431 3618 se
2479 3555 2621 3637 ipso
2665 3556 2978 3638 prolatum
3026 3576 3151 3620 non
3202 3566 3297 3620 cst
3348 3558 3479 3622 ido—

1983 3672 2198 3729 neum,
2234 3654 2367 3717 haec
2398 3662 2514 3728 est,
2547 3654 2851 3736 quoniam
2891 3655 3167 3735 cognitio
3198 3656 3475 3720 bominis

1982 3755 2060 3817 de
2090 3771 2159 3816 se
2196 3754 2337 3836 ipso
2374 3760 2469 3815 est
2512 3772 2679 3835 saepe
2708 3754 2948 3816 incerta
2994 3761 3057 3816 et
3085 3753 3299 3831 fallax,
3335 3776 3477 3839 pro-

1982 3859 2122 3934 pter
2189 3851 2622 3915 inordinatum
2679 3859 2871 3933 atque
2939 3852 3256 3935 privatum
3324 3853 3473 3918 affe-

1980 3958 2153 4012 ctum
2182 3950 2260 4011 ad
2293 3967 2381 4011 36.
2415 3949 2675 4031 Propter
2711 3951 2881 4031 quod
2928 3951 3118 4015 bomo
3157 3952 3223 4014 in
3254 3954 3474 4017 multis

1982 4047 2331 4129 complacet
2381 4047 2527 4122 sibi,
2564 4048 2629 4109 in
2678 4048 2915 4130 quibus
2965 4049 3265 4131 displicet
3306 4051 3470 4114 aliis,

1982 4146 2056 4209 Et
2086 4146 2381 4229 quamvis
2414 4146 2691 4226 cognitio
2722 4146 2820 4208 sui
2853 4148 2936 4209 sit
2962 4147 3307 4229 aliquando
3344 4168 3477 4212 cer-

201 4284 334 4321 um.
363 4268 574 4331 quum
610 4246 905 4313 Salomon
938 4257 1322 4332 protestetur
1355 4269 1367 4312 :
1403 4247 1637 4312 Laudet
1665 4257 1728 4312 te
1760 4249 1870 4311 ali·
1898 4251 1949 4313 D
1977 4253 2060 4319 ta,
2094 4252 2307 4307 tamen
2334 4244 2651 4325 judicium
2682 4263 2759 4308 ex
2787 4244 3021 4308 affectu
3056 4246 3319 4329 praefato
3356 4248 3477 4311 fre-

1978 4352 2251 4427 quenter
2281 4345 2686 4426 pervertitur,
2717 4345 2897 4425 juxta
2937 4346 3097 4408 illud
3134 4366 3147 4410 :
3182 4347 3377 4411 Amor
3412 4356 3475 4411 et

1977 4444 2194 4507 odium
2229 4451 2602 4526 pervertunt
2628 4443 2963 4525 judicium.
2996 4443 3155 4507 Illud
3197 4463 3347 4526 ergo
3373 4446 3475 4527 ju-

1979 4543 2216 4605 dicium
2268 4542 2531 4605 firmum
2587 4549 2703 4617 est,
2745 4544 2916 4623 quod
2965 4558 3041 4605 ex
3092 4543 3474 4607 certitudine

1980 4641 2219 4705 notitiae
2260 4648 2323 4704 et
2370 4640 2750 4703 rectitudine
2787 4640 3147 4704 affectionis
3195 4651 3468 4705 emanat.

1978 4740 2263 4804 Christus
2302 4748 2511 4801 autem
2556 4739 2759 4803 virtus
2802 4747 2864 4802 et
2906 4740 3217 4822 sapientia
3246 4740 3467 4817 Patris,
3503 4763 3764 4815 iem-‚aza

1977 4837 2257 4921 perfecte
2286 4838 2578 4919 cognovit
2610 4845 2672 4899 et
2696 4838 2867 4917 juste
2894 4838 3130 4902 amavit
3160 4856 3229 4901 se
3257 4839 3469 4921 ipsum

1976 4937 2039 4999 in
2090 4936 2438 5000 omnibus:
2481 4936 2624 4999 ideo
2671 4935 3102 4999 testimonium
3154 4955 3343 4999 suum
3392 4940 3471 5002 de

1975 5056 2042 5099 36
2070 5035 2311 5098 exstitit
2340 5034 2625 5097 firmum.
2650 5033 2909 5116 Propter
2939 5036 3109 5115 quod
3140 5034 3465 5100 subditur:

2052 5136 2406 5211 Respondit
2441 5136 2646 5203 Jesus,
2685 5142 2745 5193 et
2786 5134 2965 5193 dimit
3002 5135 3094 5194 eis
3128 5155 3153 5194 .·
3192 5136 3363 5207 Etsi,
3403 5136 3468 5199 id

1973 5241 2068 5295 est
2115 5233 2432 5315 quamviS,
2486 5232 2583 5295 vel
2644 5232 2817 5313 quia,
2867 5252 2979 5309 eqo
3030 5234 3466 5297 testimonium

1971 5333 2295 5410 perhibeO,
2327 5331 2391 5406 id
2421 5338 2518 5393 est
2546 5331 2648 5406 do,
2678 5333 2760 5391 de
2788 5350 2887 5392 me
2918 5331 3082 5409 ipso,
3112 5350 3335 5394 verum
3376 5344 3467 5396 est

3607 5149 3675 5206 ss
