4300 6259
690 1379 840 1429 xx,10.

597 2079 710 2124 Gen.
726 2080 840 2130 ¹¹22&

577 2141 748 2249 ἔξω.
799 2155 824 2184 v

603 3153 754 3198 Εὀοῑί.
767 3167 840 3210 ιιι,

579 3218 630 3259 to
648 3230 660 3268 ς
702 3217 838 3261 Pron.

523 3291 637 3334 xxvi,
659 3280 728 3323 25.

688 3638 724 3693 5

868 484 990 549 424

1635 499 1984 547 manuario
2026 497 2092 545 nt
2131 498 2271 546 mr.
2316 498 2425 545 vm
2464 496 2742 546 somnis.
2786 518 2869 530 -—
2908 501 3051 547 mr.
3094 486 3212 547 m'

870 693 989 738 nor
1026 674 1332 756 magistri.
1365 674 1651 738 Forsitan
1691 692 1839 754 ergo
1875 672 2125 735 adulter
2167 671 2368 735 evasit
2396 670 2449 733 A
2476 671 2735 746 dimitti,
2769 672 2922 754 quia
2964 673 3055 735 sic
3093 673 3349 754 gravius
3388 672 3711 735 videretur
3750 672 3953 735 redar-

868 792 1096 835 manus
1138 791 1381 848 eorum,
1429 773 1530 835 vel
1581 772 1954 835 muneribus
2003 790 2108 834 eos
2160 770 2369 853 placa-

870 871 981 934 vit.
1024 868 1144 934 Sed
1195 872 1406 953 potius
1458 890 1600 935 reor
1646 872 1816 953 quod
1868 871 2009 933 ideo
2059 868 2366 931 feminam

865 971 1286 1045 adduxerunt,
1323 989 1448 1033 non
1495 970 1727 1043 virum,
1766 969 1918 1050 quia
1955 968 2259 1050 optabant
2297 975 2368 1030 ut

863 1066 1042 1130 Jesus
1095 1075 1379 1150 parceret
1431 1068 1851 1150 delinquenti,
1902 1067 2247 1148 judicando
2298 1073 2367 1128 ut

869 1166 1298 1229 dimitteretur
1331 1167 1714 1241 adulteram,
1745 1166 1967 1248 sicque
1995 1171 2367 1228 accusarent

868 1284 1017 1328 eum
1058 1268 1135 1329 de
1166 1267 1322 1348 legis
1365 1265 1884 1347 transgressione,
1925 1264 2231 1346 quoniam
2262 1263 2364 1326 lex

865 1365 1059 1446 jussit
1103 1365 1470 1446 hujusmodi
1519 1365 1819 1447 lapidare.
1872 1363 2367 1427 Consuetudine-

871 1464 1040 1526 rium
1097 1471 1193 1527 est
1251 1464 1471 1543 [enim]
1517 1463 1866 1544 judicibus,
1919 1461 2177 1525 feminis
2239 1481 2366 1524 ma-

867 1563 964 1643 gis
1013 1562 1284 1645 compati
1346 1562 1730 1643 faciliusque
1783 1562 2112 1643 indulgere
2170 1579 2363 1642 quam

870 1660 1047 1736 viris,
1079 1661 1234 1743 quia
1273 1669 1336 1723 et
1373 1660 1601 1723 ceteris
1642 1660 1925 1743 paribus,
1960 1660 2174 1722 minus
2221 1677 2365 1742 pec-

869 1767 1015 1822 cant
1062 1759 1128 1821 in
1177 1760 1398 1822 eodem
1445 1776 1680 1840 genere
1727 1758 1932 1841 culpae
1979 1776 2172 1840 quam
2215 1758 2359 1832 viri,

2472 773 2786 852 guenduS.

2554 874 2733 932 Jesus
2770 882 2987 934 autem
3026 873 3359 933 inclinans
3395 892 3459 932 se
3500 874 3812 939 deorsum,
3851 873 3955 931 di-

2466 973 2605 1047 qito
2634 972 2942 1031 scribebat
2974 972 3047 1031 in
3078 980 3273 1031 terra.
3306 970 3423 1033 Per
3451 970 3569 1033 hoe
3611 970 3955 1050 designavit

2474 1077 2747 1150 quatuor
2780 1086 2794 1131 :
2832 1069 3060 1150 prim0,
3095 1070 3265 1149 quod
3313 1069 3390 1131 ad
3439 1068 3770 1130 mulierem
3812 1086 3953 1150 pec-

2474 1167 2771 1230 catricem
2801 1168 3132 1230 inclinavit
3168 1187 3348 1230 suam
3392 1167 3783 1230 clementiam
3810 1186 3827 1245 ;
3857 1186 3953 1229 se-

2474 1266 2704 1341 cundo,
2766 1267 2936 1347 quod
3001 1286 3038 1328 a
3094 1258 3427 1329 malitiosis
3486 1266 3949 1329 accusatoribus

2470 1364 2699 1427 avertit
2737 1384 2867 1428 suae
2914 1365 3163 1448 pietatis
3214 1373 3592 1447 respectum,
3625 1365 3804 1446 quasi
3850 1364 3952 1426 de-

2472 1470 2708 1526 testans
2754 1482 2976 1527 eorum
3026 1463 3485 1543 calliditatem3
3528 1464 3737 1538 tertio,
3786 1464 3951 1544 quod

2474 1562 2785 1624 sententia
2815 1581 2940 1625 non
2973 1563 3055 1625 sit
3091 1562 3302 1626 subito
3341 1570 3403 1624 et
3441 1561 3785 1643 improvise
3814 1580 3955 1643 pro-

2472 1663 2723 1735 menda,
2786 1662 2896 1723 sed
2953 1680 3101 1723 cum
3159 1660 3613 1723 deliberatione
3664 1668 3949 1737 matura;

2473 1767 2719 1841 quarto,
2770 1760 2941 1841 quod
3000 1759 3313 1841 judicium
3374 1757 3820 1841 proferendum
3875 1758 3957 1820 sit

869 1877 1072 1939 quum
1101 1858 1184 1920 sit
1212 1857 1278 1919 in
1309 1858 1401 1920 eis
1429 1856 1737 1939 fragilitas
1767 1856 1992 1939 major,
2029 1856 2362 1919 carnalitas
2400 1854 2447 1916 B
2474 1858 2825 1922 secundum
2857 1857 3114 1940 scripta,
3147 1858 3248 1920 vel
3281 1858 3487 1939 primo
3526 1856 3951 1927 scribendum,

867 1956 1115 2038 fortior,
1158 1956 1518 2020 intellectus
1555 1954 1846 2019 debilior.
1890 1956 2153 2037 Propter
2193 1957 2363 2037 quod

870 2055 1103 2117 mulier
1159 2055 1417 2117 nomine
1475 2055 1683 2117 carnis
1740 2054 2110 2136 frequenter
2160 2054 2365 2137 expri-

829 2173 841 2193 ·
870 2154 1066 2216 mitur
1108 2154 1176 2216 in
1217 2153 1581 2235 Scripturis.

952 2255 1038 2315 Ec
1066 2261 1436 2314 statuerunt
1464 2272 1608 2313 eam
1639 2253 1713 2312 in
1753 2254 1964 2313 medio
2007 2251 2230 2335 templi
2265 2252 2363 2316 vel

872 2351 1118 2434 populi,
1135 2370 1346 2415 coram
1377 2350 1643 2426 Christo,
1677 2360 1736 2411 ec
1759 2353 2076 2411 dioeerunt
2102 2353 2167 2411 ei
2185 2372 2209 2411 .·
2232 2354 2366 2413 Ma-

867 2452 1090 2528 yister.
1131 2448 1366 2512 Blande
1413 2456 1476 2511 et
1523 2454 1907 2523 reverenter,
1958 2448 2364 2513 fraudulento

870 2549 1059 2613 corde
1093 2534 1465 2629 loquuntur,
1503 2555 1570 2608 ut
1596 2546 1774 2609 Jesus
1805 2547 2018 2609 minus
2051 2556 2263 2610 caveat
2297 2566 2364 2610 se

868 2645 948 2709 ab
1005 2647 1098 2709 eis
1135 2667 1150 2727 ;
1209 2645 1714 2727 magistrumque
1771 2644 2122 2718 nominant,
2178 2646 2363 2727 cujus

867 2744 1210 2807 noluerunt
1248 2761 1386 2805 esse
1417 2742 1740 2825 discipuli.
1777 2743 1953 2805 Tales
1997 2751 2147 2806 sunt
2178 2745 2360 2808 multi

865 2842 1118 2924 vulpini
1169 2843 1604 2907 observatores
1652 2842 1778 2905 Deo
1813 2842 2105 2917 odibileS,
2140 2863 2178 2905 a
2223 2843 2366 2925 qui-

867 2941 988 3005 bus
1033 2950 1185 3005 tunc
1233 2942 1432 3023 magis
1480 2942 1832 3004 cavendum
1881 2948 1998 3017 est,
2031 2943 2187 3005 dum
2234 2962 2366 3006 am-

2473 1957 2703 2019 deinde
2747 1956 3205 2039 publicandum
3260 1974 3274 2017 :
3327 1956 3498 2038 quod
3552 1955 3617 2017 in
3666 1954 3955 2037 pluribus

2472 2055 2627 2119 locis
2674 2074 2749 2117 ac
2797 2055 3054 2138 populis
3102 2053 3495 2117 observatur.
3546 2052 3707 2127 Quid
3745 2062 3951 2115 autem

2471 2152 2821 2236 scripserit,
2857 2172 2983 2217 non
3015 2151 3208 2215 refert
3250 2152 3665 2233 Evangelista.
3698 2150 3818 2215 Sed
3844 2152 3957 2213 ali-

2470 2253 2584 2334 qui
2636 2248 2878 2327 dicunt,
2928 2253 3276 2314 secundum
3331 2252 3502 2333 quod
3552 2256 3791 2313 tactum
3834 2257 3951 2323 est,

2471 2350 2641 2431 quod
2676 2350 2932 2432 scripsit
2960 2350 3025 2412 id
3054 2350 3225 2431 quod
3266 2355 3483 2431 postea
3520 2347 3803 2430 protulit.
3834 2347 3953 2409 Alii

2472 2449 2714 2523 dicunt,
2767 2448 2937 2529 quod
2991 2447 3248 2529 scripsit
3304 2465 3521 2509 eorum
3571 2453 3845 2528 peccata,
3889 2452 3957 2506 ut

2473 2546 2731 2628 propria
2796 2551 3049 2627 peccata
3112 2544 3419 2619 vidente'S,
3489 2544 3952 2606 erubescerent.

2470 2645 2735 2718 Quidam
2764 2644 3112 2718 affirmant,
3156 2645 3326 2725 quod
3368 2643 3622 2725 scripsit
3660 2643 3793 2705 haec
3823 2659 3959 2705 ver-

2470 2742 2553 2805 ba
2585 2763 2598 2806 ε
2634 2744 2823 2806 Terra
2850 2743 3092 2825 judicat
3133 2751 3389 2817 terram,
3424 2742 3488 2805 id
3530 2750 3626 2805 est
3669 2748 3958 2823 peccator

2472 2850 2893 2925 peccatorem.

2569 2945 2781 3011 Quum
2829 2951 3047 3002 autem
3092 2948 3577 3019 perseverarent
3628 2940 3693 3001 in
3746 2938 3954 3001 studio

867 3042 1038 3125 plius
1081 3060 1149 3105 se
1188 3041 1544 3117 humiliant,
1577 3041 1857 3103 arrident
1904 3048 1966 3104 et
2011 3042 2357 3124 applicant.
2398 3040 2444 3106 C
2470 3040 2853 3122 decipiendi,
2900 3042 3367 3117 interroyantes
3405 3058 3554 3099 eum
3599 3037 3755 3120 quid
3792 3037 3957 3117 judi-

867 3140 1045 3202 Unde
1075 3139 1386 3222 scriptum
1417 3148 1512 3202 est
1546 3158 1558 3201 :
1591 3138 1682 3201 Ne
1710 3141 1928 3203 credas
1961 3140 2222 3205 inimico
2252 3150 2361 3205 tuo

869 3238 938 3303 in
973 3245 1302 3313 aeternum,
1337 3238 1641 3320 quoniam
1680 3248 1924 3321 septem
1961 3239 2089 3303 doli
2124 3240 2191 3303 in
2226 3260 2364 3304 cor-

869 3340 948 3402 de
978 3338 1140 3419 ejus·
1176 3340 1332 3401 Hoec
1359 3340 1597 3399 mulier
1637 3341 1817 3399 modo
1853 3340 2247 3417 deprehensa
2273 3351 2363 3400 est

865 3438 944 3499 in
991 3438 1339 3507 adulter-ie,
1371 3436 1434 3498 id
1477 3442 1574 3497 est
1620 3435 1879 3499 inventa
1926 3437 1992 3498 in
2042 3437 2358 3501 crimine:

868 3542 1129 3618 propter
1157 3536 1328 3616 quod
1358 3534 1749 3598 excusationi
1792 3534 1968 3599 locus
2009 3554 2134 3599 non
2167 3543 2358 3617 patet.

865 3636 952 3697 In
985 3638 1116 3711 leye
1141 3644 1357 3695 autem
1387 3636 1636 3711 Moyses
1666 3636 2005 3694 mandavit
2034 3636 2217 3695 nobis
2245 3636 2364 3694 hu-

852 3732 1154 3810 jusmodi
1183 3732 1506 3809 lapidare,
1537 3730 1601 3792 id
1631 3738 1726 3792 est
1752 3730 2026 3810 jactibus
2066 3749 2359 3794 saxorum

866 3830 1179 3893 occidere.
1225 3832 1317 3891 Tu
1348 3849 1521 3908 erqo,
1550 3829 1661 3911 qui
1695 3830 1762 3891 in
1797 3829 2120 3911 aliquibus
2157 3830 2361 3911 legem

871 3947 997 3991 non
1060 3946 1295 4004 servaS,
1347 3927 1530 4009 quasi
1590 3928 1720 3990 vim
1780 3928 2190 4010 dispensandi
2254 3928 2364 3991 ba-

869 4026 1052 4097 bens,
1105 4033 1168 4088 et
1213 4025 1518 4088 Dominus
1568 4026 1746 4109 legis,
1799 4028 1964 4106 quid
2009 4028 2177 4087 dicis
2223 4045 2361 4090 esse

870 4126 1183 4206 agendum
1209 4143 1356 4186 cum
1387 4123 1506 4185 ista
1535 4118 1807 4185 nefaria?
1839 4127 1994 4185 Haec
2021 4135 2239 4188 autem
2268 4130 2361 4187 di·

2468 3147 2662 3213 caret,
2695 3141 2901 3199 erexit
2936 3158 3023 3209 se,
3059 3156 3186 3201 non
3235 3137 3645 3220 corporaliter
3686 3142 3953 3209 tantum,

2468 3240 2580 3302 sed
2610 3246 2671 3301 et
2700 3238 3136 3320 spiritualiter,
3168 3237 3246 3299 ab
3278 3237 3506 3300 humili
3536 3236 3959 3299 taciturnitate

2469 3340 2546 3401 ad
2604 3356 2845 3419 magnae
2902 3336 3290 3400 auctoritatis
3348 3336 3623 3399 sublime
3674 3355 3747 3399 ac
3792 3334 3959 3417 judi-

2470 3437 2629 3500 ciale
2676 3436 3028 3519 eloquium.
3080 3436 3291 3511 Porro,
3326 3436 3378 3498 si
3429 3435 3711 3499 Christus
3757 3454 3798 3497 a
3834 3434 3953 3497 Deo

2467 3536 2664 3616 judex
2711 3535 2997 3599 omnium
3048 3535 3451 3609 constitutuS,
3493 3541 3621 3596 tam
3670 3552 3952 3597 morosus

2470 3635 2594 3697 fuit
2630 3636 2709 3697 ad
2737 3634 3154 3715 judicandum
3197 3634 3274 3696 de
3312 3633 3455 3709 alio,
3490 3634 3679 3695 etiam
3722 3633 3787 3694 in
3828 3652 3955 3695 ma-

2472 3732 2744 3807 nifestiS,
2777 3752 2892 3795 cur
2932 3751 3048 3796 nos
3084 3740 3215 3794 tam
3258 3732 3441 3815 proni
3486 3750 3709 3794 sumus
3750 3733 3831 3795 ad
3858 3732 3957 3813 ju-

2471 3833 2807 3895 dicandum
2861 3832 2938 3893 de
2980 3831 3143 3905 aliis,
3186 3831 3375 3893 etiam
3426 3848 3551 3894 non
3602 3830 3953 3893 commissis

2470 3940 2531 3993 et
2575 3930 2869 4003 subditis,
2904 3938 2967 3991 et
3005 3930 3127 3993 hoc
3169 3929 3234 3991 in
3276 3930 3481 3992 causis
3521 3928 3779 3991 incertis
3819 3948 3957 4010 par-

2471 4030 2697 4111 visque
2732 4029 2965 4091 rebus?
2996 4032 3082 4090 Et
3108 4030 3287 4089 dimit
3314 4030 3405 4088 eis
3434 4048 3457 4087 .·
3492 4030 3621 4097 Qui
3648 4029 3788 4089 sine
3814 4048 3952 4106 pec-

2468 4140 2606 4190 cato
2646 4128 2893 4197 mortali
2938 4137 3027 4188 esc
3070 4136 3375 4188 vestrum.
3411 4126 3559 4189 Sine
3599 4126 3951 4189 venialibus

867 4225 1090 4284 cebant
1145 4231 1454 4283 tentantes
1511 4242 1680 4294 eum,
1731 4222 1795 4283 id
1855 4229 1950 4283 est
2008 4222 2438 4290 intentioneD
2469 4227 2638 4289 enim
2699 4245 2886 4290 nemo
2943 4234 3059 4301 est,
3113 4226 3235 4287 nisi
3296 4224 3458 4288 forte-
3512 4226 3590 4288 ad
3640 4225 3946 4288 horulam.

866 4320 1151 4396 fallendi,
1185 4320 1461 4403 experiri
1494 4321 1777 4383 volentes
1808 4320 1964 4402 quid
1996 4322 2254 4397 diceret,
2286 4334 2359 4385 ut

854 4430 1112 4498 possent
1139 4438 1441 4481 accusa-re
1468 4439 1640 4480 eum.
1675 4418 2147 4501 proposuerunt
2184 4422 2356 4483 enim

864 4518 987 4581 sibi
1019 4516 1662 4600 quaestionem,cujus
1695 4518 2024 4600 responsio
2054 4538 2171 4601 pro
2204 4526 2359 4581 utra·

861 4635 990 4699 que
1028 4625 1205 4701 parte
1243 4615 1654 4699 increpabilis
1695 4616 2029 4680 videbatur
2063 4636 2076 4681 ε
2113 4618 2265 4699 quia
2302 4620 2356 4681 si

861 4716 1293 4798 respondisset
1357 4716 1529 4797 quod
1595 4715 2045 4789 dimitteretur,
2103 4736 2358 4779 accusa-

862 4821 1005 4877 rent
1043 4832 1191 4876 eum
1229 4814 1308 4877 de
1353 4812 1636 4877 Mosaicae
1688 4814 1846 4894 legis
1886 4815 2351 4897 destructione3

861 4912 916 4975 si
957 4931 1105 4976 vero
1141 4912 1489 4993 judicasset
1526 4914 1697 4994 quod
1736 4912 2149 4989 occideretur,
2194 4915 2357 4996 obji-

861 5020 1076 5074 cerent
1123 5011 1181 5074 ei
1238 5011 1411 5093 quod
1467 5019 1686 5074 contra
1743 5011 2071 5094 propriam
2119 5012 2357 5075 faceret

862 5109 1396 5192 praedicationem,
1448 5128 1576 5191 qua
1630 5109 1695 5171 in
1757 5109 2057 5173 omnibus
2109 5111 2354 5173 miseri-

861 5208 1141 5272 cordiam
1171 5208 1407 5282 docuit,
1444 5226 1572 5271 non
1615 5209 1886 5289 rigorem
1916 5208 2201 5290 justitiae.
2234 5208 2355 5271 Ma-

859 5305 958 5385 gis
1005 5314 1212 5368 tamen
1261 5304 1566 5389 optabant
1612 5308 1786 5388 quod
1837 5306 2152 5388 judicaret
2210 5324 2347 5370 eam

2470 4326 2729 4408 Propter
2760 4325 3033 4388 venialia
3072 4343 3331 4406 quoque
3373 4343 3497 4387 non
3542 4323 3621 4385 fit
3660 4324 3849 4387 homo
3876 4322 3947 4385 ad

2464 4425 3046 4506 judicandum'seu
3100 4424 3499 4505 puniendum
3548 4440 3807 4504 magnos
3854 4440 3950 4484 ex-

2468 4542 2683 4585 cessus
2736 4521 3058 4603 indignuS.
3111 4523 3382 4584 Primus
3429 4524 3500 4581 in
3550 4522 3739 4581 illam
3790 4522 3950 4600 lapi·

2463 4625 2607 4683 dem
2658 4623 2928 4682 mittat:
2960 4620 3024 4682 id
3063 4628 3180 4695 est,
3224 4620 3276 4681 si
3328 4620 3456 4682 imo
3506 4619 3699 4683 vultis
3748 4626 3819 4680 ut
3862 4637 3949 4680 se-

2466 4720 2747 4782 cundum
2778 4720 2933 4800 legis
2976 4718 3247 4799 rigorem
3298 4717 3619 4799 puniatur,
3653 4716 3949 4800 puniatur

2465 4818 2815 4880 secundum
2848 4835 3201 4897 congruum
3233 4816 3518 4878 ordinem
3548 4814 3733 4895 juris·
3766 4814 3947 4878 Decet

2464 4916 2633 4977 enim
2666 4916 2977 4997 justitiam
3008 4934 3044 4976 a
3065 4914 3254 4996 justis
3284 4913 3673 4977 exsecutioni
3706 4914 3946 4976 manda-

2466 5013 2539 5075 ri.
2573 5012 2637 5076 Si
2670 5014 2862 5094 igitur
2890 5012 3122 5094 aliquis
3153 5020 3437 5075 vestrum
3466 5019 3563 5073 est
3602 5011 3715 5094 qui
3746 5012 3940 5093 legem

2463 5120 2891 5193 transgressus
2920 5130 3046 5175 non
3078 5118 3195 5186 est,
3228 5109 3308 5172 ab
3338 5109 3449 5173 illo
3481 5109 3940 5191 praevaricatrix

2462 5210 2616 5291 legis
2648 5210 2923 5273 debitam
2955 5228 3207 5291 poenam
3236 5208 3513 5291 recipiat.
3535 5206 3581 5269 Ο
3607 5207 3937 5270 ineffabilis

2462 5308 2815 5390 prudentiae
2864 5307 3341 5389 responsionem
3400 5324 3479 5369 ex
3533 5324 3643 5370 ore
3699 5314 3937 5369 aeternae

3990 3452 4077 3495 Aet.
4090 3462 4122 3497 x,
4134 3449 4180 3486 42.
