4300 6259
693 1257 730 1312 9

671 1444 738 1500 10

661 2926 722 2982 ss

567 3229 584 3272 1
599 3229 703 3272 Cor.
717 3242 748 3280 ι.
762 3230 830 3271 24.

596 3328 767 3372 Cocus.
787 3340 830 3378 ιι,

655 4010 721 4066 12

578 4804 740 4849 Joann.
753 4817 823 4855 xx,

561 4870 626 4909 19.

557 5009 658 5052 Act.
679 5022 722 5061 u,
739 5012 820 5054 14.

873 469 998 535 208

1651 487 2001 536 mauriano
2043 487 2108 535 m
2152 487 2290 534 GAP.
2336 486 2469 536 xxn
2508 486 2696 535 LUGAE.
2742 506 2822 518 -—
2864 487 3007 535 ΛΒΤ.
3053 489 3219 536 nvn

873 659 1386 740 contemplativa.
1447 658 1990 731 Quemadmodum
2051 677 2202 740 ergo
2261 657 2372 720 Pe·
2404 658 2455 719 A
2486 657 2632 733 isse,
2688 659 2799 722 alii
2859 666 3073 722 tamen
3133 659 3529 743 probabilius
3588 659 3986 722 arbitrantur

872 764 1008 818 trus
1048 766 1111 819 et
1136 758 1404 820 Joannes
1438 776 1673 839 agnum
1717 765 2237 841 praeparaverunt
2264 777 2376 839 pa-

873 854 1168 928 schalem,
1191 857 1276 917 ita
1305 864 1368 918 et
1397 875 1508 919 nos
1541 875 1655 938 per
1682 858 1993 919 actionem
2026 856 2373 919 virtuosam

871 960 937 1014 et
983 955 1584 1036 contemplationem
1631 956 2074 1037 mysteriorum
2127 953 2374 1017 benefi-

873 1051 1250 1133 ciorumque
1279 1052 1510 1115 Christi
1551 1059 1613 1114 et
1643 1053 1994 1116 divinitatis
2025 1071 2178 1125 suae,
2215 1071 2369 1134 prae-

875 1169 1096 1232 parare
1145 1152 1332 1213 corda
1385 1159 1597 1213 nostra
1644 1150 1952 1212 debemus
1999 1152 2077 1213 ad
2127 1169 2368 1212 sacram

873 1249 1412 1312 communionem.
1445 1252 1534 1311 At
1573 1251 1682 1310 illi
1708 1252 2025 1311 dioeerunt
2053 1271 2076 1308 .·
2119 1251 2239 1310 Ubi
2273 1251 2371 1308 vis

863 1364 1174 1422 paremus
1217 1347 1472 1428 pascha,
1521 1347 1584 1409 id
1628 1354 1723 1408 est
1765 1348 1830 1408 in
1875 1366 2004 1428 qua
2045 1348 2289 1410 domo?

951 1447 1037 1504 Ec
1065 1446 1242 1504 dixit
1271 1449 1359 1506 ad
1385 1466 1486 1506 eos
1515 1467 1538 1505 .·
1571 1449 1730 1507 Ecce
1759 1447 2239 1506 introeuntibus
2270 1465 2369 1505 vo-

871 1544 966 1602 bis
997 1545 1069 1604 in
1103 1545 1434 1606 civitatem
1469 1543 1840 1618 Jerusalem,
1872 1552 2157 1604 occurret
2196 1545 2370 1603 vobis

869 1641 1054 1703 homo
1098 1643 1478 1720 amphoram
1523 1663 1709 1722 aquoe
1738 1653 2062 1720 portans:
2093 1641 2207 1722 qui
2261 1641 2371 1703 ho-

867 1757 994 1814 mo,
1057 1741 1409 1803 secundum
1468 1740 1823 1821 Origenem,
1885 1740 2010 1802 fuit
2074 1739 2367 1802 minister

2483 758 2654 838 quod
2714 756 2841 819 fuit
2899 758 3088 821 homo
3152 758 3427 820 multum
3491 765 3736 840 potens,
3798 759 3983 820 dives

2480 874 2553 917 ac
2592 855 2848 930 nobili3‚
2894 857 2957 917 in
2999 863 3247 918 tantum
3286 858 3479 939 quod,
3524 875 3649 920 non
3688 856 3981 919 obstante

2482 953 2914 1034 prohibitione
2957 953 3364 1037 pontificum,
3399 962 3461 1016 et
3498 962 3713 1036 spreto
3748 955 3981 1018 timore

2481 1053 2936 1134 principalium
2977 1053 3360 1128 Judaeorum,
3402 1073 3595 1115 ausus
3638 1053 3763 1115 fuit
3800 1054 3979 1118 Chri-

2481 1158 2649 1213 stum
2701 1158 2764 1212 et
2810 1151 2950 1231 ejus
3000 1151 3350 1233 discipulos
3390 1151 3455 1213 in
3495 1152 3753 1215 domum
3794 1172 3973 1214 suam

2480 1249 2828 1330 suscipere,
2878 1257 3070 1330 atque
3126 1257 3269 1331 post
3324 1249 3552 1312 Christi
3616 1251 3973 1331 passionem

2478 1354 2607 1408 tam
2656 1348 2765 1409 diu
2815 1347 2956 1428 ejus
3006 1347 3353 1429 discipulos
3405 1347 3748 1430 hospitare,
3791 1351 3974 1430 quasi

2475 1444 2721 1508 Judaeos
2785 1464 2913 1508 non
2972 1453 3285 1507 metuens.
3347 1445 3657 1528 Pauperes
3713 1465 3975 1528 quoque

2478 1543 2711 1606 habere
2756 1563 2881 1607 uon
2928 1544 3133 1607 solent
3174 1545 3433 1607 domum
3482 1552 3609 1606 tam
3652 1563 3969 1626 magnam,

2478 1641 2543 1703 in
2574 1661 2703 1724 qua
2741 1643 2823 1704 sit
2858 1651 2989 1705 tam
3024 1643 3264 1722 grande
3298 1643 3720 1716 coenaculum,
3753 1663 3975 1725 quem-

2476 1741 2819 1803 admodum
2868 1741 3039 1802 istud
3086 1739 3231 1814 fuit,
3282 1740 3345 1801 in
3396 1759 3524 1822 quo
3572 1749 3829 1804 centum
3878 1744 3975 1804 vi-
4014 1765 4124 1806 Act.
4142 1771 4231 1814 1‚¹.·..

867 1836 1342 1918 patrisfamilias
1390 1838 1530 1919 ejus
1579 1839 1659 1900 ad
1701 1857 1896 1919 quem
1935 1837 2223 1901 Christus
2274 1837 2368 1898 di-
2403 1838 2449 1900 B
2475 1839 2633 1918 giuti
2680 1839 2971 1902 homines
3017 1839 3255 1921 pariter
3296 1840 3731 1912 consedenteS‚
3772 1839 3975 1923 Spiri-

868 1936 1032 1998 rexit
1080 1935 1430 2019 discipulos
1479 1936 1670 2016 istos;
1698 1938 2053 2016 sequimini
2097 1957 2245 1996 eum
2290 1937 2364 1994 in

865 2037 1130 2096 domum
1179 2037 1250 2095 in
1287 2056 1484 2114 quam
1531 2037 1762 2096 intrat.
1797 2035 1967 2096 Istud
2021 2051 2134 2116 per
2186 2041 2367 2096 natu-

867 2132 1063 2194 ralem
1107 2133 1411 2195 rationem
1452 2132 1734 2214 praesciri
1780 2152 1907 2196 non
1948 2133 2177 2214 potuit,
2212 2133 2365 2214 quia

865 2228 1231 2294 futurorum
1296 2248 1455 2312 pure
1511 2231 2016 2312 contingentium
2078 2250 2205 2294 non
2268 2238 2365 2292 est

865 2329 1282 2390 determinata
1313 2329 1741 2411 praecognitio,
1775 2329 1897 2391 nisi
1931 2329 2240 2392 divinitus
2273 2347 2366 2391 re-

866 2427 1132 2491 veletur.
1187 2427 1471 2490 Christus
1527 2434 1739 2490 autem
1795 2427 1964 2490 istud
2017 2427 2357 2509 praescivit,

863 2533 992 2588 tam
1033 2544 1147 2608 per
1177 2526 1515 2588 increatam
1558 2545 1734 2587 suam
1778 2526 2106 2588 scientiam
2143 2543 2363 2589 secun-

865 2625 1016 2686 dum
1050 2625 1221 2706 quod
1249 2624 1436 2698 DeuS,
1470 2642 1664 2705 quam
1706 2643 1820 2706 per
1851 2632 2121 2688 creatam
2158 2625 2363 2686 scien-

862 2723 1012 2785 tiam
1075 2723 1362 2796 inditam,
1415 2730 1476 2784 et
1526 2741 1638 2804 per
1684 2723 1949 2804 gratiam
2011 2723 2361 2805 prophetiae

861 2840 1054 2902 quam
1105 2820 1377 2883 habebat
1433 2820 1804 2902 plenissime
1853 2821 2206 2884 secundum
2256 2841 2363 2884 na-

863 2928 1068 2982 turam
1110 2919 1478 2981 humanam.
1515 2922 1599 2981 E't
1627 2922 1852 2980 dicetis
1874 2921 2361 2998 patrifamilias

860 3021 1088 3079 domus
1119 3039 1141 3078 .·
1171 3019 1348 3078 Dicit
1401 3019 1518 3076 tibi
1557 3021 1892 3095 Magister,
1926 3018 1989 3080 id
2037 3026 2133 3080 est
2182 3018 2360 3081 Chri-
2397 3019 2444 3086 G
2472 3019 2759 3100 lagenam
2798 3037 2979 3100 aquae
3015 3017 3327 3080 ferentem
3366 3017 3587 3098 eisque
3629 3037 3967 3082 occurren-

861 3125 1018 3186 stuS,
1080 3135 1194 3198 per
1253 3115 1693 3178 excellentiam
1760 3116 1968 3178 dictus
2034 3116 2354 3198 magister,

860 3221 1163 3296 tanquam
1207 3214 1517 3296 sapientia
1554 3213 1772 3288 Patris,
1808 3216 2159 3278 secundum
2202 3216 2359 3279 divi-

863 3313 1146 3386 nitatem,
1199 3319 1260 3374 et
1310 3312 1375 3374 in
1423 3331 1552 3394 quo
1609 3319 1758 3374 sunt
1800 3331 2020 3375 omnes
2075 3313 2355 3376 thesauri

861 3411 1189 3492 sapientiae
1246 3418 1309 3472 et
1365 3411 1668 3485 scientiae,
1719 3413 2070 3474 secundum
2131 3412 2355 3474 huma-

861 3510 1146 3572 nitatem.
1199 3509 1486 3572 Christus
1534 3509 1748 3591 itaque
1796 3527 1863 3572 se
1916 3510 2129 3592 ipsum
2177 3529 2359 3574 voca-

859 3607 952 3670 vit
991 3608 1384 3689 magistrum,
1419 3627 1545 3670 non
1578 3608 1894 3682 vanitatis,
1929 3610 2036 3670 sed
2073 3608 2355 3672 veritatis

857 3724 1094 3769 amore.
1140 3709 1260 3768 Ubi
1307 3715 1396 3766 est
1431 3708 1891 3777 diversorium,
1924 3707 1986 3768 id
2035 3714 2131 3768 est
2179 3707 2355 3770 locus

858 3811 1139 3867 secretus
1196 3812 1258 3866 et
1315 3804 1592 3885 quietus,
1649 3806 1762 3864 ubi
1813 3808 2077 3882 pascha,
2136 3805 2203 3868 id
2260 3813 2357 3867 est

857 3921 1090 3984 agnum
1151 3901 1537 3985 paschalem,
1593 3923 1742 3964 cum
1794 3905 2138 3980 discipulis
2202 3907 2355 3965 meis

859 4003 1238 4062 manducem
1261 4003 1290 4060 ?
1319 4003 1404 4061 Et
1442 4002 1575 4077 ipse
1612 4004 1894 4061 ostendet
1933 4003 2110 4061 vobis
2145 4021 2357 4064 coena-

854 4103 1075 4158 culum
1125 4117 1434 4175 maynum
1483 4107 1787 4168 stratum,
1830 4097 1895 4160 id
1943 4107 2038 4160 est
2083 4099 2355 4181 disposi-

855 4203 992 4256 tum
1023 4203 1085 4257 et
1115 4202 1404 4276 paratum
1444 4213 1558 4257 seu
1595 4203 1817 4276 aptum
1850 4197 1927 4257 ad
1968 4215 2149 4259 esum
2180 4197 2347 4278 agni.
2382 4204 2433 4265 D
2466 4197 2909 4260 tamdecimam
2962 4197 3131 4259 diem
3190 4196 3385 4279 primi
3442 4195 3685 4258 mensis
3734 4197 3966 4278 perdu-

857 4295 941 4354 E't
983 4294 1078 4352 ibi
1113 4303 1345 4372 parate
1387 4292 1571 4356 nobis
1616 4293 1868 4374 pascha.

936 4390 1370 4453 Communiter
1419 4391 1640 4453 dicunt
1685 4392 1972 4454 doctores
2018 4394 2192 4473 quod
2246 4394 2355 4456 do-

853 4508 996 4551 mus
1038 4487 1511 4570 patrisfamilias
1545 4489 1740 4570 hujus
1780 4489 1904 4551 fuit
1940 4509 2138 4572 prope
2172 4510 2353 4554 mon-

851 4595 982 4649 tem
1013 4587 1163 4650 Sion
1202 4595 1264 4649 et
1301 4586 1482 4667 juxta
1509 4586 1825 4669 templum
1859 4607 1872 4651 :
1908 4588 1973 4650 in
2004 4608 2132 4670 qua
2164 4589 2350 4653 domo

853 4685 978 4747 fuit
1039 4685 1440 4748 coenaculum
1493 4684 1621 4765 jam
1685 4684 2040 4767 praefatum,
2094 4687 2161 4748 in
2219 4705 2348 4768 quo

853 4783 1135 4866 Apostoli
1176 4791 1320 4865 post
1357 4782 1587 4846 Christi
1628 4784 2157 4848 resurrectionem
2197 4784 2352 4848 fori-

853 4882 974 4945 bus
1031 4882 1264 4944 clausis
1322 4881 1599 4944 latebant
1655 4901 1860 4963 usque
1917 4883 1994 4944 ad
2051 4882 2350 4948 Penteco-

851 4988 991 5043 sten
1017 5000 1032 5062 3
1076 4990 1356 5062 tuncque
1385 4980 1453 5042 in
1484 4981 1707 5043 eodem
1738 4981 2064 5045 coenaculo
2095 4982 2343 5064 impleti

849 5087 999 5142 sunt
1045 5078 1287 5161 Spiritu
1334 5077 1581 5143 Sancto.
1627 5078 1924 5152 Quamvis
1971 5080 2038 5142 B.
2081 5081 2348 5145 Ambro-

847 5178 980 5240 sius
1021 5186 1082 5240 et
1118 5177 1334 5241 Glossa
1373 5176 1584 5241 dicant
1621 5178 1948 5241 hominem
2000 5179 2194 5241 istum
2236 5199 2347 5262 pa-

848 5276 1285 5342 tremfamilias
1324 5294 1671 5360 pauperem
1719 5277 2195 5360 ignobilemque
2239 5278 2341 5341 fu-

2477 1945 2612 1998 tum
2658 1936 2959 1999 Sanctum
3012 1947 3408 2018 receperunt.
3449 1937 3735 2018 Denique
3768 1940 3972 2020 aliqui

2478 2043 2702 2118 putant
2740 2037 2911 2116 quod
2941 2035 3065 2096 suit
3095 2053 3261 2096 unus
3292 2034 3757 2116 discipulorum
3798 2037 3977 2100 Chri-

2477 2135 2579 2207 sti,
2642 2134 2729 2196 ita
2782 2135 2954 2214 quod
3016 2133 3276 2196 nomine
3332 2133 3617 2215 magistri
3678 2135 3973 2215 cognovit

2475 2233 2847 2313 magistrum
2901 2250 3089 2292 suum
3136 2231 3475 2294 Dominum
3514 2231 3728 2294 Jesum
3780 2234 3973 2314 signi-

2473 2329 2679 2393 ficari.
2714 2329 2945 2392 Habuit
2982 2330 3218 2392 etenim
3248 2329 3532 2392 Christus
3562 2331 3755 2393 etiam
3786 2351 3975 2412 quos-

2474 2430 2617 2491 dam
2675 2429 3023 2510 discipulos
3083 2428 3335 2502 diviteS,
3392 2447 3429 2489 a
3484 2427 3723 2509 quibus
3770 2431 3973 2494 voluit

2475 2528 2796 2590 interdum
2828 2527 3009 2590 refici
3040 2545 3109 2589 se
3146 2535 3210 2588 et
3248 2545 3395 2590 suos
3436 2527 3785 2609 discipulos
3815 2548 3973 2611 pau-

2476 2645 2658 2708 peres
2694 2646 2708 2689 :
2746 2645 2891 2688 nam
2930 2627 3099 2708 apud
3139 2625 3441 2688 Joannem
3491 2626 3798 2707 scriptum
3844 2636 3961 2704 est,

2473 2726 2644 2806 quod
2673 2724 2858 2786 multi
2896 2742 2975 2786 ex
3016 2723 3416 2806 principibus
3443 2723 3799 2787 Judaeorum
3831 2743 3968 2788 cre-
4012 2755 4235 2806 Jonas.

2474 2823 2772 2885 diderunt
2812 2822 2879 2884 in
2918 2822 3132 2884 Jesum
3176 2821 3448 2884 instante
3490 2821 3608 2884 hac
3650 2841 3851 2886 coena.
3991 2820 4071 2863 ⁴²·

2580 2924 2827 2982 Euntes
2886 2929 3131 2990 autem,
3188 2921 3579 2980 invenerunt
3640 2920 3964 2984 hominem
4116 2940 4173 2993 13

2472 3127 2623 3192 tem,
2667 3125 2730 3179 et
2777 3118 3037 3179 domum
3086 3123 3279 3197 atquc
3326 3116 3747 3191 coenaculum,
3796 3119 3967 3178 sicut

2473 3218 2651 3276 dimit
2700 3218 2839 3276 illis
2892 3214 3073 3276 Jesus
3136 3233 3149 3276 :
3212 3213 3323 3295 qui
3380 3215 3733 3278 secundum
3790 3218 3963 3297 quod

2472 3314 2657 3390 DeuS,
2692 3322 2788 3376 est
2827 3313 3055 3376 veritas
3095 3329 3211 3395 per
3248 3313 3609 3388 essentiam,
3640 3321 3702 3375 et
3747 3322 3815 3375 ut
3850 3314 3965 3378 ho·
3990 3337 4239 3380 asama.

2473 3432 2599 3482 mo,
2650 3411 3065 3476 confirmatus
3113 3410 3236 3473 fuit
3285 3411 3350 3472 in
3410 3411 3576 3474 bono
3628 3411 3709 3473 ab
3759 3411 3964 3474 incar-

2471 3511 2744 3574 nationis
2804 3510 3081 3584 exordio,
3143 3509 3232 3571 ita
3286 3511 3456 3590 quod
3519 3508 3775 3572 mentiri
3832 3529 3961 3572 non

2473 3609 2722 3690 potuit3
2769 3617 2829 3667 et
2868 3615 3276 3684 paraverunt
3314 3609 3579 3684 pascha.
3630 3608 3719 3668 Εἰ
3756 3627 3961 3686 quum

2469 3708 2647 3785 facta
2684 3715 2838 3766 esset
2879 3709 3039 3766 hora
3080 3704 3441 3786 vespertina
3482 3703 3659 3766 feriae
3694 3705 3960 3786 quintae,

2470 3805 2534 3866 in
2594 3823 2723 3886 qua
2777 3804 2931 3867 hora
2988 3821 3187 3884 agnus
3246 3802 3561 3884 paschalis
3620 3804 3966 3865 seeundum

4107 3626 4171 3680 u

2468 3902 2672 3982 legem
2702 3901 3223 3975 manducabatur,
3256 3902 3607 3969 discubuit,
3636 3910 3694 3960 et
3730 3904 3971 3962 duode-

2466 4005 2595 4062 cim
2626 4002 2919 4078 Apostoli
2946 4019 3097 4060 cum
3122 4019 3213 4060 eo,
3242 3998 3403 4060 Hinc
3439 3997 3603 4060 Beda
3638 3999 3923 4061 affirmat
3949 4019 3962 4061 :

2467 4099 2630 4163 Hora
2679 4098 3101 4162 manducandi
3151 4098 3406 4180 pascha,
3448 4098 3737 4179 designat
3780 4117 3970 4180 quar-

2466 4304 2630 4357 ctam
2675 4297 2752 4357 ad
2798 4312 3151 4376 vesperam,
3191 4301 3253 4356 et
3297 4293 3769 4375 quintadecima
3812 4295 3963 4356 luna

2463 4396 2651 4457 terris
2700 4394 2830 4475 jam
2885 4401 3252 4476 apparente.
3308 4393 3485 4456 Circa
3538 4392 3675 4454 haec
3733 4393 3959 4474 quaerit

2464 4493 2874 4575 TheophiluS,
2928 4491 3203 4573 qualiter
3246 4491 3549 4555 Dominus
3598 4491 3957 4554 discumbe—

2464 4609 2553 4666 re,
2578 4591 2642 4653 id
2672 4599 2768 4654 est
2797 4591 3073 4653 sedendo
3102 4591 3453 4663 comedere,
3478 4589 3727 4664 dicitur,
3752 4609 3951 4670 quum

2460 4690 2657 4752 Judaei
2688 4698 2923 4752 stantes
2955 4689 3189 4770 pascha
3218 4689 3637 4762 comederent,
3662 4689 3829 4751 sicut
3856 4689 3951 4750 lex
4000 4711 4249 4760 effla.

2459 4788 2671 4869 jussit.
2714 4787 2807 4849 Ad
2855 4787 3024 4868 quod
3061 4787 3161 4867 (ut
3199 4785 3420 4866 refert)
3460 4784 3659 4867 aliqui
3711 4787 3947 4861 dicunt,
3976 4777 4047 4817 ¹¹·
4267 4777 4269 4782 ’

2460 4887 2632 4968 quod
2698 4903 2934 4966 agnum
3002 4884 3363 4966 paschalem
3424 4884 3709 4947 Christus
3763 4893 3949 4966 atque

2457 4983 2743 5066 Apostoli
2792 4983 3012 5045 stando
3060 4982 3351 5056 edebant,
3398 4982 3626 5044 deinde
3679 4982 3950 5044 accubu-

2456 5090 2644 5145 erunt
2690 5082 3040 5144 secundum
3082 5098 3482 5144 communem
3525 5098 3735 5154 usum,
3768 5099 3949 5162 quos·

2456 5183 2600 5244 dam
2648 5179 2824 5242 cibos
2871 5182 3151 5242 edentes.
3201 5179 3417 5260 Aliqui
3466 5178 3655 5240 etiam
3704 5179 3939 5250 dicunt,

2454 5281 2626 5361 quod
2674 5295 2893 5340 mensa
2940 5276 3063 5339 fuit
3106 5295 3299 5360 super
3338 5285 3571 5339 terram
3614 5277 3841 5358 posita,
3880 5283 3941 5337 ct
