4300 6259
848 473 966 538 168
1643 498 1992 546 mannum
2033 499 2098 546 m
2139 498 2279 546 car.
2324 498 2434 545 xlx
2473 498 2662 546 Luca.
2708 519 2789 530 —
2825 501 2968 547 aar.
3014 500 3139 548 xm

846 666 955 727 sed
986 666 1176 730 etiam
1218 669 1624 734 inimicorum
1654 671 1820 734 mala
1857 669 2096 734 deflere
2128 678 2194 733 et
2222 688 2338 753 pro
2367 669 2418 730 A
2449 670 2765 733 sissimam
2794 672 3195 736 securitatem
3236 672 3420 736 multi
3452 679 3787 747 sectantur,
3818 671 3937 753 qui
4238 657 4240 694 ¹

847 763 1004 847 ipsis
1053 785 1233 830 orare
1290 769 1618 846 debemuS‚
1670 770 1919 833 dicente
1965 770 2266 852 Apostolo
2318 788 2332 832 :
2448 788 2525 832 ex
2574 769 3048 851 longanimitate
3094 780 3157 835 et
3199 772 3500 855 patientia
3546 770 3655 834 Dei
3700 772 3943 833 auden-

844 863 994 938 Quis
1026 865 1411 943 infirmatur,
1437 876 1500 931 et
1527 887 1642 951 ego
1673 888 1798 933 non
1829 867 2159 933 infirmor?
2188 868 2337 942 Quis
2445 869 2575 930 tius
2625 877 2889 951 peccant
2936 878 2999 932 et
3046 871 3387 935 deteriores
3445 871 3813 944 redduntur,
3866 869 3939 930 in

846 966 1323 1042 scandalizatur,
1357 975 1420 1030 et
1457 987 1571 1049 ego
1611 987 1737 1032 non
1777 968 2207 1031 scandalizor?
2238 967 2340 1031 Sic
2449 968 2973 1031 consuetudinem
3045 970 3284 1052 peccati
3346 976 3621 1033 ruentes.
3679 967 3943 1050 Propter

549 1081 815 1132 laamas.
844 1070 908 1125 et
955 1071 1208 1128 sanctus
1244 1065 1358 1129 Job
1407 1067 1494 1128 ait
1528 1086 1541 1128 :
1576 1066 1828 1130 Flebam
1873 1068 2193 1148 quondam
2237 1085 2341 1130 su-
2449 1066 2621 1147 quod
2661 1065 2725 1127 in
2768 1064 3139 1130 Ecclesiaste
3177 1068 3410 1130 dicitur
3442 1086 3457 1130 :
3490 1066 3644 1140 Quia
3686 1084 3809 1129 non
3848 1065 3943 1128 ci-
3980 1081 4205 1129 flectes-12.
4240 1093 4242 1102 2

846 1180 960 1244 per
989 1180 1064 1226 eo
1093 1164 1205 1244 qui
1235 1163 1517 1228 afflictus
1557 1173 1711 1244 erat,
1743 1173 1807 1228 et
1839 1165 2341 1248 compatiebatur
2449 1170 2514 1227 to
2557 1163 2880 1245 profertur
2919 1173 3139 1228 contra
3180 1166 3379 1229 malos
3418 1165 3754 1246 judicium,
3794 1164 3945 1226 abs-
3970 1147 4037 1186 ¹¹·

845 1261 1057 1324 anima
1099 1280 1240 1324 mea
1278 1265 1566 1346 pauperi.
1600 1263 1912 1327 Induratis
1953 1283 2104 1328 vero
2143 1264 2209 1326 in
2250 1263 2341 1328 vi-
2448 1281 2577 1344 que
2616 1263 2747 1326 ullo
2776 1263 3001 1327 timore
3039 1263 3163 1327 filii
3201 1264 3533 1328 hominum
3575 1270 3945 1347 perpetrant

844 1359 952 1422 tiis
1011 1367 1074 1422 et
1120 1362 1366 1424 cunctis
1426 1362 1664 1444 iniquis
1723 1363 2189 1426 condolendum
2246 1369 2341 1424 θεῖ
2450 1360 2645 1442 mala3
2680 1361 2983 1443 itemque,
3016 1361 3175 1425 Sunt
3214 1363 3419 1445 impii,
3451 1363 3565 1444 qui
3603 1362 3691 1425 ita
3730 1361 3942 1424 securi
3998 1374 4187 1418 ιιι-ιιι.

578 883 614 927 11
635 881 741 926 Cor.
757 894 814 932 xi,

552 949 621 990 2⁰.

551 1577 698 1682 f'ccli.
716 1590 816 1629 ιω,

559 3557 639 3601 Pe.
653 3557 821 3610 ιιιιιβ.

843 1457 1100 1540 jugiter.
1135 1459 1396 1542 Propter
1434 1462 1606 1543 quod
1655 1462 1720 1525 in
1769 1461 2212 1524 Ecclesiastico
2249 1480 2343 1523 as-

847 1558 1080 1620 seritur
1111 1577 1125 1622 :
1159 1558 1392 1622 Luctus
1428 1560 1664 1624 mortui
1703 1568 1946 1643 septem
1978 1560 2112 1622 dies
2131 1579 2148 1640 ;
2182 1559 2340 1622 fatui

844 1665 1057 1719 autem
1097 1665 1160 1720 et
1197 1657 1405 1740 impii,
1439 1677 1660 1722 omnes
1697 1660 1832 1723 dies
1872 1659 2018 1723 vitae
2055 1660 2335 1723 illorum.

845 1793 926 1802 —
953 1755 1166 1818 Refert
1203 1757 1594 1838 Augustinus
1645 1759 1710 1821 in
1751 1759 1916 1822 libro
1961 1759 2040 1820 de
2077 1758 2342 1822 Civitate

2450 1466 2620 1536 sunt,
2663 1461 2847 1541 quasi
2897 1460 3215 1541 justorum
3252 1461 3417 1525 facta
3464 1459 3755 1524 habeant.
3794 1459 3943 1522 Istis

2450 1560 2753 1641 competit
2800 1559 2960 1622 illud
3010 1559 3347 1643 Sapientiae
3395 1578 3409 1624 t
3461 1560 3765 1623 Dixerunt
3816 1558 3945 1620 im-
3974 1545 4244 1630 sque

2452 1657 2566 1740 pii,
2598 1659 2768 1740 apud
2804 1677 2871 1721 se
2904 1659 3247 1740 cogitantes
3288 1678 3414 1723 non
3448 1666 3616 1722 recte
3649 1678 3663 1721 :
3691 1657 3939 1732 Venite,

2452 1755 2741 1818 fruamur
2778 1757 2963 1821 honis
3003 1776 3147 1839 quae
3185 1765 3353 1832 sunt,
3387 1765 3449 1819 et
3487 1765 3738 1820 utamur
3768 1774 3946 1819 crea-

846 1854 978 1930 Dei,
1013 1857 1551 1937 quemadmodum
1591 1858 1852 1940 quidam
1893 1859 2195 1940 princeps
2226 1857 2343 1920 mi-
2377 1855 2425 1918 B
2454 1864 2594 1917 tura
2632 1862 2935 1935 tanquam
2979 1855 3045 1917 in
3084 1855 3419 1936 juventute
3460 1854 3769 1918 celeriter.

848 1954 1001 2017 litiae
1039 1953 1488 2031 Romanorum,
1523 1957 1842 2021 civitatem
1887 1955 2339 2040 Syracusanam

847 2054 1398 2136 opulentissimam
1438 2063 1629 2136 atque
1659 2054 2154 2137 pulcherrimam
2196 2074 2343 2118 mox

849 2159 1149 2235 capturus
1207 2159 1271 2215 et
1317 2171 1763 2236 oppressuruS,
1816 2153 2026 2235 primo
2075 2153 2142 2215 in
2189 2154 2346 2216 emi-

850 2251 1026 2314 nenti
1067 2257 1238 2314 stans
1277 2251 1437 2327 loco,
1473 2251 1721 2314 ruinam
1773 2252 1948 2315 illius
1991 2252 2339 2335 deplanxit.

927 2351 1016 2410 Ec
1053 2349 1318 2428 quidem
1365 2350 1438 2408 in
1481 2351 1602 2410 hac
1637 2351 1746 2410 die
1787 2358 1928 2421 tua,
1964 2348 2084 2412 hoc
2131 2356 2230 2412 est
2276 2349 2343 2411 in

850 2455 1134 2529 tempore
1182 2465 1378 2529 parvo
1426 2455 1488 2509 et
1534 2447 1712 2510 labili
1763 2466 1892 2530 quo
1939 2448 2067 2509 tuis
2107 2448 2347 2511 vanita-

850 2545 1045 2621 tibus,
1099 2563 1224 2609 non
1285 2544 1592 2609 Creatoris
1651 2546 1744 2608 tui
1796 2546 1960 2609 vivis
2008 2545 2235 2610 honori
2284 2552 2347 2609 et

851 2641 1074 2718 cultui,
1099 2663 1244 2722 quoe
1273 2644 1360 2703 ad
1380 2663 1608 2722 pacem
1637 2644 1781 2711 tibi,
1813 2642 1876 2705 id
1908 2649 2022 2717 θεῖ,
2047 2661 2121 2704 ea
2152 2642 2345 2705 habes

849 2759 994 2823 quae
1038 2741 1116 2804 ad
1159 2748 1332 2803 tuam
1381 2741 1698 2804 carnalem
1745 2740 2168 2824 fallacemque
2211 2758 2349 2824 per-

848 2840 1056 2903 tinent
1084 2857 1326 2922 pacem.
1351 2839 1480 2904 Hoc
1508 2841 1696 2904 modo
1725 2839 1848 2902 filii
1880 2840 2096 2904 saeculi
2125 2840 2343 2920 hujuS,

850 2940 963 3022 qui
1023 2939 1088 3003 in
1149 2939 1682 3021 concupiscentiis
1745 2938 1878 3002 suis
1937 2958 2010 3002 ac
2068 2939 2346 3022 propriis

2534 1955 2704 2023 Quia
2747 1955 3003 2015 venient
3044 1957 3183 2014 dies
3228 1955 3301 2016 in
3350 1964 3428 2023 te,
3470 1953 3533 2016 id
3580 1961 3677 2016 est
3722 1960 3949 2016 eontra

2451 2061 2555 2132 te3
2596 2063 2655 2115 et
2702 2055 3198 2116 circumdabunt
3247 2065 3303 2115 te
3347 2055 3610 2116 inimici
3659 2056 3782 2121 tui,
3824 2073 3951 2135 pu-

2452 2161 2517 2216 ta
2551 2153 2835 2228 Romani,
2871 2153 3167 2217 videlicet
3205 2153 3381 2216 Titus
3419 2160 3481 2215 et
3521 2152 3949 2234 Vespasianus

2454 2271 2601 2314 cum
2652 2251 2934 2315 exercitu
2991 2251 3437 2326 Romanorum,
3491 2255 3683 2320 vallo,
3737 2251 3799 2313 id
3846 2259 3951 2313 est

2452 2367 2679 2432 aggere
2713 2368 2726 2413 :
2760 2351 2913 2432 quia
2938 2351 3039 2432 (ut
3078 2350 3335 2432 legitur)
3366 2357 3493 2412 tres
3528 2367 3783 2432 aggeres
3820 2349 3954 2411 cir-

2455 2468 2528 2512 ca
2552 2449 2895 2512 Jerusalem
2937 2450 3015 2511 ad
3045 2467 3185 2510 eam
3224 2449 3593 2531 capiendam
3630 2447 3947 2511 fecerunt.

2452 2546 2587 2624 Vel,
2621 2547 2817 2622 Vallo,
2852 2548 2915 2610 id
2945 2555 3039 2610 est
3076 2549 3358 2610 exercitu
3398 2567 3534 2622 suo,
3568 2547 3763 2610 instar
3792 2546 3950 2608 valli

2455 2665 2570 2730 per
2608 2665 2836 2729 gyrum
2882 2647 3059 2709 urbis
3103 2646 3433 2729 disposito,
3475 2646 3823 2708 secundum
3872 2645 3951 2707 il-

2454 2744 2565 2806 lud
2602 2744 2777 2807 lsaiae
2810 2763 2825 2807 :
2860 2743 3275 2808 circumdabo
3303 2743 3482 2825 quasi
3524 2742 3834 2825 sphaeram
3878 2745 3949 2804 in
3982 2755 4046 2797 1·-
4072 2753 4209 2800 mm

2456 2843 2733 2906 circuitu
2766 2850 2897 2918 tuo,
2930 2849 2993 2904 et
3020 2841 3251 2923 jaciam
3282 2848 3499 2906 contra
3530 2848 3594 2903 te
3628 2859 3951 2922 aggerem.

2456 2944 2541 3004 Ec
2570 2942 3082 3019 coanyustabunt
3116 2949 3173 3000 te
3200 2941 3511 3020 undique,
3544 2940 3668 3003 hoc
3703 2947 3818 3014 est,
3854 2939 3955 3002 sic

855 3037 1285 3103 voluntatibus
1343 3038 1695 3112 ambulant,
1746 3037 1860 3119 qui
1912 3038 2347 3120 temporaliter
2384 3040 2427 3106 C
2456 3039 2862 3112 obsidebunt,
2908 3046 2978 3101 ut
3016 3039 3228 3121 egredi
3278 3055 3397 3101 nec
3437 3038 3641 3121 possis
3690 3056 3807 3100 nec
3840 3056 3957 3098 au-

853 3143 1322 3221 prosperantur,
1345 3137 1464 3199 hac
1493 3137 1728 3200 carnali
1759 3144 1823 3200 et
1850 3137 2212 3219 deceptoria
2240 3156 2348 3218 pa-

853 3255 924 3300 ce
968 3236 1272 3300 fruuntur
1317 3255 1331 3298 :
1378 3236 1492 3317 qui
1540 3236 1606 3298 in
1654 3236 2037 3300 transitoriis
2085 3255 2159 3298 ac
2206 3253 2349 3298 sen-

854 3335 1151 3400 sibilibus
1185 3334 1374 3398 rebus
1406 3334 1529 3397 sibi
1567 3333 1771 3397 finem
1810 3337 2225 3410 constituunt,
2258 3343 2349 3397 at-

853 3452 980 3517 que
1011 3434 1076 3497 in
1105 3433 1340 3497 talibus
1368 3441 1580 3496 mente
1611 3441 1958 3516 utcumque
1986 3435 2346 3516 quiescunt.

853 3533 940 3596 De
969 3533 1206 3616 quibus
1236 3533 1323 3596 ait
1349 3533 1677 3596 Psalmista
1701 3552 1716 3596 :
1740 3532 1896 3606 Quia
1925 3533 2122 3596 zelavi
2155 3551 2349 3616 super

855 3632 1132 3714 iniquos,
1193 3650 1416 3715 pacem
1486 3639 1890 3714 peccatorum
1953 3632 2199 3696 videns.
2264 3632 2348 3694 De

2456 3141 2625 3214 deaS,
2668 3140 2777 3201 sed
2821 3137 2989 3200 same
3026 3145 3088 3200 et
3125 3137 3229 3200 siti
3273 3157 3345 3200 ac
3382 3137 3525 3200 aliis
3568 3137 3771 3200 modis
3806 3153 3959 3216 gra-

2458 3237 2718 3301 vissime
2761 3236 3091 3318 affligaris.
3134 3235 3226 3298 Ad
3264 3243 3499 3298 tantam
3540 3235 3711 3298 enim
3752 3253 3956 3316 angu-

2456 3337 2640 3400 stiam
2673 3336 3055 3400 habitatores
3080 3335 3421 3398 Jerusalem
3453 3336 3859 3409 devenerunss
3882 3341 3957 3396 ut

2457 3436 2759 3498 mulieres
2808 3435 3098 3518 proprios
3141 3452 3372 3517 pueros
3416 3435 3833 3508 comederent,
3880 3441 3957 3495 ut

2459 3535 2525 3598 in
2564 3534 2730 3598 libro
2768 3535 2845 3596 de
2881 3533 3053 3597 Bello
3086 3533 3342 3597 Judaico
3377 3532 3685 3615 Iosephus
3728 3531 3947 3594 refert.

2536 3637 2624 3696 E't
2652 3636 2741 3694 ad
2778 3643 3015 3694 terram
3037 3641 3445 3711 prosternent
3486 3641 3541 3693 te
3570 3649 3592 3692 .·
3622 3630 3775 3712 quia
3815 3637 3951 3692 tam

577 3745 661 3789 1οὸ
679 3748 824 3798 mo,
853 3733 1091 3814 quihus
1148 3732 1215 3795 in
1269 3732 1384 3796 Job
1441 3731 1713 3794 habetur
1763 3751 1778 3795 ε
1835 3732 2070 3795 Domus
2125 3750 2348 3794 eorum
2461 3732 2751 3796 homines
2813 3749 3005 3812 quam
3068 3729 3343 3793 aedil'icia
3394 3729 3737 3792 Jerusalem
3799 3747 3953 3810 pro-

563 3811 630 3852 η·
852 3849 1090 3895 securae
1137 3838 1286 3894 sunt
1331 3837 1394 3893 et
1443 3837 1698 3912 pacatae,
1749 3837 1812 3892 et
1859 3849 1986 3894 non
2035 3837 2130 3892 est
2175 3830 2353 3911 virga
2461 3837 2821 3895 straverunt
2863 3828 3149 3893 Romani.
3190 3829 3333 3892 Ideo
3375 3828 3667 3892 subditur
3700 3846 3714 3890 ε
3747 3829 3833 3890 Et
3868 3831 3957 3905 fi-

852 3929 961 3992 Dei
994 3947 1187 4012 super
1216 3929 1398 4008 illos;
1433 3929 1677 3992 ducunt
1703 3928 1770 3990 in
1802 3928 1986 3992 bonis
2017 3929 2154 3991 dies
2184 3947 2346 4000 suos,
2463 3932 2580 3992 lios
2610 3940 2772 3997 tuos,
2805 3929 2869 3992 id
2898 3936 2992 3991 est
3022 3927 3216 4003 civeS‚
3248 3929 3368 4008 qui
3394 3929 3469 3989 in
3504 3938 3560 3989 te
3585 3937 3750 3988 sunt.
3784 3927 3956 3990 Civi-

854 4028 1012 4091 etin
1053 4035 1290 4111 puncto
1315 4028 1392 4090 ad
1427 4026 1752 4091 infernum
1795 4028 2209 4090 descendunt.
2242 4025 2353 4088 Est
2461 4037 2555 4092 tas
2594 4045 2871 4110 namque
2910 4045 3023 4089 seu
3060 4025 3503 4101 communitae„
3536 4044 3651 4107 per
3688 4025 3951 4088 modum

853 4135 1065 4191 autem
1092 4133 1156 4190 et
1182 4127 1306 4189 alia
1335 4145 1457 4209 pax
1489 4145 1651 4201 vera,
1683 4126 2050 4210 spiritualiS,
2076 4125 2347 4200 interna,
2463 4125 2684 4188 matris
2742 4142 2811 4186 se
2868 4124 3058 4187 habet
3118 4131 3411 4205 respectu
3472 4122 3951 4205 particularium

855 4244 1000 4307 quae
1037 4232 1131 4288 est
1169 4224 1596 4306 tranquillitas
1637 4224 1868 4286 mentis
1909 4224 1974 4286 in
2017 4223 2141 4288 Deo
2176 4243 2190 4289 ε
2224 4245 2353 4308 qua
2380 4223 2431 4287 D
2463 4242 2879 4307 personarum
2928 4229 3365 4286 contentarum
3415 4221 3481 4284 in
3524 4239 3618 4295 ea,
3656 4239 3815 4302 quas
3856 4219 3955 4284 fo-

569 4340 824 4394 1·.1.vu,2¹.
856 4331 1074 4386 carent
1118 4322 1346 4404 iniqui,
1399 4322 1578 4403 juxta
1627 4322 1783 4384 illud
1834 4322 2028 4398 lsaiae,
2073 4322 2209 4387 Non
2258 4332 2353 4387 est
2463 4330 2568 4387 vet
2614 4331 2677 4386 et
2724 4321 3015 4405 protegit.
3050 4325 3137 4383 Et
3183 4341 3311 4382 non
3360 4321 3727 4400 relinquent
3771 4320 3842 4380 in
3894 4329 3955 4381 te

857 4440 979 4504 pax
1021 4420 1260 4504 impiiS,
1304 4420 1458 4484 dicit
1501 4421 1824 4484 Dominus.
1858 4421 1944 4483 De
1984 4441 2114 4503 qua
2156 4422 2223 4485 in
2259 4423 2354 4486 Jo-
2462 4422 2749 4501 lapidem
2785 4441 2978 4499 super
3016 4421 3322 4498 lapidem,
3354 4418 3473 4483 hoc
3514 4427 3629 4494 est,
3661 4416 3955 4480 funditus

573 4538 826 4590 :mmm
855 4538 1022 4584 anne
1055 4521 1145 4584 ait
1182 4519 1464 4584 Salvator
1495 4538 1510 4583 τ
1544 4519 1766 4582 Pacem
1811 4519 2106 4602 relinquo
2145 4521 2348 4597 vobiS,
2462 4526 2524 4581 te
2554 4518 2946 4583 subvertent.
2979 4516 3109 4580 Hoc
3144 4523 3355 4580 tamen
3398 4535 3513 4599 per
3540 4517 3801 4580 modum
3838 4515 3957 4598 hy-

562 4604 631 4647 ²⁷·
858 4637 1078 4703 pacem
1109 4637 1316 4683 meam
1345 4620 1425 4682 do
1455 4618 1658 4682 vohis.
1683 4618 1880 4692 Quam
1909 4619 2076 4682 inter
2103 4617 2351 4683 fructus
2463 4617 2801 4700 perbolicae
2831 4615 3169 4680 locutionis
3200 4615 3469 4696 intelligi
3498 4621 3713 4697 potest,
3737 4631 3956 4695 quem-

856 4717 1130 4802 Spiritus
1189 4717 1368 4800 ponit
1413 4717 1750 4800 Apostolus
1807 4718 1886 4779 ad
1941 4716 2206 4795 GalataS‚
2259 4717 2354 4782 di-
2462 4717 2804 4779 admodum
2843 4715 2909 4776 in
2950 4714 3245 4777 Judicum
3290 4713 3453 4777 libro
3492 4713 3785 4794 leguntur
3822 4710 3951 4774 filii
4010 4733 4219 4778 ωεωι,

562 4833 759 4940 ”aaut
783 4848 825 4886 v.
857 4835 1008 4881 cens
1040 4835 1055 4880 ε
1087 4816 1353 4878 Fructus
1382 4822 1593 4878 autem
1624 4813 1898 4898 Spiritus
1928 4823 2023 4879 est
2057 4834 2070 4878 :
2107 4817 2348 4894 caritas,
2460 4813 2791 4894 Benjamin
2833 4813 2919 4875 ita
2956 4814 3035 4875 ad
3073 4819 3315 4875 certum
3356 4809 3573 4874 fundis
3608 4809 3833 4891 jecisse
3862 4810 3954 4872 la·
3984 4801 4051 4842 ¹⁸·

854 4915 1181 4997 gaudium,
1212 4933 1356 4996 pax,
1392 4913 1719 4996 patientia,
1755 4913 2225 4994 longanimitas.

935 5017 1135 5078 Nunc
1171 5023 1388 5075 autem
1433 5015 1803 5074 abscondita
1843 5023 1996 5074 sunt
2030 5015 2110 5074 ab
2148 5015 2353 5074 oculis

858 5116 1008 5184 tuis,
1029 5112 1148 5176 hoc
1177 5119 1286 5188 θεῖ,
1309 5114 1573 5175 adversa
1600 5111 1720 5173 tibi
1750 5111 2152 5174 imminentia
2182 5130 2352 5175 nunc

853 5219 918 5273 te
967 5211 1182 5285 latent,
1225 5208 1378 5291 quia
1417 5217 1482 5272 et
1521 5208 1683 5272 mihi
1731 5226 1805 5271 ea
1842 5209 1958 5271 tibi
2009 5210 2353 5291 praenunti·

854 5307 985 5371 anti
1029 5309 1286 5370 credere
1329 5307 1710 5389 aspernaris
1752 5305 1987 5370 Horum
2035 5306 2351 5389 periculo-

2464 4913 2665 4996 pideS,
2710 4920 2779 4974 ut
2816 4911 3119 4994 capillum
3161 4918 3417 4990 tangere
3460 4908 3798 4992 potuerint.
3838 4907 3957 4970 Le-

2461 5012 2633 5093 gitur
2691 5028 2969 5092 quoque,
3020 5010 3191 5090 quod
3247 5008 3385 5072 Tito
3442 5027 3513 5070 ac
3570 5006 3955 5088 Vespasiano

2463 5112 2778 5173 destructa
2821 5107 3189 5182 Jerusalem,
3234 5108 3312 5169 ad
3362 5126 3476 5169 sua
3518 5106 3807 5178 reversiS,
3844 5104 3957 5166 Ju-

2460 5208 2601 5284 daei,
2635 5208 2747 5289 qui
2784 5207 3013 5270 timore
3054 5205 3478 5269 Romanorum
3520 5205 3583 5266 in
3626 5203 3953 5286 speluncis

2459 5315 2522 5372 et
2554 5307 2734 5370 silvis
2778 5324 2847 5368 se
2888 5304 3378 5380 absconderunt,
3422 5303 3778 5376 redeunteS,
3822 5319 3951 5366 coe-
