4300 6259
577 1671 836 1722 ΙΤίπιΛΛδ.

861 483 980 548 160

857 680 952 734 est
1000 671 1286 736 Christus
1329 671 1525 735 Filius
1570 671 1869 754 VirginiS,
1901 689 2213 752 quaerere,
2252 669 2363 731 do-
2390 666 2439 728 A
2472 667 2563 730 xit
2592 669 2671 731 ad
2701 667 3022 749 Virginem
3059 686 3073 731 :
3108 668 3289 732 Dabit
3320 669 3415 731 illi
3455 668 3757 733 Dominus
3795 670 3961 732 Deus
4004 683 4098 726 zue„
4120 685 4214 728 ωε.

858 771 1080 844 condo,
1123 777 1186 832 et
1234 789 1349 853 per
1395 771 1649 834 diversa
1695 770 1832 834 loca
1879 770 2090 832 eundo
2129 767 2208 830 ad
2249 767 2376 829 ho-·

858 869 1085 944 mineS,
1130 880 1192 931 et
1236 873 1494 931 salvum
1531 870 1768 948 facere,
1819 867 1939 931 hoc
1987 874 2082 928 est
2129 885 2167 927 a
2217 883 2363 948 pec-

857 966 1013 1028 catis
1056 973 1120 1028 et
1170 967 1377 1050 poenis
1426 967 1680 1030 aeternis
1729 966 1999 1049 eripere,
2041 973 2234 1046 atque
2282 964 2361 1026 ad

857 1060 1228 1127 felicitatem
1277 1065 1600 1129 coelestem
1644 1066 1967 1138 reducere,
2011 1064 2185 1142 quod
2214 1081 2362 1139 per-

859 1164 1052 1235 ierat,
1091 1163 1212 1226 hoc
1253 1173 1350 1226 est
1394 1181 1598 1246 genus
1637 1163 1992 1225 humanum
2040 1161 2108 1223 in
2154 1159 2362 1241 primo

862 1269 1124 1341 parente
1161 1262 1556 1342 originaliter
1596 1261 1911 1335 vitiatum,
1944 1269 2008 1321 et
2048 1258 2130 1322 ob
2170 1258 2364 1339 origi-

863 1359 1006 1421 nale
1045 1367 1375 1441 peccatum
1422 1359 1624 1440 gratia
1665 1369 1729 1422 et
1763 1359 1966 1440 gloria
2014 1358 2359 1440 privatum,

863 1457 1082 1520 multis
1125 1477 1383 1540 quoque
1418 1458 1775 1521 actualibus
1815 1465 1878 1520 et
1918 1455 2362 1540 personalibus

866 1563 1262 1638 posterorum
1324 1557 1598 1638 peccatis
1659 1554 1967 1618 infectum
2025 1573 2098 1616 ac
2156 1551 2366 1636 perdi-

866 1661 1026 1717 tum.
1067 1655 1308 1718 Idcirco
1345 1655 1499 1717 dicit
1538 1653 1875 1737 Apostolus
1911 1671 1925 1716 :
1958 1653 2193 1716 Fidelis
2237 1669 2366 1713 ser-

868 1773 995 1830 mo,
1029 1761 1092 1816 et
1121 1755 1296 1818 omni
1323 1754 1691 1836 acceptione
1721 1753 1973 1834 dignus,
2006 1753 2159 1834 quia
2185 1751 2363 1814 Jesus

1663 499 2013 548 mannum
2055 498 2120 544 m
2162 497 2300 546 CAP.
2345 495 2454 543 XlX
2498 495 2686 543 LUCAE.
2733 515 2814 527 —
2853 497 2995 545 Aur.
3040 496 3163 544 xm

2470 769 2685 829 sedem
2733 766 2929 831 David
2978 768 3175 849 patris
3224 768 3386 849 ejuS,
3440 775 3503 830 et
3551 768 3837 849 regnabit
3891 769 3960 830 in

2471 865 2656 928 domo
2701 866 2890 929 Jacob
2940 866 3006 928 in
3058 875 3387 929 aeternum.
3438 867 3634 929 Judaei
3693 867 3962 949 quippe,

2470 964 2599 1027 imo
2628 971 2691 1026 et
2731 965 3031 1046 discipuli
3064 965 3295 1029 Christi
3333 974 3479 1028 ante
3518 966 3721 1048 ipsius
3750 984 3970 1027 ascen-

2471 1062 2738 1138 sionem,
2772 1063 3115 1126 credebant
3149 1063 3469 1128 Christum
3506 1064 3572 1126 in
3606 1063 3813 1147 primo
3850 1082 3971 1127 suo

2470 1162 2746 1223 adventu
2794 1161 3229 1244 temporaliter
3266 1162 3334 1224 in
3374 1162 3494 1226 hoc
3536 1162 3787 1236 saeculo,
3821 1180 3969 1224 cum

2473 1259 2749 1322 maxima
2784 1260 3112 1342 opulentia
3141 1269 3206 1323 et
3237 1259 3713 1341 magnificentia
3752 1278 3974 1341 regna-

2473 1362 2712 1431 turum,
2756 1357 3071 1439 promissa
3116 1357 3573 1440 Prophetarum
3614 1357 3693 1419 de
3736 1356 3969 1420 Christi

2474 1473 2668 1536 regno
2716 1455 3119 1537 loquentium
3167 1458 3247 1519 ad
3302 1457 3576 1519 litteram
3632 1456 3973 1519 carnaliter

2474 1553 2923 1635 intelligentes,
2954 1554 3217 1637 Propter
3246 1557 3418 1637 quod
3447 1555 3729 1637 Apostoli
3760 1555 3826 1617 in
3860 1555 3969 1616 die

2472 1653 2861 1715 ascensionis
2910 1653 3105 1716 locuti
3157 1661 3306 1716 sunt
3348 1653 3643 1717 Christo:
3678 1653 3965 1727 Domine,
4026 1671 4201 1716 aare.

2475 1750 2527 1812 si
2576 1750 2642 1812 in
2701 1759 2988 1834 tempore
3043 1751 3163 1816 hoc
3220 1753 3513 1814 restitues
3573 1770 3836 1833 regnum
3884 1753 3973 1814 Is-

870 1851 1155 1915 Christus
1199 1854 1376 1916 venit
1414 1853 1480 1916 in
1519 1853 1693 1914 hunc
1725 1853 2036 1915 mundum
2079 1857 2365 1933 peccato-
2400 1847 2447 1910 B
2478 1850 2649 1912 rael?
2684 1849 2761 1912 Et
2808 1851 2961 1932 quia
2996 1850 3340 1914 Jerusalem
3389 1851 3510 1914 fuit
3544 1851 3771 1914 Judaeae
3814 1852 3970 1913 urbs

869 1969 970 2012 res
1000 1951 1206 2015 salvos
1235 1950 1466 2014 facere.
1499 1950 1576 2013 Et
1614 1969 1729 2033 per
1756 1950 1978 2012 Isaiam
2009 1950 2086 2012 de
2115 1949 2366 2012 Christo

619 2079 659 2110 ε.
722 2079 767 2116 n,
815 2097 825 2107 .
872 2051 1246 2133 praedictum
1293 2058 1391 2113 est
1441 2069 1455 2113 ε
1507 2050 1666 2112 Vere
1723 2050 2057 2132 languores
2115 2055 2364 2111 nostros

573 2262 818 2314 Manlum!
830 2296 842 2308 .

668 3833 732 3889 11

606 5220 671 5265 Is.
693 5235 752 5274 ix,
775 5224 815 5266 7.

872 2149 1010 2230 ipse
1052 2149 1220 2224 tulit,
1263 2156 1326 2211 et
1374 2148 1621 2213 dolores
1671 2155 1918 2211 nostros
1967 2147 2106 2230 ipse
2158 2155 2366 2228 porta-

872 2247 984 2312 vit.
1017 2247 1294 2328 Angelus
1323 2265 1583 2329 quoque
1613 2246 1774 2310 dixit
1803 2247 1881 2309 ad
1908 2246 2138 2328 Joseph
2176 2264 2190 2307 ε
2224 2244 2365 2326 lpse

869 2346 1118 2409 salvum
1169 2345 1361 2408 faciet
1409 2345 1720 2428 populum
1771 2363 1958 2406 suum
2001 2363 2038 2406 a
2086 2342 2363 2425 peccatis

869 2461 1112 2508 eorum.

950 2542 1108 2606 Ecce
1163 2542 1282 2605 iste
1340 2541 1633 2604 Zachaeus
1690 2540 1990 2605 omnibus
2051 2539 2237 2604 nobis
2297 2539 2365 2601 in

867 2641 1234 2722 exemplum
1284 2648 1380 2702 est
1427 2641 1694 2723 posituS,
1748 2646 1818 2702 ut
1865 2639 2005 2720 ejus
2053 2638 2366 2721 poenitcn-

869 2739 1043 2814 tiam,
1085 2738 1424 2814 fervorem,
1468 2738 1911 2801 liberalitatem
1961 2744 2023 2799 et
2063 2737 2363 2819 pietatem

869 2844 1206 2901 sectemur.
1257 2836 1436 2910 Quod
1483 2837 1536 2898 si
1586 2837 1733 2919 quis
1785 2843 2039 2918 paratus
2091 2853 2220 2898 non
2270 2841 2367 2896 est

869 2935 1106 3018 injuste
1135 2936 1350 2999 habita
1374 2936 1441 2997 in
1471 2935 1907 3017 quadruplum
1939 2934 2223 3008 reddere,
2248 2933 2368 2995 sal-

2474 1949 2961 2032 metropolitana
2994 1969 3067 2012 ac
3098 1951 3289 2032 regia,
3315 1950 3623 2033 putabant
3650 1950 3971 2014 Christum

2476 2047 2543 2110 in
2611 2065 2685 2110 ea
2750 2067 2941 2111 suum
3008 2049 3241 2112 solium
3310 2049 3690 2131 positurum,
3752 2049 3969 2112 statim

2474 2164 2675 2227 quum
2727 2146 2846 2209 hac
2892 2147 3033 2209 vice
3088 2165 3227 2209 eam
3284 2146 3513 2210 fuisset
3576 2147 3898 2230 ingressus
3952 2165 3968 2211 :

2476 2245 2829 2326 praesertim
2870 2245 3022 2327 quia
3057 2245 3187 2327 jam
3228 2253 3317 2309 tot
3346 2264 3418 2309 ac
3457 2253 3629 2308 tanta
3665 2245 3816 2309 fecit
3852 2245 3974 2308 mi·

2475 2343 2710 2418 racula‚
2745 2343 2832 2404 ita
2870 2344 3042 2425 quod
3070 2363 3107 2406 a
3138 2344 3434 2427 plurimis
3470 2343 3842 2407 credebatur
3870 2362 3975 2406 es-

2476 2459 2543 2504 se
2580 2441 2833 2504 Messias
2873 2459 2983 2504 rex
3020 2441 3233 2518 lsrael,
3267 2443 3596 2524 multaque
3635 2443 3837 2506 millia
3872 2461 3975 2506 se-

2474 2540 2834 2622 quebantur
2890 2559 3060 2616 eum,
3120 2548 3423 2623 tanquam
3484 2551 3698 2624 parata
3754 2542 3973 2624 ipsum

2474 2647 2803 2720 acceptare
2852 2639 2917 2702 in
2959 2657 3195 2720 regem.
3227 2639 3403 2703 Unde
3450 2649 3513 2702 et
3563 2641 3751 2723 paulo
3800 2649 3969 2722 post,

2476 2737 2719 2801 scilicet
2767 2739 2835 2800 in
2885 2739 2988 2800 die
3028 2738 3406 2814 Palmarum,
3448 2748 3861 2802 occurrerunt
3910 2740 3971 2802 ci
4006 2756 4221 2862 isonam.

4102 2937 4158 2990 {2

2476 2856 2623 2900 cum
2672 2837 2952 2900 mirabili
3003 2838 3358 2901 reverentia
3406 2839 3589 2920 quasi
3640 2839 3770 2920 regi
3816 2837 3975 2901 Mes-—

2476 2936 2605 2997 siae.
2640 2971 2718 2981 —
2749 2939 2938 2996 Dia-ic
2975 2956 3124 3014 erqo
3166 2943 3539 3017 sequentem
3579 2936 3969 3019 parabolam,

866 3042 995 3098 tem
1042 3035 1105 3099 in
1149 3035 1454 3118 simplum
1506 3035 1836 3114 restituat3
1887 3043 1953 3096 et
1990 3034 2043 3096 si
2087 3033 2248 3095 alter
2288 3050 2365 3094 ex
2403 3032 2445 3096 C
2476 3035 2553 3096 ad
2592 3035 3058 3097 excludendum
3098 3034 3178 3097 ab
3219 3035 3311 3097 eis
3349 3035 3543 3097 istum
3582 3053 3885 3099 errorem.

869 3154 983 3198 sua
1020 3134 1494 3198 defraudatione
1533 3135 1834 3196 damnum
1875 3151 2215 3215 perpessus
2246 3138 2361 3206 est,

870 3252 995 3296 non
1035 3233 1102 3295 in
1131 3233 1340 3296 ablato
1370 3233 1715 3306 dumtaxat,
1749 3231 1860 3294 sed
1897 3230 2086 3292 etiam
2126 3231 2192 3292 in
2224 3229 2366 3292 aliis

867 3350 1012 3413 quae
1064 3350 1178 3415 per
1222 3332 1468 3394 licitum
1523 3349 1712 3393 usum
1764 3329 1957 3393 ablati
2010 3329 2223 3411 quivit
2271 3330 2369 3391 lu-

869 3431 1053 3504 crari,
1095 3431 1340 3493 studeat
1385 3449 1500 3512 pro
1541 3447 1726 3511 posse
1769 3429 2131 3492 satisfacere
2173 3436 2365 3509 atque

871 3527 1230 3591 refundere.
1283 3528 1459 3590 Unde
1506 3535 1568 3590 et
1616 3545 1793 3590 mora
1849 3527 1912 3588 in
1974 3526 2365 3589 restituendo

869 3635 964 3690 est
994 3627 1350 3710 periculosa
1378 3646 1452 3689 ac
1482 3625 1728 3700 vitiosa,
1763 3644 1965 3707 quum
2003 3625 2165 3688 alter
2193 3626 2367 3687 dam-

871 3745 1028 3788 num
1072 3725 1346 3808 patiatur
1387 3745 1465 3788 ex
1508 3743 1601 3787 ea.

951 3828 1106 3888 Hoec
1135 3827 1274 3885 illis
1301 3827 1740 3897 audientibus,
1774 3824 1894 3886 hoc
1937 3831 2052 3898 est,
2088 3823 2368 3904 discipu-

869 3923 948 3986 lis
978 3923 1232 3998 Christi,
1255 3922 1481 3985 ceteris
1512 3940 1771 4005 quoque
1799 3921 1910 4003 qui
1942 3923 2225 3995 aderant,
2258 3939 2367 3982 au-

868 4022 1189 4085 dientibus
1238 4023 1409 4104 quod
1457 4021 1742 4084 Christus
1792 4020 1952 4082 dixit
1999 4038 2066 4082 se
2115 4020 2366 4083 venisse

865 4121 945 4182 ad
969 4121 1386 4202 quaerendum
1415 4128 1606 4201 atque
1635 4119 2000 4182 salvandum
2031 4120 2199 4202 quod
2232 4137 2367 4201 per-

2557 3135 2762 3196 Homo
2791 3135 3062 3213 quidam
3092 3135 3352 3202 nobilis,
3393 3134 3513 3196 hoc
3550 3141 3645 3196 est
3684 3133 3975 3198 Christus

2476 3232 2829 3294 secundum
2882 3238 3219 3312 utramque
3262 3251 3441 3293 suam
3483 3240 3771 3294 naturam
3810 3252 3977 3315 prae-

2476 3329 2732 3404 nobiliS,
2765 3329 2919 3411 quia
2949 3331 3300 3392 secundum
3330 3329 3725 3393 divinitatem
3756 3350 3833 3393 ex
3863 3330 3977 3394 Pa-

2475 3435 2571 3490 tre
2601 3436 2837 3491 aeterno
2866 3428 3246 3491 aeternaliter
3276 3435 3482 3504 natuS,
3516 3436 3576 3491 et
3618 3429 3973 3492 secundum

2474 3526 2935 3589 humanitatem
2977 3544 3054 3588 ex
3090 3525 3347 3607 Virgine
3388 3527 3575 3608 regiae
3609 3547 3683 3590 ac
3720 3527 3976 3590 Davidi-

2476 3644 2565 3688 cae
2593 3624 2812 3707 stirpis
2842 3631 3041 3699 ortuS‚
3072 3627 3239 3684 abiit
3270 3627 3341 3685 in
3368 3627 3691 3702 reqionem
3722 3629 3977 3703 lonqin-

2474 3743 2697 3804 quam,
2739 3723 2859 3786 hoc
2899 3730 2996 3785 est
3042 3723 3121 3784 de
3168 3721 3287 3786 hoc
3334 3722 3575 3786 mundo
3621 3723 3685 3785 in
3734 3724 3971 3788 coelum

2476 3839 2871 3905 empyreum,
2906 3823 2983 3883 de
3012 3839 3142 3902 quo
3172 3820 3376 3883 fertur
3405 3821 3471 3883 in
3513 3819 3756 3884 Psalmo
3788 3841 3803 3884 ε
3837 3821 3975 3884 Pla·
4002 3837 4076 3881 1³1.
4090 3835 4221 3878 ems.

2476 3919 2634 3982 cebo
2664 3919 2930 3982 Domino
2966 3919 3031 3980 in
3066 3918 3321 4000 regione
3352 3919 3641 3982 vivorum
3670 3939 3686 3998 3
3730 3922 3976 3997 accipe-

2474 4039 2545 4079 re
2589 4021 2718 4078 sibi
2766 4038 3039 4096 reynum
3087 4035 3281 4100 super
3338 4018 3669 4081 universos
3716 4019 3973 4082 ordines

2475 4117 2845 4198 angelorum
2890 4135 2904 4179 :
2946 4116 3059 4198 qui
3109 4115 3259 4179 licet
3309 4115 3387 4178 ab
3441 4116 3700 4179 exordio
3747 4117 3973 4180 mundi

868 4220 963 4294 iit,
998 4221 1319 4295 adjiciens
1359 4237 1504 4300 quae
1546 4226 1925 4299 sequuntur,
1959 4221 2138 4280 dixit
2165 4238 2366 4296 para·
2397 4219 2447 4280 D
2476 4215 2717 4278 fuerint
2766 4215 3013 4280 Christo
3062 4213 3335 4295 subjecti
3392 4215 3741 4276 secundum
3800 4217 3974 4297 quod

868 4320 1079 4378 bolam
1126 4335 1270 4398 quae
1318 4316 1531 4378 statim
1581 4315 2033 4397 subjungitur3
2085 4336 2156 4377 eo
2193 4319 2366 4395 quod

866 4425 1021 4477 esset
1042 4434 1243 4493 prope
1267 4417 1651 4483 Jerusalem,
1683 4415 1802 4477 hoc
1841 4424 1958 4490 est,
1994 4415 2235 4478 civitati
2268 4413 2363 4476 illi

869 4514 1382 4597 propinquaret3
1431 4521 1489 4572 ec
1536 4515 1694 4593 quia
1737 4515 2131 4575 cestimarent
2179 4513 2367 4575 disci-

869 4613 1006 4695 puli
1044 4611 1184 4693 ejus
1222 4629 1296 4673 ac
1325 4611 1458 4685 alii,
1491 4613 1665 4691 quod
1692 4611 2054 4688 confestim,
2085 4610 2203 4674 hoc
2244 4619 2359 4686 est,

866 4730 1013 4774 mox
1052 4729 1255 4792 quum
1280 4709 1459 4772 Jesus
1501 4710 1565 4770 in
1594 4708 1939 4770 Jerusalem
1979 4710 2359 4788 advenisset,

865 4829 1138 4887 reynum
1176 4810 1297 4869 Dei
1335 4810 1893 4889 manifestaretur,
1935 4807 2054 4871 hoe
2103 4815 2220 4882 est,
2272 4827 2366 4870 re-

864 4926 1061 4989 gnum
1103 4907 1276 4989 quod
1314 4906 1477 4968 Deus
1518 4923 1632 4988 per
1660 4904 2002 4988 Prophetas
2042 4907 2361 4970 Christum

868 5006 1236 5068 habiturum
1287 5004 1599 5087 praedixit,
1642 5005 1969 5067 evidenter
2017 5005 2364 5086 possidere-

869 5112 976 5166 tur
1021 5110 1084 5167 et
1131 5104 1471 5167 haberetur
1517 5122 1554 5165 a
1601 5103 1848 5167 Christo
1901 5121 1914 5165 :
1965 5103 2145 5184 juxta
2202 5103 2364 5166 illud

869 5204 1066 5279 lsaiae,
1118 5202 1321 5285 Super
1379 5201 1611 5265 solium
1669 5202 1865 5266 David
1907 5209 1972 5263 et
2018 5219 2213 5283 super
2269 5220 2366 5264 re—

870 5320 1070 5382 gnum
1105 5301 1244 5382 ejus
1285 5300 1552 5364 sedebit.
1587 5299 1671 5364 De
1710 5319 1839 5383 quo
1867 5307 1931 5362 et
1967 5301 2231 5381 angelus
2270 5301 2365 5363 di-

2476 4314 2639 4376 Dcus
2684 4323 2799 4390 est,
2842 4323 3055 4376 tamen
3102 4313 3166 4374 in
3212 4331 3328 4374 sua
3373 4313 3741 4376 ascensione
3780 4315 3975 4395 coepit

2476 4413 2737 4495 speciali
2795 4413 2984 4475 modo
3044 4429 3239 4494 super
3296 4429 3402 4474 eos
3462 4429 3726 4492 regnare
3780 4413 3973 4474 etiam

2476 4512 2824 4574 secundum
2886 4529 3066 4573 suam
3125 4510 3583 4572 humanitatem
3642 4517 3713 4571 ut
3765 4511 3976 4575 Verbo

2477 4610 2741 4673 unitam.
2767 4609 2996 4673 Omnes
3028 4609 3201 4671 enim
3230 4608 3498 4690 angelici
3532 4609 3795 4691 spiritus
3825 4609 3977 4671 sub-

2475 4710 2716 4772 duntur
2744 4727 2816 4771 ac
2848 4707 3135 4770 serviunt
3164 4707 3408 4772 homini
3441 4706 3707 4780 Christo,
3732 4715 3791 4769 et
3822 4727 3976 4789 pur—

2471 4814 2723 4889 gantur,
2775 4806 3225 4869 illuminantur
3279 4824 3353 4868 ac
3412 4805 3835 4888 perficiuntur
3888 4807 3973 4870 ab

2474 4925 2569 4982 eo,
2604 4907 2733 4970 imo
2763 4913 2827 4968 et
2852 4904 2932 4967 ab
2963 4905 3103 4986 ejus
3135 4905 3549 4980 humanitate,
3584 4923 3696 4967 seu
3733 4905 3970 4981 anima,

2476 5006 2828 5069 secundum
2873 5004 3075 5066 divini
3121 5003 3399 5086 Dionysii
3444 5004 3841 5066 documenta.
3884 5007 3973 5066 Εἰ

2473 5105 2712 5166 reverti
2742 5104 2806 5165 in
2848 5103 2950 5165 die
2986 5102 3235 5183 judicii,
3269 5103 3346 5164 ad
3386 5102 3663 5164 dandum
3698 5102 3971 5182 singulis

2474 5204 2644 5285 quod
2696 5209 3045 5276 merentur,
3096 5200 3632 5282 quemadmodum
3690 5199 3756 5262 in
3805 5200 3973 5282 Apo-

2474 5301 2715 5383 calypsi
2744 5300 2977 5364 fatetur
3005 5319 3019 5363 :
3052 5299 3213 5362 Ecce
3242 5299 3429 5364 venio
3457 5298 3603 5374 cito,
3630 5305 3691 5361 et
3720 5317 3967 5362 merces
4000 5313 4060 5355 ¹2·

4008 5249 4131 5304 Δροο.
4140 5255 4217 5288 111¹.
