4300 6259
643 2390 798 2436 Galat.
816 2403 872 2440 vi,

612 2456 679 2498 ¹0.

635 2587 789 2632 Eccle.
814 2601 872 2638 ix,

612 2653 679 2694 1⁰.

659 3868 674 3913 1
694 3869 804 3914 Cor.
819 3882 879 3921 iv,

617 3935 686 3976 2⁰.

630 3993 801 4038 Mutia.
812 4007 883 4044 vu,

618 4061 666 4101 21
676 4089 688 4101 .

902 511 1019 575 118

1666 531 2019 577 ENARRA'rlo
2062 531 2127 577 IN
2169 531 2308 578 GAP.
2355 529 2461 576 xv1
2503 530 2692 577 LUGAE.
2732 551 2812 561 —
2855 531 2997 576 ΛΒΤ.
3043 531 3238 579 mlx

902 719 1028 763 non
1058 699 1167 776 ait,
1200 701 1331 775 llle,
1359 702 1482 776 vel,
1510 701 1676 763 Talis
1706 702 1865 764 mibi
1896 702 2016 764 hoe
2046 701 2227 776 dixit,
2261 702 2392 774 sed,
2427 697 2476 758 A
2509 700 2928 782 spiritualiter
2975 701 3388 765 delectantur.
3440 705 3812 764 Mendicare
3853 721 4006 762 eru-

899 798 1125 861 Audio.
1167 797 1417 875 Quarto,
1463 808 1531 861 ut
1577 800 1917 863 articulum
1963 801 2040 861 de
2077 818 2207 881 quo
2249 799 2395 881 quis

900 904 1232 960 accusatur
1270 905 1379 960 aut
1422 896 1810 974 diffamatur,
1855 898 2249 980 specificent.
2283 898 2400 960 Me-

902 996 1027 1058 lius
1056 995 1227 1058 enim
1268 1003 1472 1078 potest
1502 1014 1570 1060 se
1600 997 1789 1060 homo
1823 998 2159 1078 corrigere,
2193 1015 2396 1077 quum

903 1094 959 1156 ei
1009 1094 1390 1176 exprimitur
1428 1095 1494 1156 in
1542 1114 1672 1177 quo
1720 1094 2010 1177 deliquit,
2052 1103 2164 1157 aut
2209 1114 2399 1158 excu-

902 1211 1061 1268 sare,
1105 1193 1157 1255 si
1205 1193 1509 1255 innocens
1554 1194 1656 1255 sit.
1690 1193 1843 1255 Nam
1888 1194 1995 1266 ait,
2030 1193 2191 1266 Quid
2234 1194 2398 1256 hoc?

902 1293 1121 1352 Redde
1155 1293 1475 1352 rationem
1516 1293 1941 1353 villicationis
1979 1301 2129 1360 tuoe,
2173 1291 2235 1353 id
2280 1298 2395 1366 est,

902 1391 980 1451 ad
1039 1390 1433 1451 reddendum
1482 1396 1544 1450 te
1604 1408 1909 1472 praepara,
1961 1398 2023 1452 et
2080 1390 2400 1472 quomodo

905 1488 1167 1550 reddere
1198 1488 1402 1570 possis
1433 1489 1745 1561 examina,
1769 1487 2028 1570 jamque
2060 1489 2214 1551 dum
2244 1496 2402 1550 tem-

904 1605 1024 1668 pus
1074 1587 1359 1648 merendi
1412 1593 1723 1668 superest,
1767 1604 1976 1649 coram
2024 1587 2148 1651 Deo
2189 1593 2250 1648 te
2291 1605 2402 1668 po-

904 1703 1006 1760 ne,
1050 1691 1111 1746 et
1161 1684 1343 1767 quasi
1393 1693 1539 1747 ante
1578 1684 1717 1765 ejus
1768 1684 2047 1747 tribunal
2092 1686 2400 1748 adductus

901 1801 1093 1858 esseS,
1136 1801 1173 1844 a
1209 1790 1270 1845 te
1314 1783 1453 1865 ipso
1502 1783 1683 1864 exige
1731 1783 2041 1846 rationem
2083 1784 2403 1865 dispensa-

2510 803 2714 870 (κει-0,·
2756 801 2821 862 id
2870 807 2985 876 est,
3039 802 3304 864 adversa
3348 799 3788 882 aequanimiter
3831 798 4006 860 ferre

2511 917 2637 962 non
2690 917 2973 980 possum,
3017 918 3128 962 seu
3171 898 3326 963 alios
3365 901 3444 962 ad
3482 899 4004 962 intercedendum

2511 1017 2628 1080 pro
2684 1016 2786 1060 me
2840 999 3082 1080 precari
3132 1000 3546 1072 verecundor,
3599 998 3721 1060 nisi
3779 1003 3841 1059 et
3885 1015 4006 1077 ego

2513 1097 2650 1178 ipse
2688 1096 2934 1178 aliquid
2973 1096 3123 1160 boni
3161 1115 3364 1178 agam,
3397 1105 3462 1159 et
3485 1094 3858 1178 temporalia
3897 1095 4006 1156 tri-

2510 1194 2786 1268 buendO,
2833 1212 3078 1257 merear
3127 1194 3484 1277 spiritualia
3532 1194 3690 1256 mihi
3739 1192 4006 1274 rependi

2509 1290 2834 1372 suffragia.

2589 1393 2738 1452 Scio
2779 1393 2943 1471 quid
2978 1392 3250 1468 faciam,
3294 1391 3447 1473 quia
3495 1390 3654 1453 ratio
3701 1407 3840 1452 mea
3889 1407 4008 1471 per

2509 1490 2889 1570 evangelicae
2941 1489 3094 1570 legis
3143 1490 3490 1552 doctrinam
3543 1489 3869 1562 instructa,
3911 1487 4010 1550 di-

2512 1595 2637 1651 ctat
2687 1589 2844 1650 mihi
2897 1589 3055 1670 quid
3105 1588 3370 1650 debeam
3427 1606 3634 1670 agere,
3681 1597 3756 1649 ut
3803 1607 4008 1667 quum

2509 1697 2760 1748 amotus
2801 1691 2990 1768 fuero
3035 1709 3076 1748 a
3119 1689 3543 1755 villicatione,
3600 1687 3663 1749 id
3722 1694 3835 1759 est,
3892 1703 4008 1767 per

2512 1793 2780 1848 mortem
2835 1786 3123 1848 sublatus
3173 1787 3353 1848 fuero
3412 1787 3490 1848 de
3552 1785 3668 1847 hac
3723 1784 3868 1857 vita,
3922 1783 4010 1844 ita

901 1882 1093 1945 tionis
1153 1881 1268 1943 tibi
1324 1882 1597 1957 creditae,
1650 1889 1713 1943 et
1767 1883 2041 1964 qualiter
2102 1902 2254 1944 usus
2313 1883 2400 1944 sis
2437 1885 2483 1946 B
2511 1884 2682 1964 quod
2715 1902 2832 1946 nec
2862 1884 3022 1958 aliis,
3058 1902 3176 1947 nec
3207 1883 3367 1946 mihi
3397 1883 3522 1966 ipsi
3563 1900 3833 1965 praeesse
3862 1901 4012 1963 pos-

902 1979 1237 2042 beneficiis
1280 1978 1408 2041 Dei.
1439 1984 1585 2042 Jam
1628 1983 1805 2041 enim
1844 2001 1973 2042 non
2005 1982 2248 2058 poteris
2279 1982 2403 2040 vil-

904 2081 1125 2146 licare,
1169 2078 1235 2140 id
1284 2086 1400 2148 est,
1448 2079 1515 2140 in
1567 2080 1857 2161 proximo
1901 2086 1998 2141 est
2046 2086 2115 2141 ut
2159 2081 2236 2141 de
2286 2079 2402 2141 hac

902 2177 1032 2241 vita
1068 2176 1331 2252 tollaris,
1364 2185 1427 2239 et
1464 2176 1798 2240 beneficiis
1837 2177 1944 2240 Dei
1985 2179 2061 2240 ad
2103 2178 2400 2240 meritum

904 2275 1144 2337 diutius
1186 2275 1278 2337 uti
1324 2294 1449 2338 non
1490 2293 1707 2356 queaS,
1750 2276 1903 2357 quia
1950 2285 2092 2358 post
2133 2285 2403 2339 mortem

906 2393 1031 2436 non
1073 2382 1169 2436 est
1205 2381 1459 2456 tempus
1502 2374 1811 2436 merendi.
1852 2373 2014 2456 Ergo
2052 2375 2204 2436 dum
2253 2383 2406 2436 tem-

906 2493 1027 2556 pus
1081 2473 1409 2546 hahemus,
1462 2491 1801 2554 operemur
1858 2473 2097 2536 bonum
2146 2474 2226 2535 ad
2273 2491 2406 2536 om-

904 2591 1054 2653 nes;
1088 2572 1253 2634 sicut
1280 2579 1343 2633 et
1371 2570 1663 2635 Salomon
1704 2572 1989 2635 bortatur
2013 2589 2026 2635 ε
2052 2571 2406 2644 Quodcum-

904 2687 1034 2752 que
1080 2676 1288 2752 potest
1329 2688 1554 2731 manus
1595 2676 1723 2744 tua,
1768 2670 2076 2733 instanter
2115 2689 2400 2752 operare,

903 2769 1056 2850 quia
1086 2787 1203 2831 nee
1231 2786 1409 2850 opuS,
1432 2785 1551 2830 nec
1581 2769 1754 2840 ratio,
1776 2787 1894 2831 nec
1924 2769 2190 2833 scientia
2218 2776 2406 2831 erunt

904 2868 1075 2950 apud
1118 2866 1377 2942 inferOS,
1424 2885 1553 2948 quo
1595 2874 1665 2929 tu
1710 2886 2033 2950 properas.

940 3029 955 3043 ,
984 2968 1101 3027 Ait
1132 2974 1347 3027 autem
1376 2967 1640 3027 villicus
1670 2967 1850 3027 intra
1880 2987 1966 3039 se,
2000 2967 2064 3029 id
2107 2974 2226 3042 est,
2262 2987 2406 3048 pro-

2513 1981 2632 2044 sim
2677 1983 2754 2044 ad
2797 1983 3119 2058 meritum,
3153 1985 3478 2062 recipiant
3516 2003 3617 2042 me
3655 1981 3721 2043 hi
3770 1981 4009 2062 quibus

2512 2080 2885 2144 benefacere
2910 2082 3130 2162 cogito,
3143 2083 3218 2142 in
3234 2085 3452 2143 domos
3479 2080 3725 2150 suas,id
3755 2087 3865 2154 est,
3887 2097 4014 2142 me·

2513 2179 2652 2241 ritis
2695 2199 2768 2242 ac
2807 2178 3132 2261 suffragiis
3175 2197 3530 2262 pauperum
3568 2187 3758 2260 atque
3797 2178 4012 2240 humi-

2513 2278 2670 2340 lium
2705 2279 3016 2360 perducar
3044 2279 3122 2340 ad
3153 2296 3418 2358 regnum
3449 2276 3752 2341 coelorum
3788 2295 3803 2339 :
3834 2277 4010 2358 quod

2513 2377 2738 2440 domus
2782 2384 2879 2439 est
2925 2395 3300 2459 pauperum,
3345 2377 3510 2438 sicut
3549 2375 3639 2437 ait
3673 2374 3958 2438 Salvator
3991 2393 4004 2436 :

2513 2474 2682 2537 Beati
2725 2493 3036 2557 pauperes
3080 2475 3333 2557 spiritu,
3375 2474 3678 2557 quoniam
3721 2474 4006 2556 ipsorum
4039 2489 4243 2531 stasim

2514 2582 2608 2636 est
2646 2593 2911 2655 regnum
2953 2575 3281 2637 coelorum.
3315 2572 3392 2635 Et
3428 2574 3516 2635 ait
3551 2572 3904 2656 pluraliter,
3939 2573 4010 2634 ln

2513 2673 2734 2736 domos
2795 2692 2962 2746 suaS,
3014 2672 3167 2754 quia
3225 2671 3290 2734 in
3342 2691 3468 2734 uno
3525 2689 3718 2752 regno
3765 2671 4010 2734 coelesti

2513 2771 2780 2834 diversae
2829 2779 2980 2832 sunt
3025 2769 3409 2845 mansioneS,
3464 2771 3582 2833 hoe
3632 2780 3727 2832 est
3772 2768 4010 2831 diversi

2509 2871 2742 2950 gradus
2784 2869 3214 2950 praemiorum,
3249 2869 3600 2930 secundum
3639 2869 3868 2948 gradus
3909 2887 4012 2930 va-

2515 2969 2640 3032 rios
2671 2969 3066 3042 meritorum,
3095 2975 3284 3049 prout
3313 2967 3540 3029 asserit
3568 2965 3851 3030 Christus
3887 2985 3903 3028 :
3939 2966 4008 3028 ln
4035 2988 4244 3042 Jamm,

907 3065 1051 3130 vide
1094 3063 1411 3144 cogitavit,
1453 3070 1647 3145 atque
1687 3064 2027 3128 consilium
2069 3084 2106 3126 a
2146 3066 2406 3148 propria
2440 3061 2484 3126 C
2513 3067 2700 3130 domo
2749 3065 2944 3128 Patris
2996 3066 3121 3128 mei
3163 3065 3522 3128 mansiones
3571 3065 3786 3128 multae
3832 3073 4005 3126 sunt.
4037 3051 4075 3093 ²·

908 3163 1150 3226 ratione
1191 3161 1508 3244 quaesivit,
1550 3162 1707 3243 quid
1748 3163 1873 3224 sibi
1912 3164 1977 3225 in
2020 3171 2195 3227 tanto
2242 3172 2406 3226 esset

906 3263 1222 3344 agendum
1265 3261 1654 3323 discrimine.
1688 3260 1793 3324 Sic
1820 3263 2011 3324 timor
2050 3262 2284 3326 multos
2317 3264 2408 3324 in-

908 3360 1084 3424 ducit
1140 3361 1217 3422 ad
1277 3359 1561 3422 meliora.
1616 3361 1789 3428 Quid
1835 3361 2081 3438 faciam
2114 3365 2144 3422 ?
2194 3361 2404 3424 Potius

908 3458 1225 3539 cogitavit,
1284 3455 1443 3529 Quid
1504 3456 1752 3533 faciam,
1813 3477 2029 3540 quam,
2090 3459 2249 3532 Quid
2309 3459 2406 3522 di-

909 3576 1069 3632 cam,
1095 3556 1303 3619 sciens
1333 3557 1505 3638 quod
1533 3557 1701 3637 apud
1725 3556 1969 3637 justum
1998 3577 2073 3620 ae
2103 3556 2410 3621 infallibi-

909 3658 1035 3718 lem
1067 3655 1360 3718 Judicem
1410 3655 1553 3737 plus
1594 3655 1843 3718 valeant
1888 3675 2081 3738 opera
2127 3657 2408 3720 virtuosa

910 3773 1102 3837 quam
1153 3753 1346 3817 verba
1396 3753 1684 3835 pulchra,
1738 3755 1988 3817 dicente
2035 3753 2336 3837 Apostolo
2389 3774 2403 3818 :

908 3853 1043 3917 Non
1084 3853 1151 3915 in
1192 3871 1484 3915 sermone
1514 3860 1611 3915 est
1647 3872 1913 3934 regnum
1945 3853 2052 3916 Dei
2084 3873 2100 3935 3
2142 3862 2208 3916 et
2235 3854 2411 3917 Chri-

912 3960 1029 4025 ste,
1081 3951 1216 4014 Non
1265 3952 1473 4014 omnis
1519 3953 1631 4033 qui
1683 3952 1836 4014 dicit
1886 3952 2067 4026 mihi,
2118 3952 2403 4028 Domine,

913 4049 1192 4125 Domine,
1229 4049 1491 4110 intrabit
1527 4049 1591 4112 in
1628 4069 1894 4131 regnum
1934 4049 2265 4126 eoelorum,
2300 4052 2408 4114 sed

912 4149 1024 4230 qui
1061 4146 1217 4209 facit
1250 4147 1638 4211 voluntatem
1676 4148 1873 4210 Patris
1915 4149 2064 4211 mei.
2101 4152 2271 4218 Quia
2300 4153 2412 4211 do-

2511 3165 2812 3228 Homines
2881 3181 3140 3246 quoque
3207 3164 3560 3225 secundum
3626 3162 4008 3243 exigentiam

2513 3262 2889 3326 meritorum
2930 3281 3213 3336 suorum,
3246 3263 3323 3323 ad
3353 3260 3722 3341 angelorum
3753 3261 4010 3324 ordines

2513 3369 2948 3424 assumuntur.
2991 3361 3058 3422 ln
3101 3361 3213 3423 has
3262 3361 3481 3422 domos
3531 3360 3837 3432 coelesteS,
3883 3379 4010 3422 non

2515 3460 2960 3541 ingrediuntur
3005 3458 3204 3521 adulti
3261 3458 3388 3520 nisi
3445 3475 3560 3540 per
3605 3458 3836 3520 ostium
3895 3477 4010 3520 seu

2515 3577 2708 3640 opera
2749 3557 3199 3620 misericordiae
3229 3556 3580 3638 corporalia
3617 3564 3724 3618 aut
3752 3555 4014 3638 spiritu-

2515 3658 2639 3720 alia
2693 3674 2706 3719 :
2760 3657 2826 3718 in
2878 3656 3062 3737 cujus
3112 3653 3386 3736 figuram
3431 3655 3664 3735 legitur
3714 3655 3777 3716 in
3827 3653 4010 3716 libris

2517 3755 2779 3836 Regum,
2833 3755 3003 3836 quod
3053 3753 3346 3816 Salomon
3405 3751 3555 3815 fecit
3604 3754 3666 3814 in
3719 3753 4007 3834 ingressu

2517 3853 2729 3917 Sancti
2787 3860 3150 3916 sanctorum
3219 3853 3344 3914 duo
3399 3850 3626 3914 ostiola
3682 3851 3760 3913 de
3817 3851 4008 3932 lignis
4057 3873 4240 3924 maen.

2518 3953 2832 4017 olivarum
2887 3970 2901 4014 ε
2959 3969 3074 4032 per
3134 3968 3278 4031 quae
3341 3949 3594 4032 pietatis
3652 3968 3842 4032 opera
3897 3968 4008 4012 ex·
4037 3939 4100 3978 ³¹·

2518 4051 2906 4134 primuntur.

2610 4150 2982 4210 Convocatis
3028 4149 3248 4227 itaque
3293 4149 3575 4224 sinyulis
3619 4149 4010 4208 debitoribus

910 4247 1131 4308 minus
1162 4265 1338 4306 meus
1369 4247 1587 4322 aufert
1616 4267 1657 4306 a
1691 4265 1783 4307 me
1812 4248 2308 4316 villicationem,
2343 4248 2406 4311 id
2437 4249 2485 4311 Ῐ)
2515 4249 2773 4310 domini
2807 4249 2938 4314 sui,
2980 4245 3043 4308 id
3083 4253 3178 4307 est
3217 4243 3528 4325 religiosis
3569 4252 3633 4306 et
3675 4243 4010 4326 indigenti-

911 4351 1025 4418 est,
1070 4343 1494 4406 comminatur
1542 4344 1713 4425 quod
1762 4344 1973 4406 statim
2019 4343 2266 4408 auferet
2304 4364 2405 4408 me

909 4442 987 4504 de
1026 4441 1153 4504 vita
1200 4441 1518 4523 praesenti‚
1562 4441 1646 4503 ita
1692 4443 1865 4523 quod
1913 4442 1979 4504 in
2030 4441 2172 4523 ejus
2220 4444 2405 4508 bonis

907 4539 1222 4604 dominari
1262 4547 1324 4601 et
1367 4540 1714 4621 promereri
1765 4559 1891 4604 non
1941 4549 2161 4622 potero
2205 4561 2218 4606 ε
2264 4543 2405 4607 ideo

908 4638 1033 4700 nisi
1083 4637 1243 4700 mihi
1294 4638 1480 4701 modo
1531 4638 1921 4719 provideam,
1964 4639 2216 4702 nullum
2265 4649 2407 4723 post

908 4743 1178 4800 mortem
1226 4735 1385 4798 mihi
1438 4735 1701 4798 restabit
1750 4736 2125 4800 remedium.
2163 4742 2407 4801 Fodere

908 4855 1039 4896 non
1076 4839 1277 4908 vale0,
1318 4835 1381 4896 id
1422 4843 1538 4910 est,
1584 4837 1741 4898 dura
1780 4836 2170 4918 poenitentiae
2217 4856 2409 4920 opera

912 4951 1207 4996 exercere
1238 4952 1363 4996 non
1398 4951 1587 5015 queo,
1618 4933 2017 5009 abstinendo,
2051 4954 2156 4998 me
2193 4936 2411 5018 flagel-

915 5032 1123 5106 lando,
1152 5031 1371 5096 flendo
1416 5039 1478 5094 et
1518 5031 1836 5112 vigilando
1870 5053 1884 5096 :
1919 5034 2214 5116 quamvis
2262 5055 2410 5118 ope-

918 5148 987 5191 ra
1016 5130 1134 5191 ista
1170 5129 1298 5191 sint
1328 5129 1483 5192 viris
1518 5130 1816 5212 perfectis
1856 5131 2067 5194 dulcia
2094 5140 2287 5214 atque
2327 5133 2412 5196 fa-

626 5251 889 5303 acor-,vna
920 5227 1177 5302 cillima,
1220 5228 1331 5310 qui
1379 5247 1494 5310 pro
1536 5230 1993 5292 consuetudine
2039 5231 2411 5295 exercitatos

922 5325 1156 5387 babent
1202 5343 1447 5400 sensus,
1490 5333 1553 5387 et
1596 5327 1659 5389 in
1700 5327 1873 5390 omni
1916 5336 2058 5391 actu
2098 5329 2404 5392 virtutum

2516 4346 2658 4420 buS‚
2693 4345 2806 4427 qui
2847 4342 3320 4427 quantumlibet
3354 4341 3509 4423 justi
3551 4343 3700 4418 sint,
3735 4351 4008 4406 attamen

2516 4443 2832 4508 debitores
2881 4450 3032 4504 sunt
3076 4440 3185 4502 Dei
3235 4459 3248 4504 :
3297 4440 3395 4504 vel
3447 4448 3707 4522 propter
3753 4449 4009 4523 peccata

2515 4562 2630 4606 sua
2674 4542 3068 4625 quotidiana,
3124 4539 3394 4602 venialia
3451 4539 3697 4610 saltem,
3750 4548 4010 4622 propter

2514 4661 2788 4725 quorum
2841 4639 3280 4702 remissionem
3329 4638 3704 4713 exclamant,
3755 4638 4007 4700 Dimitte
4059 4655 4238 4702 uatem

2517 4741 2700 4804 nobis
2746 4739 2959 4802 debita
2998 4747 3231 4810 nostra,
3275 4736 3438 4798 sicut
3487 4744 3549 4798 et
3591 4754 3702 4799 nos
3751 4737 4007 4798 dimitti·
4037 4723 4096 4763 ¹²·

2515 4858 2695 4918 mus;
2730 4838 2828 4898 vel
2870 4837 3023 4919 quia
3062 4837 3139 4898 de
3177 4833 3452 4916 acceptis
3494 4834 3676 4897 donis
3719 4834 3842 4898 Deo
3878 4853 4011 4896 ser-

2517 4938 2654 5001 vire
2682 4955 2754 4998 ac
2784 4934 3107 5016 regratiari
3149 4939 3465 5006 tenentur,
3500 4950 3618 4994 nec
3654 4932 3776 4996 Deo
3813 4933 4011 5014 aequi-

2518 5035 2734 5098 valens
2778 5032 2992 5096 valent
3037 5032 3404 5114 rependere.
3438 5031 3702 5091 Dicebat
3733 5032 3954 5109 primo
3983 5053 4005 5091 .·

2522 5137 2844 5204 Quantum
2873 5133 3053 5192 debes
3081 5132 3342 5191 domino
3375 5131 3634 5190 meo?At
3659 5131 3772 5188 ille
3796 5130 4006 5190 dixit:

2521 5235 2790 5294 Centum
2847 5233 3036 5290 cados
3092 5230 3234 5289 olei.
3291 5227 3495 5291 Cadus
3553 5232 3648 5288 est
3703 5226 4006 5308 amphora

2519 5338 2706 5393 certae
2743 5346 3059 5392 mensurae
3099 5344 3210 5388 seu
3249 5324 3641 5408 quantitatis
3675 5323 3864 5388 Porro
3895 5344 4005 5407 pa-
