4300 6259
1117 518 1468 566 cumulo
1511 519 1574 564 m
1615 517 1754 565 car.
1801 516 1929 564 xxn
1973 515 2163 564 Lucia.
2206 535 2287 546 -
2328 517 2471 562 ΑΜ.
2516 515 2679 562 xzvu
3336 495 3451 562 211

346 683 410 744 di
445 685 836 766 permittam.
869 685 947 749 Et
977 705 1092 768 per
1131 688 1506 770 discipuloS,
1542 687 1854 750 intellexit
1881 686 1932 748 A
1961 705 2193 768 corpus
2232 694 2295 749 et
2333 685 2707 767 sanguinem
2748 686 2931 749 nobis
2970 685 3230 768 reliquit
3268 686 3334 748 in
3375 686 3457 749 ci-

344 781 634 845 Salvator
665 802 886 846 omnes
926 785 1161 848 electos
1201 805 1318 848 suo
1357 787 1666 867 sanguine
1695 785 1853 846 libe-

343 882 600 944 randos.
653 881 894 964 Nempe
944 903 1060 965 pro
1110 885 1427 946 universis
1479 884 1850 947 hominibus

339 978 596 1042 effusus
643 988 741 1043 est
789 983 1046 1062 sanguis
1105 982 1360 1056 Christi,
1413 991 1722 1064 quantum
1773 984 1850 1044 ad

339 1076 829 1154 sufficientiam,
881 1081 1188 1160 quoniam
1237 1089 1548 1162 quantum
1601 1081 1664 1142 in
1713 1081 1850 1162 ipso

337 1185 457 1248 est,
501 1177 773 1240 idoneus
811 1185 909 1240 est
947 1179 1235 1241 omnium
1274 1178 1528 1241 auferre
1571 1187 1846 1261 peccata,

333 1275 742 1358 gratiamque
785 1275 1078 1340 conferre
1121 1284 1183 1339 et
1220 1277 1534 1358 gloriam3
1581 1278 1691 1339 sed
1736 1295 1852 1358 pro

337 1373 494 1437 solis
527 1373 747 1436 electis
777 1373 1026 1437 effusus
1059 1383 1175 1450 est,
1201 1385 1512 1457 quantum
1544 1376 1623 1437 ad
1653 1373 1853 1437 effici-

337 1473 605 1546 entiam,
639 1472 792 1554 quia
825 1473 950 1555 ipsi
987 1473 1315 1536 dumtaxat
1347 1473 1683 1536 dominicae
1715 1492 1854 1554 pas-

335 1571 543 1634 sionis
582 1570 866 1633 fructum
897 1571 1239 1633 salubriter
1272 1579 1766 1652 consequuntur.

415 1669 586 1730 Dicit
621 1677 835 1731 autem
879 1668 1368 1750 chrysostomus
1403 1688 1417 1731 :
1452 1669 1565 1732 Hic
1596 1668 1852 1750 sanguis

331 1775 644 1849 operatur
693 1767 758 1829 in
809 1767 995 1830 nobis
1047 1767 1394 1849 imaginem
1437 1768 1696 1848 regiam,
1743 1786 1855 1829 no-

1962 785 2117 847 bum
2170 794 2521 867 potumque
2570 785 2800 848 anima*
2848 785 3184 846 salutarem
3240 804 3253 847 :
3305 785 3458 866 quia

1961 893 2024 946 et
2055 885 2163 946 illa
2194 891 2291 946 est
2326 883 2799 947 amorosissima
2838 881 3459 946 munificentissima·

1961 999 2088 1062 que
2131 981 2407 1055 donatio,
2438 1000 2566 1062 qua
2595 982 2740 1062 quis
2770 982 2952 1043 alteri
2988 983 3093 1044 dat
3122 1001 3189 1044 se
3219 983 3455 1063 ipsum,

1961 1081 2502 1160 quemadmodum
2536 1079 2821 1142 Christus
2854 1079 2972 1142 hoc
3007 1081 3072 1141 in
3104 1079 3461 1142 Sacramen-

1962 1186 2025 1240 to
2072 1177 2199 1239 fuit
2246 1185 2309 1239 et
2354 1184 2453 1240 est
2497 1178 2676 1241 dator
2723 1186 2786 1238 et
2824 1179 3083 1240 donum.
3128 1177 3358 1251 Tertio,
3395 1179 3461 1240 in

1962 1275 2340 1337 alimentum
2402 1276 2549 1338 vitae
2604 1275 2981 1358 spiritualiS,
3032 1277 3185 1358 quia
3244 1277 3309 1338 in
3360 1275 3466 1338 Sa-

1965 1381 2287 1436 cramento
2336 1374 2455 1437 hoc
2504 1373 2647 1436 fons
2703 1374 2921 1454 gratiae
2968 1374 3349 1448 continetur,
3402 1383 3465 1437 et

1967 1472 2289 1554 praecipua
2324 1473 2667 1553 gratiarum
2711 1472 3089 1534 charismata
3131 1473 3321 1554 digne
3358 1493 3464 1535 su-

1967 1570 2289 1632 mentibus
2333 1571 2471 1652 ipse
2520 1571 2804 1651 largitur.
2851 1571 3102 1644 Quarto,
3152 1572 3217 1634 in
3268 1571 3465 1635 robur

1965 1669 2261 1732 mentalis
2320 1667 2851 1742 confirmationiS,
2903 1669 3057 1751 quia
3116 1670 3221 1732 hic
3280 1669 3463 1733 cibus

1968 1767 2219 1830 roborat
2264 1768 2565 1842 animam,
2617 1769 2781 1829 sicut
2828 1767 2952 1828 alia
3006 1785 3149 1829 esca
3205 1787 3457 1850 corpuS.

335 1865 658 1928 bilitatem
699 1866 930 1928 animae
973 1885 1098 1929 non
1149 1865 1463 1948 permittit
1509 1883 1854 1928 marcesce—
1887 1869 1936 1932 B
1963 1865 2213 1940 Quinto,
2250 1866 2315 1927 in
2347 1866 2647 1928 viaticum
2684 1865 2875 1946 hujus
2906 1866 3456 1948 peregrinationiS‚

337 1981 429 2036 rc,
477 1963 772 2044 protinus
819 1963 1030 2044 rigans
1079 1963 1380 2037 animam,
1427 1982 1852 2045 magnamque

337 2061 668 2143 inspirans
713 2061 1038 2124 virtutem.
1085 2061 1198 2124 Hic
1237 2062 1494 2142 sanguis
1532 2062 1850 2125 daemones

337 2158 542 2240 fugat,
605 2159 864 2240 angelos
919 2160 1234 2238 advocat3
1295 2161 1611 2221 mundum
1672 2159 1845 2234 lavit,

337 2258 581 2320 coelum
609 2256 984 2319 accessibile
1013 2256 1197 2336 fecit3
1231 2265 1292 2318 et
1323 2275 1436 2338 per
1468 2257 1678 2339 ipsum
1711 2277 1853 2339 par-

335 2357 570 2439 ticipes
601 2356 744 2436 ejus
774 2355 946 2417 fiunt
984 2355 1282 2437 supernis
1317 2354 1662 2418 virtutibus
1691 2356 1851 2419 ami-

333 2454 419 2517 cti
477 2454 654 2535 regio
704 2453 920 2536 pallio,
975 2453 1176 2534 magis
1227 2462 1440 2516 autem
1504 2453 1644 2536 ipso
1703 2473 1848 2534 rege

333 2552 573 2615 induti.
614 2551 684 2613 Et
724 2551 890 2614 sicut
928 2551 981 2613 si
1027 2552 1306 2613 mundus
1344 2552 1708 2622 accesseris,
1754 2571 1850 2614 sa-

333 2651 614 2714 lubriter
659 2650 1024 2728 accessisti3
1068 2651 1160 2712 sic
1209 2650 1260 2712 si
1305 2649 1566 2712 indutus
1604 2651 1848 2714 consci-

329 2751 510 2813 entia
560 2761 777 2831 p‘rava,
821 2749 1124 2812 damnose
1171 2749 1420 2811 accedis
1473 2748 1537 2810 in
1589 2749 1844 2830 culpam

327 2857 532 2930 atque
559 2846 902 2929 supplicia.
933 2846 1088 2908 Nam
1131 2847 1184 2908 si
1223 2846 1338 2928 qui
1373 2846 1845 2928 imperatoriam

329 2946 762 3028 coinquinant
819 2964 1194 3027 purpuram,
1259 2945 1394 3027 pari
1446 2963 1635 3027 poena
1708 2946 1844 3027 ple-

1965 1972 2033 2026 ut
2076 1964 2310 2027 virtute
2358 1964 2553 2044 hujus
2596 1963 2957 2044 dignissimi
2996 1964 3283 2027 alimenti
3326 1974 3461 2028 ten-

1960 2064 2185 2125 damus
2222 2081 2297 2124 ac
2336 2062 2783 2144 perveniamus
2829 2081 3035 2144 usque
3070 2064 3146 2124 ad
3192 2065 3455 2146 patriam

1963 2161 2233 2243 paradisi
2279 2161 2577 2236 coelestiS,
2622 2161 2788 2223 sicut
2826 2160 2993 2223 Elias
3032 2161 3097 2223 in
3142 2161 3459 2226 fortitudi-
3486 2175 3750 2232 mmo-xix.

1961 2278 2041 2322 ne
2070 2260 2481 2323 subcinericii
2524 2259 2705 2342 panis
2744 2259 3113 2322 ambulabat
3145 2280 3350 2343 usque
3378 2264 3457 2325 ad
3487 2242 3529 2283 ⁸·

1959 2367 2240 2422 montem
2290 2358 2518 2421 Horeb.
2572 2357 2779 2434 Sexto,
2834 2359 2901 2420 in
2958 2361 3313 2422 remedium
3362 2380 3461 2424 sa-

1958 2456 2337 2518 tisfactionis
2382 2474 2495 2537 pro
2538 2455 2767 2518 nostris
2819 2457 3113 2538 peccam,
3156 2458 3309 2539 quia
3340 2458 3459 2522 hoc

1958 2554 2433 2618 Sacramentum
2466 2553 2909 2635 multipliciter
2946 2553 3332 2636 suffragatur
3360 2577 3461 2618 su-

1959 2652 2283 2715 mentibus
2333 2652 2521 2732 digne
2566 2651 2801 2733 ipsum,
2836 2660 2900 2714 et
2942 2671 3057 2734 per
3097 2652 3303 2735 ipsius
3343 2654 3457 2717 ob-

1960 2752 2256 2814 lationem
2288 2769 2361 2812 ac
2392 2749 2819 2831 sumptionem
2854 2757 3067 2812 nostra
3098 2750 3458 2815 relaxantur

1959 2857 2237 2932 peccata,
2264 2848 2581 2911 defunctis
2612 2867 2869 2930 quoque
2900 2849 3317 2912 succurritur.
3352 2849 3459 2913 Se-

1958 2948 2174 3030 ptimo,
2219 2946 2283 3008 in
2336 2946 2567 3028 pignus
2615 2954 2677 3008 et
2715 2947 2968 3008 arrham
3007 2946 3239 3010 futurae
3279 2949 3459 3011 here-

330 3052 604 3108 ctuntur
641 3062 786 3106 cum
829 3044 922 3106 eis
969 3043 1083 3124 qui
1125 3043 1302 3104 illam
1344 3043 1700 3123 divellunt;
1742 3044 1846 3104 ab·
1880 3043 1925 3109 C
1957 3045 2169 3108 ditatis
2200 3052 2463 3106 aeternae.
2490 3043 2851 3106 Beatificam
2884 3046 3056 3106 enim
3086 3044 3457 3110 fruitionem

329 3145 608 3206 surdum
655 3160 783 3204 non
822 3148 938 3214 est,
974 3142 1027 3202 si
1069 3147 1133 3202 et
1166 3141 1278 3222 qui
1321 3141 1594 3204 obscena
1634 3149 1845 3204 mente

1956 3145 2020 3206 in
2072 3143 2274 3226 patria
2320 3141 2704 3224 praefigurat,
2756 3143 2911 3224 quia
2961 3162 3125 3225 quos
3174 3143 3458 3209 Salvator

327 3260 572 3324 corpus
621 3239 852 3303 Christi
905 3239 1244 3320 recipiunt,
1292 3239 1430 3320 pari
1482 3257 1670 3321 poena
1715 3240 1848 3321 ple-
1950 3242 2084 3324 jam
2114 3241 2215 3303 sui
2255 3241 2539 3322 corporis
2576 3259 2649 3302 ac
2688 3241 3014 3322 sanguinis
3052 3240 3455 3308 Sacramenta

326 3347 590 3403 etantur
647 3357 796 3400 cum
853 3337 954 3400 his
1013 3337 1127 3418 qui
1189 3337 1348 3398 illud
1399 3337 1597 3400 clavis
1646 3337 1847 3401 confi-

327 3444 590 3501 xerunt.

419 3537 736 3599 Praeterea
781 3534 1263 3608 advertendum,
1313 3534 1485 3616 quod
1536 3535 1838 3598 dominici

326 3634 626 3717 corporis
657 3651 732 3695 ae
771 3632 1101 3713 sanguinis
1141 3631 1621 3694 Sacramentum
1661 3633 1842 3696 insti-

325 3741 546 3796 tutum
578 3739 676 3794 est
701 3750 740 3792 a
768 3728 1018 3794 Christo
1048 3729 1268 3791 multis
1298 3730 1378 3792 de
1418 3730 1626 3792 causis
1662 3750 1676 3793 ε
1711 3731 1842 3794 Pri-

327 3852 460 3906 mo,
527 3833 594 3894 in
654 3830 1159 3893 recordationem
1219 3847 1350 3891 suae
1409 3829 1721 3910 passionis
1779 3839 1842 3893 et

327 3930 718 3995 obedientiae
765 3927 906 4010 ejus
957 3945 1163 4008 usque
1211 3927 1287 3988 ad
1341 3935 1632 4002 mortem,
1677 3937 1843 3991 cete-

328 4045 688 4110 rorumque
719 4026 1170 4108 mysteriorum
1201 4033 1264 4086 et
1292 4033 1550 4087 actuum
1582 4026 1746 4107 ejus,
1773 4036 1842 4090 ut

327 4127 442 4189 illa
477 4127 560 4188 ad
603 4123 983 4187 memoriam
1024 4122 1434 4185 devotissime
1470 4140 1840 4186 revocemus

1952 3341 2249 3421 dignatur
2280 3338 2567 3414 reficere,
2594 3345 2748 3401 tunc
2779 3359 2909 3403 suae
2938 3339 3287 3403 divinitatis
3318 3361 3456 3424 spe—

1957 3441 2054 3502 eie
2104 3437 2351 3500 reficiet
2397 3437 2535 3500 sine
2582 3437 2757 3518 fine3
2799 3445 2864 3500 et
2898 3440 3070 3520 quod
3110 3459 3284 3503 nunc
3322 3461 3455 3524 my-

1957 3539 2114 3600 stice
2139 3537 2405 3618 geritur,
2436 3543 2586 3598 tunc
2616 3536 2679 3598 in
2714 3536 2979 3599 veritate
3009 3538 3447 3620 complebitur.

1953 3707 1957 3711 ,
2035 3637 2253 3716 ltaque
2293 3633 2487 3714 hujus
2526 3633 2912 3696 Sacramenti
2958 3635 3446 3712 institutionem,

1956 3733 2501 3814 institutionisque
2550 3751 2771 3794 causas
2820 3733 3105 3814 quotidie
3153 3753 3301 3797 cum
3344 3737 3453 3798 de—

1955 3833 2085 3895 bita
2112 3831 2459 3893 attentione
2491 3847 2849 3912 pensemuS,
2874 3838 2937 3892 et
2965 3831 3211 3896 Christo
3244 3834 3448 3897 vicem

1954 3952 2069 4015 pro
2123 3930 2366 3993 viribus
2422 3930 2867 4011 rependamus.
2926 3929 3207 4012 Denique
3257 3933 3452 4016 Chry..

1952 4038 2267 4094 sostomus
2309 4027 2398 4090 ait
2438 4045 2451 4089 τ
2499 4027 2675 4101 Vide,
2719 4047 2756 4090 ο
2806 4027 3015 4100 homo,
3060 4030 3233 4110 quali
3280 4031 3366 4094 sis
3412 4052 3449 4095 a

1952 4128 2199 4191 Christo
2241 4127 2582 4189 honoratus
2621 4125 2881 4198 honore,
2914 4127 3087 4207 quali
3130 4136 3194 4190 et
3231 4147 3451 4192 mensa

325 4245 402 4289 ac
434 4225 790 4296 imitemur,
818 4241 950 4284 suae
981 4219 1262 4303 passioni
1299 4239 1412 4283 nos
1443 4219 1844 4285 conforman-
1871 4225 1922 4289 D
1957 4225 2200 4308 potiriS,
2244 4224 2415 4306 quod
2458 4223 2665 4303 angeli
2714 4223 2999 4286 videntes
3050 4225 3445 4304 horrescunt,

327 4327 412 4388 do
464 4341 582 4406 per
623 4320 868 4404 proprii
917 4319 1202 4402 corporis
1241 4318 1736 4400 castigationem,
1779 4329 1842 4384 et
1955 4343 2071 4386 nee
2102 4323 2241 4385 sine
2271 4321 2625 4385 reverentia
2664 4322 2979 4404 respicere
3017 4325 3272 4400 audent,
3308 4345 3451 4408 pro-

331 4420 618 4506 propriae
657 4419 1026 4493 voluntatiS,
1063 4418 1405 4500 voluptatis
1441 4437 1514 4480 ac
1547 4419 1841 4482 vanitatis
1957 4429 2096 4504 pter
2126 4438 2265 4482 eam
2296 4438 2439 4501 quae
2468 4419 2640 4480 intus
2679 4418 2883 4481 fertur
2921 4422 3443 4486 coruscationem.

331 4518 927 4584 mortificationem.
977 4516 1157 4591 Nam,
1209 4524 1280 4578 ut
1333 4517 1424 4578 ait
1478 4517 1838 4600 Apostolus,
1953 4520 2187 4582 lterum
2236 4518 2344 4592 ait,
2396 4518 2733 4581 ostendens
2792 4527 3028 4600 quanta
3084 4520 3168 4582 sit
3222 4521 3448 4585 caritas

101 4635 238 4679 Galat.
261 4651 302 4688 v.
332 4619 448 4702 qui
493 4625 646 4681 sunt
695 4615 954 4696 Christi,
988 4632 1245 4678 carnem
1287 4634 1464 4677 suam
1505 4615 1844 4679 crucifixe-
1958 4617 2187 4682 Christi
2217 4618 2295 4679 ad
2326 4634 2439 4679 nos
2474 4634 2488 4678 ε
2521 4616 2671 4689 Quis
2704 4623 2915 4698 pastor
2944 4617 3221 4700 propriis
3252 4639 3453 4683 mem-

89 4829 104 4870 1
129 4831 246 4875 Petr.
261 4847 307 4885 ιι,

334 4726 492 4781 runt
541 4735 692 4780 cum
742 4714 916 4777 vitiis
966 4721 1029 4776 et
1076 4713 1634 4795 concupiscentiis,
1669 4715 1842 4779 Prin-

332 4835 492 4900 ceps
540 4831 804 4897 quoque
847 4811 1295 4894 Apostolorum
1345 4809 1625 4875 effatur:
1669 4813 1844 4876 Chri-

333 4923 476 4976 stus
510 4931 737 4996 passus
765 4919 864 4973 est
895 4928 1008 4992 pro
1040 4909 1244 4983 nobiS,
1261 4909 1628 4990 relinquens
1661 4912 1844 4974 nobis

334 5011 738 5094 exemplum,
773 5015 845 5071 ut
873 5026 1222 5090 sequamur
1249 5007 1514 5087 vestigia
1551 5008 1714 5088 ejus.
1739 5008 1847 5072 Se-

335 5111 575 5183 cundo,
619 5108 686 5170 in
728 5107 985 5188 signum
1033 5112 1225 5187 atque
1273 5106 1644 5168 memoriam
1689 5107 1847 5170 cari-

336 5209 492 5272 tatis
538 5225 672 5270 suae
719 5206 796 5268 ad
849 5223 986 5268 nos.
1038 5203 1166 5268 Hoc
1209 5203 1384 5266 enim
1434 5205 1710 5268 maxime
1749 5225 1849 5268 ca-

339 5305 550 5369 ritatis
616 5310 822 5368 exstat
879 5303 1212 5378 indicium,
1275 5304 1448 5384 quod
1514 5303 1846 5385 proprium

1957 4716 2089 4779 bris
2139 4715 2342 4776 nutrit
2389 4717 2581 4776 oves?
2630 4712 2751 4776 Sed
2800 4723 2861 4776 et
2910 4723 3141 4778 matres
3190 4736 3449 4800 quoque

1955 4815 2126 4878 filios
2159 4831 2305 4876 suos
2337 4813 2593 4874 tradunt
2620 4811 2761 4874 aliis
2800 4814 2877 4875 ad
2916 4813 3238 4877 alendum.
3274 4816 3451 4880 Chri-

1956 4920 2090 4975 stus
2141 4929 2291 4974 vero
2341 4910 2426 4972 ita
2474 4929 2601 4973 non
2650 4911 2798 4991 egit,
2850 4913 2960 4974 sed
3010 4931 3171 4994 quos
3226 4917 3451 4995 genuit

1959 5029 2072 5093 per
2119 5027 2187 5070 se
2235 5008 2470 5090 ipsum,
2522 5025 2599 5070 ex
2648 5026 2716 5071 se
2766 5009 2904 5090 ipso
2955 5009 3176 5073 nutrit.
3232 5011 3449 5094 ltaque

1957 5115 2144 5170 tantae
2192 5105 2433 5168 caritati
2473 5104 2967 5188 liberalitatique
3009 5107 3349 5172 Salvatoris
3388 5119 3452 5174 et

1958 5205 2065 5267 Dei
2125 5204 2323 5268 nostri
2376 5204 2539 5284 grati
2598 5222 2736 5266 esse
2781 5204 3017 5286 jugiter
3066 5215 3447 5289 satagamuS,

1961 5312 2024 5367 et
2059 5304 2117 5367 ei
2159 5304 2225 5366 in
2264 5302 2564 5366 omnibus
2598 5321 2677 5366 ex
2710 5303 3051 5386 purissima
3080 5307 3339 5370 caritate
3376 5307 3452 5372 fi-
