4300 6259
65 891 242 933 Ιοωιιικ

41 1369 272 1412 Ῑῦἰά.ὀό-53.

55 2450 160 2494 Ibid.
181 2455 246 2496 54.

34 3437 136 3482 nid.
151 3455 217 3491 ιιι,
233 3445 270 3484 l.

67 4427 168 4474 ma.
191 4433 232 4476 2.

81 4819 232 4866 naseu.

177 4915 189 4926 ·
303 4899 572 4983 leprosi,
625 4915 821 4980 quem
868 4897 1155 4961 Christus
1213 4899 1458 4960 curavit
1512 4917 1549 4960 a
1598 4899 1814 4981 lepra3

83 5017 188 5061 Ibid.
215 5021 238 5059 7
261 5033 274 5070 ς

34 5077 279 5132 Imm&

1073 500 1429 548 mumulo
1473 499 1538 546 IN
1580 499 1721 547 GAP.
1767 499 1899 548 1111
1939 497 2130 546 [ΗΕΒ.
2176 517 2258 530 -
2298 499 2441 546 ART.
2487 501 2650 547 van

3304 479 3427 544 205

305 667 580 731 nissime
611 667 852 733 factum
882 680 1048 733 esset
1077 690 1290 734 coram
1321 670 1540 734 multis
1568 670 1817 744 Judaeis‚
1846 669 1900 732 A
1928 689 2077 734 vero
2117 671 2241 746 die,
2276 670 2451 735 venit
2475 671 2653 734 Jesus
2680 669 3026 733 Jerusalem
3067 670 3291 733 sedens
3326 688 3426 730 su·
3468 681 3714 734 domnam,

302 772 367 826 et
427 767 738 847 quoniam
793 767 1066 830 Lazarus
1123 768 1250 833 fuit
1306 770 1405 834 vir
1464 768 1698 832 nobilis
1757 775 1819 831 et

243 904 272 941 .‚
303 864 520 938 miles,
580 866 660 928 de
719 866 891 947 regia
948 867 1149 948 stirpe
1203 875 1486 942 exortuS,
1545 876 1820 947 quatuor

303 981 572 1044 quoque
621 963 849 1026 diebus
897 965 1223 1027 exstiterat
1270 973 1582 1030 mortuus,
1617 967 1814 1042 Unde,

302 1079 516 1141 quum
559 1061 944 1125 miraculum
985 1063 1146 1126 illud
1190 1063 1430 1127 factum
1468 1066 1814 1139 audissent,

303 1177 459 1222 mox
510 1160 616 1222 die
673 1162 966 1242 sequenti
1027 1171 1486 1238 convenerunt,
1539 1171 1602 1225 et
1654 1164 1819 1226 inter

304 1275 375 1318 se
407 1259 876 1321 consuluerunt
903 1261 1060 1340 quid
1092 1260 1376 1324 facerent
1402 1261 1664 1338 Christo,
1685 1261 1822 1342 jux-

303 1363 370 1416 ta
415 1356 579 1418 illud
631 1358 695 1418 in
736 1358 971 1421 Joanne
1008 1377 1022 1421 :
1055 1358 1322 1431 Quidam
1369 1378 1446 1421 ex
1486 1360 1667 1442 ipsiS,
1702 1361 1822 1423 sci-

303 1452 460 1515 licet
508 1455 588 1516 de
638 1474 908 1519 numero
947 1457 1310 1520 Judaeorum
1352 1458 1464 1539 qui
1514 1458 1821 1520 interfue-

301 1560 451 1615 rant
498 1554 902 1618 suscitationi
947 1554 1165 1617 Lazari
1215 1564 1278 1618 et
1327 1556 1616 1618 viderant
1675 1576 1820 1638 quae

296 1650 460 1714 fecit
505 1653 709 1728 Jesus,
743 1652 1041 1715 abierunt
1087 1654 1166 1715 ad
1213 1653 1581 1728 PharisaeoS,
1616 1662 1679 1716 et
1727 1654 1820 1716 di-

297 1758 542 1813 xerunt
597 1751 690 1812 eis
748 1769 894 1833 quae
950 1750 1105 1814 fecit
1160 1752 1362 1814 Jesus.
1417 1751 1820 1832 Collegerunt

1928 788 2043 851 per
2075 770 2375 850 asellum3
2410 777 2471 832 et
2509 778 2663 832 tunc
2702 771 2768 832 in
2808 768 3154 832 Jerusalem
3204 767 3425 850 praedi-
3455 747 3507 787 ¹⁴
3525 749 3569 788 θ’
3592 757 3685 800 ⁸⁶⁹·

1929 869 2094 931 cavit
2121 889 2195 931 ac
2227 870 2425 932 multa
2463 870 2769 932 miracula
2806 868 2980 942 fecit,
3015 875 3203 951 prout
3230 866 3425 930 Evan-

1925 967 2167 1048 gelistae
2205 968 2596 1031 describunt.
2630 968 2916 1050 Insuper,
2952 966 3112 1030 feria
3150 966 3429 1028 secunda

1928 1074 1990 1127 et
2037 1067 2221 1128 tertia
2277 1074 2419 1148 post
2467 1065 2845 1141 Palmarum,
2895 1065 3073 1128 Jesus
3132 1064 3429 1126 similiter

1929 1163 1994 1225 in
2054 1164 2403 1226 Jerusalem
2468 1165 2855 1246 praedicavit,
2919 1171 2981 1225 et
3046 1163 3424 1236 sacerdoteS,

1927 1262 2179 1324 Scribas
2208 1283 2281 1326 ac
2312 1263 2653 1326 Pharisaeos
2690 1262 3031 1325 durissime
3063 1275 3272 1323 coram
3306 1279 3429 1322 om-

1929 1361 2120 1423 nibus
2188 1361 2542 1444 increpavit
2606 1380 2679 1424 ac
2752 1360 3136 1443 reprobavit,
3204 1359 3292 1420 ita
3359 1363 3426 1418 ut

1930 1460 2205 1521 maxima
2268 1467 2485 1523 contra
2541 1458 2859 1522 Christum
2918 1455 3426 1520 accendebantur

1929 1556 2207 1638 invidia3
2244 1566 2470 1639 quarta
2518 1575 2667 1620 vero
2714 1555 2874 1618 feria
2920 1555 3155 1617 mansit
3201 1554 3266 1616 in
3315 1551 3425 1614 Be·-

1928 1655 2165 1720 thania.

2010 1753 2154 1816 Ideo
2199 1752 2399 1815 Lucas
2448 1753 2834 1832 evangelista
2882 1770 3054 1813 nunc
3101 1750 3189 1813 ait
3236 1768 3250 1812 :
3292 1753 3427 1827 Ap·
3570 1759 3599 1814 1

295 1866 454 1929 ergo
503 1847 848 1930 pontifices
897 1857 962 1911 et
1009 1849 1306 1912 Pharisaei
1352 1851 1720 1924 concilium,
1755 1858 1819 1911 et
1851 1854 1899 1915 B
1919 1853 2405 1930 propinquabat
2452 1853 2587 1911 dies
2629 1852 2831 1928 festus
2871 1853 3300 1927 Azymorum‚
3359 1848 3424 1910 id

301 1947 611 2010 dicebant
655 1967 670 2010 :
711 1947 873 2020 Quid
922 1947 1216 2024 facimuS,
1270 1949 1422 2030 quia
1476 1949 1582 2012 hic
1629 1950 1816 2012 homo

303 2045 514 2108 multa
544 2047 728 2126 signa
765 2045 962 2109 facit?
993 2045 1056 2108 Si
1099 2047 1482 2109 dimittimus
1520 2065 1670 2110 eum
1700 2048 1813 2121 sic,

301 2162 533 2207 omnes
578 2145 841 2206 credent
878 2144 945 2206 in
987 2161 1158 2206 eum.
1193 2144 1288 2206 Ab
1332 2145 1442 2208 illo
1482 2146 1676 2226 igitur
1714 2145 1819 2207 die

303 2242 756 2322 cogitaverunt
812 2242 1178 2305 interficere
1236 2261 1407 2317 eum,
1464 2245 1817 2306 secundum

301 2341 483 2420 quod
528 2340 798 2423 Caiphas
842 2342 1169 2404 consuluit
1210 2341 1328 2404 eis.

381 2437 570 2500 Jesus
619 2456 791 2520 ergo,
842 2448 913 2501 ut
956 2439 1045 2501 ait
1091 2439 1480 2522 evangelista
1523 2439 1812 2516 JoanneS,

298 2536 436 2617 jam
470 2556 601 2600 non
634 2536 700 2599 in
732 2537 941 2619 palam
969 2537 1332 2600 ambulabat
1359 2539 1526 2621 apud
1553 2537 1584 2600 J
1590 2539 1813 2614 udaeos,

303 2637 418 2698 sed
468 2635 632 2698 abiit
673 2635 740 2697 in
782 2635 1106 2717 regionem
1151 2636 1334 2717 juxta
1372 2637 1715 2711 desertum,
1751 2636 1816 2698 in

298 2734 630 2796 civitatem
670 2752 817 2815 quae
855 2733 1090 2796 dicitur
1117 2733 1418 2816 Ephrem,
1453 2741 1517 2796 et
1555 2734 1645 2796 ibi
1685 2753 1819 2797 mo-

299 2832 568 2895 rabatur
606 2851 755 2895 cum
807 2831 1142 2915 discipulis
1183 2832 1316 2894 suis
1352 2851 1366 2894 :
1402 2840 1464 2895 et
1511 2833 1655 2907 hoc,
1691 2851 1815 2896 non

299 2932 430 2994 nisi
471 2931 697 3014 paucis
737 2931 988 3006 diebuS,
1027 2931 1322 2994 videlicet
1365 2939 1506 2994 octo
1551 2938 1661 2993 aut
1699 2931 1820 2994 cir-

1927 1957 2020 2011 est
2050 1949 2363 2031 paschalis
2396 1948 2778 2011 celebritatis
2806 1967 2819 2010 :
2845 1967 2989 2029 quae
3018 1946 3249 2009 dicitur
3277 1946 3427 2028 Azy·

1926 2065 2201 2122 morum,
2226 2047 2291 2108 id
2320 2054 2416 2108 est
2446 2065 2685 2128 panum
2717 2065 2841 2109 non
2871 2045 3421 2118 fermentatorum,

1927 2144 2080 2226 quia
2128 2145 2193 2206 in
2246 2153 2371 2208 tota
2407 2145 2516 2206 illa
2556 2144 2953 2218 solennitate,
2986 2162 3131 2225 quae
3179 2149 3425 2223 septem

1928 2245 2181 2306 duravit
2209 2243 2455 2314 diebuS‚
2493 2243 2911 2306 vescebantur
2938 2241 3134 2304 Judaei
3166 2260 3292 2305 non
3327 2259 3428 2322 pa·

1929 2359 2008 2403 ne
2048 2341 2447 2417 fermentato,
2482 2343 2593 2404 sed
2630 2341 2867 2424 azymis
2916 2339 3215 2422 panibus,
3249 2337 3426 2411 Quod

1926 2447 2139 2503 autem
2179 2441 2313 2502 dies
2351 2439 2553 2502 festus
2582 2439 2961 2522 Azymorum
3003 2437 3264 2520 praefato
3299 2454 3428 2501 mo·

1929 2540 2007 2602 do
2062 2538 2194 2619 jam
2255 2538 2625 2620 accipiatur,
2687 2544 2931 2600 constat
2986 2555 3065 2598 ex
3121 2555 3197 2599 eo
3253 2535 3425 2617 quod

1929 2637 2245 2710 subditur,
2292 2639 2410 2715 qui
2455 2637 2705 2697 dicitur
2742 2638 3016 2706 Pascha,
3061 2635 3123 2697 id
3174 2643 3270 2696 est
3317 2653 3427 2715 pa-

1928 2735 2161 2797 schalis
2220 2735 2586 2810 solennitaS,
2638 2753 2783 2816 quae
2837 2733 3186 2816 incipiebat
3231 2752 3270 2795 a
3319 2750 3427 2794 ve-

1927 2853 2112 2915 spera
2176 2833 2352 2896 feriae
2412 2833 2674 2915 quintae,
2736 2833 2888 2894 luna
2953 2831 3424 2913 quartadecima

1927 2932 2290 2993 exsistente.
2324 2931 2392 2992 In
2440 2949 2568 3012 qua
2610 2947 2873 3010 vespera
2910 2928 3286 2992 auferebant
3321 2929 3426 2990 Ju-

295 3031 484 3092 citer.
521 3029 816 3092 Creditur
863 3029 1038 3091 enim
1086 3030 1260 3110 quod
1303 3029 1586 3093 Christus
1634 3029 1821 3092 Laza-
1856 3037 1899 3100 C
1929 3029 2043 3092 daei
2080 3031 2159 3092 de
2202 3028 2497 3092 domibus
2539 3028 2671 3090 suis
2712 3046 2967 3092 omnem
3020 3046 3249 3110 panem
3301 3027 3427 3089 fer-

296 3147 450 3189 rum
491 3127 828 3191 suscitavit
865 3135 1042 3188 sexta
1081 3125 1242 3188 feria
1282 3144 1397 3209 per
1425 3127 1818 3208 quindenam

297 3233 453 3288 ante
503 3226 678 3288 diem
735 3224 1108 3288 Parasceves
1166 3225 1234 3287 in
1283 3244 1412 3307 qua
1467 3225 1816 3288 crucifixus

301 3331 402 3386 est
454 3324 621 3405 ipse.
672 3323 911 3398 Postea,
965 3323 1132 3386 sieut
1179 3323 1247 3385 in
1294 3323 1531 3386 Joanne
1589 3323 1820 3386 descri—

299 3421 507 3496 bitur,
552 3421 716 3484 Ante
765 3439 876 3484 sex
922 3422 1058 3484 dies
1105 3420 1378 3496 Paschae,
1421 3422 1486 3484 id
1535 3429 1632 3484 est
1679 3420 1820 3483 sab-

298 3520 456 3584 bato
494 3520 712 3583 Ramis
754 3520 1132 3603 palmarum,
1166 3521 1338 3601 quod
1377 3519 1501 3582 fuit
1541 3538 1649 3582 sex
1689 3520 1818 3582 die-

298 3618 426 3682 bus
457 3627 612 3682 ante
651 3619 934 3701 primum
963 3619 1134 3681 diem
1173 3617 1538 3682 festivitatis
1568 3619 1816 3682 Paschae

296 3718 672 3782 Judaeorum
716 3725 873 3780 tunc
919 3717 1316 3780 imminentis
1353 3718 1658 3798 (quorum
1707 3737 1816 3799 pa-

298 3817 545 3879 schalis
587 3815 932 3880 solennitas
975 3815 1218 3898 incepit
1254 3815 1416 3877 feria
1454 3816 1681 3896 quinta
1719 3834 1818 3878 se-

297 3915 533 3996 quenti
591 3915 672 3976 ad
722 3931 1074 3996 vesperam,
1127 3921 1189 3976 et
1246 3921 1422 3976 sexta
1477 3913 1638 3975 feria
1693 3914 1817 3977 fuit

300 4014 518 4096 prima
559 4013 804 4092 integra
835 4012 971 4074 dies
1011 4011 1406 4074 solennitatis
1447 4012 1809 4094 paschalis),

299 4113 484 4175 venit
518 4112 703 4174 Jesus
741 4109 1132 4184 Bethaniam,
1166 4118 1286 4173 etc.
1331 4110 1656 4185 Praeterea,
1699 4110 1814 4172 sic-

1931 3135 2303 3202 mentatum,
2338 3126 2735 3209 edebantque
2783 3145 3017 3208 agnum
3061 3126 3421 3208 paschalem

1929 3245 2075 3288 cum
2123 3225 2359 3309 azymis
2418 3224 2716 3306 panibuS,
2764 3224 2830 3287 in
2879 3224 3427 3288 commemoratio-

1928 3342 2076 3386 nem
2123 3324 2296 3405 quod
2345 3329 2555 3405 patres
2602 3339 2824 3385 eorum
2876 3323 3088 3384 taliter
3137 3323 3427 3385 comede-

1927 3423 2080 3485 bant
2114 3441 2351 3504 agnum
2394 3420 2779 3503 paschalem,
2813 3423 3068 3502 quando
3106 3422 3422 3502 egressuri

1925 3520 2181 3584 fuerant
2228 3522 2305 3583 de
2342 3521 2629 3603 AEgypto‚
2675 3527 2744 3580 ut
2792 3519 3023 3601 legitur
3071 3520 3135 3581 in
3183 3518 3416 3582 Exodo.

1925 3620 2100 3682 Unde
2139 3627 2203 3681 et
2240 3638 2415 3681 nunc
2452 3619 2586 3681 dies
2626 3617 3003 3699 Azymorum
3043 3617 3277 3680 dicitur
3314 3617 3423 3679 Pa-

1926 3718 2098 3790 scha,
2145 3718 2299 3800 quia
2346 3717 2412 3779 in
2463 3714 2723 3798 praefata
2771 3733 3058 3798 vespera,
3104 3735 3249 3798 quae
3296 3715 3422 3778 fuit

1925 3816 2323 3880 solennitatis
2366 3815 2679 3898 paschalis
2730 3815 3082 3889 exordium,
3116 3814 3421 3877 edebatur

1923 3933 2122 3996 agnus
2156 3914 2493 3996 paschalis.
2526 3913 2975 3975 Verumtamen
3005 3913 3267 3994 quidam
3298 3913 3419 3977 hoc

1923 4013 2062 4076 loco
2099 4013 2421 4094 accipiunt
2462 4011 2629 4074 diem
2668 4011 3047 4093 Azymorum
3084 4019 3149 4072 et
3185 4009 3420 4074 Pascha

1923 4130 2039 4194 pro
2070 4111 2173 4173 die
2202 4110 2573 4173 Parasceves
2603 4127 2933 4192 vesperam
2968 4109 3293 4191 praefatam
3324 4127 3421 4171 se-

3467 3535 3618 3580 Eoeod.
3634 3552 3702 3582 ιιι.

300 4219 375 4273 ut
424 4211 614 4273 docet
660 4208 1047 4288 evangelista
1093 4208 1383 4284 JoanneS,
1437 4210 1501 4270 in
1554 4209 1813 4275 sabbato
1847 4217 1894 4278 D
1923 4218 2181 4292 quente.
2234 4207 2355 4271 Sed
2414 4209 2621 4290 prima
2677 4207 2988 4289 expositio
3042 4207 3250 4290 aptior
3296 4217 3413 4284 est,

301 4309 417 4372 illo
459 4307 676 4371 Ramis
729 4307 1106 4389 palmarum,
1151 4325 1356 4388 quum
1405 4308 1682 4370 venisset
1717 4309 1816 4370 Je-

301 4427 414 4470 sus
455 4425 609 4470 cum
649 4405 967 4487 Apostolis
1005 4404 1394 4479 Bethaniam,
1426 4405 1719 4468 fecerunt
1756 4408 1815 4469 ei

302 4524 562 4570 coenam
609 4504 876 4584 ibidem,
923 4511 986 4565 et
1031 4502 1300 4565 Lazarus
1355 4523 1518 4566 unus
1566 4503 1692 4567 fuit
1739 4523 1816 4568 ex

300 4602 882 4668 discumbentibus,
911 4601 1054 4663 Fuit
1081 4609 1295 4664 autem
1327 4619 1505 4665 coena
1535 4603 1664 4678 illa,
1689 4622 1815 4667 non

301 4705 368 4765 in
421 4704 616 4766 domo
661 4700 916 4763 Marthae
963 4707 1027 4762 et
1077 4699 1282 4763 Mariae
1329 4699 1708 4782 Magdalene,
1748 4710 1818 4765 ut

301 4801 508 4883 aliqui
566 4807 975 4882 putaverunt,
1025 4800 1136 4861 sed
1190 4799 1256 4861 in
1304 4801 1491 4863 domo
1540 4799 1816 4864 Simonis

305 5007 371 5061 et
419 4999 492 5062 in
542 5016 726 5062 eoena
777 4996 888 5059 illa
943 4996 1177 5060 effudit
1219 4997 1410 5059 Maria
1456 4996 1817 5078 Magdalene

303 5103 718 5179 unguentum
758 5095 1109 5178 pretiosum
1147 5114 1342 5178 super
1379 5103 1570 5178 caput
1607 5103 1671 5159 et
1711 5115 1820 5178 pe-

303 5198 420 5260 des
453 5195 712 5270 Christi,
747 5195 914 5258 sicut
949 5213 1027 5257 ex
1057 5194 1244 5258 dictis
1281 5195 1814 5276 evangelistarum

302 5294 581 5358 Matthaei
619 5301 815 5376 atque
852 5293 1107 5357 Ioannis
1153 5292 1478 5375 probatur.
1511 5293 1815 5376 Sequenti

1924 4308 2076 4389 quia
2106 4307 2296 4389 paulo
2326 4314 2468 4388 post
2497 4306 2807 4379 subditur,
2828 4304 3016 4367 Venit
3042 4313 3253 4368 autem
3284 4306 3419 4368 dies
3485 4331 3596 4362 vern.
3622 4322 3662 4364 τ.

1924 4407 2327 4490 Azymorum,
2362 4405 2430 4466 in
2460 4423 2589 4486 qua
2625 4422 2883 4467 necesse
2912 4412 3046 4466 erat
3081 4404 3284 4468 occidi
3317 4424 3421 4486 pa-

1927 4505 2078 4568 scha
2127 4521 2141 4565 z
2196 4503 2366 4584 quod
2424 4509 2669 4564 certum
2716 4510 2815 4564 est
2861 4502 2939 4565 de
2985 4502 3210 4584 quinta
3260 4501 3420 4564 feria

1926 4604 2074 4666 dici.

2008 4701 2329 4776 Praeterea,
2356 4702 2598 4776 pascha
2640 4699 2707 4760 in
2749 4697 3094 4780 Scripturis
3138 4698 3421 4761 multifa-

1928 4800 2086 4863 riam
2135 4798 2386 4880 capitur
2418 4817 2432 4860 :
2466 4797 2696 4872 Primo,
2743 4815 2859 4878 pro
2904 4804 3035 4860 tota
3081 4797 3421 4860 hebdoma-

1928 4900 2004 4961 da
2041 4899 2421 4980 Azymorum
2470 4914 2583 4958 seu
2631 4895 3025 4960 solennitatis
3078 4896 3413 4978 paschalis,

1925 4997 2463 5080 quemadmodum
2531 4995 2597 5056 in
2654 4994 2917 5056 Actibus
2970 4994 3414 5077 Apostolorum

1925 5094 2229 5159 scribitur
2268 5094 2346 5155 de
2382 5093 2645 5168 Herode,
2679 5094 2851 5174 quod
2892 5092 3089 5156 voluit
3129 5101 3272 5175 post
3308 5093 3419 5156 Pa·
3444 5111 3545 5158 Ace.
3570 5127 3642 5165 ιιι,
3664 5116 3706 5158 4.

1927 5195 2076 5258 scha
2123 5191 2379 5254 Petrum
2428 5190 2777 5273 producere
2827 5190 3087 5273 populo.
3130 5190 3418 5256 Secundo

1925 5291 2237 5375 accipitur
2267 5309 2383 5373 pro
2411 5289 2775 5353 celebritate
2805 5289 3085 5372 paschali
3115 5289 3421 5353 exsisten-
