4300 6259
1212 523 1562 572 manzano
1603 524 1667 570 IN
1708 523 1847 572 cAP.
1894 524 1955 570 vl
1994 522 2272 572 JoANms.
2313 544 2395 555 —
2435 525 2578 572 Aur.
2624 525 2752 571 XVH
2791 589 2799 597 ⁶

3409 507 3532 574 395

423 695 493 758 in
544 703 894 778 conspectu
934 696 1113 777 ejus3
1146 705 1210 759 et
1246 696 1312 758 in
1342 695 1590 759 Psalmo
1626 696 1714 758 ait
1754 695 1929 757 Pater
1957 694 2010 757 A
2039 695 2161 758 erit
2203 695 2319 771 illi,
2365 696 2484 759 sibi
2530 715 2789 779 quoque
2831 714 3081 760 summe
3123 696 3530 779 complaceat.

82 804 171 846 1²⁸-
202 819 255 856 n.
286 809 343 850 8.
420 797 503 856 ad
533 795 791 868 Filium,
825 795 1076 859 Postula
1104 816 1141 859 a
1180 814 1303 870 me,
1338 805 1401 859 et.
1430 793 1591 859 dabo
1630 795 1746 857 tibi
1780 813 1932 876 gen·
2117 792 2449 870 Quaeritur,
2482 815 2681 878 quum
2715 795 2875 858 Deus
2925 796 3008 857 sit
3056 815 3170 858 sua
3216 796 3531 869 voluntas,

426 901 521 956 tes
554 894 973 957 hereditatem
1006 903 1203 970 tuam,
1238 904 1358 958 etc.
1398 897 1479 956 Ει
1507 915 1655 955 eum
1684 896 1802 975 qui
1832 916 1932 955 ve·
2038 895 2358 974 quomodo
2417 903 2625 976 potest
2678 895 2824 976 quis
2881 893 3089 957 facere
3148 894 3535 957 voluntatem

424 996 531 1054 nit
560 996 651 1054 ad
680 1014 806 1063 me,
838 1011 952 1075 per
983 993 1213 1055 mentis
1253 1012 1383 1056 suae
1424 993 1926 1065 conversionem,
2040 992 2172 1064 Dei,
2207 1011 2409 1073 quum
2459 993 2673 1056 nullus
2716 994 2916 1076 possit
2956 991 3165 1056 facere
3206 992 3427 1054 Deum.
3463 992 3538 1054 Et

424 1090 627 1154 fidem
669 1100 732 1154 et
771 1093 1121 1165 caritatem,
1156 1092 1256 1154 vel
1299 1091 1411 1174 qui
1452 1092 1606 1154 facit
1643 1092 1814 1172 quod
1865 1092 1931 1154 in
2042 1092 2582 1172 respondendum,
2625 1093 2795 1172 quod
2846 1092 3234 1155 voluntatem
3286 1091 3392 1153 Dei
3447 1091 3539 1154 di-

424 1210 495 1252 se
544 1199 665 1264 est,
699 1191 995 1272 quamvis
1042 1193 1326 1254 nondum
1373 1191 1639 1272 gratiam
1681 1191 1927 1265 habeat,
2041 1191 2249 1253 cimur
2321 1190 2549 1266 facere,
2617 1192 2767 1253 dum
2831 1190 2971 1271 ejus
3033 1190 3368 1272 praeceptis
3430 1209 3539 1272 pa·-

422 1310 557 1352 non
608 1292 876 1366 ejiciam
921 1292 1125 1368 Γοναε,
1169 1290 1232 1352 id
1282 1297 1399 1364 est,
1452 1309 1575 1352 non
1627 1289 1934 1371 separabo
2042 1308 2278 1365 remus,
2343 1291 2440 1353 vel
2501 1290 2786 1353 consiliis
2843 1289 3333 1372 acquiescimus,
3398 1289 3538 1351 Fre-

425 1406 579 1449 eum
628 1407 667 1449 a
712 1406 903 1469 grege
960 1388 1309 1451 electorum
1369 1406 1681 1468 meorum,
1736 1406 1850 1450 nec
1898 1406 1933 1449 a
2041 1398 2314 1470 quenter
2343 1389 2515 1451 enim
2554 1389 2827 1452 sumitur
2869 1389 3161 1452 voluntas
3203 1407 3318 1470 pro
3358 1388 3539 1469 signo

428 1487 667 1569 pietate
716 1505 858 1550 mea
900 1506 1047 1550 eum
1092 1487 1448 1561 excludam,
1484 1487 1591 1549 sed
1643 1487 1933 1569 incorpo-
2038 1487 2407 1564 voluntatis,
2446 1487 2741 1550 videlicet
2769 1506 2883 1569 pro
2915 1495 3230 1569 praecepto
3263 1486 3357 1550 vel
3392 1505 3538 1550 con-

425 1586 678 1648 rabitur
708 1586 891 1662 mihi,
917 1594 979 1648 et
1008 1585 1059 1648 si
1092 1585 1271 1648 Pater
1299 1603 1481 1648 meus
1510 1585 1754 1648 dederit
1784 1603 1931 1647 eum
2044 1587 2210 1660 silio,
2257 1586 2358 1648 vel
2405 1604 2518 1668 pro
2563 1603 2629 1647 re
2673 1585 2885 1649 volita.

427 1683 592 1746 mihi
622 1685 840 1764 (modo
872 1684 1209 1767 praetacto),
1239 1683 1519 1746 finaliter
1549 1684 1761 1746 salvus
1792 1683 1927 1745 erit.
2124 1685 2409 1765 Denique
2442 1681 2654 1747 verbis
2694 1684 2832 1746 istis
2873 1682 3388 1766 incomparabilis
3431 1702 3540 1748 no-

90 1798 391 1851 Ac1·x.³⁸‚
422 1783 564 1846 Non
614 1783 789 1845 enim
835 1791 930 1845 est
970 1782 1256 1846 Christus
1305 1801 1720 1865 personarum
1763 1800 1934 1846 acce·
2042 1784 2142 1846 bis
2203 1784 2683 1846 commendatur
2741 1782 3066 1846 humilitas
3117 1781 3371 1856 Christi,
3422 1783 3535 1864 qui

64 1864 140 1902 ³⁵·
424 1888 597 1964 pter,
646 1883 759 1944 sed
803 1881 870 1944 in
918 1882 1093 1944 omni
1143 1889 1351 1961 gente,
1394 1881 1507 1964 qui
1554 1881 1736 1943 timet
1784 1899 1931 1942 eum
1966 1879 2245 1965 Bquum
2296 1881 2377 1943 sit
2427 1899 2612 1945 verus
2660 1880 2846 1954 Deus,
2878 1880 3042 1942 Patri
3090 1881 3375 1962 aequaliS,
3411 1889 3537 1943 tam

422 1989 491 2043 et
548 1988 852 2062 operatur
904 1979 1243 2061 justitiam,
1304 1987 1601 2061 acceptus
1659 1986 1755 2042 est
1810 1979 1927 2043 illi.
2042 1981 2373 2043 humiliter
2411 1980 2636 2042 asserit
2674 1997 2742 2041 se
2791 1981 3061 2052 venisse,
3097 1999 3222 2042 non
3277 1987 3345 2040 ut
3397 1999 3539 2062 pro-

424 2078 588 2142 E'cce
637 2087 876 2161 quanta
934 2085 1030 2142 cst
1078 2078 1513 2142 misericordia
1566 2077 1927 2142 Salvatoris.
2042 2080 2246 2162 priam
2279 2078 2540 2161 impleat
2569 2076 3106 2148 voluntatem,sed
3137 2077 3356 2140 Patris.
3381 2077 3540 2141 Con-

420 2177 691 2240 Nullum
723 2185 1316 2260 quantumcumque
1344 2176 1661 2258 abjectum
1695 2177 1791 2239 vel
1826 2177 1935 2240 im·
2041 2177 2334 2240 funditur
2389 2195 2538 2258 ergo
2595 2183 2657 2239 et
2712 2177 3170 2239 condemnatur
3237 2177 3539 2259 superbia

426 2277 638 2360 pium,
672 2277 944 2358 despicit
986 2284 1092 2338 aut
1131 2276 1467 2359 relinquet,
1511 2277 1561 2339 si
1611 2285 1933 2340 converta-
2044 2284 2278 2350 nostra,
2314 2275 2576 2338 rebellio
2617 2283 2850 2349 nostra,
2883 2275 3116 2338 duritia
3157 2283 3388 2350 nostra,
3423 2276 3536 2356 qui

428 2383 537 2438 tur
586 2377 665 2438 ad
719 2376 956 2457 ipsum,
1006 2374 1300 2438 faciendo
1347 2373 1518 2457 quod
1575 2375 1638 2437 in
1698 2392 1765 2437 se
1812 2385 1928 2439 est.
2043 2377 2121 2438 ad
2163 2375 2712 2447 murmurandum,
2749 2375 3228 2456 repugnandum
3271 2383 3334 2437 et
3373 2375 3538 2437 intu-

426 2473 631 2554 Cujus
676 2474 837 2537 ratio
879 2473 1178 2536 subditur
1212 2493 1227 2536 ε
2044 2474 2477 2547 mescendum‚
2523 2480 2650 2535 tam
2691 2474 2876 2555 proni
2917 2472 3345 2536 consistimus.
3381 2471 3539 2536 Con-

166 2571 253 2626 38
519 2576 687 2641 Quia
734 2575 1037 2634 descendi
1080 2577 1161 2634 de
1207 2578 1386 2644 coe10,
1434 2573 1778 2635 humanam
1828 2593 1937 2636 na·
2044 2572 2429 2655 templemur
2467 2571 2660 2652 igitur
2697 2571 3174 2652 efficaciterque
3221 2579 3537 2636 sectemur

424 2677 644 2732 turam
672 2670 1055 2734 assumendo
1082 2672 1182 2752 (ut
1219 2671 1459 2734 dictum
1498 2678 1593 2733 est
1629 2671 1933 2753 plenius),

422 2789 563 2830 non
608 2779 683 2830 ut
723 2770 974 2847 faciam
1018 2774 1413 2831 voluntatem
1464 2791 1693 2842 meam,
1728 2769 1791 2832 id
1841 2778 1937 2832 est

424 2868 771 2951 proprium
826 2867 1323 2950 beneplacitum,
1375 2871 1486 2929 sed
1539 2872 1931 2930 voluntatem

418 2969 572 3045 ejus
618 2969 737 3047 qai
774 2968 957 3028 misit
1008 2988 1127 3035 me,
1179 2974 1335 3050 puta
1382 2966 1581 3029 Patris
1630 2967 1927 3030 coelestiS.

2044 2671 2244 2753 Caput
2285 2677 2593 2745 nostrum,
2631 2669 2951 2752 propriam
2996 2670 3381 2734 voluntatem
3426 2689 3537 2751 pe·-

2045 2770 2218 2832 nitus
2247 2769 2651 2849 abneganteS,
2682 2769 3030 2832 secundum
3062 2769 3234 2849 quod
3265 2768 3404 2850 ipse
3431 2769 3538 2831 ali-

2043 2869 2105 2931 bi
2142 2869 2319 2930 docet
2353 2886 2366 2930 :
2401 2866 2517 2941 Qui
2559 2867 2695 2930 vult
2737 2867 2954 2931 venire
3004 2876 3145 2949 post
3184 2885 3309 2942 me,
3343 2867 3536 2930 abne-
3565 2886 3726 2931 Luam

2041 2974 2147 3048 get
2204 2967 2640 3048 semetipsum,
2694 2973 2756 3027 et
2811 2965 2988 3028 tollat
3044 2983 3296 3028 crucem
3357 2985 3534 3028 suam

422 3065 757 3138 Quomodo
806 3065 1292 3146 intelligendum
1351 3073 1447 3128 est
1494 3066 1665 3128 hoc?
1714 3064 1931 3129 Nonne
1972 3062 2350 3150 Cquotidie‚
2385 3073 2447 3128 et
2497 3073 2798 3146 sequatur
2845 3083 2968 3127 me.
3020 3063 3152 3138 Quo
3199 3063 3370 3126 enim
3411 3065 3539 3127 sin-

422 3165 631 3227 Patris
680 3172 743 3226 et
798 3163 964 3238 Filii,
1016 3166 1366 3227 secundum
1427 3172 1713 3227 naturam
1772 3164 1934 3227 divi-

424 3282 605 3336 nam,
648 3271 747 3325 est
794 3281 922 3324 una
970 3280 1241 3325 numero
1295 3263 1609 3336 voluntaS,
1657 3263 1821 3325 sicut
1870 3271 1931 3324 et

420 3381 563 3423 una
600 3361 916 3424 essentia?
948 3360 1121 3434 Quod
1163 3362 1336 3424 enim
1376 3361 1609 3424 dicitur
1645 3361 1933 3425 absolute

424 3461 497 3524 in
530 3459 737 3523 tribus
770 3459 1079 3534 Personis‚
1106 3478 1231 3523 non
1265 3467 1656 3523 numeratur.
1683 3459 1801 3522 Sed
1834 3479 1934 3524 vo-

418 3561 641 3624 luntas
670 3557 902 3621 Christi
942 3559 1243 3632 humana,
1278 3558 1401 3621 fuit
1438 3559 1669 3622 divinae
1708 3559 1933 3624 volun-

418 3658 545 3720 tati
603 3657 1047 3721 inflexibiliter
1095 3657 1401 3739 subjecta,
1440 3658 1615 3720 unita
1672 3667 1733 3721 et
1790 3678 1931 3722 con-

2044 3183 2187 3228 cere
2234 3172 2490 3246 propter
2539 3163 2730 3225 Deum
2779 3162 3100 3245 propriam
3150 3163 3538 3226 voluntatem

2042 3265 2242 3345 magis
2313 3261 2759 3344 relinquimus,
2830 3261 3202 3342 frangimus,
3273 3262 3543 3343 abnega-

2042 3382 2208 3435 muS‚
2262 3380 2336 3424 eo
2381 3360 2659 3448 amplius
2707 3361 2871 3423 Deus
2929 3379 2996 3422 se
3047 3359 3258 3442 ipsum
3309 3360 3540 3440 ingerit

2044 3461 2249 3536 nobis,
2285 3460 2371 3522 ita
2398 3461 2570 3541 quod
2611 3477 2758 3520 eum
2802 3459 3126 3541 possidere
3167 3458 3534 3540 incipimus,

2042 3568 2104 3624 et
2134 3559 2366 3624 nostris
2398 3558 2727 3621 desideriis
2757 3556 3125 3640 acquiescit,
3160 3555 3439 3620 offerens
3470 3576 3538 3620 se

2042 3657 2480 3741 copiosissime
2525 3656 2847 3719 mentibus
2896 3655 3150 3718 nostris.
3189 3655 3363 3718 Unde
3416 3655 3538 3718 Isa-

3733 2887 3831 2936 ,2ae

2042 3758 2132 3822 ias
2193 3755 2437 3819 inducit
2490 3773 2504 3818 :
2555 3753 2617 3816 Si
2674 3753 3135 3836 glorificaveris
3197 3753 3534 3817 Dominum
3569 3775 3829 3826 tau-nm.

2042 3858 2194 3920 dum
2255 3873 2379 3918 non
2441 3853 2767 3917 invenitur
2826 3852 3116 3916 voluntas
3187 3860 3319 3926 tua,
3383 3841 3633 3914 tunc¹⁴·

2041 3953 2453 4018 delectaberis
2504 3970 2699 4035 super
2748 3951 3032 4026 Domino,
3086 3958 3148 4013 et
3198 3950 3530 4014 sustollam

416 3755 721 3831 formata,
786 3775 911 3820 non
973 3756 1181 3820 solum
1252 3764 1513 3839 propter
1570 3756 1929 3820 beatificam

414 3853 801 3917 fruitionem
832 3855 1063 3918 animae
1092 3854 1471 3928 Christi‚sed
1504 3853 1767 3937 insuper
1800 3875 1934 3938 pro-

422 3961 575 4038 pter
612 3953 1069 4036 hypostaticam
1120 3953 1417 4016 humanae
1466 3961 1707 4017 naturae
1754 3954 1933 4018 unio-

418 4071 579 4115 nem
618 4071 766 4114 cum
808 4050 1035 4115 Verbo.
1073 4049 1145 4112 Et
1188 4053 1725 4133 respondendum,
1760 4053 1931 4133 quod
2039 4063 2102 4117 te
2140 4071 2334 4136 super
2371 4050 2772 4114 altitudinem
2823 4058 3027 4125 terrae,
3070 4050 3159 4113 ait
3201 4049 3528 4113 Dominus.

418 4151 716 4214 Christus
764 4148 1051 4231 loquitur
1107 4150 1187 4211 de
1249 4149 1571 4213 voluntate
1629 4150 1926 4222 humana,
2040 4153 2212 4215 Hanc
2276 4151 2760 4232 abnegationem
2828 4148 3031 4212 efficit
3096 4167 3244 4212 vera
3306 4147 3534 4211 caritas

416 4267 577 4331 quae
624 4249 773 4311 licet
826 4246 1022 4310 fuerit
1070 4248 1195 4311 Deo
1254 4267 1507 4330 semper
1558 4249 1927 4322 conformiS‚
1963 4249 2173 4326 DDei,
2225 4250 2531 4332 quoniam
2590 4268 2788 4322 amor,
2839 4250 3191 4312 secundum
3255 4245 3537 4330 Dionysi-

422 4367 559 4411 non
589 4355 799 4409 tamen
833 4345 1120 4409 Christus
1149 4345 1303 4408 fecit
1332 4364 1470 4408 eam
1512 4347 1576 4409 in
1619 4355 1931 4428 quantum
2043 4370 2174 4424 um,
2225 4368 2350 4413 non
2401 4349 2553 4411 sinit
2600 4356 2915 4411 amantem
2963 4366 3100 4410 esse
3149 4347 3249 4410 sui
3303 4346 3531 4429 ipsiuS,

418 4445 557 4509 fuit
600 4465 734 4521 sua,
788 4446 896 4508 sed
946 4446 1011 4508 in
1059 4453 1373 4527 quantum
1430 4454 1565 4508 erat
1622 4446 1927 4510 voluntati

422 4553 711 4629 paternae
746 4544 1055 4625 subjecta.
1089 4544 1332 4608 idcirco
1374 4542 1727 4608 formaliter
1776 4545 1927 4608 dici-

418 4653 539 4708 tur
566 4644 953 4707 voluntatem
994 4642 1191 4705 Patris
1234 4641 1479 4719 fecisse,
1513 4644 1817 4726 quoniam
1858 4645 1931 4707 il-

422 4745 489 4806 la
524 4741 645 4803 fuit
686 4742 843 4805 ratio
880 4741 961 4805 ob
1001 4761 1194 4823 quam
1240 4739 1393 4803 fecit
1426 4743 1595 4822 quod
1646 4761 1775 4804 suae
1825 4761 1931 4807 vo-

420 4841 657 4906 luntati
690 4841 984 4903 humanae
1016 4839 1613 4921 complacuit.Unde
1644 4840 1926 4904 Christus

420 4940 607 5022 loqui
668 4939 920 5002 videtur
975 4940 1329 5001 secundum
1385 4939 1745 5018 generalem
1798 4959 1928 5004 mo-

417 5043 584 5103 dum
644 5037 969 5120 loquendi,
1032 5038 1385 5100 secundum
1442 5056 1635 5118 quem
1694 5038 1926 5120 aliquis

416 5137 723 5202 subditus
756 5137 855 5201 vel
894 5137 1139 5199 amicus
1178 5136 1333 5198 dicit
1378 5137 1457 5198 de
1505 5156 1621 5200 suo
1670 5138 1927 5219 praelato

420 5235 533 5302 vel
582 5237 833 5310 dilecto,
875 5233 1008 5298 Non
1057 5233 1222 5298 facio
1268 5236 1438 5316 quod
1490 5235 1646 5296 mihi
1698 5236 1922 5318 placet,

414 5335 543 5400 sed
590 5335 762 5416 quod
813 5332 905 5397 illi
932 5351 950 5414 ;
999 5333 1296 5415 quamvis
1345 5333 1660 5416 quidquid
1713 5335 1929 5417 placu-

2040 4451 2149 4512 sed
2194 4448 2408 4512 amati.

2121 4552 2275 4610 Hoee
2322 4559 2412 4608 est
2459 4556 2678 4608 autem
2725 4551 3048 4617 voluntati,
3102 4545 3220 4609 hoc
3279 4554 3376 4608 est
3435 4564 3533 4608 res

2042 4646 2298 4728 placens
2346 4665 2418 4708 ac
2470 4644 2684 4719 volita,
2714 4646 2856 4722 ejus
2895 4646 3013 4722 qui
3055 4645 3230 4706 misit
3269 4664 3368 4705 me
3408 4647 3536 4706 Pa·

2040 4747 2185 4815 tri-3,
2216 4753 2288 4805 ut
2317 4763 2500 4804 omne
2530 4746 2702 4822 quod
2736 4743 2918 4802 dedic
2949 4745 3117 4803 milti
3142 4743 3358 4823 (modo
3401 4741 3533 4822 jam

2036 4842 2399 4925 explanato)
2427 4862 2553 4902 non
2581 4844 2850 4920 perdam
2883 4861 2964 4900 ea:
2991 4861 3082 4910 eo,
3104 4840 3223 4903 hoc
3251 4847 3368 4912 est,
3396 4840 3538 4903 nul-

2036 4941 2172 5002 lum
2202 4941 2544 5003 electorum
2579 4939 2788 5021 perire
2816 4939 3202 5020 permittam,
3236 4939 3388 5021 quia
3417 4939 3531 5002 etsi

2035 5041 2110 5102 ad
2153 5049 2406 5120 tempus
2455 5037 2782 5111 erraverit,
2818 5035 3098 5098 finaliter
3149 5037 3356 5118 perire
3407 5055 3532 5100 non

2038 5137 2222 5200 valet.
2282 5136 2544 5218 Propter
2601 5136 2770 5217 quod
2830 5135 3034 5196 fertur
3090 5135 3156 5196 in
3215 5134 3460 5198 Psalmo
3514 5153 3528 5198 ε

2034 5235 2239 5309 Quum
2272 5234 2569 5297 ceciderit
2601 5252 2723 5297 non
2757 5233 3112 5308 collidetur,
3144 5233 3298 5315 quia
3327 5233 3535 5298 Domi·
3591 5255 3829 5308 eman,

2037 5353 2159 5396 nus
2208 5331 2514 5416 supponit
2563 5350 2822 5394 manum
2873 5350 3095 5412 suam;
3151 5349 3527 5414 rursusque,
3563 5321 3616 5362 ²⁴

3669 4555 3740 4612 39
